4134 6428
439 376 564 438 529

1294 376 1398 436 DE
1442 375 1899 439 CERIMONIIS
1944 377 2182 438 AULAS
2226 377 2699 457 B‘YZANTlN/E
2740 380 2894 439 LIB.
2940 380 2991 439 Ῑ.

3751 377 3873 439 530

448 508 657 575 νάλιος,
685 507 822 581 ἅπερ
857 500 1174 584 φωνοϐολεῖ
1202 506 1230 561 6
1261 509 1644 585 νουμεράριος.
1679 508 1782 566 Καὶ
1813 508 2095 584 ἐξέρχεται
2128 510 2156 564 6
2186 507 2459 584 ὕπαρχος,
2490 510 2581 563 καὶ
2624 507 2895 585 διέρχεται
2929 506 3018 563 διὰ
3053 514 3160 564 τῶν
3204 507 3451 585 σχολῶν,
3482 508 3874 583 όψικευόμενος

456 598 565 653 ὑπὸ
585 602 685 653 τῶν
709 598 1153 673 προειρημένων.

524 689 597 746 B'.
628 687 696 743 T6
727 682 786 741 δὲ
821 687 987 762 μέρος
1032 689 1141 740 τῶν
1196 687 1435 742 Βενέτων
1481 688 1695 744 ἵσταται
1745 689 1820 749 εἰς
1851 688 1977 751 τοὺς
2011 685 2156 758 λό-έ

2294 690 2366 745 ΙΙ.
2402 688 2598 746 Faetio
2619 689 2840 746 Veneta
2864 694 2979 746 stat
3010 689 3083 746 ad
3117 690 3379 760 chhnos,
3425 692 3758 762 praefectum
3783 707 3873 749 ex-

451 796 630 856 χνοδς,
670 772 1042 850 ἐκδεχόμενος
1062 774 1111 812 ⁹²
1129 775 1221 829 τὸν
1243 774 1511 851 ὕπαρχον,
1533 777 1623 831 καὶ
1646 777 1750 851 πρὸ
1782 781 1880 833 τοῦ
1902 779 2099 854 φθάσαι

444 864 597 920 αὑτὸν
642 864 717 925 εἷς
745 864 840 919 τὸν
876 868 974 920 τοῦ
1006 864 1233 920 Βενέτου
1265 861 1443 939 δῆμον
1476 863 1626 943 λέγει
1670 867 1698 921 ὁ
1738 863 1916 939 δῆμος
1946 867 2103 937 ποίη-

439 976 517 1027 μα
549 952 817 1029 δρομικὸν
850 952 955 1035 ἤχ.
990 952 1053 1009 δ’·
1102 978 1124 1008 ε
1157 956 1225 1012 Οἱ
1274 953 1333 1009 ἐκ
1371 958 1504 1011 Θεοῦ
1534 958 1954 1031 κραταιοόμενοι
1984 964 2104 1022 ταῖς

427 1046 632 1111 νίκαις,
692 1043 1114 1117 κοσμοπὸθητοι
1174 1042 1431 1099 δεσπόται
1490 1048 1595 1100 τῶν
1654 1046 1969 1119 Ῥωμαίων,
2022 1048 2097 1115 σὲ,

425 1135 507 1195 ὡς
539 1134 989 1208 γνησιοπόθητον
1036 1135 1154 1206 (10)
1202 1133 1292 1188 καὶ
1342 1134 1665 1189 πιστότατον
1719 1132 1943 1191 δοῦλονὶ
1969 1157 2102 1210 προ-

422 1215 688 1275 εϐίϐασαν
738 1218 899 1290 ἀξίως
967 1219 1019 1274 ἐν
1084 1219 1401 1294 ὑπερτέραις
1450 1221 1639 1291 ἀξίαις,
1708 1226 2102 1296 πρωτοσπαθά-

424 1329 549 1380 ριον
599 1303 823 1381 ἔντιμον
875 1309 965 1362 καὶ
1015 1307 1204 1384 εὖγενῆ
1239 1307 1301 1363 ἐκ
1350 1308 1658 1384 προγόνων,
1705 1310 1793 1365 καὶ
1827 1310 1904 1373 εἷς
1939 1311 2103 1384 ὑπέρ-

422 1419 592 1470 τιμον
632 1394 789 1468 δόξαν
848 1402 916 1471 τῇ
960 1402 1059 1452 τοῦ
1108 1397 1364 1473 ὑπάρχου
1423 1398 1708 1472 ἀνύψωσαν
1742 1398 1881 1471 ἀξίᾳ.
1917 1422 1944 1452 ››
1997 1400 2099 1456 Καὶ

429 1486 573 1559 μετὰ
623 1486 687 1541 τὸ
737 1492 927 1555 στῆναι
982 1486 1074 1540 τὸν
1122 1486 1373 1562 ὕπαρχον
1421 1486 1496 1547 εἷς
1546 1487 1636 1541 τὸν
1671 1486 1904 1551 εἰωθότα
1931 1490 2099 1543 τόπον

421 1580 531 1644 τῆς
561 1574 735 1629 αὑτοῦ
792 1574 1029 1637 στάσεως
1088 1573 1233 1648 λέγει
1293 1575 1320 1629 6
1380 1572 1579 1647 Sapor
1641 1599 1669 1627 ‹‹
1719 1576 1829 1650 ΙΙρὸ
1885 1578 2098 1631 πάντων

422 1663 846 1743 εὐφημησωμεν
902 1663 1029 1725 τοὺς
1078 1662 1343 1727 δεσπότας
1388 1672 1488 1734 τῆς
1548 1665 1902 1738 οἰκουμένης·
1960 1690 1988 1719 »
2048 1668 2100 1722 οἱ

420 1753 676 1828 κράκται·
721 1774 743 1803 ε
798 1754 855 1805 'O
905 1750 1053 1807 δεῖνα
1104 1754 1194 1808 καὶ
1245 1754 1273 1807 6
1324 1750 1472 1807 δεῖνα
1515 1754 1770 1829 μεγάλων
1826 1754 2101 1830 βασιλέων

429 1842 517 1897 καὶ
550 1840 973 1917 αὐτοκρατόρων
1016 1840 1204 1897 πολλὰ
1251 1842 1318 1897 τὰ
1368 1840 1485 1912 ἔτηο
1525 1868 1551 1893 ››
1603 1844 1631 1898 6
1691 1843 1824 1905 λαὸς
1887 1843 2098 1917 ὁμοίως

436 1930 498 1985 ἐκ
528 1951 594 2006 γ.
642 1932 710 1989 Οἱ
760 1930 1011 2006 κράκταιο
1044 1954 1072 1982 ‹‹
1124 1931 1187 1989 Ὁ
1216 1927 1365 1985 δεῖνα
1401 1932 1493 1986 καὶ
1526 1933 1554 1986 6
1605 1929 1749 1987 δεῖνα
1798 1938 1905 1987 τῶν
1956 1933 2103 1988 εὐσε-

427 2013 707 2073 ϐεστάτων
742 2018 1061 2096 αὖγουστῶν
1093 2017 1281 2074 πολλὰ
1311 2019 1377 2073 τά
1408 2014 1525 2090 ἔτη·
1579 2047 1606 2071 ››
1646 2022 1674 2075 6
1723 2019 1855 2083 λαὸς
1889 2022 2101 2094 ὁμοίως

2211 780 2571 853 cipiens,qui
2590 781 2934 853 priusquam
2950 780 3019 836 ad
3044 796 3176 835 eum
3202 781 3655 851 pervenit,ducit
3679 798 3870 853 popu-

2210 868 2304 925 lus
2334 868 2661 925 cursorium
2706 885 2940 924 carmen
2979 868 3102 925 toni
3143 868 3216 923 IV
3250 884 3317 925 :a
3353 874 3454 923 Per
3486 870 3666 924 Deum
3698 872 3869 926 victo-

2211 958 2308 1013 riis
2331 957 2619 1029 insignes,
2643 957 3002 1013 desiderium
3033 957 3216 1023 orbis,
3235 956 3455 1012 domini
3481 957 3868 1015 Romanorum

2213 1053 2287 1114 te,
2320 1051 2384 1102 ut
2405 1047 2479 1102 ab
2504 1048 2787 1103 omnibus
2808 1047 3153 1119 expetitum,
3185 1045 3591 1102 ﬁdelissimum
3616 1063 3871 1117 servum,

2213 1137 2415 1193 merito
2444 1138 2502 1193 in
2528 1153 2762 1193 summa
2786 1136 3075 1209 dignitate
3100 1135 3481 1204 collocarunt,
3514 1135 3799 1192 illustrem
3815 1143 3872 1194 et

2210 1225 2465 1282 nobilem
2487 1242 2698 1297 genere
2713 1226 3004 1296 majorum
3024 1224 3581 1297 protospatbarium,
3598 1230 3772 1297 teque
3793 1227 3864 1280 ad

2210 1314 2506 1371 excelsum
2573 1316 2863 1371 honorem
2908 1313 3083 1370 ofﬁcii
3113 1315 3368 1387 preteeti
3398 1319 3807 1384 provexerunt.
3841 1337 3871 1364 »

2214 1404 2278 1460 In
2303 1404 2473 1460 solito
2508 1408 2708 1460 autem
2737 1403 2863 1459 loco
2899 1403 3173 1458 stationis
3194 1419 3312 1458 sua
3332 1402 3603 1475 praafeeto
3634 1402 3875 1459 colloca-

2210 1497 2290 1555 to,
2327 1493 2578 1565 populus
2625 1492 2814 1548 dicit:
2861 1513 2890 1541 «
2932 1495 3080 1548 Ante
3131 1490 3331 1547 omnia
3390 1490 3868 1548 concelebremus

2210 1581 2468 1637 universi
2519 1581 2870 1637 dominos.»
2929 1579 3205 1635 Cantores
3256 1594 3321 1634 τι
3382 1577 3451 1636 Ν.
3508 1578 3577 1634 Ν.
3638 1580 3871 1652 magnis

2210 1670 2663 1742 imperatoribus
2692 1675 2749 1725 et
2780 1669 3165 1741 Augustabus
3206 1668 3493 1741 piissimis
3519 1667 3735 1725 multos
3768 1685 3873 1724 an-

2213 1776 2316 1815 nos
2340 1777 2355 1826 ;
2381 1784 2401 1811 »
2442 1760 2695 1832 populus
2724 1759 2925 1814 eadem
2958 1766 3078 1826 ter;
3107 1762 3299 1829 postea
3342 1772 3557 1829 magna
3602 1773 3739 1813 voce
3768 1774 3867 1814 ac-

2210 1847 2418 1903 clamat
2451 1865 2464 1903 :
2499 1868 2527 1897 «
2583 1847 2724 1911 Quis
2789 1846 2968 1903 nollet
3024 1846 3399 1902 vehementer
3437 1845 3796 1915 collaudare,
3831 1866 3861 1896 ››

2210 1946 2331 2005 ter;
2369 1958 2393 1989 α
2419 1937 2611 1992 solum
2642 1935 3037 1991 immortalem
3070 1950 3286 2007 regem,
3314 1956 3341 1983 »ι
3374 1939 3464 1990 ter
3494 1950 3507 2002 ;
3534 1956 3562 1985 «
3584 1937 3682 2007 qui
3714 1935 3863 1991 tales

2136 2052 2183 2117 Β
2212 2028 2379 2083 nobis
2411 2028 2686 2082 Dominos
2722 2026 2903 2091 dedit,
2935 2048 2963 2077 »
2984 2030 3103 2081 ter:
3139 2047 3168 2075 α
3200 2025 3467 2081 omnium
3499 2025 3864 2097 prospiciens

428 2109 490 2163 ἐκ
545 2110 613 2185 γ’.
671 2108 779 2164 Καὶ
847 2110 892 2145 ³⁸
950 2108 1047 2171 εἶθ’
1104 2107 1250 2163 οὕτω
1306 2107 1455 2183 λέγει
1514 2111 1647 2164 ἄκτα
1693 2109 1799 2165 ἀπὸ
1834 2112 2101 2187 φθογγῆς·
2136 2107 2156 2117 ’

2215 2116 2413 2182 saluti,
2453 2138 2482 2165 »
2522 2120 2641 2181 ter;
2676 2138 2701 2165 ‹‹
2747 2118 2803 2170 et
2856 2114 3202 2185 dignitatem
3254 2114 3450 2185 dignis
3504 2113 3798 2183 tribuens,
3835 2135 3860 2165 ι

438 2222 465 2249 ιι
496 2198 595 2260 Τίς
644 2198 743 2254 οὐκ
791 2194 910 2273 ἔχει
967 2197 1053 2252 ἐπὶ
1102 2197 1294 2253 πλεῖον
1341 2197 1600 2269 δοξάσαι;
1646 2223 1673 2251 ››
1722 2199 1778 2254 ἐγ
1826 2206 1899 2277 γ’⁸
1933 2225 1954 2253 a
1990 2202 2098 2258 Τὸν

2214 2210 2302 2261 ter
2334 2222 2403 2272 ;«
2431 2208 2487 2261 et
2515 2209 2570 2260 te
2592 2204 2659 2260 N.
2723 2203 3032 2276 splendide
3062 2202 3447 2270 honorarunt,
3480 2223 3508 2253 »
3536 2206 3622 2258 ter
3659 2221 3673 2271 ;
3708 2225 3736 2253 «
3768 2220 3868 2260 ex-

438 2287 602 2358 μόνον
635 2287 896 2351 ἀθάνατον
934 2286 1184 2361 βασιλέα,
1229 2309 1257 2340 »
1308 2287 1364 2342 ἐκ
1413 2292 1477 2363 γ’·
1516 2313 1544 2340 ‹‹
1576 2290 1667 2343 τὸν
1696 2288 1985 2352 τοιούτους
2018 2287 2097 2344 δε.

2211 2292 2361 2350 celsa
2392 2293 2644 2365 praefecti
2676 2292 2973 2361 dignitate,
3004 2313 3032 2341 »
3054 2294 3143 2347 ter
3170 2308 3185 2360 ;
3208 2310 3237 2341 ‹‹
3261 2298 3320 2346 at
3349 2290 3609 2347 omnium
3634 2294 3868 2348 Creator

432 2371 643 2431 δωκότα
676 2377 803 2449 ὑμῖν
829 2373 1121 2447 δεσπότας,
1157 2401 1184 2428 »
1209 2376 1267 2431 ἐκ
1288 2384 1355 2452 γ”
1380 2402 1409 2430 ‹‹
1443 2380 1851 2453 προνοούμενος
1881 2380 2095 2453 ἱκάστῳ

2211 2388 2263 2438 et
2296 2383 2581 2437 Dominus
2618 2384 2882 2453 tempora
2938 2395 3139 2436 eorum
3199 2394 3334 2435 cum
3372 2379 3747 2450 Augustabus
3806 2385 3863 2436 et

426 2467 529 2534 τήν
578 2465 872 2540 σωτηρίαν,
925 2493 947 2520 ι
1003 2465 1061 2521 ἐκ
1117 2467 1183 2542 γ’·
1245 2490 1273 2517 ‹‹
1325 2467 1413 2522 καὶ
1474 2462 1826 2541 προϐιϐάζων
1859 2470 1907 2504 ⁹⁴
1940 2469 2089 2540 ἀξίαν

2211 2470 2708 2545 porphyrogenitis
2747 2474 2979 2542 augeat.
3010 2493 3040 2520 ››

419 2559 540 2615 τοῖς
599 2553 796 2624 ἀξίοις,
834 2579 862 2605 ››
916 2554 976 2609 ἐκ
1020 2556 1066 2629 γ’
1089 2575 1100 2586 ·
1165 2577 1189 2606 ε
1224 2555 1314 2609 καὶ
1378 2557 1436 2610 σὲ
1493 2557 1522 2610 6
1571 2553 1720 2611 δεῖνα
1750 2556 2012 2631 ἐτίμησαν
2071 2558 2415 2634 παραδόξως,
2446 2582 2475 2610 »
2533 2557 2592 2613 ἐκ
2621 2558 2700 2632 γ’⁸
2734 2580 2763 2608 ‹‹
2793 2561 2863 2630 τῇ
2911 2560 3010 2612 τοῦ
3041 2556 3295 2631 ὑπάρχου
3332 2553 3604 2631 περιδόεῳ
3644 2554 3785 2627 ἀξίᾳ,
3820 2579 3849 2607 ››

422 2643 487 2697 ἰκ
512 2643 579 2718 γ’⁶
639 2668 659 2694 ι
696 2642 822 2699 ἀλλ’
876 2645 905 2699 6
953 2645 1168 2700 πάντων
1217 2648 1457 2717 ποιητὴς
1508 2646 1599 2701 καὶ
1650 2644 1914 2719 δεσπότης
1961 2648 2088 2711 τοὺς
2138 2652 2375 2726 χρόνους
2426 2650 2604 2705 αὐτῶν
2652 2646 2920 2717 πληθύνει
2974 2646 3066 2701 σὺν
3095 2652 3216 2707 ταῖς
3247 2646 3582 2721 Αὐγούσταις
3608 2648 3699 2702 καὶ
3728 2652 3848 2710 τοῖς

432 2735 990 2806 πορφυρογεννήτοις.
1026 2758 1049 2787 ι

509 2820 583 2873 I".
640 2820 771 2876 Εἶτα
821 2820 1067 2898 λεγουσιν
1131 2822 1183 2876 οἱ
1259 2821 1506 2898 κράκται·
1570 2846 1599 2875 «
1657 2825 2086 2904 Εὐφημήσωμεν

2272 2830 2363 2886 III.
2396 2830 2881 2885 Posteaeantores
2894 2826 3128 2882 dicunt:
3154 2848 3183 2876 ο(
3206 2826 3535 2883 Laudemus
3561 2844 3631 2883 ex
3650 2826 3847 2883 debito

435 2906 577 2961 κατὰ
606 2904 783 2981 χρέως
811 2909 897 2963 τόν
928 2910 1176 2987 ὕπαρχον
1207 2912 1523 2985 Ῥωμαίων.
1560 2913 1683 2968 Elea
1715 2914 1744 2968 6
1776 2911 1943 2985 δεῖνα,
1976 2916 2087 2972 εἷσε

2211 2919 2529 2989 praelectum
2561 2917 2961 2972 Romanorum
2988 2932 3002 2982 ;
3029 2920 3092 2970 tu
3116 2931 3178 2970 es
3196 2920 3365 2988 N.,tu
3389 2931 3452 2970 es
3470 2914 3563 2984 N.,
3586 2919 3650 2970 tu
3671 2930 3733 2969 es
3752 2914 3849 2984 N.,

430 2994 461 3048 6
520 2991 689 3063 δεῖνα,
746 2997 847 3053 εἷσε
894 3000 924 3053 ά
968 2996 1119 3055 δεῖνα
1158 3001 1226 3072 9⁸,
1277 3001 1385 3055 εἷσε
1435 2999 1705 3078 ὕπαρχος,
1755 3000 1883 3061 εἷ’σε.
1919 3026 1948 3055 ››
1979 3004 2083 3060 Καὶ

2211 3009 2500 3064 πωῖεοωε
2516 3024 2599 3063 es.
2620 3029 2649 3057 ››
2674 3010 2713 3063 1
2728 3008 2830 3065 56
2861 3006 3069 3063 Deinde
3091 3012 3358 3063 cantores
3376 3023 3390 3062 :
3406 3029 3435 3057 ‹‹
3449 3011 3602 3063 Bene
3614 3006 3845 3072 venisti,

418 3083 526 3138 εἶθ’
592 3086 770 3148 οὕτως
827 3084 1072 3164 λέγουσιν
1133 3090 1185 3143 οἱ
1244 3089 1491 3165 κράκταιο
1554 3114 1583 3142 ‹‹
1645 3090 1838 3154 Καλῶς
1894 3091 2083 3164 ἦλθες,

2211 3097 2457 3153 'amulea
2491 3102 3023 3153 Deocoronalorum
3044 3113 3101 3161 ;«
3124 3094 3378 3168 populus
3412 3111 3481 3150 :«
3514 3100 3664 3151 Bene
3684 3096 3845 3150 veni-

415 3174 755 3229 θεοστὲπτων
779 3175 827 3211 9⁸
856 3176 884 3230 6
918 3173 1141 3240 δοῦλος·
1178 3199 1204 3231 ι
1256 3179 1284 3233 6
1335 3178 1487 3241 λαός·
1542 3203 1571 3230 ‹‹
1604 3179 1800 3244 Καλῶς
1829 3180 2015 3251 ἦλθες.
2053 3206 2080 3236 ι

2211 3184 2289 3240 ιιὶ.
2328 3207 2355 3235 ››
2385 3188 2698 3241 Cantores:
2743 3204 2769 3237 a
2792 3188 2943 3239 Bene
2963 3182 3193 3251 venisti,
3227 3200 3260 3239 a
3286 3182 3560 3239 beneficis
3589 3183 3844 3238 dominis

422 3262 485 3315 Oi
514 3264 758 3337 κράκται·
814 3289 843 3317 ‹‹
903 3265 1100 3328 Καλῶς
1148 3265 1338 3338 ἦλθες,
1388 3263 1643 3343 προϐολὴ
1694 3269 2016 3347 εὐεργετῶν·
2049 3294 2079 3323 ››

2211 3278 2451 3329 ΙΓΟῐΠΟιΘ
2486 3292 2499 3341 ;
2533 3295 2562 3324 ››
2599 3271 2849 3344 populus
2883 3289 2897 3328 :
2931 3297 2959 3321 ιι
2997 3271 3148 3327 Bene
3195 3271 3427 3327 venisti.
3462 3290 3490 3322 ι
3521 3273 3794 3327 Cantores
3827 3287 3841 3327 :

420 3352 450 3403 6
481 3348 630 3414 λαόςο
664 3377 693 3405 ι(
732 3353 927 3417 Καλῶς
971 3354 1161 3424 ἦλθες.
1214 3379 1243 3407 ››
1291 3357 1359 3414 Oi
1403 3358 1651 3431 κράκται·
1688 3382 1716 3410 ‹‹
1751 3358 1945 3421 Καλῶς
1972 3360 2078 3429 ἦλ-

2211 3384 2219 3411 ι
2251 3362 2407 3419 Bene
2436 3362 2670 3427 venisti,
2693 3360 2872 3417 nobili
2904 3375 3116 3433 genere
3145 3358 3419 3427 illustris;
3454 3381 3483 3409 »
3543 3357 3793 3431 populus
3824 3376 3838 3416 :

413 3440 517 3538 ἔς,
568 3442 597 3495 6
646 3441 986 3538 εὐγενὴς-ἔκ
1030 3445 1338 3538 προγόνωνο
1398 3470 1445 3538 hn-
1496 3448 1524 3501 6
1578 3446 1735 3538 λαός·
1796 3472 1824 3501 κ
1883 3447 2078 3511 Καλῶς
2108 3471 2152 3538 C

2211 3473 2222 3501 ι
2254 3451 2407 3507 Bene
2436 3450 2668 3507 venisti.
2704 3472 2732 3500 »
2763 3455 3077 3505 Cantores:
3112 3471 3133 3499 ι
3180 3448 3332 3505 Bene
3360 3448 3591 3515 venisti,
3622 3446 3692 3504 N.
3726 3447 3840 3504 Ro-

405 3526 599 3602 ῇλθες.
636 3554 666 3583 η
704 3532 772 3588 Οἱ
800 3533 1051 3606 κράκται·
1088 3558 1116 3586 ‹‹
1149 3532 1348 3598 Καλῶς
1388 3534 1580 3605 ἦλθες,
1613 3538 1640 3591 6
1673 3533 1819 3591 δεῖνα
1862 3537 2078 3614 {istast
2113 3526 2152 3538 ν

2211 3556 2495 3596 nanorum
2545 3540 2850 3612 praefecte;
2887 3560 2915 3587 »
2939 3537 3187 3610 pepulus
3220 3555 3234 3593 :
3269 3559 3298 3588 ‹‹
3353 3537 3506 3593 Bene
3546 3535 3772 3592 venisti.
3808 3560 3837 3586 ››

402 3620 519 3671 τῶν
575 3618 891 3693 Ῥωμαίων
951 3646 980 3675 ››
1032 3623 1060 3678 6
1101 3622 1253 3685 λαός·
1315 3647 1344 3676 ‹‹
1399 3622 1600 3688 Καλῶς
1649 3624 1816 3694 ἦλθες
1845 3626 1914 3682 97.
1949 3649 1978 3679 »
2009 3628 2077 3685 Οἱ

2211 3632 2464 3688 Iantores
2497 3645 2512 3685 :
2552 3652 2572 3678 ι
2603 3628 2957 3685 Atomnium
2980 3630 3183 3684 Auctor
3204 3631 3259 3685 et
3294 3626 3569 3683 Dominus
3599 3631 3675 3693 te,
3700 3643 3842 3697 pras-

401 3706 659 3780 κράκταιο
721 3733 750 3761 ι(
794 3708 957 3766 Ἀλλ’
1012 3712 1041 3765 6
1089 3712 1304 3767 πάντων
1355 3715 1600 3783 Ηοιητής
1654 3715 1741 3769 καὶ
1800 3716 2075 3786 Δεσπότης

2211 3722 2357 3786 'ecte,
2395 3718 2584 3774 multa
2622 3727 2881 3790 tempora
2913 3722 3239 3773 conservet.
3271 3737 3299 3765 η
3332 3716 3537 3772 Postea
3564 3714 3839 3771 tribunus

402 3795 633 3875 φυλάξει
692 3819 770 3868 σε,
819 3798 1053 3877 ὕπαρχε,
1097 3802 1172 3863 εἰς
1221 3801 1412 3874 πλήθη
1462 3803 1701 3878 χρόνων·
1735 3826 1764 3856 ιι
1798 3804 1906 3861 Καὶ
1940 3805 2075 3878 μετὰ

2211 3808 2456 3864 ινωῖεοιο
2474 3805 2739 3863 libellum
2773 3806 2973 3873 tradit,
2988 3810 3044 3861 et
3074 3804 3557 3861 cantoresdieunt
3587 3821 3604 3870 ;
3629 3826 3659 3855 ‹‹
3682 3802 3837 3859 Bene

404 3890 582 3940 ταῦτα
612 3884 898 3943 ἐπιδίδωσι
930 3884 1283 3964 λιόελλάριον
1318 3892 1346 3947 ὁ
1379 3890 1670 3968 δήμαρχος
1702 3897 1783 3966 τῷ
1816 3893 2074 3969 ὑπάρχῳ,

2211 3896 2412 3963 'cnisti,
2447 3896 2801 3951 desiderium
2838 3893 3202 3966 principum;
3234 3915 3261 3943 ››
3288 3892 3539 3965 populus
3572 3910 3586 3949 :
3619 3915 3648 3943 ‹‹
3679 3892 3836 3948 Bene

405 3975 500 4028 καὶ
558 3973 807 4051 λέγουσιν
880 3979 932 4033 οἱ
982 3980 1229 4053 κράκται·
1298 4005 1326 4032 ‹‹
1376 3980 1575 4042 Καλῶς
1625 3981 1812 4057 ἦλθες,
1861 3984 2073 4052 ποθητὶ

2211 3986 2415 4043 'enisti.
2452 4008 2481 4036 »
2502 3987 2780 4043 Cantores
2812 3999 2826 4039 :
2857 4003 2884 4036 ι
2905 3984 3061 4039 Bene
3076 3983 3305 4050 venisti,
3332 3982 3401 4037 N.
3434 3982 3832 4039 Romanorum

403 4067 515 4117 τῶν
549 4064 814 4121 ἀνάκτων·
849 4088 876 4121 ν
912 4068 940 4122 6
970 4068 1124 4131 λαός*
1159 4093 1189 4121 ει
1218 4068 1416 4131 Καλῶς
1441 4070 1629 4139 ἦλθες.
1660 4096 1687 4122 ››
1718 4073 1786 4129 Ol
1816 4075 2067 4148 κράκται’

2211 4076 2448 4131 υνωῐοοίο
2475 4099 2489 4143 ς
2522 4098 2548 4124 ››
2611 4074 2865 4147 populus
2898 4089 2967 4129 :«
3001 4077 3153 4128 Bene
3201 4071 3481 4128 venisti.»
3513 4073 3787 4130 Cantores
3817 4089 3832 4130 :

400 4174 433 4204 α
466 4151 668 4217 Καλῶς
712 4154 906 4227 ἦλθες,
952 4158 981 4212 6
1034 4154 1183 4213 δεῖνα
1230 4159 1447 4234 ὓπαρχε
1483 4164 1592 4215 τῶν
1626 4160 1942 4235 Ῥωμαίων·
1981 4187 2008 4213 ιο
2039 4165 2068 4216 6

2226 4163 2590 4220 Benevenisti
2606 4164 2678 4219 ad
2707 4162 3013 4218 factionem
3041 4160 3125 4217 tui
3151 4165 3525 4229 amantem;»
3540 4161 3791 4234 populus
3816 4179 3830 4217 :

392 4238 563 4304 λαός’
595 4266 625 4294 ‹‹
662 4242 858 4307 Καλῶς
890 4244 1078 4315 ἦλθες·
1135 4269 1160 4301 ι
1212 4248 1280 4304 Οἱ
1327 4250 1578 4322 κράκται·
1614 4272 1642 4302 α
1676 4250 1871 4314 Καλῶς
1898 4250 2068 4320 ἦλθες

2268 4253 2419 4309 Bene
2474 4252 2703 4308 venisti.
2754 4272 2783 4302 »
2833 4252 3148 4307 Cantores:
3176 4272 3205 4302 ‹‹
3238 4249 3420 4324 Digne
3460 4254 3519 4307 te
3555 4254 3835 4306 amarunt

390 4333 473 4397 εἷς
508 4333 777 4411 φιλοῦντά
817 4358 875 4393 σε
905 4335 1104 4411 δῆμον·
1141 4363 1169 4393 n
1221 4342 1250 4395 6
1303 4340 1454 4402 λαός·
1496 4367 1524 4393 ι(
1577 4340 1777 4406 Καλῶς
1810 4342 2002 4412 ἦλθες.
2038 4368 2065 4396 >ι

2218 4341 2430 4409 omini;
2468 4364 2490 4393 ι
2556 4340 2808 4413 populus
2842 4357 2906 4396 ει
2968 4341 3123 4396 Bene
3161 4339 3391 4396 venisti.
3427 4361 3455 4389 »
3494 4338 3779 4395 Cantores
3816 4356 3831 4393 :

392 4424 468 4479 Οἱ
518 4426 767 4497 κράκταιο
820 4452 845 4480 σε
882 4429 1075 4501 ’Δξίως
1123 4450 1181 4484 σε
1227 4431 1521 4506 ἠγάπησαν
1556 4432 1606 4486 οἱ
1642 4428 1917 4487 δεσπόταν
1955 4456 1984 4484 ››
2034 4434 2063 4487 6

2240 4431 2309 4487 Ut
2338 4429 2679 4502 praeclarum
2697 4438 2751 4485 et
2773 4429 3022 4501 dignum
3047 4445 3108 4495 ;s
3128 4428 3379 4501 populus
3404 4445 3417 4483 :
3452 4450 3481 4478 ‹‹
3506 4427 3829 4483 Beneveni-

400 4509 559 4573 λαός
606 4538 634 4565 a
665 4513 861 4578 Καλῶς
911 4514 1099 4591 ἦλθες.
1137 4540 1166 4568 ››
1215 4519 1283 4575 O't
1321 4519 1570 4593 atpo'tx'tat'
1615 4544 1642 4571 «
1673 4524 1764 4582 Ὦς
1805 4515 1935 4575 ὄντα
1963 4541 2061 4575 κα-

2211 4521 2269 4576 tl.
2306 4542 2334 4571 »
2374 4520 2650 4575 Cantores
2682 4534 2698 4572 :
2732 4538 2763 4567 ‹‹
2804 4517 3079 4573 Omnium
3116 4521 3319 4573 auctor
3346 4521 3405 4572 et
3432 4515 3719 4571 Dominus
3750 4519 3827 4585 te,

404 4599 571 4670 θαρὸν
599 4602 681 4656 καὶ
712 4602 953 4675 ἐπάξιον
1009 4629 1037 4657 υ
1088 4607 1115 4660 6
1175 4605 1331 4669 λαός⁸
1392 4632 1420 4659 ‹‹
1474 4607 1673 4670 Καλῶς
1711 4607 1901 4679 ἦλθες.
1936 4633 1963 4663 ››
1991 4611 2059 4668 Οἱ

2215 4610 2463 4675 retecta,
2495 4607 2593 4663 diu
2638 4605 2979 4663 conservet!
3016 4627 3044 4655 »

399 4688 653 4759 κράκται·
690 4716 717 4744 ‹‹
750 4690 915 4749 Ἀλλ’
947 4694 975 4749 6
1008 4695 1226 4751 πάντων
1258 4698 1506 4767 Ποιητής
1534 4697 1623 4752 καὶ
1665 4699 1942 4770 Δεσπότης
1977 4698 2205 4776 φυλάξει
2236 4718 2315 4771 σε,
2347 4695 2581 4773 ὕπαρχε,
2613 4694 2691 4757 εἷς
2722 4695 2910 4766 πλήθη
2940 4692 3178 4769 χρόνων.
3224 4715 3252 4745 »

1756 4816 2000 4873 VARIxE
2041 4813 2459 4874 LECTIONES.

462 4917 511 4950 κ
544 4910 908 5012 ἰξὸιχέιμεὶνον
941 4920 1036 4975 ed.
1111 4919 1160 4955 93
1188 4920 1279 5012 κάὶ
1305 4922 1543 5012 0.131131
1542 4964 1553 4979 .
1640 4921 1688 5012 '4’
1718 4914 2715 5012 πρρνοουερένουςριδπροϐιξάζοντας
2748 4919 3018 5012 coepi}.
3070 4916 3435 5012 T‘f’ATertium
3474 4915 3587 5012 ssz
3617 4914 3646 4970 6
3678 4910 3826 4971 δεῖνα

385 5004 511 5042 om.
550 4988 642 5043 ed.
666 4986 1267 5065 ἑ’Ῠ¹¹Δ()ε(5στεπ⁴·εοςκού.Δ
1408 4992 1614 5049 ΣΧΟΛ,
1678 4986 1895 5065 ’ἰστέον,
1946 4986 2053 5063 ότι,
2099 4997 2198 5050 τοῦ
2248 4986 2431 5065 δήμου
2463 4986 2733 5065 λὲγοντος
2774 5012 2803 5039 (ι
2836 4986 3032 5065 Καλῶς
3065 4987 3317 5065 ἦλθεςνῌδ
3351 4986 3758 5065 δεῖναὲπαρχε,
3790 5012 3819 5041 ”

385 5013 511 5042 υιυ.
550 5013 642 5043 Bu.
723 5013 765 5025 ’ν
796 5013 1117 5048 υεοστεπτος
1157 5013 1248 5047 Θα-
1333 5013 1371 5029 ﬂ
1408 5013 1614 5049 LAUA".
1694 5013 1895 5062 IO‘TSOV,
1946 5013 2053 5063 Οτι,
2099 5014 2198 5050 του
2464 5013 2524 5047 AS
2562 5013 2733 5053 Οντος”
2774 5013 2803 5039 α
2836 5013 3032 5050 naAwC
3065 5013 3257 5057 ηΛυες,
3290 5013 3317 5042 ο
3351 5013 3503 5063 Οιιναί
3526 5013 3633 5043 υπα

385 5062 687 5131 προσκυνεῖ
716 5060 745 5114 6
777 5059 1027 5136 ὕπαρχος
1055 5062 1193 5137 πρὸς
1219 5062 1313 5117 τὸν
1344 5060 1521 5137 δῆμον
1555 5065 1645 5119 καὶ
1684 5066 1777 5119 τὸν
1808 5063 2126 5141 δήμαρχον,
2159 5064 2369 5138 ὁμοίως
2402 5062 2491 5117 καὶ
2524 5013 2558 5116 6
2583 5059 2761 5135 δῆμος
2790 5061 2927 5135 πρὸς
2958 5059 3119 5114 αὐτὸν
3164 5062 3336 5114 ποιῶν
3364 5059 3427 5114 τὸ
3458 5054 3639 5120 σέϐας.

1443 5179 1641 5238 JOAN.
1682 5180 1829 5239 JAC.
1871 5181 2131 5238 REISKII
2169 5177 2760 5237 COMMENTARIUS.

379 5290 555 5367 gibus
597 5292 817 5367 Latinis
872 5292 1515 5367 expli‘cationisigratia
1552 5298 1781 5367 Graecas
1838 5314 2041 5354 earum
2153 5297 2277 5362 dus,
2328 5298 2562 5367 integer,
2596 5293 3084 5367 benevolu:_;_vid._
3110 5292 3314 5367 Codin.
3362 5291 3531 5367 Ollio.
3575 5308 3633 5365 p.
3686 5292 3813 5367 121,

380 5360 901 5442 interpretationes
947 5360 1205 5442 'addere.
1288 5360 1381 5422 It'a
1445 5367 1597 5442 intra
1645 5364 1929 5442 Αὔγουστε
1958 5388 2044 5422 σε·
2309 5360 2651 5436 Τὴθορὶιέο.
2675 5383 2732 5437 p.
2763 5365 3195 5442 81.‘Nicephor.
3218 5360 3607 5442 CPtan.Pa_tr.
3637 5379 3695 5436 ρ.
3722 5365 3812 5421 12.

383 5425 571 5510 ϐαστξ,
602 5437 1090 5510 posteriose‘voee
1121 5438 1371 5510 priorem
1412 5425 1756 5510 explicante'.
1783 5508 1790 5510 Α
2157 5439 2251 5495 Vel
2289 5425 2489 5510 potest'
2509 5425 2742 5509 quoque
2769 5435 2994 5510 γνήσιος
3026 5425 3081 5492 in
3128 5438 3235 5492 hac
3266 5425 3687 5510 compositione
3717 5452 3816 5490 ac-

458 5505 571 5581 (10)
605 5505 860 5564 ’Resolvi
917 5508 1091 5563 debet
1120 5505 1180 5563 in
1201 5509 1425 5581 γνήσιον
1461 5505 1552 5563 καὶ
1581 5508 1848 5581 ποθητόν,
1884 5511 2048 5567 bene-
2156 5512 2267 5581 cipi
2289 5505 2395 5579 pro
2439 5505 2593 5574 caro,
2637 5505 2855 5581 amato.
2903 5509 3162 5581 adeoque
3217 5505 3654 5581 γνησιοπόθητον
3682 5522 3812 5581 esse

383 5577 568 5651 votum
580 5582 667 5635 vel
694 5582 973 5634 sincerum
996 5587 1049 5633 et
1079 5577 1328 5649 cupitum
1350 5596 1451 5637 seu
1483 5577 1877 5638 desideratum.
1913 5582 2043 5639 Vid.
2156 5577 2404 5638 amatum
2434 5589 2596 5651 atque
2623 5577 3139 5651 desideratumfl’ta
3157 5582 3213 5634 in
3231 5577 3550 5651 'Antbolog.
3587 5595 3639 5649 p.
3676 5577 3806 5643 218,

373 5648 449 5704 ad
479 5668 537 5726 p_.
574 5652 664 5726 43.
688 5651 993 5726 Adhibent
1012 5646 1346 5726 novi'Grmci
1368 5668 1568 5709 vocem
1598 5654 1824 5726 γνήσιος
1856 5653 2050 5710 liben-
2507 5646 2517 5651 ’
2565 5720 2630 5726 __
2766 5650 2840 5726 ‘O_
2858 5646 2990 5726 μηδ’
3009 5650 3231 5726 amota}
3262 5646 3520 5726 φιληθεὶς

374 5726 465 5778 ter
479 5716 567 5780 'de
596 5724 825 5791 liberis,
857 5720 1067 5778 amicis
1095 5727 1154 5778 et
1185 5726 1392 5793 servis,
1424 5741 1528 5796 pro
1558 5716 1824 5791 sincerus,
1849 5726 2046 5782 candi-
2564 5720 2756 5792 Τίμων
2786 5716 2900 5776 οὐδ’
2928 5716 3091 5794 ’Λΐδῃ
3121 5716 3343 5794 γνήσιός
3374 5716 3490 5790 ειμι
3518 5716 3695 5779 νέκυς.
