4134 6382
406 344 535 406 537

1289 339 1392 402 DE
1435 337 1890 403 CERIMONIIS
1935 337 2174 404 ΑΙ]ιῶ
2216 342 2688 412 ΒΥΖΑΝΤΙΝΛΕ
2732 351 2881 413 LIB.
2930 353 2978 413 Ι.

3719 348 3844 445 cas

420 495 619 552 χονται
648 473 698 528 0'1
729 476 839 527 τῶν
889 473 1072 546 μερῶν
1118 471 1250 534 τοὺς
1297 467 1584 538 δεσπότας,
1617 471 1708 526 καὶ
1739 465 2084 543 λαμϐάνουσι

2200 483 2532 548 promotum
2565 482 2896 545 tribunum,
2928 497 3064 537 eum
3107 481 3181 538 ad
3212 479 3624 537 consistorium
3659 495 3847 552 usque

425 584 522 618 τον
555 555 932 636 προϐληθέντα
977 555 1291 633 δήμαρχον,
1342 558 1684 632 ὀψικεύοντες
1725 557 1885 613 αὐτὸν
1918 560 2085 634 μέχρι

429 657 529 711 τοῦ
558 649 968 726 κονσιστωρίου.
1003 648 1104 704 Καὶ
1153 648 1460 724 εἰσέρχεται
1510 649 1538 703 ὁ
1585 644 1943 723 προϐληθεὶς,
1994 649 2082 705 καὶ

430 745 580 798 ἅπτει
625 740 830 815 κηροὺς
882 736 938 793 έν
983 741 1063 811 τῷ
1119 741 1358 809 σταυρῷ,
1408 737 1499 791 καὶ
1547 736 1842 814 ἀπέρχεται
1874 736 1954 800 εἲς
1983 739 2083 809 τήν

421 834 522 885 τοῦ
585 829 784 902 Κυρίου
842 826 1164 898 ἐκκλησίαν,
1213 826 1305 882 καὶ
1373 827 1529 882 ἅπτει
1587 823 1799 882 κάκεῖσε
1854 825 2085 902 κηροὺς,

418 921 512 975 καὶ
558 919 861 998 ἀπέρχεται
919 916 1314 992 ὁψικευὸμενος
1355 914 1444 972 διὰ
1490 922 1598 972 τῶν
1651 921 1936 992 κορτινῶν,
1995 919 2082 973 καὶ

411 1009 760 1087 εύφημοῦσιν
788 1007 951 1063 αὐτὸν
981 1009 1058 1070 εἷς
1087 1004 1184 1062 τὸν
1223 1007 1392 1062 τόπον
1425 1005 1592 1062 αὐτοῦ
1641 1006 1747 1061 ἀπὸ
1793 1009 1892 1076 τῆς
1939 1005 2086 1082 χαλ-

406 1107 520 1170 κῆς
559 1098 728 1174 μέχρι
757 1098 855 1154 τοῦ
889 1096 1123 1170 μηλίου.
1167 1096 1272 1153 Καὶ
1303 1090 1656 1152 καϐαλικεύει
1687 1096 1716 1150 6
1745 1092 2087 1170 προϐληθεὶς

407 1189 522 1244 ἀπὸ
555 1185 771 1263 σαγίου,
801 1187 892 1241 καὶ
925 1184 1234 1259 ὀψικεύεται
1290 1185 1396 1240 ὑπὸ
1444 1189 1543 1240 τοῦ
1597 1186 1818 1258 μέρους,
1850 1185 2090 1262 φορούν-

406 1281 526 1334 τῶν
585 1276 851 1331 κάκείνων
920 1273 1080 1348 σαγία
1145 1273 1278 1351 ῥοῆς
1346 1274 1436 1329 καὶ
1506 1275 1908 1350 σκαραμάγγια.
1980 1273 2086 1330 Καὶ

408 1365 720 1441 ἀπέρχεται
751 1365 898 1420 οὕτω
932 1362 1098 1438 μέχρι
1145 1367 1242 1418 τοῦ
1290 1359 1528 1419 στάϐλου
1576 1367 1674 1418 τοῦ
1717 1367 1917 1438 μέρους
1951 1365 2084 1436 (23),

405 1456 504 1510 καὶ
576 1457 770 1528 θεωρεῖ
822 1454 954 1515 τοὺς
1024 1451 1229 1514 ’ίππους
1303 1453 1498 1523 αὐτοῦ,
1561 1452 1652 1508 καὶ
1713 1447 2085 1522 καϐαλικεύει,

405 1544 508 1600 καὶ
542 1541 842 1618 ἀπέρχεται
881 1543 1277 1616 ὀψικευόμενος
1329 1543 1499 1617 μέχρι
1548 1546 1645 1597 τοῦ
1689 1541 1844 1597 οἲκου
1895 1540 2085 1603 αὐτοῦ,

409 1630 874 1689 ἀκολουθούντων
929 1626 1324 1706 καϐαλλαρίων
1372 1635 1470 1686 τοῦ
1530 1627 1938 1705 δευτερεύοντος
1994 1628 2085 1685 καὶ

410 1727 511 1777 τοῦ
563 1719 956 1800 γειτονιάρχου
1005 1721 1097 1775 καὶ
1136 1724 1234 1776 τοῦ
1287 1720 1564 1794 νοταρίου,
1609 1719 1922 1798 φορούντων
1957 1740 2089 1774 σκα-

419 1809 727 1888 ραμάγγια.
787 1812 902 1885 Χρή
965 1807 1024 1864 δὲ
1100 1810 1412 1902 χιλνώσκειν,
1462 1808 1545 1865 ὅτι
1592 1803 2079 1883 προλαμϐάνουσιν
2111 1835 2161 1902 Β

417 1899 499 1961 εἷς
537 1901 626 1956 τὸν
655 1900 811 1955 οἶκον
859 1903 958 1954 τοῦ
1003 1893 1416 1973 προϐληθέντος
1450 1900 1476 1954 6
1507 1897 1666 1959 αὐτὸς
1712 1899 2080 1974 γειτονάρχης

409 1989 504 2044 καί
537 1989 849 2060 ὁνοτάριος
898 1986 988 2043 καὶ
1038 1989 1090 2042 0'1
1139 1985 1353 2058 λοιποὶ,
1403 1989 1491 2043 καὶ
1546 1989 1786 2043 ἷ’στανται
1821 1987 1956 2060 μετὰ
1984 1990 2081 2042 τοῦ

2193 569 2563 625 comitantur.
2605 571 2792 626 Intrat
2824 569 2939 636 ille,
2973 567 3269 640 cereisque
3300 567 3358 624 in
3391 585 3564 626 cruce
3585 567 3846 624 accensis

2191 656 2498 714 ecclesiam
2535 658 2764 715 Domini
2795 658 2963 732 petit,
2994 657 3196 728 ibique
3227 674 3423 714 cereos
3456 657 3746 721 accendit,
3779 671 3845 711 ac

2192 745 2252 802 in
2283 746 2570 820 obsequio
2603 761 2708 819 per
2735 747 2994 804 cortinas
3024 746 3166 815 abit,
3199 745 3372 817 eique
3419 745 3480 801 in
3517 743 3644 802 loco
3671 761 3778 802 suo
3809 763 3844 802 a

2191 841 2355 908 porta
2372 835 2601 893 chalces
2622 837 2691 892 ad
2717 835 2970 892 millium
2992 851 3194 893 omnes
3219 834 3404 891 felicia
3429 839 3842 908 apprecantur.

2202 924 2526 992 Promotus,
2560 942 2700 998 sago
2755 925 3026 993 indutus,
3058 940 3174 996 quo
3204 923 3457 993 vehitur,
3482 923 3848 995 praecedente

2193 1029 2324 1070 eum
2359 1013 2633 1078 factione,
2658 1031 2789 1086 quae
2805 1015 2982 1070 etiam
3004 1014 3182 1070 rubra
3203 1016 3260 1069 et
3291 1012 3694 1084 scaramangia
3715 1006 3846 1067 fert.

2191 1101 2289 1158 Sic
2321 1103 2393 1158 ad
2427 1102 2729 1159 stabulum
2763 1102 3036 1160 factionis
3067 1101 3350 1175 procedit,
3381 1101 3628 1172 ejusque
3667 1114 3852 1171 equos

2193 1193 2845 1264 conspicatus,domum
2862 1193 2920 1248 in
2937 1190 3186 1248 solemni
3203 1206 3419 1262 pompa
3432 1205 3583 1262 equo
3597 1187 3848 1256 vehitur,

2190 1279 2493 1336 caballarii
2543 1280 2930 1338 secundicerii
2984 1297 3084 1336 seu
3118 1279 3339 1348 vicarii,
3399 1277 3763 1350 gitoniarcha
3793 1282 3850 1334 et

2192 1368 2423 1440 notarii,
2446 1369 2868 1441 scaramangiis
2900 1368 3108 1437 induti,
3140 1368 3337 1441 ipsum
3363 1372 3708 1440 sequuntur.
3734 1367 3848 1423 Cse-

2190 1459 2380 1512 terum
2403 1456 2834 1513 observandum
2853 1461 2962 1524 est,
2980 1457 3039 1512 in
3063 1455 3281 1512 sedibus
3296 1453 3545 1528 promoti
3567 1453 3849 1527 gitoniar-

2191 1543 2391 1613 cham,
2423 1546 2718 1602 notarium
2773 1561 2840 1602 ac
2891 1545 3152 1617 reliquos
3203 1547 3564 1616 exspectare,
3615 1545 3674 1599 et
3721 1558 3851 1598 cum

2192 1632 2444 1690 factione
2471 1637 2737 1705 promoto
2765 1633 3128 1705 gratulantes
3162 1631 3220 1688 in
3254 1632 3402 1689 atrio
3435 1633 3587 1702 ejus,
3622 1635 3687 1687 ut
3720 1647 3850 1686 mos

2189 1727 2300 1792 est,
2324 1723 2554 1791 adesse,
2578 1723 2676 1778 ubi
2701 1724 3188 1792 secundicerium,
3210 1719 3665 1795 gitoniarcham,
3690 1728 3849 1778 nota-

2192 1811 2343 1866 rium
2368 1827 2434 1868 ac
2456 1815 2695 1868 caeteros
2718 1813 3012 1884 praefectos
3036 1817 3092 1868 et
3105 1811 3398 1884 principes
3419 1812 3487 1867 ad
3512 1809 3842 1866 convivium

2190 1904 2378 1955 vocat.
2412 1903 2604 1973 Atque
2636 1899 2790 1957 idem
2842 1901 2988 1959 ritus
3022 1901 3092 1956 ab
3142 1900 3328 1956 altera
3367 1899 3542 1956 etiam
3595 1897 3846 1955 factione

2194 1986 2554 2044 observatur.

414 2079 637 2153 μέρους,
703 2078 1081 2156 εὐφημοῦντες
1137 2077 1232 2132 τὸν
1297 2072 1704 2151 προϐληθέντα,
1771 2076 1849 2138 εἷς
1905 2076 1996 2131 τὸν
2039 2072 2264 2130 πυλῶνα
2303 2075 2496 2145 αύτοῦ,
2547 2074 2729 2140 καθὼς
2786 2073 2905 2154 ἔχει
2963 2078 2998 2145 ἡ
3058 2078 3334 2146 συνήθεια,
3383 2073 3474 2130 καὶ
3533 2072 3692 2129 καλεῖ
3748 2073 3842 2128 τὸν

417 2164 800 2242 δευτερεύοντα
847 2166 938 2222 καὶ
983 2168 1077 2222 τὸν
1123 2165 1513 2246 γειτονιάρχην
1563 2166 1655 2222 καὶ
1703 2165 1796 2222 τὸν
1843 2164 2096 2238 νοτάριον
2139 2164 2232 2219 καὶ
2278 2162 2407 2226 τοὺς
2461 2164 2692 2227 Λοιποὺς
2742 2163 3018 2241 ἄρχοντας
3067 2165 3161 2220 καὶ
3210 2165 3278 2220 τά
3323 2167 3587 2238 πρωτεῖα.
3632 2161 3754 2237 Χρὴ
3788 2159 3846 2217 δὲ

418 2259 720 2332 γινώσκειν,
753 2258 838 2313 ὃτι
872 2260 906 2327 ἡ
941 2256 1078 2326 αύτή
1109 2256 1410 2314 ἀκολουθία
1439 2259 1641 2332 γίνεται
1671 2259 1759 2312 καὶ
1793 2256 1881 2312 ἐπὶ
1912 2260 2009 2312 τοῦ
2040 2254 2226 2330 ἐτέρου
2259 2254 2478 2330 μέρους.

421 2347 559 2403 Ὅσα
607 2345 691 2422 δεῖ
731 2344 1193 2422 παραφυλάττειν,
1242 2347 1288 2422 si
1338 2345 1547 2422 κελεύει
1581 2347 1607 2401 6
1645 2347 1900 2422 βασιλεὺς
1939 2365 2078 2421 προσ

658 2413 926 2474 ϐαλέσθαι
955 2421 977 2456 ⁵
1007 2415 1101 2472 δύο
1135 2415 1461 2494 δημάρχους
1496 2418 1548 2472 έν
1579 2413 1660 2492 τῷ
1703 2419 1838 2492 ἅμα.

486 2507 806 2579 Μηνύονται
839 2509 930 2562 καὶ
969 2507 1288 2584 ἀνέρχονται
1337 2511 1404 2564 151
1456 2505 1552 2562 δύο
1587 2507 1725 2584 μέρη
1759 2505 1811 2563 ἒν
1843 2512 1923 2579 τῷ
1956 2507 2080 2562 ὀνο-

411 2595 622 2668 ποδίῳ,
671 2599 762 2653 καὶ
815 2593 1186 2670 παραδίδωσιν
1234 2598 1263 2651 6
1315 2598 1672 2672 πραιπόσιτος
1725 2597 1817 2653 τὸν
1857 2601 2074 2669 πρῶτον

423 2683 719 2763 δήμαρχον
752 2685 821 2740 εἰς
855 2687 916 2740 τὸ
971 2687 1136 2760 μέρος
1188 2682 1375 2755 αὺτοῦ,
1409 2686 1620 2759 ὁμοίως
1651 2686 1740 2740 καὶ
1775 2685 1867 2740 τὸν
1891 2680 2070 2760 ἕτερον

431 2771 511 2834 εἷς
568 2775 630 2827 τὸ
691 2774 846 2848 μέρος
900 2773 1086 2830 αὐτοῦ’
1143 2773 1213 2829 τὰ
1272 2770 1328 2829 δὲ
1378 2771 1549 2829 λοιπᾶ
1586 2773 1760 2828 πάντα
1814 2772 2073 2844 τελεῖται,

432 2861 619 2924 καθὼς
661 2861 903 2936 ἀνωτέρω
938 2863 1172 2939 εἴρηται.
1222 2865 1302 2919 Τὰ
1349 2864 1445 2936 μὶν
1498 2860 1761 2936 χλανίδια
1812 2861 2075 2936 ἐπαίρου-

423 2971 509 3004 σιν
544 2950 594 3004 οἱ
628 2947 902 3028 δήμαρχοι
949 2952 1056 3007 ἀπὸ
1104 2956 1215 3008 τῶν
1264 2947 1695 3027 διαδεδεγμένων
1729 2952 1752 2987 ⁸
1782 2953 1896 3025 (24)
1926 2949 2073 3024 δημ-

414 3039 629 3117 άρχων,
658 3040 687 3094 6
721 3036 938 3103 Βένετος
976 3039 1198 3098 Βένετον
1248 3040 1339 3096 καὶ
1389 3039 1616 3117 Τύρεον,
1656 3039 1745 3096 καὶ
1791 3041 1820 3094 6
1871 3040 2070 3114 Πράσι-

407 3149 506 3190 νος
535 3129 770 3202 ὁμοίως,
802 3127 991 3200 ἐπειδή
1027 3130 1288 3205 βασιλικά
1317 3131 1474 3187 εἰσιν.

1034 3225 1298 3280 ΚΕΦΑΛ.
1340 3222 1456 3290 Νξ.

516 3311 645 3362 Ὅσα
695 3306 774 3364 δει
825 3307 1266 3387 παραφυλάττειν
1314 3309 1402 3364 ἐπὶ
1446 3312 1752 3385 προαγωγῇ
1785 3306 1961 3365 δευτε-

1104 3381 1376 3456 ρεύοντος.

479 3468 810 3524 Κελεύουσιν
864 3470 920 3522 οἳ
969 3467 1224 3525 δεσπόται
1269 3474 1348 3542 τῷ
1399 3469 1746 3544 πραιποσίτῳ
1777 3471 1898 3544 περί
1931 3492 2071 3546 προ-

401 3550 584 3626 ϐολῆς
642 3554 1072 3633 δευτερεύοντος,
1125 3559 1215 3613 καὶ
1272 3556 1597 3615 ἀποστέλλει
1641 3559 1670 3613 6
1709 3560 2070 3632 πραιπόσιτος

399 3643 798 3720 σιλεντιάριον,
861 3647 952 3701 καὶ
1007 3651 1164 3716 ζητεῖ
1209 3647 1303 3702 τὸν
1351 3644 1670 3726 δήμαρχον,
1718 3647 1808 3702 καὶ
1864 3645 1952 3702 ἐὰν
1981 3649 2067 3704 εύ-

400 3736 561 3811 ρεθῇ,
617 3731 843 3790 δίδωσιν
893 3734 1180 3810 ἀπόκρισιν
1231 3741 1346 3798 τοῖς
1395 3733 1703 3802 δεσπόταις,
1737 3736 1826 3790 καὶ
1877 3738 1928 3790 οἱ
1979 3733 2068 3792 δε-

391 3824 597 3880 σπόται
654 3821 1015 3898 παραδιδοῦσι
1093 3828 1174 3897 τῷ
1251 3824 1598 3898 πραιποσίτῳ
1655 3825 1712 3878 δν
1776 3824 2063 3898 βούλονται

394 3907 776 3987 προϐαλέσθαι
805 3915 824 3949 ’⁸
873 3910 1273 3988 δευτερεύοντα.
1324 3912 1429 3970 Καὶ
1479 3911 1754 3988 ἐξέρχεται
1809 3913 2064 3987 ὀψικευό-

403 4021 567 4071 μενος
608 4001 714 4056 ὑπὸ
759 3996 1235 4078 κουϐικουλαρίων
1284 4001 1374 4056 καὶ
1425 4001 1802 4075 σιλεντιαρίων
1832 4007 1940 4058 τῶν
1972 3998 2062 4057 ὅν-

398 4109 512 4144 των
569 4085 935 4166 ὲϐδομαρίων,
998 4091 1088 4147 καὶ
1139 4088 1480 4165 παραδίδωσι
1537 4093 1630 4146 τὸν
1686 4090 2064 4167 δευτερεύοντα

393 4182 477 4250 τῷ
508 4175 813 4254 δημάρχῳ,
873 4181 962 4234 καί
1015 4177 1342 4259 έπεύχονται
1395 4184 1514 4242 τοῖς
1569 4177 1874 4243 δεσπόταις.
1919 4186 2060 4255 Προ-

393 4263 666 4324 ϐάλλεται
698 4266 756 4323 δὲ
785 4270 818 4339 ἢ
873 4268 926 4326 ἰν
975 4273 1052 4342 τῷ
1089 4269 1430 4344 ἡμικυκλίῳ,
1463 4267 1501 4340 ἤ
1533 4267 1585 4325 ἐν
1618 4275 1687 4345 τῇ
1729 4270 2056 4345 θερμάστρᾳ,

393 4357 444 4412 e't
495 4354 556 4412 δὲ
601 4358 811 4412 ἀσθενεῖ
857 4359 885 4412 6
940 4355 1256 4437 δήμαρχος,
1307 4358 1513 4433 ἐπαίρει
1563 4358 1723 4414 αύτὸν
1755 4353 2058 4431 666601116-

2262 2345 2650 2417 Observanda,
2681 2348 2733 2403 si
2777 2347 3103 2420 imperatori
3146 2346 3281 2403 duo:
3311 2345 3631 2402 demarchus
3662 2361 3775 2400 una

2684 2439 3018 2492 constituere
3044 2431 3342 2508 placuerit.

2263 2525 2396 2580 Dum
2413 2525 2696 2580 factiones
2711 2525 3022 2581 admonita:
3041 2525 3098 2578 in
3119 2522 3477 2595 onopodium
3493 2521 3844 2592 ascendunt,

2187 2617 2244 2668 et
2266 2613 2610 2686 praepositus
2627 2615 2879 2686 primum
2904 2613 3206 2669 tribunum
3223 2611 3458 2669 factioni
3478 2609 3846 2682 sue,pariter

2186 2705 2242 2757 et
2264 2701 2508 2758 alterum
2527 2702 3102 2770 suaa,tradit.Caetera
3117 2699 3312 2756 omnia
3328 2705 3393 2756 ut
3412 2715 3594 2772 supra
3614 2699 3842 2755 dictum

2184 2793 2294 2858 est,
2330 2795 2704 2862 peraguntur.
2739 2789 2992 2846 Tunicae
3022 2806 3156 2846 vero
3208 2787 3509 2860 accipiunt
3553 2788 3624 2844 ab
3657 2805 3842 2845 exau-

2183 2879 2428 2934 ctoratis
2459 2879 2731 2945 tribunis,
2763 2878 3020 2935 Venetus
3052 2883 3330 2934 Venetam
3386 2881 3445 2933 et
3473 2876 3727 2948 Tyriam,
3761 2882 3840 2934 ita

2181 2971 2238 3023 et
2265 2967 2566 3034 Prasinus,
2597 2968 2875 3039 quoniam
2902 2967 2988 3023 ha
3020 2966 3395 3040 imperatoris
3425 2969 3584 3022 sunt.
3645 2986 3654 2988 -

2699 3301 2739 3354 1
2752 3299 2854 3356 59
2885 3297 3122 3357 CAPUT
3162 3297 3304 3354 LVI.

2388 3387 2740 3447 Observanda
2769 3389 2828 3443 in
2857 3387 3198 3460 promotione
3224 3386 3619 3443 secundicerii.

2247 3475 2478 3532 Domini
2541 3477 2852 3549 praeposito
2911 3477 2983 3532 de
3038 3477 3403 3550 promotione
3446 3475 3831 3533 secundicerii

2173 3565 2512 3622 mandatum
2540 3566 2701 3634 dant,
2728 3570 2784 3622 et
2816 3567 2998 3623 mittit
3028 3566 3378 3639 praepositus
3407 3564 3827 3636 silentiarium,

2174 3659 2240 3709 ut
2268 3655 2574 3713 tribunum
2615 3663 2873 3729 quaret;
2925 3671 3039 3728 quo
3087 3661 3338 3728 reperto,
3372 3671 3717 3724 responsum
3751 3656 3824 3711 ad

2172 3743 2442 3800 dominos
2465 3747 2700 3816 perfert,
2719 3744 2778 3800 hi
2803 3745 3130 3817 preposito,
3154 3761 3325 3817 quem
3353 3744 3826 3800 secundicerium

2173 3836 2531 3892 constituere
2559 3834 2781 3902 volunt,
2829 3835 3090 3890 tradunt.
3123 3833 3256 3906 Ipse
3313 3833 3624 3902 egreditur,
3657 3847 3690 3887 a
3721 3848 3828 3888 cu-

2169 3922 2475 3981 biculariis
2533 3928 2591 3979 et
2647 3922 3018 3990 silentiariis,
3061 3922 3160 3994 qui
3218 3938 3286 3978 ea
3335 3921 3667 3992 septimana
3716 3919 3818 3978 illo

2171 4028 2409 4068 munere
2456 4013 2801 4084 funguntur,
2835 4010 3101 4083 stipatus,
3133 4010 3193 4066 hi
3218 4009 3684 4066 secundicerium
3716 4010 3821 4066 tri-

2170 4101 2243 4158 bu
2255 4119 2327 4158 no
2359 4102 2619 4166 tradunt,
2643 4101 3018 4171 dominisque
3041 4100 3233 4156 fausta
3253 4103 3665 4171 apprecantur.
3687 4103 3821 4155 Pro-

2170 4195 2436 4246 movetur
2467 4194 2662 4245 autem
2692 4188 2783 4245 vel
2814 4191 2871 4245 in
2905 4188 3246 4258 hemicyclio
3276 4187 3363 4244 vel
3397 4189 3456 4244 in
3480 4188 3728 4244 camino.
3759 4187 3820 4243 Si

2167 4282 2362 4334 autem
2417 4278 2687 4334 tribunus
2746 4279 2949 4334 morbo
3009 4278 3254 4346 laborat,
3305 4277 3668 4334 silentiarius
3716 4277 3819 4347 qui

2167 4384 2270 4441 per
2301 4367 2463 4424 illam
2496 4367 2886 4438 septimanam
2921 4367 3112 4424 ofﬁcio
3145 4367 3425 4438 fungitur,
3452 4381 3588 4422 eum
3613 4383 3648 4421 a
3671 4382 3820 4437 pras-

406 4465 521 4520 ριος
579 4447 940 4525 σιλεντιάριος
995 4449 1142 4524 παρᾶ
1196 4452 1295 4504 τοῦ
1350 4449 1738 4524 πραιποσίτου,
1794 4450 1883 4503 καὶ
1951 4447 2097 4515 ἆπ-]

2186 4456 2362 4513 )osito
2393 4457 2660 4529 suscipit,
2691 4465 2746 4514 et
2776 4455 2976 4513 abiens
3007 4455 3078 4512 ad
3123 4454 3345 4510 tribuni
3376 4456 3547 4521 aedes,
3579 4453 3688 4526 ipsi
3719 4469 3814 4509 se—

408 4534 624 4608 έρχεται
673 4537 724 4593 ἐν
769 4543 852 4611 τῷ
905 4537 1044 4610 οἴκῳ
1089 4543 1187 4593 τοῦ
1238 4534 1556 4613 δημάρχου,
1589 4538 1678 4593 καὶ
1717 4535 2056 4613 παραδίδωσι

2186 4544 2565 4602 ιυιιάἱορισίυιῃ
2611 4545 2808 4602 tradit.
2841 4543 3283 4600 Observandum
3334 4557 3468 4598 vero
3515 4546 3624 4607 est,
3657 4544 3817 4613 quod

407 4629 494 4697 τῷ
525 4621 796 4703 δημάρχω
835 4629 926 4683 τὸν
972 4625 1367 4702 δευτερεύοντα.
1419 4629 1546 4703 Χρή
1588 4625 1646 4683 δὶ
1695 4624 1914 4698 εἰδέναι,
1948 4629 2054 4696 6'11,

2167 4635 2308 4691 dum
2342 4636 2686 4707 praepositus
2718 4633 3179 4691 secundicerium
3214 4628 3539 4686 silentiario
3569 4629 3817 4685 traditu-

396 4715 490 4770 ὅτε
551 4715 578 4768 6
636 4715 994 4786 πραιπόσιτος
1052 4712 1394 4791 παραδίδωσι
1443 4721 1524 4788 τῷ
1581 4716 1928 4790 σιλεντιαρίῳ
1965 4723 2056 4772 τὸν

2186 4740 2269 4780 ὀε
2315 4728 2425 4792 est,
2459 4723 2730 4780 factionis
2777 4721 3159 4796 gitoniarcha,
3192 4719 3452 4776 notarius
3503 4733 3605 4776 seu
3637 4718 3816 4776 char—

389 4802 798 4880 δευτερεύοντα,
849 4807 1188 4881 εύρίσκονται
1233 4807 1324 4861 καὶ
1375 4809 1426 4861 0'1
1467 4811 1566 4862 τοῦ
1611 4806 1826 4881 μέρους,
1878 4809 1906 4863 6
1945 4828 2057 4883 γει-

380 4893 718 4973 τονιάρχης,
746 4897 774 4950 6
803 4897 1078 4971 νοτάριος,
1109 4897 1235 4966 ἤτοι
1286 4897 1313 4950 6
1364 4893 1796 4975 χαρτουλάριος,
1829 4898 1857 4951 6
1888 4917 2051 4967 ποιη-

2164 4810 2438 4881 tularius,
2472 4822 2660 4884 poeta,
2693 4811 2956 4868 musicus
2994 4816 3051 4866 et
3081 4809 3385 4882 magister,
3418 4814 3482 4864 ut
3525 4808 3633 4879 ipsi
3664 4824 3814 4879 quo-

2164 4917 2279 4971 que
2327 4914 2462 4956 eum
2494 4917 2526 4956 a
2563 4901 2868 4974 praeposito
2911 4899 3222 4971 accipiant,
3273 4896 3490 4953 adsint.
3526 4897 3812 4954 Caeterum

1752 5076 1999 5134 νΑιιΙλΕ
2040 5075 2452 5136 LECTIONES.

455 5253 482 5288 ⁵
514 5245 928 5326 προϐάλλεσθαι
959 5251 1050 5307 ed.
1128 5249 1152 5284 ⁸
1183 5245 1628 5324 διαδεδειγμένων
1662 5251 1753 5306 ed.
1831 5249 1854 5283 ⁷
1882 5243 2299 5323 προϐάλλεσθαι
2323 5252 2415 5308 ed.

1395 5423 1594 5480 JOAN.
1633 5425 1778 5482 JAC.
1822 5424 2089 5482 REISKII
2127 5424 2720 5486 COMMENTARIUS.

452 5582 562 5652 (23)
596 5579 903 5652 [lababant
930 5593 1066 5650 ergo
1099 5575 1398 5652 factiones
1427 5577 1742 5652 peculiaria
1771 5577 1882 5652 sibi
1914 5586 2040 5652 sta-

2154 5580 2215 5635 in
2245 5595 2441 5650 aream
2496 5580 2986 5650 producerentur,
3048 5580 3340 5636 habebant
3399 5574 3808 5650 ἄρκτοτρόφους

372 5647 553 5719 bula,
581 5668 686 5724 pro
730 5647 901 5724 equis
939 5647 1063 5724 suis
1092 5647 1403 5724 certamini
1433 5647 2043 5724 ’committendistiis-
2151 5647 2694 5724 νθιθηριοκόμουςς
2726 5652 2842 5707 vid.
2877 5653 3197 5722 Procopius
3232 5647 3803 5724 Anecd‘olhpagito.

373 5742 492 5799 que
530 5717 801 5782 additos
835 5717 1205 5791 ἱπποκόμους.
1265 5717 1442 5808 Olim,
1496 5735 1632 5776 cum
1681 5721 1875 5777 adhuc
1908 5719 2040 5776 fera:

2221 5718 2784 5792 (2£)'Exaactorat1’s:
2818 5725 2934 5780 vid.
2971 5718 3144 5796 paulo
3175 5727 3308 5778 ante
3338 5725 3455 5776 not.
3494 5718 3582 5774 18.
