4134 6378
422 334 544 398 543

1491 333 2024 396 CONSTANTINI
2069 335 2769 403 PORPHYROGENITI

3718 340 3836 402 644

425 471 662 542 gelones
693 471 750 524 et
781 466 992 535 clerus,
1027 484 1191 540 asque
1218 483 1286 525 ac
1317 475 1560 528 senatus
1605 471 1820 540 omnis,
1850 470 1908 526 in
1945 487 2066 526 sca-

2189 479 2404 546 χρυσῆς
2434 473 2727 550 χλαμύδος
2777 473 2868 529 καὶ
2897 470 3251 549 καμπαγίων,
3289 473 3381 529 καὶ
3414 474 3751 551 εἰσέρχονται
3781 479 3830 532 οἱ

426 557 749 629 ramangiis
765 557 1005 623 intrant,
1020 562 1355 630 canuntque
1376 575 1803 632 eaqumcanere
1824 577 1948 617 mos
1965 565 2072 616 est.

425 647 633 703 Postea
667 647 1012 720 prepositus
1044 649 1497 704 cerimoniarum
1530 652 1802 720 magistro
1840 655 2072 719 signum

421 737 542 804 dat,
572 735 670 807 qui
702 737 845 792 dicit
875 753 888 790 :
921 760 948 788 «ι
978 738 1275 808 Egredere,
1301 738 1638 810 imperator,
1663 739 1782 796 Rex
1802 745 1858 796 te
1874 755 2072 809 regum

420 830 479 880 et.
509 824 788 882 Dominus
818 826 1248 882 dominantium
1280 831 1445 882 vocat
1466 845 1478 882 :
1500 850 1528 878 ››
1551 845 1666 900 quo
1687 834 1776 884 ter
1804 828 2070 900 repetito,

421 913 621 970 statim
651 931 684 970 a
705 914 992 970 ministris
1025 915 1389 986 imperatoria
1411 915 1632 973 tollitur
1661 933 1894 989 corpus,
1925 921 1983 973 et
2011 916 2071 973 in

419 1001 662 1059 chalcen
697 1003 1088 1074 deportatum,
1119 1002 1198 1060 ibi
1232 1003 1556 1075 reponitur,
1587 1007 1900 1078 omniaque
1944 1023 2072 1062 mo-

418 1108 480 1148 re
506 1091 735 1148 solennl
776 1097 1150 1162 peraguntur.
1183 1093 1328 1148 Cum
1379 1108 1593 1166 corpus
1645 1094 1836 1151 efferri
1880 1095 2070 1166 debet,

417 1180 827 1237 cerimoniario
851 1181 1201 1253 praapositus
1228 1181 1463 1254 signum
1497 1184 1616 1250 dat,
1639 1185 1738 1254 qui
1769 1193 1852 1240 ter
1880 1185 2071 1240 dicere

416 1271 476 1324 in
497 1269 640 1342 cipit
664 1285 677 1324 :
704 1290 732 1319 «
760 1269 1064 1341 Egredere,
1088 1270 1425 1342 imperator,
1451 1294 1479 1321 »
1500 1277 1698 1344 etquae
1720 1279 2067 1346 sequuntur,

418 1365 595 1430 atque
623 1358 706 1414 ita
731 1375 947 1431 corpus
979 1360 1051 1415 ab
1083 1359 1474 1430 imperatoriis
1524 1363 2010 1433 protospathariis
2039 1379 2071 1418 e

418 1447 616 1504 chalce
647 1453 1041 1518 saportatum,
1067 1465 1168 1520 per
1189 1450 1442 1506 mediam
1471 1451 1704 1518 transit,
1723 1467 1976 1522 cumque
1996 1452 2069 1507 ad

417 1535 634 1601 locum,
659 1537 756 1591 ubi
779 1540 1044 1608 componi
1067 1538 1260 1604 debet,
1276 1539 1538 1609 pervenit
1557 1540 1837 1611 ofﬁcium,
1866 1545 2070 1596 cantus

417 1631 475 1681 et
504 1633 708 1681 cetera
739 1643 866 1697 quas
889 1625 1118 1682 institui
1140 1627 1352 1695 solent,
1379 1628 1458 1683 ibi
1491 1635 1871 1701 peraguntur.
1905 1630 2072 1686 Post-

415 1730 484 1771 ea
517 1715 985 1783 cerimoniarius,
1019 1717 1188 1788 signo
1237 1736 1270 1774 ε
1317 1720 1628 1792 ρι’ωροεὶιο
1661 1719 1817 1790 dato,
1860 1725 1948 1776 ter
1975 1737 2071 1776 ex-

413 1803 662 1861 clamat:
699 1825 729 1854 ‹‹
761 1804 940 1872 lntra,
973 1805 1311 1876 imperator,
1340 1814 1506 1864 vocat
1534 1813 1592 1865 te
1633 1809 1747 1864 Rex
1783 1825 1981 1880 regum
2016 1813 2074 1866 et

411 1894 698 1952 Dominus
717 1894 1149 1950 dominantium
1172 1912 1186 1962 ;
1206 1917 1233 1945 »
1249 1897 1459 1952 deinde
1472 1897 1556 1953 sic
1577 1915 1591 1953 :
1609 1921 1637 1948 ‹‹
1658 1897 1892 1970 Depone
1915 1915 2073 1954 coro-

413 2000 551 2042 nam
566 1984 798 2054 acapite
813 1989 969 2050 tuo,»
985 1989 1040 2039 et
1053 1985 1254 2041 statim
1272 1984 1392 2041 hinc
1407 2003 1437 2040 a
1450 1988 1750 2058 praeposito
1767 1987 2072 2057 tollitur,et

409 2073 733 2146 imponitur
752 2073 928 2130 fascia
952 2091 1246 2146 purpurea
1267 2075 1546 2147 simplex;
1564 2081 1621 2130 at
1640 2076 1754 2131 alio
1777 2077 1833 2130 in
1862 2091 2066 2131 monu-

415 2169 609 2221 mento
641 2164 960 2235 reponitur.
995 2164 1312 2220 Sciendum
1355 2171 1447 2222 est
1494 2167 1768 2222 eumdem
1819 2182 2066 2234 morem,

413 2255 685 2312 eumdem
710 2254 881 2309 ritum
907 2255 1286 2325 eamdemque
1306 2255 1788 2311 consuetudinem
1806 2255 1984 2311 etiam
2009 2255 2068 2310 in

412 2345 686 2415 Augustis
719 2344 921 2398 funere
943 2343 1259 2399 observari.
1296 2344 1471 2399 Debet
1498 2348 1692 2400 autem
1725 2343 2071 2400 cerimonia-

415 2430 538 2486 rius
567 2432 626 2485 in
664 2431 863 2486 funere
893 2433 1169 2502 Augustas
1191 2429 1417 2486 dicere:
1449 2454 1470 2481 ι
1500 2431 1799 2498 Egredere,
1819 2433 2068 2504 impera-

412 2519 548 2586 trix,
571 2523 738 2576 vocat
759 2524 814 2574 te
847 2519 965 2575 Rex
987 2520 1356 2592 regnantium
1375 2529 1427 2575 et
1449 2520 1734 2576 Dominus
1756 2522 2067 2578 dominan-

413 2609 586 2665 tium.
622 2630 650 2658 »

2180 567 2281 630 τῆς
2320 563 2512 638 Ἀγίας
2547 565 2749 640 Σοφίας
2781 561 3032 638 γήλωνες
3063 565 3170 634 (34)
3201 563 3292 618 καὶ
3329 564 3357 618 6
3386 561 3621 638 κλῆρος,
3663 565 3836 620 ὡσαύ-

2181 669 2290 703 τως
2321 649 2413 703 καὶ
2471 653 2616 704 πᾶσα
2664 651 2698 718 ἡ
2753 647 3068 723 σύγκλητος
3120 648 3227 703 ἀπὸ
3259 650 3711 728 σκαραμαγγίων,
3741 652 3829 707 xui

2182 736 2459 811 ψάλλουσι
2491 739 2625 793 κατά
2663 736 3014 794 ἀκολουθίαν.
3050 737 3164 794 Εἶθ’
3219 737 3360 793 οὕτω
3403 739 3545 794 νεύει
3590 741 3619 795 6
3665 761 3834 815 πραι-

2181 827 2405 889 πὸσιτος
2458 832 2538 899 τῷ
2606 834 2707 897 τῆς
2775 826 3176 898 καταστάσεως,
3233 828 3323 882 καὶ
3404 827 3552 904 λέγει
3617 827 3829 886 ἐκεῖσε⁸

2181 940 2208 969 «
2243 916 2485 989 Ἔξελθε,
2520 915 2768 992 βασιλεῦ,
2800 913 2960 972 καλεῖ
2989 937 3044 971 σε
3075 917 3102 970 ὁ
3138 920 3182 954 η
3212 917 3478 982 Βασιλεὺς
3513 924 3620 973 τῶν
3677 921 3832 994 βασι-

2181 1003 2450 1060 λευόντων
2492 1007 2582 1061 καὶ
2619 1005 2818 1080 Κύριος
2853 1009 2960 1060 τῶν
3017 1006 3375 1080 κυριευόντων
3404 1027 3416 1040 ο
3475 1032 3504 1059 ››
3550 1011 3713 1064 τοῦτο
3749 1011 3834 1065 λέ-

2178 1115 2263 1169 γει
2325 1094 2529 1168 τρίτον,
2563 1095 2653 1150 καὶ
2685 1093 2989 1169 παραυτίκα
3031 1095 3240 1169 αἴρεται
3271 1096 3332 1150 τὸ
3393 1093 3648 1170 λείψανον
3690 1101 3834 1172 παρᾶ

2176 1187 2284 1238 τῶν
2345 1183 2668 1260 βασιλικῶν,
2727 1183 2816 1238 xui
2863 1184 3031 1239 παλιν
3090 1184 3426 1262 εἰσφέρουσιν
3492 1183 3626 1242 αὐτὸ
3683 1183 3830 1244 ἔνδον

2177 1274 2276 1342 τῆς
2339 1274 2576 1349 χαλκῆς,
2608 1273 2696 1328 καὶ
2747 1273 2986 1336 τιθέασιν
3033 1273 3170 1329 αὐτὸ
3220 1273 3413 1343 ἐκεῖσε,
3469 1277 3557 1330 καὶ
3613 1283 3831 1334 ποιοῦσι

2177 1361 2244 1417 τὰ
2310 1360 2359 1431 ἐξ
2418 1356 2590 1424 ἔθους.
2629 1366 2736 1416 Καῖ
2763 1360 2852 1416 ὅτε
2909 1360 3118 1436 ὀφείλει
3174 1361 3407 1436 ἀρθῆναι
3438 1363 3501 1418 τὸ
3551 1365 3832 1439 λείψανον,

2178 1452 2316 1506 νεύει
2351 1452 2378 1504 6
2411 1451 2771 1525 πραιπόσιτος
2826 1455 2905 1523 τῷ
2943 1457 3044 1520 τῆς
3087 1451 3485 1522 καταστάσεως,
3515 1454 3606 1508 καὶ
3667 1454 3831 1536 ἄρχε-

2178 1561 2269 1594 ται
2317 1538 2496 1614 λέγειν
2544 1539 2604 1595 ἐκ
2633 1539 2816 1613 τρίτου
2864 1539 2948 1606 τὸ,
2995 1564 3022 1591 ‹‹
3077 1540 3316 1610 Ἔξελθε,
3368 1539 3619 1615 βασιλεῦ,
3671 1567 3700 1595 »
3743 1545 3832 1598 xui

2177 1630 2246 1683 τά
2276 1630 2418 1698 ἑξῆς,
2451 1630 2540 1682 καί
2593 1628 2688 1682 εἶθ’
2735 1627 2906 1690 οὕτως
2958 1628 3233 1703 ἐξέρχεται
3293 1631 3355 1682 τὸ
3417 1629 3672 1704 λείψανον
3730 1633 3834 1688 ἀπὸ

2179 1725 2280 1787 τῆς
2325 1717 2568 1791 Χαλκῆςν
2631 1716 3029 1793 βασταζόμενον
3086 1717 3190 1772 ὐπὸ
3251 1717 3555 1792 βασιλικῶν
3611 1741 3832 1795 πρωτο-

2182 1805 2513 1880 σπαθαρίων,
2569 1806 2658 1860 καὶ
2722 1802 2993 1882 διέρχεται
3047 1804 3136 1860 διὰ
3181 1812 3285 1873 τῆς
3345 1808 3539 1880 μέσης,
3591 1810 3682 1864 καὶ
3741 1810 3832 1866 τὸν

2179 1895 2346 1950 τόπον
2375 1889 2796 1951 καταλαϐόντων
2835 1895 2900 1964 ¹⁴,
2934 1893 2986 1949 ἐν
3015 1895 3061 1966 ᾧ
3123 1893 3315 1967 μέλλει
3365 1892 3716 1968 κηδευθῆναι,
3746 1900 3830 1973 γί-

2179 2005 2324 2039 νεται
2369 1987 2403 2053 ἡ
2462 1982 2761 2039 ἀκολουθία
2817 1990 2917 2054 τῆς
2967 1981 3298 2056 ψαλμῳδίας
3347 1984 3440 2039 xui
3489 1985 3558 2040 τά
3605 1989 3830 2059 συνήθη.

2180 2075 2312 2130 Εἶτα
2365 2072 2504 2128 νεύει
2563 2073 2728 2127 πάλιν
2797 2072 2826 2126 6
2884 2073 3243 2147 πραιπόσιτος
3296 2077 3376 2144 τῷ
3432 2081 3534 2143 τῆς
3566 2078 3834 2131 καταστά-

2182 2184 2339 2234 σεως,
2369 2162 2459 2217 καὶ
2518 2167 2753 2216 ποιεῖται
2792 2163 2891 2230 τὴν
2944 2162 3282 2240 ἀναφώνησιν
3337 2159 3552 2224 οὕτως·
3615 2189 3643 2216 α
3704 2164 3834 2223 Εἴσ-

2181 2251 2325 2321 ελθε,
2363 2249 2610 2326 βασιλεῦ,
2643 2250 2802 2306 καλεῖ
2862 2270 2917 2305 σε
2975 2252 3004 2304 6
3054 2249 3310 2312 Βασιλεὺς
3358 2256 3467 2305 τῶν
3523 2253 3834 2327 βασιλευόν-

2178 2359 2285 2394 των
2317 2339 2408 2394 καὶ
2461 2339 2656 2414 Κύριος
2703 2343 2813 2393 τῶν
2861 2339 3248 2413 κοριευὸντων,
3282 2361 3306 2392 ε
3343 2339 3405 2395 ὲκ
3463 2341 3668 2416 τρίτου.
3720 2346 3832 2407 Εἶθ’

2179 2427 2378 2489 οὕτως’
2414 2452 2442 2479 «
2479 2428 2720 2491 ’Δπὸθου
2747 2429 2810 2482 τὸ
2842 2427 3058 2500 στέμμα
3103 2428 3210 2483 ἀπὸ
3240 2435 3342 2498 τῆς
3372 2429 3613 2508 κεφαλῆς
3643 2451 3760 2485 σου·
3799 2457 3825 2480 ι»

2178 2517 2265 2572 καὶ
2327 2516 2523 2581 εὐθέως
2572 2515 2778 2592 α’ίρεται
2837 2517 2986 2591 παρά
3039 2521 3136 2572 τοῦ
3193 2520 3570 2592 πραιποσίτου,
3604 2521 3696 2572 καί
3745 2521 3822 2574 τί·

2180 2620 2330 2673 θεται
2361 2608 2712 2678 σημεντέϊνον
2747 2608 2790 2642 ¹⁸
2817 2609 2935 2678 (35)
2978 2606 3114 2678 μετά
3161 2613 3434 2685 πορφυρᾶς
3483 2605 3637 2676 λιτῆς
3679 2609 3817 2678 (36),

413 2693 504 2748 xui
557 2694 762 2750 τίθεται
815 2693 868 2749 ἰν
915 2698 995 2763 τῷ
1051 2716 1157 2767 μνη
1171 2697 1331 2767 μείῳ.
1366 2697 1584 2761 Ἰστέον,
1617 2695 1701 2752 ὅτι
1743 2696 1771 2750 ὀ
1828 2696 1990 2759 αὐτὸς
2019 2699 2188 2760 τύπος
2218 2695 2306 2750 καὶ
2332 2697 2367 2764 ὴ
2401 2692 2535 2763 ταύτή
2569 2693 2716 2767 τάξις
2769 2692 2858 2748 xui
2928 2693 3226 2749 ἀκολουθία
3255 2694 3458 2770 γίνεται
3487 2693 3576 2748 καὶ
3616 2693 3695 2755 εἷς
3722 2697 3824 2763 τὴν

414 2792 520 2855 τῆς
561 2785 866 2862 αύγούστης
911 2782 1160 2855 κηδείαν.
1193 2789 1319 2862 Χρή
1375 2784 1433 2841 δὲ
1488 2787 1582 2842 τὸν
1633 2793 1736 2856 τῆς
1783 2789 2159 2849 καταστάσεως
2200 2785 2286 2841 ἐπὶ
2325 2788 2394 2858 τῇ
2426 2781 2594 2857 ἐξόδῳ
2623 2787 2722 2854 τῆς
2756 2783 3060 2859 αὐγούστης
3093 2782 3298 2859 λέγειν·
3345 2807 3368 2835 ι
3401 2782 3645 2855 ’Έξελθε,
3676 2784 3834 2857 βασί-

416 2874 602 2944 λισσα,
632 2881 794 2931 καλεῖ
823 2896 881 2930 σε
921 2876 949 2930 ὁ
982 2876 1253 2940 Βασιλεὺς
1281 2881 1391 2931 τῶν
1428 2875 1830 2949 βασιλευόντων
1863 2877 1950 2932 καὶ
1982 2876 2183 2951 Κύριος
2213 2879 2321 2930 τῶν
2351 2874 2734 2948 κυριευόντων.
2769 2897 2798 2926 ››

1026 2966 1257 3024 CAPUT
1294 2967 1439 3024 LXI.

415 3055 760 3112 Observanda
791 3060 909 3127 post
936 3057 1134 3126 ﬁnita:
1153 3071 1338 3126 preces
1376 3065 1427 3111 et
1455 3061 1583 3112 vota
1631 3058 1693 3111 in
1738 3057 1930 3113 natali
1974 3056 2064 3113 die

1041 3127 1424 3198 imperatoria.

484 3216 523 3270 l.
548 3215 804 3272 meecti
823 3231 1026 3273 omnes
1050 3219 1351 3287 postquam
1373 3216 1636 3272 vestibus
1660 3216 1902 3272 mutatis
1925 3233 2057 3287 pro-

408 3304 593 3376 gressi
624 3313 780 3373 sunt,
819 3303 1109 3376 processio
1143 3305 1200 3359 in
1239 3304 1561 3360 Justiniani
1611 3304 1866 3362 triclinio
1902 3306 2058 3383 sub-

408 3392 583 3456 sistit,
611 3393 868 3464 horaque
889 3394 1419 3465 apprOpinquante,
1437 3394 1766 3452 convivium
1799 3398 2056 3466 paratur,

408 3497 624 3536 mense
653 3482 713 3537 in
743 3481 1058 3539 Justiniani
1085 3483 1338 3540 triclinio
1362 3485 1632 3555 reposita.
1659 3483 1879 3541 Deinde
1904 3499 2061 3555 egre-

406 3570 563 3625 ditur
590 3569 928 3641 imperator,
951 3572 1230 3629 dibetesio
1252 3589 1545 3645 purpureo
1578 3575 1852 3642 amictus,
1886 3588 2060 3630 vens-

407 3663 598 3717 randse
633 3679 842 3718 mensae
874 3680 993 3718 sua:
1033 3664 1277 3733 assidet,
1308 3669 1366 3720 et
1395 3665 1463 3719 ad
1515 3664 1840 3720 convivium
1872 3663 2056 3720 vocati

407 3748 671 3820 magistri
694 3749 923 3822 patricii
949 3767 1014 3805 ac
1033 3751 1244 3822 reliqui
1265 3757 1566 3808 senatores
1591 3755 1828 3807 intrant.
1846 3750 2059 3807 Omnes

401 3853 534 3893 vero
547 3840 1208 3907 mutatoria,utmosest,
1225 3846 1382 3896 veste
1397 3841 1696 3907 incedunt,
1717 3841 1946 3914 patricii
1960 3846 2056 3895 tu-

2786 2966 3045 3020 ΚΕΦΑΛ.
3077 2965 3210 3022 ΞΔ’.

2171 3055 2310 3112 ’Ὀσα
2351 3051 2458 3130 ⁸’δεῖ
2511 3053 3015 3130 ’παραφυλαττειη
3056 3060 3157 3130 τῇς
3236 3053 3506 3130 αξτήσεως
3745 3073 3837 3107 τε-

2351 3122 2627 3198 λουμένης
2658 3122 2952 3200 γένεθλίων
2991 3122 3176 3199 ἡμέρᾳ
3211 3129 3308 3180 τοῦ
3351 3122 3650 3200 βασιλέως.

2243 3215 2320 3274 Α’.
2357 3215 2763 3290 Προσέρχονται
2817 3213 3046 3277 ἅπαντες
3099 3215 3150 3269 οἱ
3209 3211 3476 3289 ἄρχοντες
3533 3210 3835 3287 ἠλλαγμέ-

2170 3324 2278 3371 νοι,
2309 3303 2402 3357 καὶ
2446 3300 2662 3357 ’ίσταται
2724 3305 2758 3372 ἡ
2809 3301 3132 3376 προέλευσις
3191 3301 3243 3357 ἐν
3308 3301 3388 3374 τῷ
3439 3303 3834 3372 ’Ῐουστινιανῶ,

2170 3393 2259 3448 xui
2307 3394 2496 3467 τρίτης
2549 3395 2693 3469 ὥρας
2741 3387 3178 3463 καταλαϐούσης,
3231 3397 3536 3467 στοιχεῖται
3573 3391 3638 3446 τὸ
3689 3390 3833 3460 κλη-

2171 3481 2392 3556 τώριον,
2454 3485 2490 3552 ἡ
2545 3480 2604 3537 δὲ
2657 3483 2897 3554 τράπεζα
2949 3479 3170 3536 ’ίσταται
3223 3479 3274 3535 ἐν
3325 3485 3404 3554 τῷ
3453 3481 3824 3549 Ἰουστινιανῷ

2169 3570 2457 3646 τρικλίνῳ.
2491 3571 2592 3628 Καὶ
2653 3569 2929 3646 ἐξέρχεται
2973 3571 3000 3626 ὀ
3036 3569 3294 3646 βασιλεὺς
3351 3563 3823 3644 περιϐεϐλημένος

2171 3654 2496 3730 διϐητήσιον
2561 3661 2902 3737 προφυροῦν,
2961 3658 3052 3714 καὶ
3101 3660 3382 3728 καθέζεται
3441 3654 3531 3712 ἐπὶ
3591 3663 3696 3724 τῆς
3744 3675 3828 3710 τι·

2173 3747 2302 3821 μίας
2341 3749 2509 3804 αὐτοῦ
2555 3749 2852 3821 τραπέζης,
2897 3748 2986 3803 καὶ
3035 3747 3376 3822 εἰσέρχονται
3429 3746 3481 3800 οἱ
3531 3743 3834 3815 κληθέντες

2168 3836 2274 3892 ἀπό
2325 3859 2384 3894 τε
2435 3838 2769 3914 μαγίστρων,
2801 3840 3103 3912 πατρικίων
3161 3838 3250 3892 καὶ
3311 3836 3521 3892 λοιπῶν
3579 3833 3836 3909 συγκληο

404 3925 553 3982 nicis
563 3943 702 3982 auro
717 3929 1270 4001 pmtextis,strategi
1287 3929 1441 4000 sagis
1455 3927 2056 4002 suis,protospatharii

2179 3931 2358 3983 πικῶν.
2393 3929 2662 3991 ’Δπαντες
2711 3925 2766 3983 δὲ
2827 3927 3006 3983 αὐτῶν
3065 3924 3403 4003 εἲσέρχονται
3452 3922 3837 3999 ἠλλαγμένοι,

1776 4027 2016 4085 VARle
2062 4027 2362 4084 LECTION
2372 4029 2468 4084 ES.

480 4108 525 4144 ¹⁸
555 4109 584 4163 6
614 4127 729 4167 om.
761 4113 852 4169 ed.
932 4113 977 4149 ¹⁴
1008 4107 1314 4169 καταλαϐὸν
1355 4114 1447 4171 ed.
1529 4115 1572 4151 ¹⁸
1603 4119 1926 4186 σημεντεῖον
1958 4116 2054 4173 ed.

1440 4213 1649 4270 JOAN.
1695 4213 1838 4270 JAC.
1882 4211 2144 4270 REISKII
2182 4211 2776 4270 COMMENTARIUS.

412 4300 530 4369 (34)
559 4301 825 4376 Probane
865 4302 941 4358 sit
971 4301 1094 4359 haec
1140 4321 1247 4360 vox
1304 4310 1361 4361 et
1417 4305 1555 4376 quid
1618 4304 1927 4376 significet,
1962 4304 2062 4360 alii

413 4375 563 4448 forte
611 4374 846 4448 melius,
889 4391 1061 4448 quam
1112 4392 1240 4448 ego,
1295 4374 1565 4448 dixerint.
1601 4374 1810 4432 Incidit
1867 4385 2059 4448 tamen

413 4444 757 4522 aliquando,
789 4462 861 4500 an
892 4444 1005 4502 non
1039 4444 1264 4520 legfsit
1290 4447 1548 4522 γείτονες,
1579 4449 1780 4522 accola:
1828 4447 1925 4522 vel
1968 4449 2062 4501 in-

412 4516 566 4583 colw,
609 4517 884 4591 Solebant
922 4516 1122 4586 certe;
1152 4516 1314 4574 more
1363 4535 1432 4575 ex
1485 4520 1672 4591 veteri
1726 4518 2058 4591 gentilismo

401 4594 650 4661 retento,
685 4589 850 4644 multi
887 4597 1094 4661 praeter
1124 4591 1344 4646 clerum
1373 4591 1432 4646 in
1463 4590 1712 4661 templis
1734 4589 2056 4659 'habitare,

410 4658 484 4732 ad
514 4661 643 4728 ejus
676 4658 1071 4717 ministerium
1111 4663 1406 4716 destinati.
1440 4661 1509 4718 Et
1556 4658 1706 4732 apud
1759 4658 2057 4716 Muhameé

407 4730 602 4804 denos
649 4733 872 4804 templa
945 4742 1077 4788 sunt
1136 4733 1452 4788 diversoria
1510 4730 1952 4789 dervischorum
2001 4737 2060 4789 et

410 4803 835 4859 mendicorum.

417 4907 433 4948 -_
481 4873 598 4948 (35)
641 4875 699 4929 id
759 4881 851 4948 est
896 4877 1314 4948 segmentinum.
1365 4874 1837 4947 Subintelligitur
1870 4891 2061 4948 pume-

415 4940 682 5023 l-auciama,
715 4947 799 5023 vel
828 4940 1058 5023 “animo
1107 4948 1322 5023 factum
1368 4963 1438 5023 ex
1493 4940 1835 5023 segme'ntis,
1866 4945 1924 5000 id
1969 4951 2059 5002 est

414 5011 620 5085 fasciia
641 5013 830 5085 longis
859 5025 912 5072 et
933 5020 1067 5074 latis
1111 5019 1283 5075 serici
1331 5011 1756 5074 villosi.'Unde
1797 5011 1905 5073 vox
1949 5033 2058 5076 no-

412 5086 538 5136 stra
586 5082 825 5166 §amrﬁet
869 5089 1094 5145 videtur
1140 5105 1370 5166 quoque
1430 5090 1780 5166 provenisse.
1843 5089 1922 5144 De
1969 5106 2056 5144 se-

407 5157 662 5231 gmeptis
691 5157 859 5231 aliter
885 5166 1084 5216 censet
1123 5157 1449 5217 Salmasius
1497 5169 1537 5216 t.
1591 5162 1661 5217 li.
1712 5161 1854 5216 Hist.
1905 5168 2050 5231 Aug.

409 5240 466 5294 p.
500 5224 628 5306 5:70,
661 5227 887 5284 scilicet
915 5248 1045 5287 esse
1061 5250 1203 5288 auro
1228 5239 1504 5306 consutas
1523 5237 1581 5306 et
1595 5238 1901 5306 contextae
1919 5224 2055 5306 oras

402 5301 679 5378 vestium,
715 5307 1041 5378 praetextas,
1075 5304 1451 5378 paragaudia,
1481 5304 1709 5378 frisium
1745 5306 1829 5358 vel
1878 5304 2050 5378 phry-

408 5369 706 5445 gionicum
735 5387 905 5442 opus.
933 5369 1142 5430 Verum
1166 5369 1279 5430 no'n
1303 5369 1656 5445 videturipsi
1681 5369 2055 5430 favere’locus

411 5448 624 5519 noster,
655 5440 714 5495 in
748 5440 866 5512 quo
915 5453 1271 5502 memoratur
1316 5440 1735 5502 camelau'cium
1787 5461 2052 5518 segmen-

408 5513 622 5591 tinum,
658 5528 791 5591 cum
839 5530 1118 5586 purpura,
1162 5534 1327 5588 pura,
1360 5519 1418 5574 id
1469 5523 1559 5573 est
1601 5533 1744 5574 auro
1793 5513 1906 5572 no'n
1960 5519 2052 5591 ian-

408 5581 646 5660 signita,
676 5581 1179 5660 absquesutura-
1207 5581 1382 5644 aurea
1429 5591 1515 5643 vel
1565 5605 1738 5660 opere
1787 5589 2050 5660 phrygio.

408 5650 601 5735 ξίξιοει
627 5650 820 5735 tamen
851 5655 1104 5735 πορφυρα
1142 5675 1256 5735 non
1309 5661 1379 5735 de
1421 5650 1803 5735 camelaucio'
1827 5650 2054 5735 vel_"in-

408 5724 549 5793 fula,
580 5727 682 5782 sed
713 5729 786 5783 de
817 5724 1148 5801 chlamyde,
1181 5732 1227 5785 si
1277 5732 1411 5801 quis
1459 5729 1617 5798 velit,
1666 5731 1871 5803 accipi.
1913 5730 2051 5802 Pag.

2173 4303 2325 4384 l7t,_
2376 4303 2659 4384 habemus
2695 4303 3175 4384 _XP03031SE$V-ta,
3227 4317 3421 4384 ⁸ιιιινέιι
3486 4305 3832 4384 segmenta;

2093 4374 2328 4501 un'od
2386 4375 2558 4430 etiam
2639 4373 2917 4431 adversus
2991 4373 3344 4430 Salmasium
3417 4387 3675 4445 pugnare
3742 4373 3833 4426 vi-

2214 4462 2358 4501 eur.

2214 4454 2358 4503 Ollﬂ'.

2244 4517 2358 4588 (36)
2391 4517 2653 4587 Purpura
2698 4522 2810 4585 est,
2859 4533 2986 4588 qua
3015 4532 3157 4572 auro
3196 4523 3506 4588 argentove
3553 4519 3656 4570 aut
3708 4513 3833 4570 alio

2171 4596 2330 4645 caret
2359 4597 2587 4644 ornatu.

2413 4660 2655 4742 Quando
2715 4668 2920 4742 rogant
2968 4675 3256 4742 proceres.
3293 4661 3352 4714 et
3385 4657 3696 4742 factiones,
3760 4661 3833 4712 ut

2170 4729 2277 4786 sibi
2316 4729 2486 4787 liceat
2514 4746 2710 4786 coram
2741 4729 3093 4802 imperatore
3138 4729 3661 4785 saximodeximum
3714 4744 3830 4802 seu

2168 4803 2494 4874 tripudium
2529 4803 2614 4857 vel
2640 4801 3036 4874 pyrrhicham
3086 4803 3614 4874 celebrare,geoque
3643 4801 3830 4874 modo

2171 4871 2395 4928 natales
2425 4871 2810 4944 imperii'ejus
2840 4876 3134 4929 decorare.
3183 4872 3523 4944 Formulam
3554 4871 3828 4944 rogatio-

2169 4945 2262 5000 nis
2297 4945 2464 5000 habet
2493 4949 2668 5017 caput
2699 4943 2969 5017 sequens.
2998 4945 3143 5017 Huic
3172 4961 3308 5000 vero
3350 4943 3656 5017 inscriptio
3673 4959 3830 5017 Διιοιι

2168 5017 2456 5078 congruit.
2500 5013 2688 5082 Quare
2731 5013 2876 5084 coepi
2925 5017 2998 5072 de
3046 5015 3256 5072 lacuna
3301 5013 3611 5087 suspicari.
3665 5013 3832 5087 Sane

2170 5089 2491 5157 perfectum
2527 5087 2669 5143 nihil
2697 5094 2784 5144 est
2807 5088 2911 5143 hoc
2942 5089 2999 5142 in
3030 5089 3242 5158 capite,
3268 5086 3457 5157 neque
3486 5086 3689 5157 liquet,
3722 5086 3830 5142 cui

2167 5158 2526 5214 solemnitati
2561 5159 2778 5214 faciant
2796 5175 2887 5224 ea.
2911 5175 3057 5230 quie
3079 5159 3356 5230 precipit.
3383 5158 3703 5214 Confirmat
3725 5172 3832 5230 me

2169 5202 3828 5302 ἷᾶ’”ιῖἑι’ὁ’ἱῐὶίιὲἑιῖἓὶ”’άῖἓίίὲζ”ὼέ’ΐρἕὲᾦηέἱῖῗῖἱἿῖθῖ

2165 5303 2336 5371 Atqui
2378 5301 2474 5358 hic
2525 5299 2633 5356 loci
2694 5302 2895 5357 debuit
2951 5302 3172 5357 dictum
3215 5299 3426 5367 fuisse,
3487 5301 3545 5355 in
3608 5301 3827 5368 frusto,

2165 5373 2319 5443 quod
2356 5373 2548 5443 periit,
2580 5372 2749 5438 illud,
2783 5371 3052 5444 quodgibi
3083 5373 3429 5441 diciturjam
3462 5371 3523 5427 in
3554 5371 3831 5440 superio-

2164 5445 2324 5498 ribus
2345 5460 2470 5498 com
2482 5443 2866 5500 memoratum
2889 5443 3088 5513 fuisse,
3107 5449 3165 5500 et
3182 5449 3378 5499 tamen
3401 5457 3694 5513 nusquam
3717 5459 3835 5515 ap-

2165 5525 2322 5585 paret
2337 5515 2488 5570 .Haec
2506 5521 2694 5586 autem
2711 5517 2761 5570 si
2785 5511 3124 5586 coniectura
3147 5515 3473 5586 displiceat,
3497 5511 3670 5586 debet
3681 5511 3836 5583 κλῆ-

2165 5583 2302 5646 σεως
2349 5592 2448 5660 aut
2495 5585 2832 5660 ἀριστήσεως
2874 5583 2978 5642 aut
3034 5583 3322 5646 ἕστιάσεως
3381 5602 3512 5660 βτί)Δ
3545 5583 3831 5654 αἰτήσεως

2164 5658 2390 5730 reponi.
2422 5655 2603 5731 Caput
2643 5659 3099 5731 enimexponit,
3151 5655 3447 5731 quomodo
3498 5655 3644 5728 imp.
3682 5674 3828 5729 pro-

2163 5729 2328 5785 ceres
2357 5729 2620 5786 canvivio
2645 5729 2914 5801 excipiat.
