4134 6380
355 370 469 429 545

1246 369 1347 428 DE
1391 366 1846 429 CERIMONIIS
1889 369 2129 430 AUL/E
2170 370 2645 431 BYZAN'I‘INAE
2687 370 2833 431 LIB.
2881 372 2928 432 Ι.

3656 378 3775 438 346

359 499 540 561 καθὼς
593 494 847 583 εἰθισται,
912 497 965 551 oi
1002 582 1012 583 ί
1045 497 1142 567 μὲν
1207 498 1485 572 πατρίκιοι
1546 498 1612 553 τὰ
1658 494 2048 573 χρυςιόταϐλα¹

2137 518 2196 558 ac
2226 501 2417 557 caateri
2450 501 2705 558 ministri
2747 504 2901 560 162
2936 520 3034 572 pro
3065 521 3171 560 sua
3201 506 3452 579 quisque
3492 510 3780 583 dignitate

366 586 542 642 αὐτῶν
581 582 859 659 χλανίδια,
895 586 946 639 oi
997 582 1054 640 δὲ
1103 588 1401 663 στρατηγοὶ
1436 587 1502 642 τὰ
1532 587 1695 663 σαφία
1723 587 1923 657 αὐτῶν,
1960 587 2019 643 οἷ’

2124 595 2315 646 vestes
2327 595 2621 661 gestantet
2634 592 2693 645 in
2711 592 2972 647 convivio
2989 592 3112 647 etin
3133 598 3455 652 mutatoriie
3468 600 3776 657 consident

371 675 430 731 δὲ
486 676 961 749 πρωτοσπαθάριοι
1018 675 1109 729 καὶ
1167 676 1219 730 oi
1277 675 1465 731 λοιποὶ
1512 676 1801 755 ἄρχοντες,
1832 675 2055 741 ἕκαστος
2114 680 2251 732 κατὰ
2296 678 2358 731 τὸ
2410 675 2553 732 ’ίδιον
2610 678 2843 753 ἀξίωμα,
2868 684 3096 759 φοροῦσι
3154 682 3244 735 καὶ
3294 684 3389 745 τὰς
3422 685 3645 757 στολᾶς,
3677 690 3768 743 καὶ

374 767 675 833 καθέζονται
708 763 761 819 ἐν
795 768 878 835 τῷ
906 763 1207 839 κλητωρίῳ
1236 766 1604 842 ἡλλαγμὲνοι.

438 856 506 912 8⁸.
558 857 661 910 Καὶ
718 854 936 909 πάντων
1002 854 1370 919 καθεσθέντων
1428 860 1535 911 τῶν
1594 856 2012 933 προειρημένων

359 945 644 1017 ἀρχόντων
703 939 754 996 ἐν
815 946 896 1012 τῷ
952 940 1273 1017 κλητωρίῷ,
1324 942 1619 1013 δηλοποιεῖ
1675 946 1703 999 6
1760 945 2013 1020 βασιλεὺς

349 1037 468 1091 τοῖς
502 1030 812 1105 πατρικίοις
845 1028 935 1085 διὰ
970 1035 1069 1085 τοῦ
1099 1038 1201 1101 τῆς
1229 1032 1526 1107 τραπὲζης,
1566 1034 1640 1091 ὡς
1690 1032 1775 1088 ὐτι
1812 1056 1841 1086 ‹‹
1898 1036 2018 1091 Ἐκ-

351 1115 595 1175 ϐαλλετε
629 1120 699 1173 τὰ
736 1116 1004 1194 χλανίδια
1038 1120 1216 1194 ὑμῶν,
1248 1144 1276 1172 »
1321 1121 1411 1176 καὶ
1458 1122 1781 1184 ἀναστάντες
1821 1123 1874 1177 oi
1921 1144 2019 1177 πα-

348 1209 557 1282 τρίκιοι
607 1209 699 1262 καὶ
748 1209 800 1262 οἱ
850 1208 1143 1283 στρατηγοὶ
1197 1209 1595 1284 ὑπερεόχονται
1628 1210 1721 1263 τὸν
1765 1207 2015 1284 βασιλέα,

351 1300 448 1351 καὶ
502 1295 947 1352 ἀπαλλάσσουσιν
1019 1298 1072 1351 oi
1132 1297 1226 1370 μὲν
1287 1298 1568 1373 πατρίκιοι
1634 1300 1701 1353 τὰ
1758 1296 2019 1377 χλανίδια

353 1388 563 1457 αὐτῶν,
616 1388 668 1441 oi
710 1384 767 1442 δὲ
836 1388 1136 1463 στρατηγοὶ
1198 1390 1266 1442 τὰ
1323 1389 1485 1465 σαγία
1532 1388 1736 1457 αὐτῶν,
1768 1387 2021 1461 ἀπολαμ-

352 1472 584 1531 ϐανουσι
615 1473 674 1530 δὲ
703 1477 800 1538 τὰς
831 1475 1009 1531 αὐτῶν
1058 1474 1262 1538 στολὰς
1321 1476 1673 1552 ἐγγιστιάριοι
1738 1474 2019 1551 βασιλικοὶ

353 1568 407 1621 οἱ
440 1564 841 1639 παριστάμενοι
881 1564 933 1619 ἐν
970 1568 1039 1638 τῇ
1078 1566 1229 1619 κάτω
1272 1567 1534 1640 τραπέζῃ,
1565 1567 1655 1620 καὶ
1714 1563 2018 1622 ἐπιδιδοῦσι

352 1656 489 1712 αὐτὰ
518 1661 641 1717 τοῖς
678 1655 979 1729 ὑπουργοῖς
1018 1654 1197 1710 αὐτῶν
1236 1655 1313 1718 είς
1361 1656 1429 1711 τὰ
1476 1655 1667 1712 σκύλα.
1701 1658 1766 1714 Oi
1807 1653 1864 1710 δὲ
1921 1653 2021 1730 ἆρ-

354 1767 551 1823 χοντες
579 1749 680 1801 τοῦ
710 1740 1108 1801 κουόουκλείου
1150 1744 1499 1822 ήλλαγμὲνοι
1531 1746 1680 1809 ὄντες
1736 1744 2018 1802 ἐκτελοῦσι

2198 859 2265 915 ΙΙ.
2317 860 2603 917 Omnibus
2686 867 2883 917 autem
2960 863 3130 920 dictis
3206 867 3542 936 proceribus
3620 872 3779 926 assi-

2126 948 2420 1018 dentibus,
2454 964 2555 1020 per
2596 966 2809 1006 mensae
2857 952 3192 1022 praefectum
3244 953 3562 1025 imperator
3596 960 3784 1029 patri-

2126 1038 2231 1091 ciis
2282 1037 2475 1105 edicit,
2527 1042 2715 1094 vestes
2774 1056 2915 1095 suas
2971 1041 3284 1112 deponant,
3344 1050 3783 1119 surgentesque

2127 1123 2352 1192 patricii
2382 1129 2441 1178 et
2498 1126 2738 1195 strategi
2798 1126 2985 1181 fausta
3040 1126 3385 1198 imperatori
3446 1140 3784 1205 precantur,

2128 1216 2477 1283 mutantque
2508 1213 2738 1284 patricii
2774 1215 3020 1285 tunicas,
3054 1219 3292 1290 strategi
3327 1235 3488 1291 saga,
3526 1238 3779 1293 quorum

2127 1305 2319 1356 vestes
2344 1299 2712 1370 imperatoris
2743 1304 3129 1374 apparitores,
3162 1304 3223 1362 in
3269 1307 3527 1365 inferiori
3565 1327 3780 1367 mensis

2129 1392 2416 1456 astantes,
2449 1395 2714 1459 sumunt,
2747 1399 2800 1445 et
2830 1408 3032 1447 eorum
3056 1392 3294 1451 famulis
3318 1395 3376 1452 in
3402 1397 3573 1469 scylis
3615 1405 3781 1455 stano

2132 1478 2285 1532 libus
2316 1479 2577 1533 tradunt.
2612 1480 2685 1534 At
2732 1480 3002 1535 cubiculo
3048 1483 3324 1553 preteeti,
3348 1493 3571 1543 mutata
3602 1494 3783 1553 veste,

2129 1568 2419 1638 duplicem
2454 1568 2676 1624 faciunt
2704 1585 3070 1638 consessum,
3103 1572 3154 1628 si
3187 1575 3488 1631 Dominica
3519 1576 3614 1633 die
3654 1596 3787 1635 con-

2130 1655 2345 1727 tingit:
2381 1674 2495 1712 non
2525 1659 2681 1713 enim
2734 1674 2800 1713 eo
2848 1658 2942 1713 die
2974 1663 3265 1732 susceptio
3298 1664 3559 1722 solennis
3590 1667 3781 1740 impe-

2130 1745 2339 1800 ratoris
2372 1746 2457 1811 ﬁt,
2488 1754 2543 1802 et
2573 1751 2881 1818 propterea
2910 1748 3104 1803 omnis
3134 1760 3371 1807 senatus
3403 1760 3612 1810 mutat.

359 1834 591 1890 διπλοῦν
651 1834 1096 1908 παραστάσιμον,
1130 1834 1175 1890 εἰ
1220 1836 1365 1910 τύχῃ
1425 1834 1477 1889 ἐν
1537 1840 1815 1912 Κυριακῆς
2024 1833 2089 1889 οὐ
2148 1832 2250 1907 γὰρ
2291 1829 2567 1907 ἐνδέχεται
2620 1834 2790 1907 ταύτῃ
2850 1835 3035 1909 ἡμέρᾳ
3098 1838 3342 1911 γενέσθαι
3414 1838 3651 1917 δὲξιμον,
3685 1844 3779 1899 καὶ

369 1922 456 1978 Eii
485 1927 657 1979 τοῦτο
690 1920 954 1978 ἀλλάσσει
985 1929 1129 1978 πᾶσα
1160 1925 1194 1992 ἡ
1229 1922 1561 1997 σύγκλητος.

978 2014 1237 2070 ΚΕΦΑΛ.
1278 2015 1408 2070 ΞΒ’.

362 2104 508 2160 "Om
609 2099 692 2157 δεῖ
791 2100 1291 2179 παραφυλάττεινῗᾼ
1339 2102 1392 2157 ἐν
1492 2102 1787 2179 παραμονῇ
1921 2102 2025 2175 εξί-

1055 2194 1161 2246 μου
1207 2175 1344 2246 (39).

452 2264 530 2319 Α’.
566 2264 921 2338 Εἱσέρχονται
975 2264 1042 2319 τὰ
1109 2262 1203 2319 δύο
1271 2263 1409 2339 μέρη
1469 2264 1547 2325 εἰς
1604 2264 1667 2318 τὸ
1714 2270 1900 2339 σῖγμα,
1933 2264 2021 2317 καὶ

376 2350 671 2423 αἰτοῦνται,
731 2349 985 2425 λέγοντες
1042 2353 1094 2406 oi
1150 2354 1377 2426 κράκται
1412 2371 1425 2385 ο
1461 2378 1489 2403 ‹‹
1542 2351 1756 2419 Πολλὰ,
1813 2351 2022 2421 πολλὰ,

370 2439 595 2497 πολλὰ·
629 2465 657 2492 ι)
718 2442 747 2494 6
797 2438 933 2501 λαός
963 2460 976 2471 ·
1017 2464 1044 2496 α
1092 2439 1284 2496 Πολλὰ
1333 2436 1424 2512 ἔτη
1490 2441 1563 2502 εἰς
1612 2439 1818 2499 πολλά.
1870 2466 1900 2493 n
1957 2442 2023 2499 Oi

368 2530 638 2603 κράκται·
673 2553 701 2580 ‹‹
736 2527 948 2583 Πολλοὶ
1011 2530 1135 2602 ὑμῖν
1192 2530 1411 2605 χρόνοι,
1459 2530 1521 2584 τὸ
1572 2526 1878 2603 πρόϐλημα
1923 2536 2025 2598 τῆς

367 2617 625 2693 Τριάδος·
661 2643 689 2669 ‹‹
723 2620 943 2695 φθογγεῖ
989 2620 1034 2656 1⁸
1063 2619 1152 2673 καὶ
1183 2621 1211 2674 6
1244 2618 1377 2683 λαὸς
1417 2618 1477 2675 ἐκ
1505 2620 1553 2693 γ’
1578 2639 1590 2651 ·
1628 2616 1835 2675 Πολλοὶ
1894 2619 2020 2691 ὑμῖν

376 2710 600 2781 χρόνοι.
635 2732 663 2759 ii
701 2711 763 2763 Oi
788 2712 1013 2783 κράκται
1050 2729 1063 2743 ·
1101 2734 1129 2762 ‹‹
1155 2709 1363 2766 Πολλοὶ
1413 2711 1540 2782 ὑμῖν
1576 2710 1789 2785 χρόνοι,
1815 2711 1842 2764 6
1876 2706 2025 2763 δεῖνα

385 2795 480 2851 καὶ
510 2796 540 2850 6
572 2794 717 2851 δεῖνα
768 2798 1153 2875 αὖτοιιράτορες
1202 2801 1496 2873 Ῥωμαίων
1524 2820 1537 2833 ο
1587 2822 1616 2851 ››
1668 2801 1894 2876 φθογγεῐ
1931 2798 2023 2853 καὶ

388 2886 418 2939 6
452 2882 588 2947 λαὸς
635 2885 695 2941 ἐκ
728 2887 790 2962 γ’.
814 2912 839 2939 ‹‹
871 2887 1077 2944 Πολλοὶ
1132 2890 1257 2962 ὑμῖν
1322 2888 1532 2963 χρόνοι.
1573 2914 1593 2938 ι
1646 2890 1706 2943 0i
1755 2889 1980 2962 κράκται
2006 2930 2017 2942 .

387 2996 417 3029 ι
448 2973 663 3031 [Ιολλοί
708 2976 829 3047 ὑμῖν
859 2978 1069 3052 χρόνοι,
1111 2980 1163 3034 oi
1214 2978 1536 3053 θεράποντες
1592 2982 1688 3032 τοῦ
1719 2977 1919 3050 Κυρίου
1943 2996 1955 3008 ’
1994 3000 2020 3027 ››

371 3065 608 3141 φθογγεῖ
651 3064 739 3119 καί
797 3067 825 3119 6
866 3063 999 3129 λαὸς
1045 3067 1104 3123 ἐκ
1158 3069 1367 3144 τρίτου·
1403 3092 1429 3119 ‹‹
1466 3064 1677 3121 Πολλοὶ
1723 3066 1849 3139 ὓμῖν
1883 3066 2023 3140 χρό-

367 3174 479 3209 νοι.
524 3176 554 3204 ››
604 3154 672 3210 Oi
730 3154 976 3230 κρᾶκται·
1013 3180 1041 3209 ‹‹
1100 3155 1315 3214 Πολλοὶ
1364 3157 1493 3230 ὑμῖν
1549 3157 1765 3231 χρόνοι,
1800 3157 1828 3209 6
1879 3154 2022 3210 δεῖνα

372 3242 467 3296 καὶ
524 3243 552 3296 6
592 3240 739 3298 δεῖνα
796 3246 1105 3322 Αὖγοῦσται
1161 3251 1269 3301 τῶν
1316 3246 1640 3319 Ῥωμαίων·
1704 3268 1731 3296 ››
1801 3248 2023 3321 φθογγεῖ

376 3331 468 3386 καὶ
520 3332 548 3385 ὁ
586 3330 717 3393 λαὸς
768 3332 828 3388 ἐκ
876 3335 944 3410 γ’·
972 3359 999 3386 ‹‹
1036 3334 1245 3391 Πολλοὶ
1297 3335 1422 3407 ὑμῖν
1480 3334 1696 3409 χρόνοι.
1730 3356 1758 3385 ››
1791 3335 1860 3391 Oi
1889 3332 2022 3406 κρά-

370 3437 515 3475 κται’
552 3446 579 3473 «
602 3422 690 3484 Ὡς
740 3420 936 3478 δοῦλοι
990 3424 1288 3498 τολμῶμεν
1342 3422 1711 3497 παρακαλέσαι
1743 3445 1755 3456 ο
1790 3447 1818 3475 ››

363 3530 450 3585 γει
499 3512 591 3566 καὶ
632 3512 661 3566 6
704 3510 837 3575 λαὸς
885 3512 945 3567 ἐκ
990 3516 1035 3590 γ’
1084 3514 1314 3589 ὁμοίως.
1355 3515 1423 3571 Οἱ
1478 3512 1704 3589 κρᾶκται
1740 3533 1751 3544 °
1787 3536 1817 3565 »
1871 3514 2022 3571 Μετὰ

364 3594 548 3677 φόϐου
605 3597 965 3675 δυσωποῦμεν
1034 3605 1161 3668 τοὺς
1216 3600 1501 3664 δεσπότας
1535 3627 1563 3653 ››
1608 3608 1831 3679 φθογγεῖ
1860 3603 1950 3657 καὶ
1995 3604 2024 3657 6

366 3687 507 3750 λαὸς
538 3686 599 3743 ἐκ
626 3695 673 3765 γ’
711 3690 944 3761 ὁμοίως.
976 3693 1043 3749 Oi
1074 3693 1300 3767 κράκται
1327 3712 1339 3724 ·
1383 3716 1409 3747 α
1437 3693 1791 3765 Ἀνεξικάκως
1851 3712 2026 3767 παρα-

362 3775 709 3850 κλήθητε,ὦ
758 3778 1033 3857 εὐεργέται
1075 3784 1145 3818 ιτ·
1189 3806 1218 3833 η
1263 3782 1291 3836 ὁ
1342 3779 1475 3842 λαὸς
1509 3781 1717 3854 ὁμοίως
1757 3778 1818 3836 ἔκ
1960 3784 2026 3839 Oi

364 3870 625 3939 κράκται·
652 3891 679 3918 ‹‹
713 3866 810 3930 Εἷς
876 3870 977 3938 τήν
1036 3867 1218 3941 δέησιν
1278 3874 1385 3923 τῶν
1441 3866 1656 3924 δούλων
1685 3869 1836 3943 ὑμῶν
1868 3868 2029 3928 Βενέ-

369 3972 503 4009 των
542 3980 569 4007 ι»
631 3957 660 4010 6
710 3954 845 4020 λαὸς
904 3956 963 4012 ἐκ
1013 3966 1059 4036 γ’
1117 3959 1350 4033 ὁμοίως.
1402 3960 1470 4017 Οἱ
1528 3960 1791 4033 κράκται⁶
1827 3982 1852 4013 ι
1912 3961 2026 4029 Τὴν

2055 2026 2104 2092 Β

1858 3400 2027 3502 φθόγ-
2054 3400 2097 3467 C
2138 3426 2340 3483 eadem
2387 3400 2819 3477 ten—Cantores
2866 3436 2880 3475 :

2733 2014 2967 2071 CAPUT
3010 2016 3183 2072 LXII.

2139 2100 2489 2165 Observanda
2530 2101 2715 2172 pridie
2759 2101 3040 2177 eiusdiei,
3080 2119 3189 2174 quo
3217 2105 3524 2177 imperator
3555 2110 3611 2164 in
3645 2111 3784 2168 urbe

2707 2173 3067 2245 excipiendus
3095 2173 3209 2231 'm.

2209 2268 2252 2324 Ι.
2287 2271 2420 2322 Duae
2453 2263 2731 2319 factiones
2759 2262 2949 2335 sigma
2979 2263 3220 2333 intrant,
3254 2273 3309 2321 et
3341 2273 3679 2340 precantur;
3701 2271 3784 2327 di-

2134 2364 2275 2414 cunt
2304 2359 2571 2411 cantores
2603 2368 2617 2406 :
2648 2373 2676 2402 «
2711 2351 2945 2420 Multos,
2977 2352 3213 2421 mullos,
3247 2356 3502 2427 multos;
3543 2381 3571 2409 ››
3598 2377 3783 2432 popu-

2134 2445 2231 2501 lus
2263 2462 2277 2501 :
2312 2466 2339 2493 ‹‹
2365 2442 2577 2499 Multos
2608 2457 2794 2496 annos
2826 2441 2882 2495 in
2917 2441 3157 2497 multos.
3186 2464 3214 2492 »
3245 2444 3560 2503 Cantores:
3587 2448 3782 2505 «Mul-

2135 2540 2192 2590 ta
2237 2533 2403 2589 vobis
2460 2535 2748 2601 tempora,
2808 2529 3085 2585 trinitatis
3148 2536 3693 2605 propugnaculum;
3752 2560 3782 2588 ››

2135 2623 2354 2679 clamat
2403 2627 2457 2675 et
2503 2616 2757 2690 papulus
2788 2622 2872 2673 ter
2908 2634 2920 2671 :
2966 2641 2993 2667 ‹‹
3030 2618 3211 2676 Multa
3240 2623 3407 2678 vobis
3440 2631 3720 2696 tempora.
3756 2648 3787 2675 ››

2136 2736 2164 2763 ‹‹
2195 2713 2473 2769 Cantores
2509 2725 2521 2762 :
2555 2729 2583 2757 «
2617 2706 2800 2763 Multa
2830 2707 2991 2763 vobis
3022 2713 3305 2780 tempora,
3338 2711 3408 2767 N.
3438 2712 3506 2767 N.
3531 2715 3782 2785 impera-

2134 2807 2287 2857 tores
2316 2799 2711 2853 Romanorum
2746 2812 2759 2851 :
2792 2817 2820 2846 ››
2847 2795 3057 2851 clamat
3086 2804 3141 2852 et
3170 2797 3422 2869 populus
3444 2804 3532 2856 ter
3554 2818 3567 2856 :
3589 2803 3782 2859 «Μαι-

2133 2895 2194 2945 ta
2220 2887 2385 2944 vobis
2420 2891 2701 2955 tempora.
2742 2904 2768 2934 ι
2800 2883 3079 2940 Cantores
3109 2900 3124 2940 :
3159 2908 3188 2935 ‹‹
3223 2885 3405 2943 Multa
3437 2890 3598 2946 vobis
3628 2896 3779 2948 tem-

2135 2996 2297 3052 pora,
2356 2974 2555 3031 famuli
2615 2974 2888 3042 Domini;
2946 2996 2974 3024 «
3008 2975 3222 3033 clamat
3266 2982 3325 3034 et
3356 2982 3610 3051 populus
3643 2990 3730 3039 [er
3763 3001 3777 3040 ε

2135 3092 2162 3118 ‹‹
2197 3068 2383 3123 Multa
2412 3064 2572 3120 vobis
2601 3068 2883 3136 tempora.
2916 3085 2947 3113 ››
2984 3067 3259 3122 Cantores
3294 3083 3307 3121 :
3344 3088 3373 3117 α
3398 3068 3582 3126 Multa
3614 3072 3781 3128 vobis

2135 3163 2421 3229 tempora,
2454 3152 2520 3209 N.
2547 3151 2616 3208 N.
2648 3152 2917 3222 Augustas
2949 3153 3381 3227 Romanorum;
3418 3178 3449 3209 »
3485 3158 3703 3217 clamat
3728 3170 3785 3218 et

2137 3244 2391 3319 populus
2419 3248 2507 3299 ter
2538 3259 2551 3299 :
2588 3262 2617 3291 ‹‹
2668 3241 2851 3297 Multa
2881 3241 3045 3298 vobis
3079 3250 3360 3315 tempora.
3395 3268 3423 3296 ››
3455 3248 3729 3306 Cantores
3763 3266 3777 3306 ε

2135 3358 2163 3387 «
2201 3336 2270 3392 Ut
2307 3331 2455 3389 servi
2506 3331 2729 3402 precari
2766 3331 3087 3397 audemus;
3124 3354 3152 3381 »
3182 3333 3401 3391 clamat
3431 3342 3490 3392 et
3528 3338 3780 3410 populus

2933 3442 2962 3471 «
2995 3422 3139 3477 Cum
3182 3422 3389 3480 timore
3418 3428 3778 3497 suspicimus
3844 3436 3853 3461 τ

2134 3513 2446 3581 dominos;
2482 3533 2503 3559 ι
2530 3509 2743 3565 clamat
2770 3514 2829 3565 et
2859 3509 3107 3581 populus
3139 3511 3427 3571 similiter.
3459 3516 3735 3573 Cantores
3761 3534 3776 3574 :

2135 3627 2164 3655 ‹‹
2197 3604 2324 3659 Non
2374 3599 2591 3670 iniuria
2637 3598 3014 3666 invocamini,
3066 3600 3350 3671 beneﬁci;
3386 3624 3415 3653 »
3466 3603 3677 3663 clamat
3724 3612 3785 3664 et

2138 3691 2388 3765 populus
2438 3688 2710 3745 similiter
2752 3688 2941 3743 tribus
2982 3688 3227 3745 vicibus.
3273 3692 3553 3750 Cantores
3586 3711 3599 3749 :
3636 3716 3664 3747 ‹‹
3696 3697 3781 3751 Ad

2136 3796 2335 3855 preces
2357 3793 2657 3835 servorum
2680 3780 3003 3833 vestrorum
3027 3777 3377 3835 Venetorum
3405 3797 3467 3846 ;»
3492 3782 3705 3839 clamat
3725 3789 3789 3841 et

2139 3871 2385 3945 populus
2413 3874 2520 3925 ter.
2554 3867 2869 3923 Cantores:
2906 3890 2931 3917 «
2968 3867 3328 3939 Majestatem
3363 3875 3524 3927 tuam
3569 3874 3779 3930 festum

2139 3962 2293 4017 hunc
2316 3959 2470 4013 diem
2494 3955 2739 4011 utnobis
2760 3956 3054 4011 celebrare
3071 3958 3736 4031 permittat,precamur;
3755 3985 3783 4012 »

1739 4078 1977 4135 VABle
2016 4076 2423 4137 LECTIONES.

447 4166 493 4203 ¹⁶
523 4166 744 4241 φθογγή
777 4168 869 4225 ed.
914 4169 1131 4242 ubique
1160 4170 1400 4244 prabet,
1433 4174 1498 4227 ut
1528 4184 1726 4242 supra.
1806 4167 1848 4203 ¹⁷
1879 4168 1954 4223 ὡς
1986 4167 2162 4244 ιύεργ.
2196 4169 2286 4224 ed.

1418 4279 1622 4335 JOAN.
1662 4278 1811 4335 JAC.
1854 4278 2120 4336 REISKII
2159 4273 2744 4333 COMMENTARIUS.

447 4376 559 4444 (38)
590 4376 686 4431 Sic
718 4376 816 4439 M.,
852 4384 1025 4444 recte,
1058 4395 1125 4436 ex
1179 4394 1337 4435 more
1388 4394 1545 4434 nova:
1595 4378 1841 4433 Crescite.
1892 4377 2020 4433 Vid.

380 4454 509 4501 not.
526 4450 607 4517 ad
643 4464 699 4517 p.
730 4448 855 4503 312.

458 4516 786 4606 (39)]ξὲίᾶξο
814 4523 942 4591 ejus
970 4521 1108 4606 diei,
1142 4522 1242 4606 qui
1271 4520 1612 4606 imperatori
1658 4521 1870 4606 natalis
1920 4520 2028 4606 im-

388 4592 668 4663 perii__est,
698 4596 756 4646 et
783 4608 901 4663 quo
930 4592 1272 4650 solemniter
1299 4593 1664 4649 adorandum
1688 4608 1751 4647 se
1782 4594 1917 4648 dare
1941 4593 2027 4647 fa-

382 4658 1006 4755 fi‘.°'ti‘12§.dF‘i°‘-P°
1035 4666 1129 4755 ίὲίθ
1172 4664 1350 4755 ραιαιί
1403 4664 1655 4755 impetit,
1684 4663 1805 4755 hoe
1838 4665 2030 4755 φώὲ

375 4730 497 4810 agi,
519 4730 859 4810 liqueteA,
892 4737 918 4790 1
956 4735 1114 4810 εγτήν,
1144 4730 1567 4810 αὐτοκρατορίαν
1601 4754 1701 4810 ,σου
1733 4730 2029 4810 αἰτώμεθα

367 4799 651 4929 ἑορτάσαι.
687 4799 897 4889 Videor
929 4799 1070 4892 mihi
1102 4808 1292 4892 hocin
1314 4799 1779 4879 loco-vestigium
1812 4799 2022 4872 tutetis,

368 4892 408 4929 ι
481 4890 664 4929 uuam
698 4877 896 4929 referri
940 4877 1315 4929 cerimoniale
1364 4884 1631 4929 nostrum
1679 4879 1876 4929 debet.
1919 4878 2022 4929 de-

368 4877 447 4931 ad
481 4890 664 4946 quam
698 4877 896 4933 referri
940 4877 1315 4935 cerimoniale
1364 4877 1644 4934 nostrum'
1679 4879 1876 4943 debet,
1919 4878 2026 4932 de-

372 4946 1042 5023 prehendere,‘si_modo
1071 4952 1141 5007 de
1175 4955 1435 5023 tempore
1481 4965 1590 5005 suo
1638 4949 1867 5006 locutus
1918 4950 2025 5004 fuit

372 5022 580 5094 auctor
625 5018 721 5076 hic
767 5020 899 5087 loci,
948 5037 1139 5094 neque
1188 5018 1372 5079 totum
1423 5021 1534 5077 hoc
1563 5026 1739 5092 caput
1769 5036 1901 5094 cum
1932 5036 2026 5076 se-

372 5090 699 5163 quentibus
747 5108 778 5146 e
825 5094 1001 5149 veteri
1041 5090 1420 5151 'cerimoniali
1469 5090 1867 5163 transcripsit,
1928 5096 2027 5147 aut

368 5161 516 5247 anni
550 5169 812 5234 tempora
832 5166 1109 5247 persequi
1140 5165 1344 5247 voluit.
1374 5165 1613 5247 scilicet
1641 5161 2027 5247 exceptionem

374 5233 702 5310 factionum
721 5233 1143 5306 gratulantium
1165 5236 1502 5310 imperatori
1522 5235 1771 5310 natalem
1787 5233 2028 5310 imperii

375 5302 627 5378 collocat
652 5302 857 5362 auctor
884 5312 1021 5364 ante
1042 5302 1285 5365 aureum
1309 5308 1585 5375 circense,
1614 5307 1762 5378 quod
1785 5306 1846 5362 in
1870 5302 2025 5378 diem

380 5375 535 5447 lunas
566 5379 896 5447 proximum
930 5398 964 5434 ιι
998 5379 1305 5438 Dominica
1334 5380 1392 5435 in
1443 5380 1609 5434 Albis
1633 5375 1841 5435 'fuisse
1884 5377 2028 5433 cele-

380 5446 616 5504 bratum
649 5454 896 5506 constat.
930 5450 1095 5508 Unde
1132 5450 1465 5518 concludas,
1516 5449 1683 5506 illum
1715 5451 2027 5519 imperato-

379 5533 526 5605 rem,
555 5520 635 5605 ad.
660 5520 979 5605 quempoc
1008 5529 1196 5605 caput
1231 5523 1517 5605 pertinet,
1553 5521 1871 5605 imperium
1898 5527 2031 5605 ante

374 5590 544 5648 illum
578 5590 736 5649 diem
770 5594 1005 5650 adiisse.
1027 5590 1467 5663 Constantinus,
1492 5590 1703 5650 Leonis
1743 5592 2031 5663 Sapientis

371 5663 710 5751 filius,nille
762 5666 965 5751 nequit
1007 5682 1172 5751 esse;
1226 5662 1595 5751 quippe‘qui
1640 5682 1673 5721 a
1711 5669 1873 5751 patre

396 5743 523 5793 esto
556 5734 932 5794 Pentecostes
960 5734 1181 5811 collega
1210 5734 1404 5794 dictus
1429 5738 1487 5791 et
1514 5734 1851 5794 “coronatus
1900 5734 2028 5790 fuit.

2135 4372 2652 4447 Congruitdigitur
2702 4373 2808 4428 hoc
2837 4373 2926 4447 _in
2972 4373 3423 4432 Constantinum
3455 4377 3783 4447 Juniorem,

2137 4444 2385 4519 Romani
2419 4444 2723 4519 illium,__ut
2752 4444 2851 4519 qui
2884 4461 2998 4519 una
3028 4462 3163 4519 cum
3196 4448 3370 4519 fratre
3400 4448 3633 4517 Basilio,
3678 4444 3784 4519 po-'

2137 4461 2385 4504 Romani
2419 4461 2623 4510 riuum,
2658 4461 2723 4498 ut.
2752 4461 2851 4571 tun
2884 4461 2998 4501 una
3028 4462 3163 4503 cum
3196 4461 3370 4503 iratre
3400 4461 3633 4517 basitio,
3678 4465 3783 4519 po-

2136 4520 2250 4575 tuit
2277 4518 2337 4573 in
2363 4514 2735 4600 _patris,_XY.
2788 4516 2962 4600 nartii
2991 4518 3286 4600 defuncti,
3304 4534 3573 4600 regnum,
3606 4520 3783 4575 adeo-

2137 4607 2253 4664 que
2269 4594 2414 4664 ante
2446 4588 2751 4664 Paschatis
2784 4588 2999 4643 festum
3035 4590 3387 4664 successisse
3415 4592 3784 4664 dici,quam-

2138 4658 2227 4719 vis
2258 4663 2466 4717 fratres
2498 4658 2581 4713 illi
2615 4660 2989 4716 minorennes
3036 4661 3147 4716 sub
3198 4660 3432 4717 duobus
3463 4658 3781 4728 tutoribus,

2061 4705 2105 4770 Ι)
2136 4705 2466 4805 ιὶίῶᾧῑιᾏιῖὸ
2492 4705 2795 4805 regem
2810 4705 3524 4799 ἱὸἆιῖἰέἱέίηῖίὲἔέ,“ἇίὶι“
3535 4705 3786 4790 ξῖἱέιᾶἷιῖἱ

2135 4802 2353 4876 absque
2382 4802 2651 4877 imperio.
2685 4802 2819 4877 Sed,
2846 4807 2908 4857 ut
2937 4804 3075 4867 dixi,
3111 4804 3301 4859 debile
3334 4805 3441 4862 hoc
3472 4822 3786 4877 argumen-

2137 4873 2417 4947 tum—est.
2457 4873 2581 4947 Non
2623 4874 2779 4929 enim
2826 4880 3075 4947 constat,
3109 4881 3402 4931 auctorem
3451 4873 3781 4947 temporum

2138 4948 2276 5005 anni
2309 4945 2519 5002 seriem
2551 4945 2611 4999 in
2637 4947 2974 5001 recensione
3003 4945 3345 5003 hilariorum
3377 4945 3782 5005 factionalium

2139 5025 2195 5076 et
2219 5016 2568 5090 circensium
2602 5018 2769 5087 sequi
2801 5018 3095 5090 voluisse;
3131 5022 3452 5090 praesertim
3484 5036 3617 5077 cum
3648 5036 3781 5076 eum

2134 5092 2259 5163 ipse
2289 5088 2501 5163 turbet,
2536 5096 2933 5163 post_aureum
2967 5088 3231 5163 circense
3251 5107 3498 5147 narrans
3527 5094 3598 5149 de
3618 5108 3776 5148 exce-

2180 5159 2623 5232 tionerhiberna
2670 5159 2729 5232 in
2774 5176 2908 5232 area
2950 5161 3258 5218 triconcbii
3304 5164 3474 5232 facta,
3525 5168 3584 5220 et
3632 5164 3788 5219 inter

2162 5231 2736 5303 achanicum,7quod
2784 5231 2855 5287 XI
2905 5232 3064 5299 Maii,
3098 5232 3271 5289 Urbis
3326 5231 3518 5303 regite,
3579 5234 3783 5303 natali,

2138 5306 2336 5371 (lebat,
2368 5308 2425 5359 et
2454 5301 2565 5369 ipsi
2602 5301 2951 5359 immediate
3005 5306 3349 5361 continuum
3384 5301 3788 5363 Macellarium

2138 5393 2234 5433 seu
2271 5373 2935 5449 Lupercalintergerens
2963 5375 3244 5432 Votorum
3276 5377 3592 5441 ludicrum,
3626 5378 3782 5449 quod

2140 5450 2198 5504 in
2227 5460 2489 5527 mensem
2537 5445 2883 5527 Januarium
2927 5448 3150 5527 incidit.
3204 5449 3423 5527 peinde
3454 5445 3785 5527 potest‘boc

2140 5525 2315 5591 caput
2343 5530 2569 5592 quoque
2598 5516 2669 5570 ad
2718 5516 3127 5592 imperatorem
3169 5519 3426 5591 aliquem
3455 5516 3783 5592 'rsspicere,

2140 5586 2404 5666 quiante
2442 5586 2891 5666 Constantinum
2943 5591 3146 5666 Leonis
3204 5586 3366 5658 viiit,
3396 5598 3455 5647 et
3483 5586 3621 5666 ante
3672 5586 3781 5647 res;

2139 5658 2288 5730 tum,
2320 5661 2406 5739 vel
2440 5659 2568 5739 ipso
2601 5659 2741 5739 l'_es_to
2792 5658 3092 5718 Paschatis
3125 5670 3432 5719 coronatus
3460 5670 3515 5717 et
3544 5662 3787 5733 inaugu-

2142 5740 2303 5792 ratus
2333 5730 2580 5804 imperio
2614 5730 2741 5786 fuit.
