4134 6390
383 449 501 509 561

1256 445 1357 505 DE
1402 443 1868 507 CERIMONIIS
1910 444 2140 506 AULJE
2180 445 2660 507 BYZANTINA'S
2702 447 2854 507 LIB.
2900 445 2951 506 Ι.

3683 444 3804 507 562

389 575 991 662 φωνοῦόλῳ,κάκεῖνος
1030 587 1332 642 συντιθεται
1357 580 1472 653 (65)
1521 577 1612 634 διὰ
1673 584 1773 648 τῆς
1841 578 2030 653 χειρὸς

2148 579 2382 650 annuit,
2416 582 2482 634 ut
2513 595 2690 650 supra
2711 579 2931 635 dictum
2961 581 3070 636 est.
3095 579 3350 637 Peractis
3370 581 3668 646 omnibus,
3692 581 3802 636 im-

394 670 457 726 ἐκ
483 672 531 746 γ’
584 670 700 724 καθ’
747 666 1000 739 ἑκάστην,
1059 667 1136 728 ὡς
1188 665 1446 743 ἀνωτέρω
1487 665 1726 743 εἴρηται,
1769 667 1872 725 Καὶ
1909 665 2037 721 πάν-

395 782 500 817 των
546 757 930 825 τελεσθέντων,
965 755 1245 837 διέρχεται
1319 759 1347 813 6
1410 756 1688 834 βασιλεὺς,
1739 756 2032 833 δηριγευόο

395 871 550 924 μενος
585 850 691 906 ὑπὸ
737 853 848 904 τῶν
897 847 1185 924 ἀρχόντων
1228 853 1327 903 τοῦ
1373 843 1796 917 κουϐουκλείου,
1842 868 2034 922 πατρι-

386 941 514 995 κίων
572 960 633 994 τε
676 939 768 993 καὶ
810 941 1149 1013 στρατηγῶν,
1207 934 1296 992 διὰ
1343 942 1441 992 τοῦ
1484 940 1869 995 Ἰουστινιανοῦ
1914 957 2036 1012 τρι-

381 1029 598 1097 κλίνου,
631 1029 667 1098 ἡ
697 1024 754 1082 δὲ
785 1026 1096 1103 σύγκλητος
1146 1026 1260 1099 ἅμα
1315 1024 1895 1102 σπαθαροκανδιδάτων
1945 1027 2032 1082 κάί

381 1117 701 1194 σπαθαρίων
758 1114 1013 1171 ’ίστανται
1069 1109 1218 1180 ἔνθεν
1275 1116 1512 1184 κάκεῖσε,
1547 1117 1806 1178 ὡσαύτως
1847 1117 1938 1171 καὶ
1971 1118 2034 1171 τὸ

381 1207 534 1282 ἅρμα
701 1205 923 1262 ’ίσταται
949 1205 1001 1276 ἐξ
1044 1204 1329 1280 ἀριστερᾶς
1377 1213 1478 1276 τῆς
1518 1205 1811 1282 ἐξαγούσης
1847 1204 2033 1277 πύλης

382 1295 493 1352 ἀπὸ
520 1300 622 1352 τοῦ
671 1297 1060 1352 ’Ῑουστινιανοῦ
1109 1293 1162 1350 ἐν
1220 1299 1301 1367 τῷ
1343 1292 1649 1367 λαυσιακῷ,
1693 1294 1744 1349 ἐν
1848 1295 1938 1350 καὶ
1967 1296 2030 1350 τὸ

257 1421 272 1434 ο
385 1383 623 1458 σκάμνον
654 1382 874 1438 ἵσταται
923 1388 1019 1438 τοῦ
1066 1381 1486 1458 κουροπαλάτου
1536 1386 1671 1458 (67).
1728 1385 2031 1460 Διερχόμε-

380 1495 478 1537 νος
518 1471 574 1530 δὲ
615 1475 644 1529 6
695 1471 973 1547 βασιλεὺς,
1016 1473 1092 1535 ὡς
1138 1473 1486 1547 προείρηται,
1539 1475 1702 1546 μέσον
1749 1479 1848 1542 τῆς
1896 1494 2030 1549 συγ-

375 1563 616 1634 κλήτου,
647 1563 798 1617 οὗτοι
840 1561 1069 1622 ἅπαντες
1102 1560 1518 1637 ὑπερεύχονται⁸
1563 1585 1591 1613 ‹‹
1637 1561 1736 1624 Εἰς
1781 1560 2031 1626 πολλοὺς

375 1651 471 1707 καὶ
501 1649 737 1726 ἀγαθοὺς
761 1647 1019 1724 χρόνους,
1056 1673 1084 1701 ››
1115 1649 1203 1704 καὶ
1239 1645 1668 1724 δηριγευόμενος
1706 1650 1734 1704 ὁ
1769 1647 2026 1725 βασιλεὺς

380 1741 489 1796 ὑπὸ
551 1741 661 1794 τῶν
704 1737 985 1814 ἀρχόντων
1033 1742 1132 1792 τοῦ
1181 1731 1598 1807 κουϐουκλείου,
1631 1735 1910 1816 διέρχεται
1940 1735 2029 1793 διᾶ

378 1834 480 1886 τοῦ
508 1828 859 1903 τριπέτωνος,
889 1826 979 1882 καὶ
1024 1826 1327 1901 εἰσέρχεται
1359 1825 1410 1881 έν
1441 1831 1521 1899 τῷ
1563 1828 2026 1902 χρυσοτρικλίνῳ,

376 1920 472 1975 καὶ
541 1915 797 1973 εἰσελθὼν
846 1913 1001 1972 ἔνδον
1053 1919 1150 1970 τοῦ
1209 1915 1390 1990 βήλου
1422 1914 1474 1970 ἐν
1520 1919 1589 1989 τῇ
1641 1915 1864 1990 καμάρᾳ
1922 1920 2024 1971 τοῦ

2147 673 2378 740 perator
2429 687 2464 726 a
2510 670 2798 743 praefectis
2837 669 3130 739 cubiculo,
3179 672 3436 741 patriciis
3465 677 3523 728 et
3550 672 3798 728 ducibus

2144 760 2420 830 stipatus,
2452 776 2552 832 per
2578 759 3018 816 Justinianeum
3041 759 3367 816 triclinium
3399 761 3672 829 discedit,
3704 777 3794 816 se-

2145 857 2318 905 natus
2338 853 2534 905 autem
2555 865 2689 905 cum
2711 848 3340 922 spatharocandidatis,
3359 849 3794 922 spathariisque

2143 938 2281 995 hinc
2318 945 2375 995 et
2412 937 2575 994 illinc
2621 944 2830 1008 astant,
2877 937 3095 995 milites
3125 953 3362 1010 quoque
3388 940 3460 994 ad
3493 939 3794 995 sinistram

2141 1035 2320 1101 portae
2347 1045 2378 1086 e
2406 1029 2727 1085 Justiniani
2757 1029 3016 1087 triclinio
3063 1030 3125 1084 in
3156 1028 3485 1085 lausiacum
3525 1029 3795 1086 ducentis

2141 1121 2317 1188 stant,
2341 1119 2442 1174 ubi
2463 1135 2772 1175 scamnum
2793 1117 3147 1190 curopalatze
3170 1122 3280 1175 est.
3302 1118 3668 1188 Imperatori,
3693 1134 3793 1188 per

2141 1207 2398 1263 medium
2430 1216 2724 1273 senatum,
2759 1212 2824 1264 ut
2870 1207 3150 1274 diximus,
3184 1207 3555 1280 digredienti,
3587 1222 3794 1263 omnes

2138 1293 2311 1367 longa
2341 1313 2407 1352 ac
2429 1295 2617 1352 felicia
2646 1303 2911 1369 tempora
2959 1302 3371 1369 apprecantur,
3411 1312 3527 1368 quo
3558 1296 3730 1366 facto,
3758 1313 3793 1352 a

2138 1384 2410 1442 cubiculo
2440 1384 2730 1458 praefectis
2763 1385 3042 1458 stipatus,
3073 1401 3176 1457 per
3202 1385 3549 1456 tripetonem
3581 1385 3653 1441 ad
3684 1401 3790 1440 au-

2137 1489 2304 1530 reum
2369 1473 2693 1530 triclinium
2749 1473 2979 1541 transit,
3065 1473 3376 1546 velumque
3441 1473 3498 1529 in
3559 1488 3791 1531 camera

2137 1563 2194 1619 S.
2227 1562 2517 1620 Theodori
2548 1563 2895 1636 ingreditur,
2957 1563 3058 1618 ubi
3115 1562 3460 1635 propositus
3507 1577 3786 1620 coronam

2135 1653 2210 1708 ab
2241 1653 2368 1724 ejus
2397 1653 2587 1724 capite
2629 1651 2805 1719 tollit,
2851 1653 3158 1709 vestitores
3186 1668 3418 1724 quoque
3448 1669 3481 1709 a
3513 1653 3786 1708 mandato

2134 1742 2384 1814 ingressi
2409 1743 2667 1799 tunicam
2691 1743 2816 1814 ejus
2836 1747 3102 1808 sumunt,
3120 1746 3176 1799 et
3199 1743 3439 1799 abeunt.
3460 1745 3788 1814 Imperator

2135 1833 2316 1899 sedet,
2369 1833 2697 1902 usquedum
2737 1831 2933 1888 omnis
2970 1836 3284 1904 apparatus
3332 1831 3544 1888 deximi
3577 1832 3783 1888 eodem

2136 1921 2329 1987 modo,
2361 1937 2475 1991 quo
2506 1920 2566 1976 in
2601 1920 2858 1993 phialam
2881 1920 3277 1990 Prasinorum,
3299 1920 3358 1976 in
3390 1920 3646 1992 phialam
3681 1921 3782 1978 Ve-

372 2008 531 2083 ἆγίου
562 2005 874 2082 Θεοδώρου,
906 1999 1179 2078 λαμϐάνει
1211 2005 1240 2059 ὁ
1282 2005 1641 2080 πραιπόσιτος
1692 2005 1754 2060 τὸ
1805 2004 2022 2078 στέμμα

2135 2017 2396 2066 notorum
2446 2009 2772 2065 translatus
2818 2018 2926 2079 est,
2972 2025 3114 2065 vasa
3162 2025 3395 2081 nempe,
3443 2014 3682 2066 senatus
3724 2013 3782 2065 et

369 2097 481 2153 ἀπδ
519 2103 621 2166 τῆς
643 2094 889 2172 κεφαλῆς
916 2097 1014 2149 τοῦ
1057 2091 1351 2168 βασιλέως,
1401 2094 1488 2148 καὶ
1551 2093 1652 2157 εἶθ’
1700 2092 1874 2155 οὕτως
1915 2093 2024 2149 εἰσ-υ

370 2186 624 2242 ελθόντες
658 2186 715 2238 οἱ
768 2184 1091 2258 βεστήτορες
1137 2181 1244 2237 ἀπὸ
1298 2180 1621 2251 κελεύσεως,
1675 2177 2019 2255 λαμϐάνουσι

365 2277 472 2345 τήν
503 2270 746 2350 χλανίδα
795 2276 893 2328 τοῦ
945 2269 1216 2348 βασιλέως
1267 2271 1314 2308 ³⁸
1360 2271 1450 2327 καὶ
1497 2271 1830 2351 ἐξέρχονται.
1864 2273 1926 2331 Ὀ
1957 2271 2014 2329 δὲ

369 2363 632 2442 βασιλεὺς
683 2363 988 2432 καθέζεται,
1039 2363 1237 2440 μέχρις
1288 2359 1349 2415 ἂν
1391 2363 1426 2430 ἡ
1478 2363 1789 2433 παρασκευή
1841 2361 2022 2418 ἅπασα

363 2459 464 2511 τοῦ
493 2452 718 2528 δεξίμου
767 2451 1159 2527 ὁμοιοτρόπως
1203 2457 1305 2521 τῆς
1336 2448 1543 2529 φιάλης
1590 2454 1698 2505 τῶν
1737 2450 2018 2526 Πρασίνων

372 2541 611 2618 μετέλθῃ
661 2541 716 2598 ἐν
764 2544 835 2615 τῇ
877 2539 1052 2615 φιάλῃ
1110 2544 1219 2594 τῶν
1277 2539 1510 2596 Βενέτων
1568 2539 1814 2596 τουτέστι
1859 2541 1926 2595 τά
1961 2562 2021 2597 τε

372 2633 538 2702 σκεύη
568 2632 661 2686 καὶ
705 2631 770 2686 τὸ
819 2628 1152 2702 πολίτευμα,
1211 2628 1258 2684 εί
1315 2629 1580 2703 τύχωσιν,
1631 2628 1707 2691 ὡς
1753 2630 2019 2704 προείρη-

380 2741 470 2774 ται
502 2722 637 2793 (68),
663 2722 755 2774 καὶ
783 2711 1039 2792 πρέσϐεις
1075 2717 1267 2790 ἐθνῶν,
1297 2718 1386 2772 καὶ
1421 2717 1523 2781 εἶθ’
1563 2715 1739 2780 οὕτως
1773 2719 1909 2791 μετά
1955 2720 2018 2775 τὸ

2132 2096 2307 2169 legati
2365 2099 2634 2170 gentium
2692 2103 3046 2164 exterarum,
3100 2098 3145 2153 si
3206 2099 3330 2170 qui,
3385 2103 3451 2154 ut
3499 2097 3779 2165 diximus,

2135 2187 2350 2243 adsint.
2386 2188 2480 2244 Sic
2510 2186 2809 2257 omnibus,
2833 2203 3086 2258 quorum
3112 2186 3440 2244 ministerio
3467 2187 3527 2243 in
3549 2186 3780 2242 deximo

2132 2276 2340 2347 phialas
2371 2276 2724 2333 Venetorum
2762 2293 2912 2348 opus
2948 2280 3054 2346 est,
3085 2276 3392 2346 ordinatis,
3425 2276 3780 2334 cerimonia-

2130 2364 2254 2421 rius
2281 2364 2481 2430 intrat,
2513 2371 2830 2438 parataque
2859 2364 3060 2422 omnia
3087 2379 3237 2431 esse,
3269 2366 3595 2438 praeposito,
3629 2382 3779 2438 pree-

2129 2454 2356 2525 positus
2387 2454 2748 2526 imperatori,
2771 2459 2837 2510 ut
2857 2472 2890 2511 a
2911 2454 3319 2512 cerimoniario
3349 2455 3590 2527 accepit,
3623 2471 3781 2512 nun-

2129 2546 2319 2611 tiat,et
2343 2550 2646 2616 postquam
2673 2543 2810 2600 huic
2824 2544 3180 2616 prapositus
3196 2563 3230 2600 a
3248 2545 3522 2602 mandato
3543 2544 3780 2618 signum

2129 2633 2308 2702 dedit,
2336 2633 2660 2690 solemnem
2682 2632 3050 2704 imperatoris
3071 2631 3131 2688 in
3155 2631 3414 2689 lausiaco
3440 2649 3783 2691 consessum

2130 2722 2381 2781 ordinat.

386 2808 588 2869 πάντας
631 2809 1033 2884 εὐτρεπισθῆναι
1088 2809 1216 2871 τοὺς
1277 2805 1582 2882 μέλλοντας
1637 2813 2032 2885 καθυπουργεῖν
2084 2809 2137 2866 ἐν
2193 2815 2273 2880 τῷ
2339 2808 2543 2885 δεξίμῳ
2599 2811 2804 2890 φιάλης
2848 2815 2960 2866 τῶν
3013 2809 3594 2886 βενέτωνμΐσέρχεται
3630 2813 3784 2883 ὁτῆς

384 2898 785 2967 καταστάσεως,
808 2897 894 2953 καὶ
920 2894 1089 2968 δηλοῖ
1132 2902 1214 2970 τῷ
1268 2895 1638 2973 πραιποσίτῳ,
1688 2897 1765 2958 ὡς
1793 2893 1993 2971 ἕτοιμά
2021 2896 2132 2955 ἐστι
2189 2898 2384 2968 πάντα,
2415 2900 2504 2955 καὶ
2537 2903 2564 2955 6
2621 2900 2982 2974 πραιπόσιτος
3015 2896 3280 2972 δηλοῖτῷ
3314 2897 3547 2973 βασιλεῖ,
3581 2902 3615 2954 ἅ
3641 2903 3789 2976 παρά

379 2990 484 3042 τοῦ
513 2992 616 3057 τῆς
635 2987 1002 3050 καταστάσεως
1031 2983 1325 3065 ἐδιδάχθη,
1355 2985 1446 3041 καὶ
1492 2981 1678 3041 λαϐὼν
1726 2989 1897 3060 νεῦμα
1927 2987 1955 3041 ὁ
1999 2994 2102 3058 τῆς
2147 2989 2522 3052 καταστάσεως
2581 2990 2727 3063 παρά
2773 2992 2872 3044 τοῦ
2900 2987 3264 3064 πραιποσίτου
3305 2989 3411 3043 ἀπὸ
3467 2987 3787 3060 κελεύσεως,

374 3071 574 3130 δίδωσι
607 3075 1006 3149 μεταστάσιμον
1035 3075 1090 3130 ἐν
1118 3079 1201 3147 τῶ
1231 3078 1538 3147 Ααυσιακῷ.

447 3165 514 3233 ζ’.
545 3163 647 3221 Καὶ
703 3161 1018 3240 διέρχονται
1071 3164 1125 3220 οἳ
1179 3184 1237 3219 τε
1281 3165 1563 3241 πατρίκιοι
1605 3167 1694 3220 καὶ
1725 3165 2025 3242 στρατηγοὶ

2207 3169 2360 3226 189
2391 3169 2485 3226 VI.
2518 3169 2752 3227 Patricii
2797 3174 2855 3226 et
2896 3169 3140 3242 strategi
3165 3185 3301 3226 cum
3333 3170 3700 3228 senatoribus
3728 3175 3788 3227 et

383 3253 521 3325 μετά
574 3257 677 3309 τῶν
727 3257 1107 3329 συγκλητικῶν
1157 3253 1250 3308 καὶ
1302 3255 1576 3309 ὑπατικῶν
1629 3260 1728 3324 τῆς
1815 3255 2018 3329 θερμά-

2136 3258 2552 3314 consularibus
2613 3274 2716 3329 per
2765 3258 3062 3315 caminum
3111 3257 3379 3331 digressi,
3430 3275 3534 3330 per
3561 3259 3782 3316 scalam

379 3362 544 3418 στρας
574 3346 706 3419 (69),
735 3344 826 3400 καὶ
878 3343 1186 3406 ἀνελθόντες
1235 3344 1304 3398 τά
1342 3341 1642 3420 γραδήλια,
1683 3343 2021 3420 εἰσέρχονται

2129 3347 2472 3416 ascendunt,
2524 3363 2591 3404 ac
2642 3355 2866 3418 portam
2918 3329 3228 3418 canaculi,
3278 3329 3560 3419 indeiper
3586 3364 3783 3406 came-

374 3427 464 3486 διὰ
504 3439 602 3504 τῆς
631 3431 996 3508 διαιταρικίου
1027 3433 1232 3504 πύλης,
1281 3431 1531 3495 ἐλθόντες
1563 3431 1621 3488 δέ
1652 3430 1742 3488 διά
1785 3441 1886 3503 τῆς
1929 3454 2024 3489 κα-

366 3521 546 3598 μάρας
598 3519 902 3598 ἔμπροσθεν
957 3527 1056 3578 τυῦ
1094 3523 1352 3595 πανθέου,
1396 3521 1706 3598 ἐξέρχονται
1764 3519 1855 3578 διὰ
1917 3525 2017 3579 τοῦ

365 3611 676 3687 μονοθύρου
703 3611 755 3668 ἐν
780 3617 860 3686 τῶ
888 3611 1129 3684 ἠλιακῷ,
1160 3610 1251 3667 καὶ
1284 3613 1484 3673 πάντες
1532 3612 1585 3665 οἱ
1623 3612 2021 3686 προειρημένοι

358 3702 421 3758 ἐν
450 3707 532 3776 τῷ
559 3701 782 3775 ἡλιακῷ
834 3701 1079 3759 *ίστανται
1135 3697 1280 3767 ἔνθεν
1347 3701 1566 3757 κάκεῖσε
1621 3702 1728 3757 ἀπὸ
1774 3707 1876 3771 τῆς
1944 3700 2021 3772 ἐξ·

354 3795 606 3868 αγούσης
639 3791 825 3863 πύλης
866 3795 964 3848 τοῦ
1006 3789 1487 3868 χρυσοτρικλίνου,
1517 3790 1570 3845 έν
1624 3795 1706 3863 τῷ
1752 3811 2018 3866 προειρη-

359 3883 515 3957 μένῳ
563 3881 786 3954 ἡλιακῷ
829 3882 994 3958 μέχρι
1043 3885 1141 3937 τοῦ
1186 3879 1580 3954 καμελαυκίου,
1620 3879 1675 3936 ἐν
1737 3882 1782 3953 ᾦ
1829 3881 1919 3936 καὶ
1953 3883 2016 3938 τὸ

352 3972 575 4042 σέντζον
601 3969 842 4030 ἵσταται.
892 3971 954 4029 '0
985 3968 1043 4026 δέ
1084 3968 1340 4046 βασιλεὺς
1398 3969 1657 4034 εἰσελθὼν
1709 3965 2012 4044 ἔμπροσθεν

351 4065 461 4116 τοῦ
496 4059 792 4136 εΐρημένου
828 4058 1032 4135 βήλου,
1062 4053 1454 4134 περιϐάλλεται
1483 4060 1584 4129 τὴν
1634 4056 1877 4137 χλανίδα
1923 4061 2016 4115 αὑ-

353 4153 457 4206 τοῦ
488 4146 577 4204 διά
606 4152 718 4204 τῶν
781 4147 1153 4224 βεστητόρων,
1201 4148 1291 4204 καὶ
1349 4153 1456 4203 τῶν
1493 4143 1845 4223 βεστητόρων
1869 4146 2013 4217 ἐξελ-

349 4238 586 4306 θόντων,
619 4237 801 4316 στέφει
837 4238 866 4292 6
896 4237 1260 4312 πραιπόσιτος
1289 4237 1380 4292 τὸν
1418 4234 1666 4312 βασιλέα,
1715 4236 1806 4291 καὶ
1854 4233 2013 4310 δηρι-

347 4328 651 4404 γευόμενος
678 4327 708 4382 6
743 4324 999 4402 βασιλεὺς
1025 4327 1129 4382 ὑπὸ
1159 4330 1268 4381 τῶν
1300 4327 1599 4401 ἀχχόντων
1626 4329 1725 4380 τοῦ
1775 4321 2012 4380 κουόου-

352 4416 570 4488 κλείου,
628 4416 924 4494 ἀπέρχεται
984 4417 1152 4493 μέχρι
1195 4423 1298 4486 τῆς
1355 4417 1606 4492 καμάρας
1678 4417 1776 4482 τῆς
1843 4412 2012 4485 οὔσης

359 4506 503 4580 πρὸς
547 4505 811 4570 ἀνατολὰς
860 4510 959 4562 τοῦ
1019 4504 1506 4582 χρυσοτρικλίνου,
1556 4503 1805 4561 έστώτων
1860 4499 2006 4559 ἔνθεν

357 4596 582 4650 κάκεῖσε
633 4595 915 4672 ἀρχόντων
965 4599 1062 4651 τοῦ
1103 4590 1524 4652 κουόουκλείουο
1583 4596 1638 4649 αἱ
1697 4591 1754 4650 δὶ
1814 4593 2006 4650 λοιπαὶ

2132 3451 2255 3491 ram
2287 3451 2482 3493 coram
2506 3443 2758 3509 pantheo
2782 3452 2998 3508 perque
3013 3439 3261 3507 januam
3283 3436 3564 3494 solarium
3588 3437 3779 3510 ingre-

2130 3523 2396 3594 diuntur,
2419 3534 2474 3582 et
2498 3525 2556 3581 in
2591 3531 2839 3597 utroque
2862 3527 2992 3597 ejus
3022 3524 3202 3583 latere
3223 3543 3258 3582 a
3287 3529 3451 3598 porta
3482 3527 3642 3584 aurei
3668 3529 3782 3583 tri-

2130 3611 2290 3668 clinii
2356 3614 2430 3670 ad
2506 3614 2728 3671 dictum
2809 3613 3093 3671 solarium
3159 3614 3414 3672 ducente
3464 3631 3646 3686 usque
3702 3618 3777 3673 ad

2127 3702 2572 3769 camelaucium,
2596 3702 2698 3760 ubi
2721 3703 2970 3760 thronus
2991 3704 3213 3775 positus
3228 3711 3336 3773 est,
3359 3709 3571 3761 astant.
3591 3705 3780 3776 Impe-

2127 3798 2284 3848 rator
2302 3791 2378 3847 ad
2397 3791 2618 3849 dictum
2640 3791 2836 3850 velum
2859 3792 3186 3865 ingressus,
3205 3792 3402 3849 tunica
3423 3809 3532 3849 sua
3554 3809 3587 3849 a
3607 3795 3778 3850 vesti-

2123 3881 2350 3938 toribus
2388 3882 2673 3949 induitur,
2733 3881 2946 3952 quibus
3005 3881 3279 3954 egressis,
3341 3883 3690 3954 praepositus
3721 3886 3776 3939 ei

2122 3985 2400 4026 coronam
2422 3970 2690 4043 imponit.
2712 3970 2956 4038 Deinde,
2979 3970 3268 4043 praefectis
3294 3970 3566 4028 cubiculo
3589 3973 3775 4028 comi-

2119 4060 2406 4128 tantibus,
2439 4061 2510 4117 ad
2540 4076 2855 4127 cameram,
2888 4077 3016 4132 qua
3057 4076 3263 4117 versus
3288 4061 3574 4119 orientem
3615 4065 3776 4120 aurei

2119 4147 2358 4206 triclinii
2389 4152 2498 4218 est,
2531 4147 2672 4214 abit,
2705 4149 2994 4220 prefectis
3035 4148 3288 4206 cubiculi
3317 4154 3568 4222 utroque
3596 4150 3655 4206 in
3689 4151 3772 4208 la-

2119 4245 2239 4294 tere
2280 4239 2654 4296 constitutis:
2708 4238 2946 4311 reliquae
2995 4240 3158 4297 aurei
3205 4239 3444 4296 triclinii
3490 4245 3670 4312 porte
3697 4243 3769 4298 ad

2118 4327 2399 4384 solarium
2432 4327 2714 4383 ducentes
2743 4327 2953 4385 clausae
3003 4332 3161 4385 sunt.
3196 4328 3237 4384 E
3266 4327 3497 4385 duobus
3525 4328 3770 4386 cubicu-

2115 4415 2280 4472 lariis
2311 4432 2466 4471 unus
2493 4416 2566 4471 ad
2598 4415 2883 4486 dextram,
2927 4416 3074 4474 alter
3120 4417 3192 4473 ad
3242 4417 3545 4474 sinistram
3588 4421 3766 4487 stant,

2117 4520 2415 4576 unamque
2445 4507 2671 4576 portam
2705 4503 2924 4576 singuli
2954 4509 3175 4572 tenent,
3198 4522 3369 4577 quas,
3402 4505 3568 4577 signo
3607 4507 3765 4577 dato,

2115 4592 2312 4651 statim
2344 4592 2636 4666 aperiunt.
2663 4593 2751 4649 Ab
2773 4592 2866 4650 his
2896 4591 3274 4650 cubiculariis
3308 4593 3560 4666 stipatus
3588 4597 3768 4666 impe-

353 4681 538 4740 πύλαι
591 4690 687 4740 τοῦ
734 4683 1192 4762 χρυσοτρικλίνου
1252 4685 1309 4739 αἱ
1379 4683 1666 4761 ἐξάγουσαι
1735 4685 1872 4758 πρὸς
1934 4683 2042 4769 τὸ]

2129 4691 2291 4750 rator,
2322 4681 2602 4739 solarium
2635 4681 2798 4755 petit,
2832 4685 2891 4738 et
2922 4681 3004 4738 ibi
3034 4682 3098 4739 in
3139 4682 3546 4756 porphyretico
3574 4684 3766 4756 lapide

344 4772 588 4845 ἡλιακόν
647 4773 748 4829 εἶσι
815 4772 1215 4847 κεκλεισμέναι.
1250 4773 1349 4828 Καὶ
1374 4770 1626 4830 Ἱστανται
1684 4769 1780 4828 δύο
1815 4766 2001 4827 x006:-

335 4862 659 4934 κουλάριοι,
723 4865 800 4926 εἷς
841 4861 903 4919 ἐκ
968 4861 1171 4932 δεξιῶν,
1207 4863 1236 4918 ὁ
1276 4859 1333 4918 δὲ
1360 4858 1545 4938 ’ἔτερος
1592 4861 1645 4933 ἐξ
1693 4862 2000 4937 ἀριστερᾶς,

330 4953 678 5030 κατέχοντες
729 4952 828 5008 ὰνὰ
878 4952 1004 5026 μίαν
1063 4949 1274 5022 πύλην,
1333 4948 1595 5014 λαϐόντες
1651 4949 1709 5007 δὲ
1745 4956 1920 5026 νεῦμα
1949 4951 2002 5006 o't

332 5041 501 5100 αὐτοὶ
550 5037 1007 5119 κουϐικουλάριοι
1058 5039 1426 5117 ἔξανοίγουσιν
1485 5041 1649 5105 αὐτᾶς
1690 5041 1861 5120 ἄφνῳ,
1908 5039 2000 5096 καὶ

2110 4775 2262 4830 stat:
2295 4787 2474 4845 ocyus
2505 4771 2734 4841 patricii
2765 4775 2822 4827 et
2841 4771 3076 4843 strategi
3105 4787 3242 4830 cum
3272 4771 3433 4828 omni
3463 4777 3671 4829 senatu
3701 4772 3762 4828 in

2111 4869 2316 4917 terram
2349 4859 2698 4932 procidunt:
2731 4865 2864 4932 post
2909 4862 3072 4934 ipsos
3119 4861 3597 4934 protospatharii,
3627 4879 3762 4935 spa-

2111 4950 2578 5008 tharocandidati
2605 4958 2660 5006 et
2690 4949 2970 5023 spatharii
3009 4955 3193 5020 stant,
3227 4967 3482 5024 quorum
3514 4951 3612 5009 isti
3642 4957 3763 5009 tor-

2112 5055 2260 5112 ques
2287 5042 2347 5095 et
2376 5038 2835 5111 spathobaculos
2865 5056 3028 5109 suos,
3052 5040 3113 5097 hi
3134 5045 3371 5113 torques
3398 5044 3458 5096 et
3487 5042 3762 5116 scutaria,

1699 5141 1942 5200 VABL‘E
1983 5137 2400 5197 LECTIONES.

410 5249 460 5285 ³⁸
491 5245 582 5305 διὰ
609 5251 712 5305 τοῦ
739 5245 929 5324 βασιλ.
962 5249 1053 5306 ed.

1379 5337 1583 5396 JOAN.
1622 5339 1769 5396 JAC.
1810 5335 2102 5394 REISKII.
2143 5333 2746 5394 COMMENTARIUS.

415 5439 528 5511 (65)
571 5437 877 5504 Consentit,
933 5437 1145 5511 annuit
1202 5436 1363 5511 ipsis,
1420 5436 1670 5511 spondet,
1706 5444 1796 5511 Aut
1849 5444 2002 5511 recte

333 5508 520 5567 vertit
541 5513 834 5582 interpres
852 5527 908 5582 p.
929 5509 1070 5582 170;
1103 5508 1334 5582 proprie
1353 5508 1483 5565 sese
1512 5510 1674 5580 ponit
1702 5508 1761 5582 in
1793 5508 1998 5564 eodem

331 5598 478 5640 cum
527 5579 869 5652 ipsis'loco‘
897 5579 1254 5652 voluntatis;
1303 5579 1637 5652 postquam,
1687 5579 1788 5645 ait,
1833 5584 2000 5635 terna

325 5656 410 5714 ad
434 5651 709 5726 singulas
729 5651 1060 5726 rogationes
1081 5668 1290 5726 manus
1311 5651 1435 5726 illa,
1462 5668 1637 5722 quam
1662 5652 1993 5726 p.16li_.B.‘_I.

324 5722 622 5795 diximus,
641 5722 1067 5797 compositione
1085 5725 1453 5797 imperatoris
1473 5722 1778 5781 assensum
1805 5722 1995 5795 signi-

319 5800 362 5856 ﬂ
374 5798 623 5858 caverit.

2204 5433 2295 5508 66)
2329 5433 2402 5508 ῥα
2431 5433 2663 5508 parade,
2683 5433 2902 5508 Milites
2935 5435 2994 5492 in
3024 5434 3205 5491 armis
3235 5437 3418 5508 parati
3448 5439 3666 5494 astant.

2201 5503 2294 5574 67)
2325 5503 2486 5560 Conf.
2522 5521 2576 5574 p.
2612 5507 2734 5561 175.
2769 5504 2867 5561 ubi
2914 5523 3157 5564 scamna
3186 5503 3498 5565 consulum
3528 5508 3588 5565 in
3619 5513 3755 5566 Jus-

2107 5574 2318 5632 tiniani
2354 5574 2582 5632 triclino
2613 5582 3038 5634 memorantur.

2177 5647 2291 5720 (es)
2320 5646 2389 5720 ν.
2423 5647 2579 5720 dicta
2604 5649 2674 5703 ad
2718 5665 2772 5719 p.
2809 5649 2931 5707 161.

2176 5716 2290 5791 (69)
2317 5719 2395 5776 M.
2427 5716 2520 5772 καὶ
2546 5720 2646 5784 τῆς
2677 5716 2861 5793 θέρμη
2892 5722 3048 5792 quod
3088 5720 3360 5778 lacunam
3391 5721 3606 5794 prodit.
