4134 6398
348 437 468 497 563

1367 431 1899 494 OONSTANTINI
1944 429 2260 491 PORPHY
2271 428 2645 490 ROGENITI

3640 429 3763 489 564

352 569 638 643 spatharii
669 568 887 640 pariter
916 568 1175 625 scutaria
1202 575 1258 625 et
1282 569 1568 626 dextralia
1596 573 1849 641 gestant.
1880 570 2000 622 Ma-

2132 563 2549 640 ἲηρίγευόμενος
2585 563 2612 618 6
2684 561 2941 639 βασιλεὺς
2999 563 3100 618 ὑπὸ
3173 568 3283 620 τῶν
3339 563 3760 641 προρῥηθᾶντων

352 660 534 730 gister
555 657 1007 716 cerimoniarum
1041 659 1100 716 in
1133 659 1326 715 medio
1356 674 1581 728 eorum,
1614 658 1714 730 qui
1747 657 1999 728 impera-

355 757 541 804 torem
565 747 882 819 excipiunt,
904 750 1103 813 stat,et
1123 752 1432 819 postquam
1456 764 1662 804 omnes
1683 747 2004 804 adorarunt

355 853 423 894 ac
454 853 660 893 rursus
692 853 1130 904 consurrexere,
1162 839 1511 910 prapositus
1540 855 1573 893 a
1603 836 1879 892 mandato
1911 851 2003 892 ce-

356 925 698 982 rimoniario
727 925 966 999 signum
1001 927 1136 982 dat:
1171 927 1265 982 hic
1296 927 1472 984 dicit:
1508 949 1538 978 (ε
1566 926 1794 982 Jubete.
1834 945 1859 977 ι

2110 654 2394 728 ἀρχόντων
2425 658 2521 710 τοῦ
2552 649 2976 724 κουϐουκλείου,
3017 651 3294 728 ἐξέρχεται
3325 652 3377 709 ἐν
3413 659 3493 728 τῷ
3543 652 3767 728 ἡλιακῷ

2111 744 2199 798 καὶ
2227 742 2444 799 ’ίσταται
2491 743 2543 799 ἐν
2615 747 2700 816 τῷ
2754 747 3024 820 πορφυρῷ
3079 742 3242 816 λίθῳ,
3309 746 3399 800 καὶ
3456 744 3768 820 παραυτίκα

2115 833 2168 888 οἳ
2191 853 2249 887 τε
2278 833 2556 908 πατρίκιοι
2587 832 2675 888 καὶ
2710 833 3010 908 στρατηγοὶ
3039 832 3130 888 καὶ
3170 835 3204 902 ἡ
3255 831 3566 910 σύγκλητος
3622 839 3769 892 πᾶτα

2115 921 2400 990 πίπτουσι,
2441 924 2531 979 καὶ
2582 918 2800 978 ὄπισθεν
2840 921 3018 977 αὐτῶν
3066 920 3317 980 ’ίστανται
3359 924 3772 999 πρωτοσπαθά-

359 1034 491 1089 ριοι,
547 1012 1108 1090 σπαθαροκανδιδάτοι
1155 1017 1247 1070 καὶ
1316 1015 1626 1090 σπαθάριοι,
1688 1016 1741 1070 οἱ
1793 1015 1890 1088 μὲν
1939 1015 2425 1090 πρωτοσπαοάριοι
2493 1013 2785 1088 φοροῦντίς
2843 1013 2909 1067 τὰ
2975 1013 3238 1086 μανιάκια
3308 1014 3512 1086 αὐτῶν,
3574 1015 3773 1089 βαστά-

361 1109 542 1173 ζοντες
626 1105 716 1160 καὶ
774 1105 843 1160 τὰ
891 1103 1270 1160 σπαθοΰάκλια
1321 1106 1523 1176 αὑτῶν,
1584 1105 1635 1160 οἱ
1694 1102 1752 1159 δὲ
1811 1099 2366 1178 σπαθαροκανδιδάτοι
2422 1104 2489 1157 τά
2567 1102 2825 1176 μανιάκια
2906 1102 3102 1171 αὑτῶν,
3185 1103 3511 1178 βαστάζουσι
3570 1101 3628 1159 δὲ
3679 1103 3773 1160 καὶ

359 1198 676 1272 σκουτᾶρια,
726 1196 987 1257 ὡσαύτως
1024 1196 1115 1251 καὶ
1183 1197 1236 1252 οἱ
1293 1197 1586 1272 σπαθάριοι
1646 1195 1940 1268 σκουτάρια
2003 1193 2092 1248 καὶ
2156 1190 2463 1267 διστράλια.
2518 1195 2762 1250 ’Ἱσταται
2817 1189 2876 1248 δὲ
2923 1194 2951 1258 6
3008 1199 3108 1262 τῆς
3155 1195 3535 1258 κασαστάσεως
3563 1194 3643 1256 ἐίς
3672 1197 3775 1266 την

362 1282 534 1357 μέσην
563 1292 666 1356 τῆς
699 1283 897 1361 δοχῆς,
937 1285 1026 1341 καὶ
1072 1282 1163 1355 δή,
1197 1285 1271 1348 ὠς
1327 1285 1675 1361 προείρηται,
1733 1283 2224 1358 προσκυνησάντων
2253 1282 2470 1338 πάντων
2519 1283 2610 1338 καὶ
2644 1281 3008 1353 ἀναστάντων,
3039 1281 3182 1338 νεύει
3213 1283 3242 1338 6
3272 1283 3633 1357 πραιπόσιτος
3663 1283 3774 1340 ἀπὸ

356 1371 661 1436 κελεύσεως
690 1379 770 1447 τῷ
798 1381 899 1444 τῆς
929 1375 1329 1444 καταστάσεως,
1351 1376 1600 1438 κάκεῖνος
1627 1373 1794 1448 λέγει·
1822 1395 1850 1425 (ι
1885 1369 2204 1430 Κελεύσατε.
2228 1395 2258 1425 ››

431 1465 554 1521 VII.
588 1465 820 1522 Patricii
853 1470 910 1522 et
959 1466 1195 1538 strategi
1235 1483 1367 1524 cum
1413 1470 1621 1522 senatu
1650 1470 1708 1522 et
1737 1462 2009 1521 consula-

362 1555 524 1611 ribus
554 1555 793 1622 abeunt,
827 1560 905 1625 et,
938 1563 1001 1612 ut
1030 1555 1308 1624 diximus,
1344 1557 1403 1612 in
1452 1570 1559 1614 sua
1589 1554 1839 1611 statione
1868 1569 2012 1608 con-

363 1644 602 1714 sistunt,
629 1644 1078 1701 cerimoniarius
1115 1661 1250 1700 vero
1298 1643 1683 1701 rhosthelium
1717 1659 1819 1715 pro
1851 1655 2012 1702 more

364 1731 520 1802 facit,
553 1737 609 1790 et
639 1734 973 1806 imperatori
1017 1734 1217 1804 tradit,
1249 1733 1567 1807 statimque
1613 1730 2011 1790 cubicularius

362 1826 683 1894 praecentor
730 1825 1064 1892 fenestram,
1114 1842 1244 1897 quas
1292 1841 1467 1898 super
1511 1824 1788 1897 pectorali
1834 1842 2013 1897 prope

2193 1467 2259 1517 Z'.
2294 1460 2396 1518 Καὶ
2430 1462 2481 1516 οἱ
2515 1461 2625 1534 ζμὶν
2683 1461 2960 1536 πατρίκιοι
3009 1460 3099 1517 καὶ
3141 1462 3443 1539 στρατηγοὶ
3500 1463 3634 1535 μετὰ
3671 1470 3773 1532 τῆς

2127 1550 2444 1625 συγκλήτου
2472 1550 2560 1604 καὶ
2595 1554 2702 1604 τῶν
2737 1549 3012 1606 ὑπατικῶν
3047 1549 3403 1625 ἀπέρχονται,
3453 1551 3541 1606 καὶ
3587 1553 3778 1607 ἳσταν-

2077 1639 2080 1642 ’
2119 1657 2232 1708 ται,
2272 1639 2349 1700 ὡς
2410 1637 2661 1712 ἀνωτέρω
2702 1637 2936 1715 εἴρηται,
2977 1637 3030 1693 ἐν
3093 1643 3163 1713 τῇ
3189 1639 3366 1694 αὑτῶν
3387 1638 3610 1714 ῖστάσεν
3645 1641 3673 1695 6
3717 1638 3776 1696 δὲ

2119 1729 2223 1792 τῆς
2265 1727 2644 1790 καταστάσεως
2682 1728 2914 1798 ποιήσας
2941 1727 3005 1782 τὸ
3046 1727 3366 1802 ῥωσθέλιον,
3399 1729 3474 1792 ὡς
3541 1728 3774 1786 εἷ’Θισται

2125 1814 2294 1887 ατῷύ,
2359 1813 2644 1871 ἐπιδίδωσι
2701 1821 2780 1888 τῷ
2828 1816 3062 1892 βασιλεῖ,
3104 1817 3195 1872 καὶ
3243 1818 3548 1894 παραυτίκα
3586 1819 3615 1874 6
3665 1841 3780 1894 φω-

361 1892 642 1969 thronum
674 1913 785 1971 sub
814 1892 1172 1973 camelaucio
1202 1919 1313 1983 est,
1347 1892 1554 1988 aperit,
1587 1915 1742 1971 unde
1768 1892 2016 1986 impera-

2132 1901 2360 1968 νοϐόλος
2419 1901 2879 1980 κουϐικουλάριος
2943 1904 3182 1984 ἐφαπλοῖ
3234 1892 3776 1984 τὸήπαρακυπτικὸν

363 2005 458 2058 tor
502 2001 783 2073 populum
827 2007 938 2071 ter,
987 2004 1074 2060 uti
1122 2004 1288 2073 solet,
1339 2005 1557 2076 signat,
1590 2008 1648 2061 et
1695 2004 1755 2060 in
1807 2004 2016 2061 throno

367 2091 626 2147 considet
651 2107 665 2148 :
695 2093 1070 2162 demarchus,
1094 2093 1235 2150 dum
1270 2093 1540 2166 pulsatur
1562 2109 1867 2165 organum,
1901 2109 2018 2154 ma-

368 2191 484 2248 gna
529 2192 668 2232 voce
698 2176 982 2234 exclamat
1012 2195 1026 2233 :
1079 2199 1108 2229 «
1139 2183 1400 2236 Sanctus.
1434 2199 1463 2230 ››
1515 2178 1890 2250 Ριιωροεὶιιιε,
1925 2177 2016 2234 si-

369 2281 481 2335 gno
511 2264 584 2320 ab
609 2264 960 2338 imperatore
989 2271 1248 2340 accepto,
1271 2268 1572 2340 prospicit,
1604 2273 1807 2339 terque
1840 2283 2017 2324 manu

370 2355 600 2424 annuit,
634 2371 751 2426 quo
779 2355 952 2423 facto,
984 2358 1140 2413 171)
1170 2372 1455 2429 organum
1497 2356 1652 2428 silet,
1693 2362 1752 2414 et
1797 2357 2019 2430 princi-

371 2459 474 2515 pes
504 2443 773 2504 factionis
803 2445 1090 2502 solemnia
1118 2463 1367 2519 quisque
1398 2451 1699 2518 peragunt.
1724 2449 1861 2504 Post
1889 2447 2017 2503 fau-

373 2537 463 2587 sta
492 2534 690 2589 omina
718 2538 776 2590 et
805 2534 967 2590 laatas
1017 2535 1467 2592 acclamationes
1497 2552 1783 2609 organum
1817 2537 2016 2608 pulsa-

371 2625 502 2690 tur;
529 2625 758 2679 tacente
783 2639 870 2692 eo,
897 2625 1151 2696 populus
1181 2623 1535 2696 apslaticum
1567 2625 1813 2682 orditur.
1843 2625 2018 2681 Porro

372 2712 916 2786 prmpositus,signo
939 2714 1012 2770 ab
1036 2715 1386 2787 imperatore
1409 2715 1565 2782 dato,
1587 2714 2016 2776 cerimoniario.

372 2799 467 2857 hic
498 2808 750 2873 quatuor
794 2799 1128 2860 cemesticis
1175 2819 1576 2875 numerorum,
1629 2809 1695 2864 ut
1745 2820 1873 2862 mos
1911 2811 2020 2874 est,

373 2891 605 2961 annuit,
637 2891 738 2963 qui
770 2891 831 2947 in
863 2891 1120 2964 phialam
1155 2893 1541 2963 descendunt,
1568 2893 1746 2966 inque
1787 2909 1895 2950 suo
1926 2909 2022 2949 or-

375 2979 512 3036 dine
539 2983 891 3037 consistunt.
926 2982 1135 3038 Finitis
1167 2981 1491 3054 apelaticis,
1517 2999 1803 3055 organum
1837 2990 2017 3039 sonat.

373 3084 556 3139 eoque
584 3074 868 3142 cessante,
903 3072 1228 3128 factionarii
1268 3071 1570 3129 tetralecta
1601 3076 1661 3129 et
1688 3071 2024 3146 augustalia

373 3159 646 3225 recitent,
677 3160 933 3231 posthac
955 3162 1134 3217 iidem
1162 3177 1300 3218 voce
1331 3167 1573 3218 canunt.
1596 3163 1853 3227 Quorum
1886 3178 2019 3218 cum

2126 1994 2353 2070 ’ὺπερθεν
2394 1999 2492 2050 τοῦ
2519 1993 2672 2059 ὄντος
2703 1996 2808 2051 ὑπὸ
2837 1999 2934 2050 τοῦ
2964 1993 3340 2069 καμελαυκίου
3389 2001 3501 2072 (70)
3545 1999 3779 2069 στηθὲου

2126 2078 2432 2158 ἔμπροσθεν
2471 2088 2569 2139 τοῦ
2613 2086 2858 2155 σὲντζου,
2915 2087 3007 2140 καὶ
3063 2087 3488 2164 κατασφραγίζει
3555 2089 3584 2142 6
3631 2089 3782 2163 βασι-

2128 2172 2254 2234 λεὺς
2283 2173 2375 2228 τὸν
2402 2172 2534 2228 λαδν
2574 2171 2634 2229 ὖκ
2661 2174 2869 2250 τρίτου,
2916 2175 2990 2237 ὡς
3035 2174 3259 2230 εἴθισται
3301 2176 3473 2249 αὐτῷ,
3504 2177 3595 2232 καὶ
3653 2189 3783 2242 καθ-

2129 2260 2301 2331 ἐζεται
2346 2260 2434 2318 ἔπὶ
2482 2261 2578 2318 τοῦ
2629 2266 2866 2332 σέντζου,
2926 2263 3017 2318 καὶ
3062 2263 3258 2327 εὐθέως
3350 2267 3377 2320 6
3464 2263 3780 2344 δήμαρχος,

2129 2350 2429 2412 αὐλοῦντος
2486 2355 2575 2406 καὶ
2622 2357 2720 2407 τοῦ
2770 2351 3025 2429 ὀργάνου,
3058 2354 3346 2428 ἀνακράζει
3382 2354 3638 2432 μεγάλως
3693 2358 3778 2427 τὸ,

2133 2465 2162 2493 ‹‹
2202 2443 2418 2515 ὛΑγιος.
2467 2465 2495 2492 ››
2530 2437 2724 2504 Λαϐὼν
2757 2440 2815 2497 δὲ
2843 2445 3018 2514 νεῦμα
3055 2443 3084 2496 6
3115 2440 3477 2517 πραιπόσιτος
3506 2447 3652 2520 παρά
3677 2451 3778 2500 τοῦ

2135 2528 2404 2604 βασιλέως
2459 2531 2549 2584 καὶ
2617 2531 2963 2606 παρακύψας,
3018 2531 3156 2590 νεύει
3209 2530 3298 2587 διὰ
3336 2540 3432 2603 τῆς
3479 2534 3662 2608 χειρὸς
3710 2531 3774 2590 ἐκ

2131 2619 2344 2688 τρίτου,
2374 2617 2464 2673 καὶ
2513 2621 2671 2674 παύει
2720 2619 2784 2676 τὸ
2824 2614 3075 2694 ὄργανον.
3109 2618 3416 2682 Παύσαντος
3456 2618 3512 2675 δὲ
3546 2625 3645 2675 τοῦ
3675 2620 3772 2693 ὀρ-

2129 2709 2316 2784 γάνου,
2350 2712 2616 2784 ἄρχονται
2651 2710 2702 2765 οἱ
2762 2713 2858 2764 τοῦ
2900 2710 3100 2785 μέρους
3153 2708 3394 2766 ἐκτελεῖν
3447 2712 3513 2766 τὰ
3567 2713 3778 2782 συνήθη

2132 2799 2360 2856 ἅπαντα.
2402 2799 2844 2876 Εὗφημήσαντος
2887 2795 2943 2854 δὲ
3001 2802 3098 2854 τοῦ
3149 2801 3352 2875 μερους
3400 2799 3492 2856 καὶ
3536 2799 3786 2876 ἐκφωνήο

2134 2909 2347 2957 σαντος,
2397 2888 2557 2944 αὐλεῖ
2595 2887 2659 2944 τὸ
2690 2889 2944 2964 ὐργανον,
2993 2889 3085 2942 καὶ
3125 2887 3425 2953 παύσαντος
3465 2888 3656 2959 αὐτοῦ,
3689 2889 3788 2967 ἄρ-

2135 2997 2293 3053 χεται
2323 2975 2553 3050 ὁδῆμος
2596 2977 2688 3032 τὸν
2718 2976 3067 3036 ἀπελατικόν.
3113 2976 3218 3035 Καὶ
3261 2977 3462 3042 εύθὲως
3514 2975 3792 3052 λαμϐάνει

2132 3071 2301 3141 νεῦμα
2367 3069 2394 3121 6
2453 3065 2815 3141 πραιπόσιτος
2869 3067 3015 3141 παρά
3043 3069 3140 3122 τοῦ
3191 3067 3485 3142 βασιλέως,
3518 3070 3610 3124 καὶ
3643 3073 3788 3126 νεύει

2133 3159 2212 3227 τῷ
2259 3162 2360 3225 τῆς
2413 3156 2816 3226 καταστάσεως,
2855 3155 3106 3218 κάκεῖνος
3164 3159 3294 3232 ίτοῖς
3359 3159 3614 3234 τὲσσάρσι
3674 3164 3791 3233 (71)

375 3247 503 3304 ﬁeri
532 3247 767 3306 initium
802 3249 995 3316 debet,
1040 3250 1482 3307 cerimoniarius
1528 3267 1562 3308 ιι
1601 3251 1911 3323 ριιωροεὶιο
1943 3251 2019 3306 si-

2135 3243 2481 3319 δομεστίκοις
2507 3251 2618 3300 τῶν
2672 3247 2988 3320 ταγμάτων,
3039 3247 3113 3308 ὡς
3161 3247 3296 3302 κατά
3349 3251 3656 3322 συνήθειαν,
3699 3252 3790 3307 καὶ

376 3350 561 3406 gnum
592 3336 806 3408 accipit
859 3345 913 3392 et
971 3337 1309 3394 consulares
1365 3339 1662 3405 admonet,
1720 3339 1836 3411 ipsi
1891 3353 2024 3394 vero

377 3422 594 3480 abeunt
630 3425 702 3480 ad
733 3441 979 3482 aureum
1009 3426 1356 3498 triclinium,
1386 3427 1488 3483 ubi
1517 3427 1724 3484 ordine
1748 3443 1858 3484 suo
1887 3443 2026 3484 con-

381 3513 616 3570 sistunt.
665 3518 806 3572 Post
852 3519 1092 3573 cantum
1142 3518 1460 3588 imperator
1496 3517 1706 3590 surgit,
1737 3533 2026 3591 organum

383 3603 676 3677 pulsatur,
706 3605 1020 3678 imperator
1074 3622 1224 3677 pone
1278 3606 1581 3674 thronum,
1627 3607 1666 3663 'a
1706 3611 1867 3680 tergo
1898 3609 2027 3679 ejus

383 3695 641 3753 eunuchi
690 3695 1138 3769 protospatbarii
1170 3695 1231 3751 in
1277 3697 1630 3765 mutatoriis,
1662 3701 1800 3754 ante
1829 3698 2025 3769 ipsum

371 3786 627 3858 praefecti
659 3785 928 3843 cubiculo
949 3785 1022 3843 ab
1043 3790 1292 3858 utroque
1314 3785 1493 3842 latere
1520 3802 1654 3842 cum
1689 3787 1951 3858 patriciis
1971 3791 2030 3844 et

372 3877 648 3950 strategis
669 3878 737 3934 ad
767 3880 996 3948 portam
1021 3892 1210 3949 usque
1230 3876 1289 3932 in
1311 3891 1557 3935 aureum
1582 3876 1903 3934 triclinium
1927 3878 2030 3933 du-

372 3970 599 4023 centem
622 3962 801 4022 stant.
830 3965 1202 4038 Prapositus,
1217 3967 1386 4039 signo
1404 3965 1477 4023 ab
1496 3965 1848 4038 imperatore
1869 3982 2029 4024 acce-

368 4053 919 4127 pto,cubicularium
935 4058 1349 4127 praecentorem
1370 4055 1644 4122 monet,is
1665 4055 2028 4128 prospiciens

367 4152 456 4201 ter
485 4159 663 4200 manu
694 4143 910 4216 populo
941 4143 1171 4213 annuit,
1202 4159 1542 4217 organoque
1571 4139 1631 4201 et
1665 4145 2028 4202 factionariis

369 4233 704 4302 silentibus,
737 4232 958 4306 precari
989 4233 1236 4306 incipit:
1283 4255 1312 4283 ‹‹
1346 4233 1734 4307 Omnipotens
1778 4239 1836 4292 et
1864 4233 2030 4292 dives

368 4323 774 4381 misericordia
816 4322 991 4390 Deus,
1041 4326 1153 4380 etc.
1206 4344 1237 4374 »
1288 4324 1412 4389 Quo
1467 4323 1656 4395 ﬁnito,
1699 4323 2028 4380 factionarii

370 4417 622 4486 quatuor
651 4411 947 4470 solemnes
977 4411 1288 4485 petitiones
1323 4412 1662 4481 instituunt,
1684 4428 1933 4485 quarum
1963 4419 2030 4470 ut

371 4507 507 4563 data
536 4504 707 4578 copia
735 4511 844 4573 est,
868 4503 1186 4575 imperator
1216 4504 1554 4576 praeposito,
1572 4503 1667 4560 hic
1686 4505 2028 4576 praesentari

2136 3333 2484 3401 κατελθόντες
2531 3333 2779 3400 ’ίστανται
2823 3337 2972 3391 κάτω
3020 3334 3074 3391 ἒν
3118 3340 3187 3410 τῇ
3245 3335 3415 3411 φιάλῃ
3451 3337 3515 3411 ,ἐν
3543 3343 3611 3412 τῇ
3645 3341 3788 3410 τάξει

2135 3424 2333 3483 αὐτῶν.
2400 3423 2770 3482 Τελεσθέντων
2841 3422 2899 3480 δὲ
2944 3429 3052 3482 τῶν
3114 3425 3478 3496 ἀπελατικῶν,
3528 3426 3686 3482 αὐλεῖ
3720 3429 3783 3482 τὸ

2137 3509 2392 3591 ἕργανον,
2424 3514 2514 3569 καὶ
2561 3520 2866 3576 παύσαντος
2920 3513 3107 3585 αὐτοῦ,
3161 3513 3412 3592 λέγουσιν
3460 3517 3509 3570 οἱ
3545 3519 3640 3570 τοῦ
3688 3514 3779 3589 μίτ

2139 3623 2268 3679 ρους
2328 3604 2398 3670 τὰ
2451 3602 2786 3680 τετράλεκτα
2825 3603 3272 3681 ἀκτολογοῦντες,
3333 3605 3554 3683 λέγουσι
3592 3602 3648 3660 δὲ
3688 3606 3780 3660 καὶ

2137 3694 2528 3770 αὖγουστιακὰ,
2587 3692 2929 3748 καὶτούτων
2974 3692 3352 3762 τελεσθέντων,
3413 3693 3674 3770 ἄρχονται
3733 3695 3786 3750 οἱ

2136 3783 2294 3838 αὐτοὶ
2324 3789 2424 3852 τῆν
2457 3783 2665 3861 φωνήν.
2697 3782 2894 3839 Ἦνίκα
2941 3779 2999 3838 δὲ
3027 3782 3275 3858 ἄρξηται,
3309 3779 3578 3856 λαμϐάνει
3615 3787 3791 3856 νεῦμα

2137 3873 2166 3926 6
2205 3873 2304 3940 τῆς
2338 3871 2718 3933 καταστάσεως
2753 3870 2900 3945 παρᾶ
2934 3875 3034 3926 τοῦ
3073 3873 3459 3946 πραιποσίτου,
3507 3873 3598 3940 καὶ
3647 3873 3790 3939 νεύει

2136 3967 2254 4026 τοῖς
2284 3963 2592 4031 ὑπατικοῖς,
2632 3959 2787 4018 αὒτοὶ
2849 3959 2907 4017 δὲ
2954 3960 3307 4034 ἀπελθόντες,
3340 3962 3683 4040 εἰσέρχονται
3733 3963 3788 4020 ἰν

2135 4055 2215 4124 τῷ
2255 4050 2720 4127 χρυσοτρικλίνῳ,
2742 4052 2834 4106 καὶ
2873 4049 3123 4107 ἵστανται
3152 4050 3326 4108 ἐκεῖσε
3355 4052 3407 4108 ἐν
3438 4058 3562 4119 ταῖς
3609 4052 3790 4108 αὐτῶν

2134 4140 2332 4213 τάξεσι·
2365 4139 2711 4211 τελεσθείσης
2743 4139 2801 4196 δὲ
2844 4147 2947 4211 τῆς
3002 4147 3212 4220 φωνῆς,
3266 4140 3545 4202 ἀνίσταται
3604 4144 3632 4197 6
3686 4143 3792 4218 βα-

2139 4229 2341 4298 σιλεὺς,
2363 4229 2455 4284 καὶ
2513 4226 2671 4284 αὐλεῖ
2704 4229 2766 4284 τὸ
2818 4224 3073 4306 ὄργανον,
3103 4231 3196 4284 καὶ
3221 4227 3438 4285 ἵσταται
3468 4231 3496 4286 6
3533 4229 3792 4305 βασιλεὺς

2139 4322 2354 4375 οπισθεν
2393 4321 2491 4374 τοῦ
2550 4318 2791 4389 σίιντζου,
2839 4319 2930 4373 καὶ
2981 4318 3158 4374 ὀπίσω
3198 4319 3366 4374 αὐτοῦ
3416 4317 3666 4376 ἵστανται
3704 4320 3794 4388 εὖτ

2136 4413 2335 4484 νοῦχοι
2392 4407 2881 4483 πρωτοσπαθάριοι
2930 4405 3296 4484 ἡλλαγμένοι,
3337 4408 3427 4470 καὶ
3484 4405 3790 4484 ἔμπροσθεν

2138 4497 2575 4556 αὐτοῦ’ίστανται
2615 4497 2889 4575 ἄρχοντες
2919 4503 3017 4554 τοῦ
3073 4495 3472 4566 κουϐουκλείου
3517 4495 3664 4565 ἔνθεν
3723 4501 3797 4556 κά

368 4596 597 4663 annuit,
629 4596 680 4652 is
710 4611 888 4652 manu
921 4599 1009 4650 ter
1036 4595 1264 4664 annuit,
1295 4594 1469 4664 idque
1500 4594 1571 4650 ad
1603 4593 1868 4665 singulas
1897 4609 2019 4666 pre-

2143 4595 2292 4646 κεῖσε
2351 4590 2488 4663 μετά
2518 4587 2822 4662 πατρικίων
2865 4609 2926 4644 τε
2979 4589 3070 4644 καὶ
3131 4594 3450 4665 στρατηγῶν
3496 4588 3662 4664 μέχρι
3691 4597 3796 4659 τῆς

367 4686 645 4753 sationes,
680 4689 747 4741 ut
771 4699 950 4756 supra
978 4683 1258 4753 diximus,
1291 4683 1520 4756 repetit.

2139 4679 2463 4756 είσαγούσης
2493 4677 2679 4750 πύλης
2718 4680 2771 4734 ἓν
2819 4683 2900 4751 τῷ
2930 4677 3398 4758 χρυσοτρικλίνῳ.
3453 4679 3560 4735 Καὶ
3604 4674 3793 4735 λαϐὼν

363 4778 534 4847 νεῦμα
583 4775 612 4828 6
657 4771 1020 4847 πραιπόσιτος
1057 4771 1204 4847 παρά
1259 4775 1357 4826 τοῦ
1423 4761 1731 4846 βασιλέως,
1792 4767 1984 4826 δίδωσι
2051 4775 2226 4845 νεῦμα
2291 4763 2743 4844 κουόικουλαρίῳ
2796 4773 2878 4840 τῷ
2935 4763 3268 4847 φωνοϐὀλῳ,
3344 4767 3592 4830 κάκεῖνος
3673 4789 3792 4823 πα·-

369 4863 632 4936 ρακύψας,
699 4863 840 4918 νεύει
898 4861 959 4916 ἐκ
1009 4860 1196 4936 τρίτου
1252 4865 1331 4932 τῷ
1388 4859 1510 4934 λαῷ
1549 4857 1638 4915 διὰ
1685 4867 1787 4930 τῆς
1843 4862 2054 4936 χειρὸς,
2113 4860 2206 4916 καὶ
2254 4857 2412 4914 παύει
2469 4859 2532 4914 τὸ
2593 4855 2966 4932 ὅργανον,σὺν
3001 4855 3147 4929 αύτῷ
3195 4857 3287 4912 καὶ
3342 4859 3397 4913 οἱ
3434 4861 3534 4912 τοῦ
3568 4859 3792 4934 μέρους,

367 4951 458 5003 καὶ
526 4951 555 5003 6
601 4948 921 5028 φωνοϐόλος
961 4949 1136 5027 λέγει·
1197 4971 1227 5003 ιι
1286 4952 1350 5008 Ὀ
1409 4947 1824 5025 παντοδύναμος
1881 4951 1973 5007 καὶ
2039 4948 2347 5011 πολυὲλεος
2395 4948 2550 5019 Θεὸς,
2603 4970 2632 4999 ››
2663 4965 2751 5002 και
2779 4947 2847 5002 τὰ
2893 4947 3039 5016 ἑξῆς.
3074 4947 3177 5004 Καὶ
3233 4946 3555 5013 τελὲσαντος
3599 4945 3794 5016 αὐτοῦ,

371 5039 637 5114 ἄρχονται
686 5040 738 5092 οἱ
785 5044 882 5095 τοῦ
943 5041 1141 5115 μέρους
1172 5040 1463 5111 Ϊαίτεῖσθαι
1517 5041 1615 5102 τὰς
1659 5043 1909 5112 συνήθεις
1967 5040 2228 5115 τέσσαρας
2299 5037 2568 5109 αῗτήσεις,
2625 5038 2719 5092 καὶ
2775 5036 2986 5092 τούτων
3025 5035 3193 5112 πέρας
3260 5035 3594 5114 εἰληφότων,
3650 5038 3793 5107 νεύει

367 5131 394 5183 6
431 5125 684 5203 βασιλεὺς
714 5134 794 5201 τῷ
820 5133 1218 5206 ,πραιποσίτῳ,
1258 5131 1507 5194 κάκεῖνος
1563 5136 1643 5205 τῷ
1691 5129 2026 5208 φωνοὸόλῷ,
2085 5132 2333 5190 κάκεῖνος
2393 5128 2700 5184 συντίθεται
2742 5125 2833 5183 διὰ
2880 5134 2979 5198 τῆς
3039 5128 3248 5204 χειρὸς,
3283 5126 3342 5182 ἐκ
3395 5127 3580 5203 τρίτου
3626 5132 3793 5184 τοῦτο

365 5216 567 5274 τελεῶν
595 5219 714 5272 καθ’
744 5220 973 5291 ἑκάστην
999 5219 1236 5293 αἶ’τησιν,
1267 5225 1340 5284 ὡς
1373 5221 1628 5297 ἀνωτέρω
1660 5220 1898 5298 εἷ’ρηται.

1398 5325 1602 5382 JOAN.
1634 5325 1782 5382 JAC.
1823 5324 2076 5380 REISKII
2117 5319 2705 5383 COMMENTARIUS.

437 5427 548 5500 (70)
611 5426 764 5505 Dicit
818 5427 915 5484 hic
969 5432 1194 5505 auctor,
1254 5431 1545 5505 pectorale
1596 5435 1699 5488 aut
1726 5430 2016 5505 cancellos

364 5499 668 5576 mmniani,
691 5500 951 5576 adeoque
973 5499 1329 5576 mrsnianum
1353 5501 1573 5576 ipsum,
1597 5519 1628 5560 e
1650 5520 1765 5576 quo
1790 5503 2016 5576 prospi-

362 5572 708 5648 ciebaturln
741 5571 981 5648 circum,
1005 5572 1188 5648 fuisse
1209 5574 1320 5629 sub
1350 5571 1725 5648 camelaucio.
1767 5571 2017 5648 Apparet

361 5648 593 5718 tegmen
634 5643 805 5718 illud,
847 5643 1140 5718 maeniana
1190 5649 1622 5718 superpositum
1667 5643 2016 5718 (umbellam

364 5713 466 5772 au't
498 5713 821 5776 meniscum
842 5714 1145 5788 appelles),
1169 5717 1319 5788 quod
1344 5713 1602 5787 pluviam
1625 5713 1922 5786 solemque
1943 5716 2014 5772 ab

365 5805 432 5844 eo
463 5793 702 5857 arceret,
738 5787 936 5845 fuisse
960 5787 1385 5842 camelaucium
1438 5797 1740 5859 propterea
1767 5789 2014 5859 dictum,

2127 5429 2280 5501 quod
2317 5430 2393 5484 ita
2421 5429 2780 5486 mmniannm
2811 5429 3052 5501 tegeret,
3073 5430 3138 5482 ut
3155 5427 3577 5501 camslaucium
3607 5436 3789 5497 caput

2125 5498 2306 5572 tegit;
2358 5501 2681 5571 praesertim
2722 5501 2769 5554 si
2820 5498 3062 5554 haberet
3099 5507 3194 5555 aut
3242 5499 3652 5567 orbicularem,
3684 5508 3790 5556 aut

2127 5574 2385 5629 conicam
2421 5573 2694 5644 figuram.

2197 5646 2312 5716 (71)
2347 5641 2522 5716 Erant
2564 5643 2718 5716 enim
2761 5644 3014 5716 quatuor
3047 5646 3332 5716 ~tagmata,
3375 5658 3620 5716 quorum
3656 5641 3785 5697 sin-

2197 5659 2312 5716 (n)
2347 5659 2522 5700 iurant
2564 5659 2718 5698 enim
2761 5659 3014 5711 quatuor
3057 5659 3110 5698 ta
3159 5659 3332 5709 mata,
3375 5659 3620 5714 quorum
3656 5659 3784 5697 sin-

2127 5716 2268 5786 gula
2296 5715 2558 5785 singulos
2590 5712 2944 5770 domesticos
2967 5659 3301 5786 habegant:
3335 5715 3569 5779 scholar,
3603 5729 3784 5769 excu-

2126 5783 2365 5857 bitores,
2397 5783 2649 5843 hicanati
2674 5789 2731 5839 et
2761 5783 3011 5840 numeri.
