4134 6390
383 419 498 478 567

1507 410 2042 477 CONSTANTINI
2089 410 2781 473 PORPHYROGENITI

3694 410 3817 470 568

385 548 601 617 stituit,
635 563 888 621 magnus
932 549 1051 605 dux
1079 547 1459 616 exercituum,
1501 546 1644 603 cmlo
1675 558 2033 619 progressus,

2151 541 2306 609 αὐτὸ,
2359 541 2451 595 καὶ
2515 540 2794 616 ἀναφέρει,
2840 539 2931 594 καὶ
2981 534 3268 593 ἐπιδίδωσι
3315 542 3397 610 τῷ
3443 539 3811 614 νιῲιστιαρίῳ,

385 653 584 694 coram
618 638 763 694 facie
803 643 907 694 tua
939 642 1136 710 portas
1164 637 1395 710 imperii
1427 636 1668 708 aperuit.
1701 637 1846 690 Hinc
1874 631 2032 690 orbis

382 727 454 782 ad
486 731 786 799 sceptrum
828 729 1041 784 dextris
1089 731 1205 782 tua:
1237 729 1648 799 procumbens,
1679 724 1894 795 gratias
1923 725 2034 777 Do-

385 819 570 888 mino,
601 820 692 876 cui
726 819 808 875 sic
837 819 1024 875 visum
1060 819 1188 886 fuit,
1221 817 1514 890 persolvit.
1545 821 1621 872 Te
1652 815 1810 871 enim
1849 813 2031 885 impe-

381 913 636 965 ratorem
672 908 858 980 pium,
881 907 1308 978 dominumque
1337 915 1391 964 et
1421 914 1712 978 pastorem
1735 903 2032 959 desidera-

380 997 480 1067 vit,
541 996 607 1052 N.
657 1002 927 1068 auguste.
974 1019 1002 1046 »
1047 997 1142 1052 Sic
1191 995 1402 1052 deinde
1453 1010 1667 1050 mensas
1729 992 2032 1063 prefectus

382 1086 713 1154 revertitur,
746 1090 1099 1156 extensaque
1128 1085 1332 1140 dextra
1362 1083 1578 1154 digitos
1617 1081 1808 1137 instar
1837 1079 2031 1136 radio-

381 1190 514 1229 rum
547 1173 819 1242 demittit,
853 1188 1179 1244 rursusque
1213 1176 1274 1226 ut
1305 1188 1446 1228 uvas
1475 1169 1793 1242 componit,
1827 1169 2029 1224 dome-

375 1261 562 1318 sticus
610 1261 947 1318 scholarum
998 1277 1066 1316 ac
1115 1277 1493 1316 numerorum
1527 1275 1662 1314 cum
1697 1257 2040 1322 demarcho,

379 1351 654 1420 tribunis,
686 1351 933 1415 vicariis,
976 1349 1337 1422 factionariis
1383 1347 1598 1404 saltare
1644 1356 1846 1419 terque
1878 1345 2035 1402 circa

379 1456 645 1495 mensam
678 1440 1006 1495 discurrere
1036 1439 1261 1509 incipit.
1299 1439 1416 1493 Hoc
1447 1436 1572 1493 loco
1603 1437 2031 1492 observandum

381 1533 473 1584 est
503 1528 769 1584 tribunos
799 1537 853 1584 et
885 1527 1136 1583 vicarios
1167 1543 1346 1582 aurea
1373 1531 1698 1595 segmenta,
1726 1524 2034 1580 artiﬁciose

384 1618 599 1684 excisa,
635 1633 769 1673 cum
792 1617 973 1674 curtis
996 1616 1244 1673 manicis
1265 1615 1497 1672 Venetis
1519 1621 1576 1671 et
1593 1614 1766 1684 albis,
1789 1614 1848 1669 in
1873 1613 2034 1685 pedi-

386 1707 504 1763 bus
531 1723 753 1775 ocreas,
788 1706 1054 1763 manibus
1087 1704 1344 1773 lunulas,
1378 1721 1504 1776 quis
1536 1703 1793 1777 phengia
1820 1719 2036 1758 vocan-

389 1803 503 1861 tur,
537 1799 782 1867 gestare.

2141 631 2231 685 καὶ
2263 629 2512 706 λέγουσιν
2554 631 2606 685 οἱ
2640 634 2734 684 τοῦ
2782 630 2980 704 μέρους
3026 625 3357 684 ἀπελατικὸν
3403 625 3507 702 ἤχ.
3540 637 3618 682 α’⁶
3653 654 3681 680 ‹‹
3716 631 3809 684 ’Σν

2142 725 2262 781 ταῖς
2313 720 2472 796 χερσὲ
2538 740 2634 774 σου
2706 722 2947 793 σήμερον
3015 715 3392 792 παραθέμενος
3447 717 3510 772 τὸ
3586 717 3808 794 κράτος,

2143 804 2272 872 Θεός
2357 831 2415 864 σε
2497 809 2834 882 ἐπεκύρωσεν
2908 805 3286 880 αὐτοκράτορα
3361 803 3652 878 δεσπότην,
3713 810 3808 862 καὶ

2142 896 2426 970 προελθὼν
2488 897 2776 972 οὐρανόθεν
2852 894 3299 972 ἀρχιστράτηγος
3357 896 3384 950 6
3447 897 3637 971 μέγας,
3695 898 3808 971 πρὸ

2141 991 2440 1058 προσώπου
2501 1009 2595 1041 σου
2668 985 2852 1058 ἤνοιξε
2929 987 3024 1046 τὰς
3104 982 3283 1046 πύλας
3342 987 3441 1054 τῆς
3499 983 3804 1059 βασιλείας·

2143 1072 2261 1130 ὅθεν
2311 1077 2338 1130 6
2387 1076 2596 1149 κόσμος
2645 1075 2979 1150 προσπίπτει
3019 1079 3101 1146 τῷ
3166 1075 3432 1147 σκήπτρῳ
3477 1078 3579 1144 τῆς
3631 1073 3808 1145 δεξιᾶς

2142 1186 2260 1234 σου,
2311 1166 2650 1240 εὐχαριστῶν
2701 1170 2780 1237 τῷ
2825 1163 3008 1237 Κυρίῳ
3055 1168 3138 1236 τῷ
3197 1159 3551 1234 εὐδοκήσαντι
3609 1163 3810 1228 οὕτως.

2145 1257 2214 1310 Σὲ
2255 1255 2356 1329 γὰρ
2393 1254 2538 1330 ἔχειν
2580 1255 2832 1310 ἐπεπόθει
2864 1254 2954 1309 τὸν
3008 1247 3199 1322 εὐσεϐῆ
3248 1252 3498 1329 βασιλέα,
3541 1251 3814 1326 δεσπότην

2143 1365 2201 1399 τε
2239 1344 2328 1398 καὶ
2378 1343 2629 1416 ποιμένα,
2681 1345 2708 1398 6
2767 1341 2910 1399 δεῖνα
2967 1341 3339 1416 αὐτοκράτωρ.
3375 1366 3404 1393 υ
3456 1343 3554 1397 Καὶ
3586 1343 3686 1398 εἶθ’
3718 1341 3813 1398 οὕ-

2141 1454 2252 1496 τως
2309 1433 2588 1512 στρέφεται
2646 1435 2674 1488 6
2731 1440 2829 1504 τῆς
2886 1429 3180 1508 τραπέζης,
3249 1431 3339 1485 καὶ
3417 1432 3636 1488 ἐκτείνει
3701 1441 3807 1503 τῆν

2144 1521 2316 1593 δεξιὰν
2349 1524 2514 1577 αὑτοῦ
2554 1527 2737 1598 χεῖρα,
2783 1523 2876 1577 καὶ
2923 1521 3051 1584 τοὺς
3102 1517 3404 1584 δακτύλους
3452 1519 3812 1588 ἀκτινοειδῶς

2145 1608 2482 1666 διαστέλλων
2522 1611 2612 1665 καὶ
2659 1609 2827 1666 πάλιν
2862 1605 3128 1686 βοτρυδὸν
3159 1606 3587 1677 ἒπισυστέλλων,
3628 1609 3807 1685 ἄρχε-

2142 1721 2229 1756 ται
2261 1700 2535 1775 χορεύειν,
2584 1700 2612 1754 ’ὁ
2661 1720 2719 1754 τε
2769 1697 3090 1773 δομέστικος
3138 1701 3247 1752 τῶν
3291 1696 3513 1773 σχολῶν
3546 1700 3684 1770 μετὰ
3712 1700 3805 1754 καὶ

2142 1793 2240 1845 τοῦ
2291 1790 2557 1863 νουμέρου
2601 1789 2692 1844 καὶ
2735 1792 2833 1843 τοῦ
2875 1786 3172 1862 δημάρχου
3216 1787 3306 1841 καὶ
3341 1790 3450 1840 τῶν
3494 1782 3802 1860 τριϐούτων

387 1884 478 1938 καὶ
512 1884 774 1959 βικαρίων
805 1883 896 1940 καὶ
921 1889 1027 1939 τῶν
1062 1881 1341 1956 δημοτῶν,
1368 1882 1793 1961 περιερχόμενοι
1840 1878 2062 1954 γυρόΟςν
2109 1887 2209 1949 τῆς
2257 1879 2531 1954 τραπέζης
2558 1877 2741 1954 τρίτον
2789 1880 2853 1915 ³⁸·
2905 1881 3040 1951 (75).
3073 1878 3193 1951 Χρή
3227 1873 3283 1931 δὲ
3315 1877 3602 1950 γινώσκειν
3635 1877 3720 1934 ὅτι
3754 1882 3807 1934 οἱ

384 1967 668 2046 τριϐοὖνοι
699 1973 790 2028 καὶ
824 1974 876 2027 οἱ
909 1971 1150 2049 βικάριοι
1179 1967 1604 2045 περιϐέϐληνται
1644 1969 1712 2026 τὰ
1742 1971 2165 2044 χρυσοσήμεντα
2197 1972 2306 2042 (76)
2349 1966 2613 2023 διακοπτὰ
2661 1965 3029 2040 κοντομάνικα
3061 1965 3257 2022 Βένετᾶ
3288 1985 3346 2020 τε
3373 1965 3462 2020 καὶ
3495 1963 3685 2035 λευκὰ,
3717 1967 3810 2023 καί

395 2061 448 2117 ἓν
480 2069 600 2126 τοῖς
628 2063 760 2118 ποσὶ
787 2065 856 2119 τὰ
885 2061 1210 2137 ποδὸψελλα
1241 2061 1739 2137 (77),βαστάζοντες
1771 2059 1822 2115 έν
1853 2064 1973 2120 ταῖς
2005 2061 2163 2134 χερσὶ
2195 2060 2258 2114 τὰ
2292 2058 2560 2136 λεγόμενα
2591 2058 2783 2137 φεγγία
2813 2062 2947 2132 (78).

458 2153 614 2208 172
648 2155 718 2208 ll.
752 2152 1069 2224 Postquam
1108 2157 1196 2208 ter
1243 2152 1487 2207 choreas
1517 2151 1754 2219 duxere,
1786 2150 2029 2205 descen-

2214 2154 2289 2204 B‘.
2351 2147 2452 2206 Καὶ
2517 2149 2650 2221 μετὰ
2723 2148 2788 2204 τὸ
2864 2151 3126 2223 χορεῦσαι
3188 2146 3369 2222 τρίτον
3439 2145 3807 2223 κατέρχονται

386 2239 536 2296 dunt
554 2257 782 2308 omnes,
816 2241 994 2312 inque
1015 2246 1179 2313 parte
1203 2257 1414 2296 mensas
1446 2238 1707 2295 inferiori
1741 2254 1772 2292 θ
1802 2236 2038 2307 regione

387 2329 760 2386 dominorum
802 2330 1152 2386 consistunt.
1186 2331 1352 2385 Tunc
1393 2334 1658 2385 cantores
1691 2345 1703 2382 :
1739 2349 1767 2378 ‹‹
1799 2326 1918 2382 Ηοο
1948 2342 2037 2381 re-

383 2435 584 2489 gnum,
633 2419 899 2488 Domine,
950 2419 1273 2476 conflrmal
1322 2441 1349 2468 »
1383 2417 1633 2491 populus
1674 2421 1760 2473 ter
1798 2435 1812 2472 :
1863 2438 1884 2466 ι
1924 2416 2038 2472 Hoc

385 2524 656 2580 regnum,
677 2509 942 2577 Domine,
967 2509 1249 2565 conﬁrma
1273 2508 1286 2564 l
1313 2530 1340 2559 »
1364 2508 1646 2565 Cantores
1670 2524 1684 2563 :
1705 2530 1732 2557 «
1765 2506 2028 2575 Domine,

383 2597 561 2653 vitam
618 2613 820 2654 eorum
867 2615 969 2670 per
1009 2602 1275 2654 nostram
1327 2598 1531 2653 vitaml
1586 2619 1616 2646 ››
1656 2596 1741 2652 sic
1790 2593 2038 2667 populus

381 2689 496 2740 ter.
575 2686 739 2742 Tunc
826 2703 1040 2742 mensa:
1100 2686 1406 2757 praefectus
1473 2702 1606 2741 cum
1666 2684 2033 2758 apocombio,

382 2775 539 2846 quod
587 2774 970 2832 tricliniarius
1013 2779 1219 2846 gestat,
1253 2775 1579 2844 descendit,
1625 2774 1800 2845 idque
1833 2774 2033 2829 dome-

381 2863 526 2920 stico
556 2865 758 2934 tradit,
783 2864 990 2938 hisque
1011 2863 1472 2936 procidentibus,
1504 2866 1772 2920 cantores
1798 2879 1812 2918 :
1845 2886 1872 2913 «
1895 2862 2039 2918 Mul-

380 2959 497 3023 tos,
546 2955 786 3024 multos,
819 2955 1079 3024 multos;
1114 2976 1143 3004 »
1193 2954 1442 3028 populus
1476 2972 1490 3010 :
1523 2977 1553 3006 «
1587 2954 1800 3011 Multos
1847 2971 2036 3011 annos

378 3043 440 3097 in
473 3042 706 3099 multos.
743 3064 773 3093 ιο
803 3043 980 3099 Porro
1020 3043 1310 3116 hymnum
1360 3043 1655 3099 saltationi
1703 3049 1902 3113 aptum
1934 3059 2032 3099 ca-

2142 3059 2322 3112 γουσιν
2385 3039 2436 3092 οἱ
2491 3039 2740 3112 κράκται·
2804 3063 2832 3091 ‹‹

379 3137 532 3187 nunt
561 3149 576 3189 :
610 3156 638 3185 ‹‹
673 3132 993 3204 Splendent
1030 3133 1277 3200 domini,
1312 3133 1540 3190 laetatur
1577 3134 1737 3190 orbis
1770 3132 1784 3188 l
1828 3132 2033 3204 Splen-

375 3223 521 3278 dent
563 3224 860 3295 Auguste,
907 3221 1138 3277 laetatur
1187 3221 1383 3278 orbis!
1419 3233 1474 3278 et
1522 3221 2032 3296 Porphyrogeniti,

379 3313 612 3368 laetatur
633 3313 812 3368 orbis.
848 3312 1118 3368 Exsultat
1137 3317 1376 3368 senatus
1398 3317 1704 3384 totumque
1727 3313 2032 3384 palatium,

381 3401 607 3456 laetatur
655 3402 834 3457 orbis.
875 3399 1138 3457 Exsultat
1167 3402 1309 3457 urbs
1333 3405 1392 3456 et
1418 3403 1704 3458 Romanis
1739 3402 2032 3468 universa,

2142 2238 2362 2307 πάντες,
2405 2239 2494 2292 καὶ
2541 2236 2788 2294 ἵστανται
2836 2238 3074 2293 κάτωθεν
3131 2244 3230 2306 τῆς
3277 2237 3554 2312 τραπέζης
3585 2237 3806 2312 ἀντικρὺ

2139 2328 2248 2378 τῶν
2283 2320 2578 2380 δεσποτῶν.
2631 2324 2727 2379 Καὶ
2779 2323 3026 2400 λέγουσιν
3080 2326 3132 2379 οἱ
3181 2324 3407 2399 κράκται
3457 2323 3534 2378 ἔσ·
3571 2329 3805 2382 «Τοῦτο

2141 2414 2205 2466 τὸ
2246 2411 2542 2487 βασίλειον,
2595 2414 2784 2488 Κύριε,
2835 2414 3161 2489 στέρέωσον·
3209 2439 3238 2466 ››
3286 2414 3377 2468 καί
3427 2415 3454 2469 6
3504 2411 3636 2477 λαὸς
3664 2413 3724 2469 ἐκ
3750 2418 3802 2492 γ’

2143 2501 2304 2563 οἱές·
2339 2508 2565 2559 «Τοῦτο
2612 2505 2675 2560 τὸ
2726 2505 3026 2579 βασίλειον,
3076 2504 3264 2580 Κύριε,
3311 2504 3617 2579 στερέωσον.
3665 2529 3686 2555 ι
3721 2506 3788 2562 Οἱ

2143 2591 2390 2667 κράκται·
2453 2619 2481 2644 ‹‹
2537 2594 2708 2668 Κύριε
2762 2595 2826 2663 ⁸ο,
2885 2595 3031 2663 ζωήν
3107 2593 3285 2650 αὐτῶν
3347 2591 3432 2648 διὰ
3483 2593 3580 2660 τήν
3639 2595 3784 2662 ζωῆν

2141 2683 2322 2755 ἡμῶψ
2358 2705 2385 2733 ››
2417 2683 2507 2737 καὶ
2539 2683 2566 2736 6
2600 2682 2732 2745 λαὸς
2765 2683 2972 2755 ὁμοίως
3004 2681 3064 2738 ἐκ
3108 2685 3174 2758 γ’.
3210 2684 3307 2738 Καὶ
3339 2682 3434 2747 εἶθ’
3463 2681 3636 2743 οὕτως
3665 2703 3797 2737 κατ-

2142 2770 2363 2845 έρχεται
2391 2772 2418 2825 6
2450 2778 2549 2840 τῆς
2578 2771 2852 2846 τραπέζης
2887 2774 3021 2845 μετὰ
3049 2777 3146 2828 τοῦ
3187 2768 3561 2846 ἀποκομϐἰου,
3602 2769 3803 2844 δηλον-

2141 2859 2224 2914 ότι
2273 2860 2374 2914 ὑπὸ
2431 2859 2760 2933 ἀρτοκλίνου
2807 2861 3209 2934 βασταζόμενον
3238 2863 3282 2898 “
3326 2864 3454 2934 (79),
3488 2863 3580 2917 καὶ
3626 2860 3806 2917 ἐπιδί-

2141 2945 2273 3003 δωσι
2305 2947 2383 3021 τῷ
2431 2945 2762 3023 δομεστίκῳ,
2810 2950 2899 3005 καὶ
2937 2950 3142 3006 τούτων
3184 2951 3660 3025 προσκυνούντων,
3714 2951 3807 3008 λέ-

2888 3038 3102 3110 Πολλᾶ,
3158 3039 3342 3096 πολλὰ
3413 3039 3624 3096 πολλὰ·
3692 3066 3712 3092 ι
3776 3043 3804 3096 6

2141 3125 2295 3189 λαός⁶
2353 3151 2372 3176 ι
2409 3127 2606 3183 Πολλὰ
2657 3123 2752 3198 ἔτη
2805 3127 2880 3190 εἰς
2939 3127 3147 3186 πολλά.
3200 3153 3228 3182 ι)
3291 3129 3395 3186 Καὶ
3447 3129 3670 3207 λέγουσι
3717 3131 3810 3186 τὸν

2142 3216 2484 3291 χορευτικόν·
2541 3239 2565 3269 ι
2602 3219 2924 3290 Λάμπυυσιν
2977 3219 3028 3273 οἱ
3086 3215 3363 3290 δεσπόται,
3406 3219 3665 3295 χαίρεται
3695 3224 3805 3293 (80)

2141 3307 2169 3359 6
2216 3305 2446 3378 κόσμος·
2500 3303 2810 3378 λάμπουσιν
2860 3308 2915 3361 αἱ
2961 3306 3293 3382 Αὐγοῦσται,
3348 3307 3603 3384 χαίρεται
3652 3312 3679 3364 ὁ
3709 3311 3804 3365 κό-

2140 3414 2300 3468 σμος·
2359 3394 2448 3449 καὶ
2502 3395 2568 3449 τὰ
2607 3395 3107 3473 πορφυρογὲννητα,
3175 3398 3426 3472 χαίρεται
3486 3399 3514 3452 6
3568 3397 3796 3470 κόσμος·

383 3488 616 3544 letatur
685 3489 866 3546 orbis.
921 3490 1218 3560 Augustae,
1261 3489 1478 3544 divitias
1509 3495 1566 3546 et
1606 3491 1884 3562 gaudium
1927 3509 2032 3548 no-

2143 3483 2446 3561 άγάλλεται
2476 3487 2511 3554 ἡ
2545 3481 2856 3559 σύγκλητος
2887 3485 2978 3539 καὶ
3010 3483 3141 3541 ὅλον
3188 3486 3252 3541 τὸ
3293 3485 3572 3555 παλάτιον,
3609 3487 3791 3559 χαίρε-

382 3577 608 3632 struml
645 3577 747 3642 ita,
783 3577 1043 3647 Domine,
1073 3577 1292 3633 multos
1320 3578 1466 3649 ipsis
1495 3594 1681 3634 annos
1704 3581 1974 3638 concede.
2004 3603 2032 3630 »

384 3665 662 3721 Cantores
703 3683 718 3722 :
749 3687 777 3716 «
810 3667 1303 3738 Imperatoribus;
1336 3689 1365 3718 »
1409 3667 1668 3739 populus
1699 3685 1714 3725 :
1753 3690 1781 3718 «
1815 3669 2034 3726 Multos

386 3757 610 3812 annos!
652 3777 681 3805 »
723 3755 1048 3812 Cantores:
1085 3777 1114 3806 ‹‹
1158 3754 1379 3812 Felices
1426 3773 1612 3814 annos
1661 3757 2037 3829 imperatori-

2145 3597 2233 3631 ται
2264 3577 2292 3630 6
2322 3575 2552 3647 κόσμος,
2599 3571 2899 3648 ἀγάλλεται
2947 3575 2981 3643 ἡ
3033 3572 3197 3637 πόλις
3243 3576 3334 3630 καὶ
3383 3573 3484 3646 ὅλη
3514 3576 3550 3644 ἡ
3577 3575 3796 3646 Ῥωμα-

2144 3665 2232 3721 νὶα
2277 3667 2408 3738 (81),
2461 3663 2707 3737 χαίρεται
2765 3664 2793 3716 ὁ
2840 3662 3070 3736 κόσμος·
3123 3664 3456 3738 Αὐγοῦσται,
3513 3664 3660 3739 χαρὰ
3701 3663 3795 3717 καὶ

2149 3759 2176 3810 6
2207 3753 2449 3814 πλοῦτος
2479 3753 2663 3825 ἡμῶν,
2694 3749 2801 3821 ναὶ,
2837 3750 3015 3827 Κύριε,
3049 3750 3236 3808 πολλὰ
3266 3757 3375 3808 τῶν
3395 3755 3510 3825 (82)
3530 3752 3596 3808 τὰ
3626 3747 3744 3824 ἔτη.
3774 3776 3802 3804 ››

1745 3855 1990 3912 VARLE
2026 3855 2439 3913 LECTIONES.

457 3944 532 4019 ξος
565 3942 772 4019 EXQA.
804 3942 1018 4019 ’lctéov,
1051 3942 1160 4019 δτι,
1189 3946 1297 3996 τῶν
1330 3943 1678 4019 χορευόντων
1709 3941 2084 4019 διερχομενων
2116 3939 2656 4019 [cod._6t§pxsctlat]
2687 3934 2993 4019 ἔμπροσθεν
3020 3947 3120 4019 τῆς
3159 3943 3478 4019 ἀποκοπτῆς
3510 3942 3810 4019 τραπέζας,

385 4013 470 4091 ἐφξ
495 4015 570 4091 -ῑςςΔ
595 4013 646 4066 οἳ
678 4009 937 4091 δεσπόται
963 4009 1298 4091 καθέζονται,
1326 4009 1657 4090 ἓπέὐχονται
1687 4009 2252 4078 τοὺςδεσπόταίταῖς
2285 4009 2426 4087 [τοῖς
2444 4009 2576 4083 ’ὁᾶ.]
2607 4009 2766 4087 χερσὶ
2801 4009 2989 4086 μόνον.
3067 4014 3114 4050 ⁴⁰
3145 4011 3305 4088 Κύριε
3344 4009 3481 4072 ante
3512 4009 3657 4084 ζὶυήν

383 4084 474 4141 καὶ
506 4087 599 4143 ed.
673 4085 719 4118 ‘“
755 4084 1160 4158 βασταζομένου
1189 4088 1281 4144 ed.

1433 4187 1630 4246 JOAN.
1670 4188 1817 4246 JAC.
1860 4188 2127 4247 REISKII
2166 4183 2759 4243 COMMENTARIUS.

478 4275 573 4346 75)
597 4272 728 4329 Vid.
755 4273 1007 4329 similem
1039 4274 1229 4331 locum
1261 4292 1318 4347 p.
1348 4275 1475 4331 222.

484 4347 574 4416 ‘76)
603 4347 794 4401 Aurea
850 4351 1171 4416 segmenta,
1223 4348 1392 4402 serici
1443 4347 1628 4404 villosi
1675 4349 1868 4404 aureis
1901 4347 2041 4404 filiis

385 4413 743 4490 interstincti
777 4413 1300 4490 ιωοὶἆελδιάκοπτα,
1333 4419 1393 4474 in
1449 4420 1657 4490 quibus
1716 4419 1884 4476 ocelli
1949 4420 2039 4476 vel

385 4488 634 4546 tessellw
665 4494 884 4558 essent,
915 4488 1075 4544 velut
1102 4507 1252 4560 opus
1280 4488 1668 4546 cancellatum
1695 4507 1709 4558 ;
1742 4492 1830 4546 vel
1861 4490 2038 4548 etiam

387 4563 592 4634 scissa,
643 4559 726 4634 sic
785 4570 848 4615 ut
889 4561 1072 4616 vestis
1123 4559 1365 4634 inferior
1410 4578 1510 4631 per
1549 4563 1829 4618 fenestras
1861 4566 2042 4634 panni

387 4632 706 4703 superioris
724 4636 1141 4703 transpareret.
1158 4633 1236 4686 De
1250 4649 1362 4702 quo
1380 4649 1591 4704 genere
1607 4632 2042 4703 vestitus'plura

386 4704 514 4760 dico
569 4705 639 4759 ad
671 4720 729 4775 p.
757 4704 884 4759 336.
933 4707 998 4758 Ι).
1029 4704 1085 4765 2,
1115 4704 1502 4774 κοντομάνικα,
1535 4720 1668 4759 cum
1702 4707 1886 4760 curtis
1917 4722 2040 4761 ma-

386 4776 536 4832 nicis
559 4777 630 4832 ad
665 4792 873 4844 carpos
905 4791 1094 4847 usque
1123 4792 1240 4831 non
1273 4776 1574 4847 porrectis,
1604 4776 1706 4832 sed
1737 4793 1916 4848 supra
1938 4793 2037 4831 cu-

388 4847 580 4903 bitum
610 4848 1036 4903 desinentibus.

779 4883 894 4974 :1.in
907 4883 1121 4984 tgulis,
1175 4919 1444 4989 prandesa
1486 4918 1770 4990 pretiose,
1805 4923 1907 4974 aut
1935 4918 2044 4974 cir-
2070 4883 2118 4949 Β

391 5002 459 5042 cu
490 4987 508 5040 i
539 4987 699 5042 aurei
732 4991 908 5042 suris.
941 4995 1040 5042 aut:
1069 4993 1263 5042 statim
1295 4992 1407 5042 sub
1437 5005 1614 5042 cenu.
1648 4997 1748 5042 aut
1780 4989 2040 5042 proxime

539 4987 908 5073 aureisuris,
941 4995 1053 5073 aut_
1067 4987 1263 5073 statim
1295 4987 1614 5073 subgénu,
1648 4997 1748 5046 aut
1780 4989 2040 5073 proxime

394 5073 584 5134 super
615 5055 901 5134 malleum
948 5062 1137 5134 pedis,
1186 5055 1608 5134 circumligsti,
1664 5055 1869 5134 quales
1900 5067 2041 5134 sunt

390 5128 657 5202 armillas,
689 5128 1014 5202 pericarp'ia
1050 5140 1153 5202 aut
1182 5128 1500 5190 brachialia
1527 5128 1599 5188 in
1620 5128 1799 5190 manu
1831 5139 1888 5189 et
1932 5132 2040 5188 hu-

393 5200 597 5273 meris,
629 5199 1216 5273 γθίιδδονπερίσκελίδες.

464 5271 574 5344 (78)
633 5271 827 5344 Baculi
875 5271 1011 5330 cum
1073 5275 1315 5332 orbibus
1371 5277 1657 5343 argenteis
1718 5274 1792 5331 ad
1855 5276 2042 5332 instar

393 5342 570 5419 lunae,
598 5343 798 5400 vertici
844 5360 1073 5412 eorum,
1105 5347 1177 5402 ad
1223 5348 1408 5419 instar
1438 5342 1575 5417 pilei
1623 5348 1806 5419 plani,
1833 5363 2041 5419 super-

393 5415 609 5482 at‘ﬂxis,
639 5419 741 5470 aut
761 5431 893 5470 cum
921 5419 1081 5473 ansis
1101 5425 1156 5474 et
1187 5418 1386 5474 fulcris
1409 5415 2042 5475 manus—semicircula-

391 5486 574 5559 ribus,
607 5487 677 5542 ad
713 5486 900 5559 instar
930 5487 1083 5544 luna
1113 5496 1394 5553 cornutis,
1432 5506 1533 5559 per
1565 5491 1832 5546 baculum
1869 5489 2042 5559 traje-

393 5557 518 5613 ctis.
552 5559 745 5613 Latius
775 5558 982 5629 hacjie
1021 5577 1332 5629 reiexpono
1364 5557 1444 5615 ad
1467 5579 1520 5629 p.
1551 5563 1676 5617 3/10.

465 5630 838 5707 (79)_8t_1bint.
890 5627 1003 5686 ἐστί
1037 5649 1051 5688 :
1085 5627 1280 5701 δῆλόν,
1311 5627 1569 5687 ἐστινὸτι
1623 5636 1788 5688 τοῦτο
1853 5630 2045 5707 βαστα-

394 5698 455 5769 ζό
463 5698 624 5774 μανόν
655 5699 816 5758 ἅστιν.

469 5776 583 5846 (80)
612 5775 730 5832 Hoc
785 5779 878 5832 est
914 5792 986 5832 ex
1040 5773 1268 5846 vulgari
1299 5791 1412 5830 usu
1441 5773 1704 5846 loquenti
1749 5792 1853 5848 pro
1902 5773 2042 5851 χαί-

2149 4295 2229 4349 ρει
2263 4273 2582 4344 Antiquum
2626 4271 2796 4349 hunc
2845 4274 3191 4349 Macedoniae
3249 4275 3526 4348 loquendi
3559 4277 3810 4334 modum

2147 4345 2277 4404 esse
2310 4351 2470 4418 patet
2511 4360 2580 4400 ex
2608 4345 3015 4414 Aristophanis
3063 4346 3162 4402 illo
3203 4345 3359 4415 noto,
3393 4349 3545 4419 quod
3579 4349 3811 4417 irridet,

2148 4419 2311 4476 velut
2357 4415 2734 4476 Thracicum.
2773 4415 2982 4476 ἢδομαι
3049 4417 3142 4471 καὶ
3173 4416 3462 4476 γαίρομαι.
3523 4419 3676 4476 Usus
3737 4437 3811 4476 eo

2151 4437 2311 4476 νθιιιι
2367 4437 2734 4481 i'nraclcum,
2773 4437 2982 4489 ηοομαι
3049 4437 3142 4471 και
3173 4437 3462 4491 χαιρομαι.
3527 4437 3676 4476 USUS
3737 4437 3804 4476 80

2151 4487 2521 4560 quoqueifuit
2545 4487 2884 4560 Antiphilus
2913 4490 2971 4545 in
2995 4490 3306 4557 Antholog.
3334 4508 3390 4560 p.
3418 4492 3585 4548 85.1.
3610 4492 3703 4545 ed.
3731 4491 3804 4546 H.

2148 4558 2351 4637 Steph:
2385 4559 2575 4637 Ducas
2607 4558 2752 4637 Hist.
2785 4561 2920 4637 C34
2953 4576 2968 4615 :
3001 4560 3080 4637 ᾜὸ
3100 4564 3208 4637 τῶν
3223 4558 3805 4637 Μοιξσουλμανῶν-γέ-

2149 4625 2578 4706 voc-6690669“
2653 4629 2744 4683 καὶ
2831 4632 2882 4685 οἱ
2943 4625 3267 4701 καϐούριδες
3325 4625 3551 4704 [Cancri
3626 4625 3808 4690 Chri-

2150 4703 2349 4775 stiani]
2372 4699 2682 4775 ἐχαίροντο.

2221 4775 2331 4847 (81)
2364 4775 2535 4829 Orbis
2589 4775 2909 4848 Romanus,
2956 4775 3143 4848 idiest
3182 4776 3435 4842 Graecus,
3474 4776 3808 4848 Byzantina

2148 4846 2393 4917 imperio
2424 4846 2916 4919 tuncsubjectus.
2945 4847 3066 4919 '[Ut
3085 4846 3621 4919 apudrecentiores
3642 4847 3810 4904 Gre:-

2150 4916 2268 4984 cos,
2331 4919 2407 4972 ita
2438 4918 2591 4988 apud
2625 4916 2885 4991 Coptitas
2915 4916 3219 4976 et‘Arabes
3248 4917 3491 4991 Ῥωμαῖο
3524 4925 3580 4976 et
3623 4925 3813 4975 Roma

2151 5007 2265 5046 non
2317 4991 2622 5045 Romanum
2669 4988 2945 5046 hominem
2987 4996 3089 5046 aut
3119 4988 3371 5056 Romam,
3407 4991 3510 5048 sed
3541 4995 3813 5048 Graecum

2153 5062 2490 5118 Graciamve
2538 5058 2856 5130 signiﬁcat.
2890 5061 3216 5119 Renaudot.
3264 5063 3498 5120 dissert.
3532 5067 3666 5120 ante
3705 5062 3817 5118 Li-

2151 5139 2306 5201 turg.
2337 5135 2516 5204 Graec.
2551 5147 2607 5200 p.
2644 5131 2817 5204 il2.]'

2225 5198 2338 5274 (82)
2365 5202 2488 5258 Τῶν
2521 5198 2623 5277 pro
2651 5198 2830 5277 αὒτῶν
2879 5203 2965 5260 vel
3004 5204 3216 5260 τούτων
3251 5205 3567 5277 Frequens.
3611 5205 3814 5277 scrip,-

2151 5277 2379 5331 toribus
2411 5274 2697 5344 sequioris
2743 5277 2927 5332 astatis
2959 5277 3053 5334 hic
3083 5292 3227 5333 usus
3257 5274 3488 5332 articuli
3528 5277 3578 5344 ὁ,
3626 5277 3685 5344 ἡ,
3736 5274 3820 5331 τὸ

2152 5351 2262 5414 est,
2298 5361 2486 5417 neque
2527 5345 2672 5420 ipsis
2716 5349 2962 5404 vetustis
2999 5355 3058 5405 et
3101 5349 3298 5420 probis
3339 5347 3593 5418 ignotus.
3627 5351 3824 5406 Amat

2152 5435 2284 5474 eum
2317 5417 2634 5487 Procopius
2659 5422 2716 5473 et
2737 5420 3005 5487 Agathine
3024 5424 3082 5476 et
3102 5417 3486 5476 Continuator
3515 5421 3822 5476 Constan-

2152 5491 2439 5562 tinianus.
2475 5503 2535 5562 ιθ.⁸
2585 5505 2634 5562 c_.
2699 5507 2751 5562 p_.
2786 5489 2903 5562 T36,
2942 5495 3051 5545 τῶν
3111 5490 3184 5544 ὧν
3219 5489 3571 5562 ἐρωτώμεθα,
3603 5493 3658 5545 id
3708 5499 3820 5549 est

2151 5561 2361 5615 τούτων
2404 5557 2541 5645 ἕτερὶ
2595 5559 2669 5612 ῶν
2699 5557 3060 5651 ’ἐρωτώμεθα
3110 5580 3170 5634 p.
3240 5557 3333 5651 ξιξ,
3383 5557 3512 5651 Δτῆις,
3558 5557 3636 5651 ᾖς
3716 5564 3807 5651 εῖ-

2150 5650 2247 5760 χεν
2290 5635 2456 5706 τιμῆς
2510 5647 2610 5701 pro
2665 5636 2890 5702 ταύτης.
2923 5636 3086 5692 Conf.
3137 5653 3192 5706 p.
3250 5635 3516 5702 86,124;
3577 5635 3800 5690 Euseb.

2159 5715 2302 5779 __lst.
2360 5703 2686 5779 θροΙη-ιιηί
2723 5704 3104 5779 ζ-.λὶοιμώδους
3153 5704 3244 5760 καὶ
3284 5703 3575 5779 ψ-ωραλέας
3621 5704 3800 5779 νόσου

2155 5773 2312 5846 δίκην
2348 5777 2447 5844 τὴν
2510 5769 2835 5843 Ἐκκλησίαν
2881 5769 3259 5851 ’ὑποδυόμενοι
3299 5769 3674 5852 ’λύμαίνονται
3729 5777 3810 5835 τὰ
