4134 6404
349 393 469 452 576

1429 387 1964 452 CONSTANTINI
2009 383 2701 448 PORPHYROGENITI

3646 377 3766 438 5'16

421 522 517 576 IV.
549 520 844 576 Prefectis
876 520 1154 578 omnibus
1192 522 1469 594 egressis,
1520 522 1831 593 imperator
1859 536 1992 576 cum

2181 523 2251 573 A'.
2285 513 2388 572 Καὶ
2440 515 2657 570 πάντων
2713 517 2822 570 τῶν
2882 511 3170 588 ἀρχόντων
3221 509 3578 581 ἐξελθόντων,
3616 507 3766 581 μένει

351 612 471 669 solo
495 611 770 667 cubiculo
801 617 1087 678 remanet,
1109 613 1446 684 praepositus
1471 627 1626 679 vero,
1657 613 1896 682 dempta
1925 609 1997 666 ab

346 703 478 772 ejus
507 701 698 772 capite
714 717 949 770 corona,
969 701 1274 757 vestitores
1295 707 1484 770 vocat,
1508 706 1574 758 ut
1600 701 1712 773 ipsi
1735 701 1996 756 tunicam

346 793 582 844 exuant.
613 789 708 844 Sic
739 805 769 844 e
793 789 1094 846 triconcho
1119 805 1220 860 per
1240 790 1477 845 easdem
1503 791 1762 862 porticus
1785 788 1999 860 digres-

349 894 476 948 sus,
509 878 582 934 ad
613 894 860 933 aureum
893 877 1232 934 cubiculum
1279 878 1422 944 abit,
1473 878 1812 951 prepositus
1841 893 1998 944 vero,

350 969 600 1023 duarum
618 967 934 1023 factionum
951 968 1294 1039 apocombio
1306 984 1373 1022 su
1385 973 1566 1039 mpto,
1581 965 1836 1023 cubiculi
1855 983 2000 1038 prae-

348 1057 513 1113 fectis
567 1056 1009 1125 comitantibus,
1039 1072 1141 1128 per
1194 1057 1452 1127 porticus
1506 1058 1576 1112 ad
1608 1055 1999 1128 hemicyclum

350 1142 560 1216 phiala
591 1143 877 1200 triconchi
903 1144 1046 1214 abit,
1069 1149 1128 1200 et
1154 1143 1214 1199 in
1240 1145 1365 1200 loca
1386 1143 1663 1201 inferiora
1685 1143 1999 1216 prospicit;

350 1233 555 1290 Veneti
585 1239 784 1290 autem
815 1234 1078 1290 tunicam
1111 1233 1410 1291 demarchi
1445 1234 1540 1291 sui
1563 1251 1878 1306 expansam
1911 1238 1998 1290 te-

353 1331 579 1391 nentes,
609 1324 1011 1395 apocombium
1031 1325 1104 1379 ab
1127 1323 1475 1395 imperatore
1505 1341 1606 1395 per
1623 1323 1999 1396 praepositum

351 1412 500 1484 ipsis
524 1414 767 1468 missum
793 1413 1113 1485 recipiunt:
1137 1413 1412 1486 idemque
1431 1418 1489 1469 et
1514 1414 1732 1470 Prasini
1759 1413 1996 1470 faciunt.

352 1502 446 1557 Sic
478 1501 820 1574 praepositus
852 1517 982 1557 cum
1016 1501 1286 1558 cubiculo
1344 1503 1528 1559 redit:
1581 1511 1638 1558 at
1683 1503 2002 1574 imperator

349 1606 554 1662 sagum
587 1607 760 1646 suum
792 1596 1033 1663 gestans
1065 1593 1244 1663 inque
1301 1593 1514 1648 throno
1546 1591 1834 1655 assidens,
1867 1607 2000 1663 pro-

353 1679 639 1735 motiones
664 1678 987 1736 multorum
1011 1695 1320 1750 procerum
1344 1679 1572 1736 institui
1589 1680 1774 1750 jubet,
1792 1697 1824 1736 a
1844 1696 2001 1735 man-

351 1768 654 1824 datoribus
686 1784 788 1839 per
809 1783 1010 1824 omnes
1031 1769 1265 1824 ordines
1289 1785 1472 1841 usque
1495 1769 1566 1824 ad
1593 1769 2002 1841 protospatha-

2108 607 2136 661 6
2172 603 2429 682 βασιλεὺς
2473 605 2608 678 μετά
2635 603 2732 659 τοῦ
2762 597 3158 658 κουόουκλείου
3193 599 3384 673 μόνου,
3408 601 3436 655 ὁ
3478 596 3537 654 δε
3592 617 3762 671 πραι-

2105 696 2355 763 πόσιτος,
2399 688 2586 748 λαϐὼν
2608 693 2715 748 ἀπὸ
2744 699 2846 762 τῆς
2890 692 3139 770 κεφαλῆς
3180 690 3346 745 αὐτοῦ
3401 689 3464 743 τὸ
3519 688 3760 761 στέμμα,

2106 782 2502 859 προσκαλεῖται
2557 784 2684 844 τοὺς
2747 783 3100 858 βεστήτορας,
3168 779 3255 834 καὶ
3339 777 3758 834 ἀπαλλάσσουσι

2104 877 2205 944 τὴν
2240 871 2476 950 χλανίδα
2503 877 2604 928 τοῦ
2666 871 2959 948 βασιλέως.
3012 871 3124 929 Εἶθ’
3174 869 3347 932 οὕτως
3397 869 3672 944 ἐξέρχεται
3729 869 3758 924 6

2108 965 2374 1026 Βασιλεὺς
2433 963 2539 1018 ἀπὸ
2595 966 2692 1018 τοῦ
2737 960 3068 1037 τρικόγχου,
3116 961 3209 1014 καὶ
3257 957 3535 1033 διέρχεται
3589 957 3761 1013 πάλιν

2109 1053 2201 1110 διά
2237 1058 2346 1108 τῶν
2389 1053 2567 1108 αὐτῶν
2619 1047 2973 1119 διαϐατικῶν,
3020 1050 3109 1105 καὶ
3149 1047 3448 1125 ἀπέρχεται
3481 1046 3557 1109 εἰς
3587 1049 3679 1102 τὸν
3718 1049 3766 1084 ⁴⁴

2108 1141 2582 1219 χρυσοτρίκλινον,
2627 1141 2716 1197 καὶ
2757 1142 2786 1196 6
2843 1139 3225 1214 πραιπόσιτος,
3262 1132 3448 1193 λαϐων
3509 1136 3766 1210 άποκὸμο

2109 1227 2233 1287 ὄιον
2281 1236 2389 1288 τῶν
2445 1229 2539 1287 δύο
2594 1235 2798 1305 μερῶν,
2859 1227 3289 1305 δηριγευόμενος
3346 1227 3450 1282 ὑπὸ
3497 1230 3605 1298 τῷν
3666 1225 3766 1300 ἀρ-

2108 1322 2322 1397 χόντων
2355 1325 2453 1377 τοῦ
2474 1315 2893 1388 κουϐουκλείου,
2953 1315 3229 1393 διέρχεται
3263 1314 3351 1371 διὰ
3405 1319 3516 1370 τῶν
3568 1309 3762 1370 6:16a-

2105 1415 2293 1481 τικῶν,
2346 1410 2436 1465 καὶ
2485 1409 2783 1484 ἀπέρχεται
2815 1407 2867 1462 έν
2927 1412 3006 1479 τῷ
3045 1402 3370 1478 ἡμικυκλίῳ
3403 1403 3609 1481 φιάλης
3665 1408 3766 1459 τοῦ

2107 1501 2437 1576 τρικὸγχου,
2476 1501 2567 1555 καὶ
2616 1498 2957 1574 παρακύπτει
2996 1497 3258 1565 κάτωθεν,
3309 1496 3362 1551 οἱ
3411 1493 3468 1550 δὶ
3524 1500 3622 1550 τοῦ
3677 1494 3768 1567 μέ-

2111 1611 2236 1664 ρους
2295 1594 2400 1644 τῶν
2459 1586 2690 1646 Βενέτων
2727 1591 3016 1663 κρατοῦσιν
3073 1584 3418 1658 ἡπλωμένην
3458 1587 3558 1653 τήν
3615 1582 3765 1658 χλα-

2107 1675 2230 1733 νίδα
2261 1680 2376 1751 (88)
2421 1681 2520 1732 τοῦ
2582 1674 2880 1755 δημάρχου
2918 1676 3117 1742 αὐτῶν,
3167 1673 3242 1738 εἷς
3293 1673 3358 1743 ἥν
3407 1671 3660 1749 δέχονται
3702 1673 3765 1728 τὸ

2111 1763 2454 1841 ἀποκόμϐιον
2483 1768 2546 1823 τὸ
2585 1764 2676 1821 διὰ
2712 1771 2810 1822 τοῦ
2841 1766 3209 1840 πραιποσίτου
3257 1765 3404 1839 παρὰ
3454 1768 3553 1819 τοῦ
3614 1764 3767 1840 βασι-

350 1856 469 1913 rios
502 1873 844 1929 progressus
875 1877 888 1926 ;
923 1858 969 1912 si
1001 1857 1210 1930 placet,
1241 1863 1298 1913 et
1317 1858 1492 1914 etiam
1518 1858 1792 1928 patricios
1824 1861 1994 1914 creat.

2111 1856 2252 1919 λέως
2307 1859 2548 1936 πεμφθὲν
2578 1856 2782 1918 αὐτοῖς.
2843 1855 3090 1930 Ὁμοίως
3159 1852 3218 1910 δὲ
3255 1854 3345 1910 καὶ
3392 1855 3440 1909 οἱ
3506 1852 3766 1928 Πράσινοι

352 1945 456 2002 His
514 1948 787 2018 peractis,
846 1947 1189 2003 venerandae
1263 1963 1479 2003 mensae
1556 1947 1613 2002 in
1682 1946 2000 2005 Justiniani

352 2035 613 2092 triclinio
643 2037 881 2105 assidet,
914 2045 968 2092 et
1016 2037 1231 2093 saxima
1287 2037 1507 2093 intrare
1559 2037 1747 2106 jubet.
1781 2037 2001 2094 Horum

349 2125 606 2195 primum
628 2125 964 2181 cubiculum
995 2134 1080 2181 est
1104 2143 1118 2192 ;
1145 2127 1203 2182 in
1255 2125 1508 2182 secundo
1539 2125 1741 2182 ordine
1772 2126 2001 2197 patricii

344 2228 480 2268 cum
538 2214 1028 2286 protospathariis
1076 2230 1143 2271 ac
1192 2213 1418 2270 caeteris
1459 2213 1848 2286 imperatoriis
1895 2231 2000 2271 ve-

345 2303 514 2358 niunt
537 2319 551 2370 ;
575 2303 634 2358 in
656 2302 826 2359 tertio
841 2303 1205 2360 domesticus
1219 2302 1552 2359 scholarum
1576 2317 1711 2359 cum
1731 2303 2000 2362 factionis

347 2391 576 2448 Veneta:
607 2391 942 2449 transitoria
974 2393 1207 2464 populo;
1232 2394 1289 2449 in
1313 2397 1521 2464 quarto
1543 2393 1844 2449 excubitor
1863 2410 1997 2450 cum

348 2479 601 2536 Prasias:
644 2481 947 2550 factionis;
980 2481 1038 2536 in
1074 2481 1287 2552 quinto
1315 2481 1522 2538 Veneti
1547 2480 1643 2548 ;in
1674 2485 1836 2538 sexto
1871 2483 2000 2540 Pra-

351 2568 465 2625 sini
498 2569 844 2627 factiouarii.
887 2570 1115 2642 Singuli
1173 2571 1381 2626 borum
1433 2571 1732 2639 ordinum,
1762 2577 1998 2643 accepto

350 2659 694 2730 apocombio
726 2659 882 2716 haud
913 2659 1224 2715 mediocris
1255 2659 1447 2732 pretii,
1481 2659 1720 2726 abeunt,
1759 2660 1996 2732 Deoque

346 2748 566 2819 gratias
598 2751 800 2820 agunt,
833 2752 891 2804 et
919 2747 1165 2804 laudant
1193 2749 1388 2821 ipsum
1411 2753 1467 2804 et
1494 2748 1921 2806 concelebrant.

2108 1947 2172 2002 τὸ
2220 1947 2356 2002 αὐτὸ
2402 1950 2673 2001 ποιοῦσιν.
2734 1945 2877 2003 Εἶτα
2936 1943 3265 2020 ὑποστρέφει
3321 1944 3349 1998 6
3398 1940 3764 2017 πραιπόσιτος

2115 2037 2249 2109 μετὰ
2277 2040 2375 2092 τοῦ
2419 2030 2836 2105 κουϐουκλείου,
2888 2035 2980 2090 καὶ
3038 2038 3136 2088 τοῦ
3189 2031 3459 2109 βασιλέως
3490 2033 3771 2096 καθεσθέν-

2107 2147 2201 2187 τος
2235 2123 2324 2180 ἐπὶ
2346 2129 2442 2179 τοῦ
2473 2123 2714 2193 σέντζου,
2747 2127 3044 2202 φοροῦντος
3082 2122 3174 2176 καὶ
3228 2121 3292 2176 τό
3347 2122 3542 2196 σαγίου
3575 2122 3768 2190 αὑτοῦ,

2110 2215 2200 2269 καὶ
2239 2217 2336 2268 τοῦ
2383 2208 2778 2268 κουϐουκλείου
2826 2212 2901 2266 εἰς
2952 2212 3042 2265 τὸν
3091 2210 3550 2286 χρυσοτρίκλινον
3605 2211 3767 2266 έστῶο

2109 2324 2226 2374 τος,
2276 2302 2490 2358 κελεύει
2545 2302 2870 2376 εἰσαχθῆναι
2936 2303 3033 2363 τὰς
3093 2294 3374 2375 προϐολὰς
3433 2300 3762 2374 ἀξιωμάτων

2108 2390 2364 2459 πολλῶν,
2416 2390 2522 2447 ἀπό
2585 2412 2642 2446 τε
2703 2387 3071 2464 μανδατώρων
3126 2384 3581 2465 προαναϐιϐάζων
3640 2391 3763 2454 καθ’

2107 2483 2337 2550 ἑκάστην
2396 2482 2543 2550 τάξιν
2579 2479 2685 2542 ἓως
2724 2478 3256 2554 πρωτοσπαθαρίων,
3317 2478 3362 2534 εἰ
3408 2477 3615 2534 κελεύει
3675 2476 3753 2545 δὲ,

2109 2566 2495 2647 προϐάλλεται
2537 2570 2623 2624 καὶ
2657 2568 2998 2642 πατρικίους.
3065 2569 3170 2625 Καὶ
3215 2567 3420 2624 τούτων
3474 2565 3746 2630 τελεσθὲν.

2102 2682 2238 2730 των,
2277 2657 2555 2728 καθέζεται
2591 2658 2676 2714 ἐπὶ
2721 2665 2823 2727 τῆς
2889 2657 3077 2731 τιμίας
3129 2658 3296 2712 αὑτοῦ
3351 2657 3622 2732 τραπέζης
3672 2656 3750 2717 εἷς

2102 2751 2194 2806 τὸν
2256 2749 2304 2785 ⁴⁵
2360 2750 2750 2806 ἰουστινιανοῦ
2823 2745 3124 2821 τρίκλινον,
3197 2746 3287 2801 καὶ
3362 2742 3574 2801 κελεύει
3649 2745 3764 2799 εἷσ-

344 2838 522 2899 ιλθεῖν
586 2836 803 2908 σάξιμα⁶
873 2834 966 2890 καῖ
1039 2833 1302 2911 εἰσάγεται
1362 2838 1579 2910 πρῶτον
1657 2835 1909 2909 σάξιμον,
1965 2840 2029 2894 τὸ
2085 2833 2502 2894 κουϐούκλειονο
2543 2835 2634 2892 καὶ
2710 2835 2780 2910 τῇ
2849 2833 3073 2909 δευτέρᾳ
3115 2835 3258 2903 τάξει
3319 2833 3665 2909 εἰσέρχονται
3711 2835 3764 2889 o't

344 2923 623 3000 πατρίκιοι
681 2926 794 2999 ἅμα
847 2929 956 2980 τῶν
1031 2925 1535 3000 πρωτοσπαθαρίων
1613 2925 1702 2980 καὶ
1755 2926 1965 2982 λοιπῶν
2047 2927 2369 3004 βασιλικῶν·
2445 2931 2514 3000 τῇ
2589 2927 2747 3001 τρίτῃ
2827 2923 2886 2981 δὲ
2957 2925 3278 2980 καταστάσει
3354 2924 3662 3000 εἰσέρχεται
3737 2925 3764 2979 ὁ

346 3014 668 3089 δομέστικος
699 3023 808 3072 τῶν
886 3015 1109 3092 σχολῶν
1141 3018 1276 3090 μετὰ
1347 3020 1444 3071 τοῦ
1474 3021 1770 3090 περατικοῦ
1819 3015 2003 3091 δήμου
2059 3024 2168 3075 τῶν
2241 3017 2474 3076 Βενέτων
2524 3018 2591 3053 ω·
2647 3021 2717 3091 τῇ
2794 3014 2852 3072 δὲ
2907 3017 3135 3091 τετάρτῃ
3213 3016 3534 3071 καταστάσει
3593 3014 3764 3091 εἰσέρ-

346 3124 501 3180 χεται
561 3106 590 3160 6
639 3100 950 3175 έξκούϐίτος
1013 3105 1147 3178 μετὰ
1199 3109 1296 3160 τοῦ
1351 3109 1645 3179 περατικοῦ
1704 3112 1812 3161 τῶν
1863 3108 2145 3183 Πρασίνων
2205 3105 2411 3180 δήμου’
2474 3109 2545 3179 τῇ
2613 3103 2670 3161 δὲ
2745 3106 2970 3180 πέμπτῃ
3024 3106 3340 3160 καταστάσει
3419 3104 3763 3180 εἰσέρχονται

348 3196 399 3250 οἱ
444 3199 549 3249 τοῦ
584 3197 782 3268 μέρους
813 3199 921 3250 τῶν
975 3195 1232 3252 Βενέτωνο
1261 3198 1331 3268 τῇ
1372 3192 1431 3250 δὲ
1493 3191 1623 3270 ἕκτῃ
1681 3198 2004 3252 καταστάσει
2049 3199 2100 3253 οἱ
2141 3202 2238 3253 τοῦ
2294 3197 2491 3271 μέρους
2529 3199 2637 3251 τῶν
2698 3195 3000 3269 Πρασίνων’
3037 3195 3142 3252 Καὶ
3200 3195 3398 3265 ἑκάστη
3431 3195 3612 3250 αὐτῶν
3663 3216 3762 3250 τα-

345 3285 424 3354 ξις
457 3280 701 3340 λαϐοῦσα
729 3279 1091 3357 ἀπογόμϐιον,
1120 3281 1250 3361 ἔχον
1280 3285 1546 3358 χρήματα
1575 3284 1752 3340 ἱκανά.
1789 3283 2088 3360 ἐξέρχεται,
2119 3285 2524 3362 εὖχαριστοῦσα
2551 3286 2642 3340 τὸν
2673 3286 2802 3340 Θεὸν
2844 3285 2889 3321 ⁴⁷
2920 3286 3008 3340 καὶ
3052 3283 3376 3362 εὐφημοῦσα
3405 3285 3496 3340 καὶ
3530 3284 3757 3360 ὑπερευσ

345 3375 560 3450 χόμένη
594 3374 767 3444 αὐτῷ.

820 3467 978 3522 176
1007 3465 1238 3523 CAPUT
1282 3465 1503 3522 LXVII.

349 3555 565 3628 Deploco
595 3559 646 3611 et
702 3555 918 3628 ordine,
966 3570 1071 3626 quo
1099 3571 1584 3628 procqresﬂomne:
1632 3554 1696 3610 in
1754 3556 1992 3628 singulis

412 3625 674 3753 deiin‘iis,
727 3625 788 3682 in
843 3625 1151 3698 majoribus
1194 3626 1412 3699 phialis
1451 3628 1744 3700 institutis,
1802 3625 1994 3685 astare

418 3714 474 3753 so
529 3715 568 3752 η
596 3738 609 3752 .

411 3787 454 3841 Ι.
489 3786 816 3843 Notandum
848 3791 956 3856 est,
984 3793 1118 3859 post
1149 3786 1586 3859 imperatorem,
1613 3803 1680 3844 eo
1712 3788 1853 3858 ritu,
1876 3804 1990 3859 quo

342 3875 744 3948 exposuimus,
779 3875 842 3933 in
871 3875 1014 3932 solio
1046 3876 1429 3945 assidentem,
1462 3875 1760 3932 eunuchos
1792 3881 1991 3950 proto-

340 3966 692 4038 spatharios,
723 3966 1036 4023 astrictiori
1067 3971 1225 4022 veste
1264 3965 1502 4022 indutos
1553 3983 1774 4037 suaque
1822 3966 1992 4023 saba-

341 4054 461 4122 nia,
495 4055 892 4126 torquesjtem
920 4061 976 4112 et
998 4057 1056 4110 in
1088 4054 1352 4111 humeris
1377 4055 1830 4127 spathobaculos
1856 4071 1990 4112 suos

341 4149 662 4217 gestantes,
721 4160 901 4217 prope
956 4144 1238 4200 thronum
1297 4149 1525 4200 astare:
1583 4149 1716 4216 post
1772 4145 1881 4201 hos
1931 4145 1989 4201 in

344 4235 536 4290 medio
565 4233 776 4290 solario
807 4233 1306 4306 protospatharios
1337 4233 1612 4290 barbatos
1641 4233 1701 4289 in
1737 4239 1992 4291 mutato-

339 4324 444 4380 riis
474 4339 727 4394 cumque
757 4323 970 4394 speciis
1000 4326 1057 4377 et
1087 4322 1420 4395 torquibus.
1452 4328 1632 4378 Arma
1660 4339 1762 4378 seu
1790 4327 1993 4380 scuta—

339 4413 496 4469 rium
526 4412 808 4483 epatharii
861 4412 1000 4478 duo,
1035 4426 1187 4467 unus
1245 4415 1378 4484 post
1433 4410 1705 4482 alterum,
1736 4417 1988 4484 gestant,

340 4518 596 4574 cumque
625 4501 716 4558 his
757 4501 982 4558 barbati
1009 4499 1456 4572 protospalharii
1481 4499 1845 4556 consistunt:
1867 4518 1993 4572 spa-

339 4589 858 4647 tharocubicularii
890 4595 948 4644 et
977 4587 1324 4644 cubicularii
1357 4605 1561 4644 omnes
1591 4589 1664 4644 ad
1687 4588 1895 4644 horum
1913 4589 1992 4645 si-

339 4681 585 4736 nistram
600 4680 793 4737 locum
811 4677 1084 4749 utrinque
1103 4677 1338 4732 habent.
1353 4677 1806 4733 Cerimoniarius
1820 4679 1992 4750 paulo

2710 3468 2970 3524 ΚΕΦΑΛ.
3023 3467 3146 3524 ΞΖ’.

2101 3556 2234 3631 Περὶ
2265 3562 2365 3626 τῆς
2406 3559 2534 3631 *τῶν
2592 3555 2843 3631 ἁπάντων
2891 3554 3223 3631 ἀρχόντων,
3259 3555 3459 3631 τάξεώς
3529 3574 3588 3631 τε
3657 3554 3748 3631 καί

2171 3624 2560 3701 παραστάσεως
2652 3627 2755 3701 ἐν’,
2810 3624 3021 3701 ἑκάστῴ
3115 3624 3348 3701 δεξίμιμ
3394 3624 3756 3700 ἐπιτελουμέ-

2174 3697 2324 3773 νιν-⁸8
2353 3699 2404 3755 έν
2447 3705 2567 3760 ταῖς
2604 3697 2866 3774 μεγάλαις
2908 3697 3150 3776 φιάλεσι.

2170 3789 2250 3846 Α’.
2298 3786 2494 3845 Ἰστέον
2543 3787 2651 3858 ὅτι,
2717 3786 2851 3860 μετά
2906 3787 2968 3842 τὸ
3005 3789 3332 3856 καθεσθῆνάι
3381 3789 3474 3843 τὸν
3533 3785 3765 3860 βασιλέα

2101 3875 2153 3931 ἐν
2208 3880 2289 3949 τῷ
2349 3875 2547 3949 σέντζῳ
2621 3879 2691 3950 τῇ
2766 3877 2911 3945 τάξει
3105 3875 3364 3948 ἀνωτέρω
3440 3877 3764 3952 είρήγαμεν,

2097 3964 2346 4020 ἳστανται
2408 3966 2661 4041 εὐνοῦχοι
2751 3964 3237 4040 πρωτοσπαθάριοι
3333 3965 3551 4020 ὄπισθεν
3653 3971 3761 4022 τοῦ

2105 4053 2374 4131 βασιλέως
2458 4055 2696 4125 πλησίον
2781 4058 2880 4110 τοῦ
2957 4054 3197 4124 σέντζου,
3273 4054 3618 4129 ἠλλαγμένοι
3692 4056 3762 4112 τὰ

2098 4164 2156 4198 τε
2217 4141 2479 4219 στιχάρια
2528 4143 2704 4198 αὐτῶν
2760 4145 2848 4198 καὶ
2930 4143 2999 4198 τὰ
3076 4138 3326 4217 σαϐάνια,
3404 4148 3635 4220 φοροῦσι
3703 4142 3764 4201 δὶ

2102 4231 2194 4288 καὶ
2269 4233 2334 4287 τὰ
2413 4233 2697 4306 μανιάκια,
2787 4232 2880 4288 καὶ
2963 4232 3052 4288 ἐπὶ
3148 4228 3318 4306 ὤμων
3429 4235 3762 4310 βαστάζουσι

2097 4321 2168 4378 τά
2216 4318 2596 4378 σπαθοϐάκλια
2677 4323 2876 4393 αὑτῶν,
2972 4318 3190 4377 ὄπισθεν
3271 4319 3328 4378 δὲ
3403 4329 3513 4378 τῶν
3579 4324 3760 4380 αὐτῶν

2099 4410 2603 4487 πρωτοσπαθαρίων
2641 4410 2886 4467 ’ίστανται
2922 4412 3083 4484 μέσον
3140 4409 3237 4466 τοῦ
3302 4410 3540 4482 ἡλιακοῦ
3603 4435 3765 4489 πρω-

2099 4500 2457 4576 τοσπαθάριοι
2530 4495 2796 4576 βαρϐάτοι
2879 4499 3230 4577 ἠλλαγμένοι
3294 4503 3362 4556 τά
3429 4523 3486 4558 τε
3566 4506 3767 4560 σπέκια

2101 4589 2277 4645 αὐτῶν
2310 4590 2399 4644 καὶ
2441 4591 2508 4645 τὰ
2549 4590 2824 4663 μανιάκια.
2857 4591 2934 4646 Τὸ
2965 4599 3027 4644 οὲ
3075 4590 3245 4664 ἅρμα,
3277 4591 3451 4666 ἤγουν
3502 4594 3566 4647 τὸ
3607 4615 3768 4650 σκου-

2100 4679 2312 4754 τάριον,
2367 4679 2693 4754 βαστάξουσι
2735 4680 3024 4753 σπαθάριοι
3083 4677 3180 4734 δύο
3237 4681 3357 4734 καθ’
3399 4678 3488 4735 ’ἑνα
3533 4679 3765 4748 ἕκαστος

334 4776 468 4826 ante
499 4768 888 4827 cubicularios
918 4745 1055 4834 stat,
1084 4775 1142 4821 ut
1171 4784 1202 4821 a
1235 4758 1510 4822 mandato
1541 4767 1803 4838 accipere
1820 4745 1994 4839 signa

2108 4767 2300 4838 αὐτῶν,
2358 4768 2449 4823 καὶ
2493 4766 2741 4824 ’ίστανται
2815 4769 2951 4843 μετά
3031 4773 3142 4823 τῶν
3221 4769 3398 4824 αὐτῶν
3466 4769 3758 4846 βαρϐάτων

337 4876 372 4914 a
400 4859 702 4932 preposito
724 4858 931 4932 possit.
953 4857 1092 4913 Post
1121 4855 1308 4912 dictos
1332 4855 1834 4928 protospatharios
1855 4856 1993 4912 bar-

2100 4857 2609 4934 πρωτοσπαθαρίων
2667 4860 2729 4894 ⁴⁹·
2792 4859 2844 4914 οἱ
2904 4854 2962 4912 δὲ
3049 4855 3759 4939 σπαθαροκουϐικουλάριοι

1696 4972 1937 5030 VARI/ﬂ
1978 4974 2272 5032 LECTION
2277 4976 2384 5032 ES.

410 5068 554 5152 “sic
580 5069 644 5124 τὸ
665 5069 881 5152 σόη-ὧ
910 5067 1080 5152 εἷςῃτὺ
1107 5070 1214 5152 .ed;
1279 5066 1822 5152 Ι’ξ’ΣΧΟΛκςισστέ-ρν,
1871 5067 1989 5152 ἔτι,
2036 5068 2205 5152 εἰιίού
2253 5073 2369 5144 ed.]
2415 5069 2709 5152 ἀδυνάτως.
2745 5067 2996 5152 [δύναμιν
3054 5074 3194 5146 ed.]
3251 5068 3368 5150 ἔχει
3417 5077 3446 5131 6
3500 5074 3760 5152 δομέᾳτι.

337 5145 569 5226 κοςητῶν
637 5141 915 5226 σχολῶνμ
943 5139 1052 5226 εἷξεε
1100 5140 1128 5193 6
1158 5137 1509 5226 -80péa-rtico'q
1539 5142 1647 5193 τῶν
1709 5135 2060 5226 ἐξκουϐίτων,
2082 5135 2533 5226 ἔκπροεωποῦσιν
2561 5135 2763 5226 αὖτοὺξ
2788 5135 2917 5226 Lsicl
2939 5160 3010 5226 ex
3037 5135 3346 5226 compend.
3386 5135 3584 5226 _cod.,‘
3604 5151 3762 5226 αὐτῷ

339 5215 458 5286 ed.]
487 5208 819 5286 πατρίκῐοικ
869 5211 1042 5286 ⁴⁷τὸν
1099 5208 1266 5286 θεῶν’
1300 5208 1530 5286 βασιλέα
1588 5208 1835 5286 proﬁt-6v
1875 5212 2006 5266 Θεὸν
2038 5208 2196 5286 conj.
2249 5215 2316 5270 R.

338 5276 583 5345 θόίταῖς
601 5276 724 5341 bm.
757 5284 848 5339 ed.
927 5283 974 5321 ⁴⁹
1007 5276 1271 5356 βαρϐάτοι
1300 5276 1628 5356 ἀσπαθάριὸι
1661 5284 1753 5339 ed.

2393 5217 2437 5251 "
2491 5213 2898 5288 ἐπιτελουμένῳ
2941 5216 3033 5286 Ρι.,
3075 5212 3517 5291 ἐπιτελουμένων
3539 5212 3667 5282 eod.
3701 5212 3763 5283 e't

1398 5397 1598 5455 JOAN.
1619 5397 1763 5456 JAC.
1789 5400 2058 5457 REISKII
2078 5400 2674 5461 COMMENTARIUS.

401 5501 514 5571 (88)
574 5500 652 5554 Ex
709 5498 824 5554 ritu
875 5501 1088 5563 vetere,
1143 5496 1317 5571 dona_
1354 5496 1788 5571 sinu_expa_neo
1819 5499 1984 5571 exci-

374 5568 552 5638 iendi,
579 5587 692 5626 non
727 5586 903 5625 manu
935 5584 1094 5623 cava.
1127 5568 1423 5623 Ammian.
1459 5568 1718 5626 Marcell.
1751 5570 1790 5626 l.
1819 5569 1982 5626 XVI:

359 5644 576 5724 adacti:
613 5641 854 5724 quadam
881 5640 1239 5721 solemnitate.
1287 5639 1585 5724 ageutiuua
1643 5643 1704 5695 in
1732 5641 1894 5724 rebus
1923 5643 1985 5724 in

331 5710 746 5783 consistorium,
777 5718 837 5770 ιιι
875 5727 1079 5770 aurum
1115 5713 1454 5782 acciperent,
1501 5710 1647 5767 inter
1687 5713 1826 5769 alios
1859 5714 1986 5784 qui-

2095 5499 2228 5578 d_a_m
2259 5503 2841 5578 eerorum‘consortio
2869 5518 3002 5571 non,
3034 5507 3095 5558 ut
3140 5505 3313 5561 moris
3357 5515 3458 5573 est,
3490 5526 3757 5578 expansa

2095 5572 2404 5651 chlamyde,
2464 5574 2560 5651 {ed
2605 5580 2842 5651 utraque
2879 5591 3062 5651 manu
3103 5583 3302 5633 cavata
3350 5572 3630 5651 susbcpil;
3695 5590 3754 5640 et

2094 5643 2438 5773 imperatur:
2474 5648 2696 5719 Rapere,
2727 5643 2930 5718 inquit,
2960 5661 3074 5702 non
3101 5651 3348 5721 accipere
3373 5643 3556 5707 sciuit:
3583 5643 3756 5724 agen-

2119 5731 2176 5771 es
2205 5732 2266 5770 ιη
2297 5733 2356 5773 re
2392 5733 2476 5773 us.
