4134 6394
369 351 486 412 577

1253 344 1354 404 DE
1395 342 1853 404 CEBIMONIIS
1893 341 2131 402 AULE
2173 341 2648 403 ΒΥΖΑΝΤΙΝιΕ
2692 344 2842 404 LIB.
2889 343 2935 402 Ι.

3677 346 3798 406 578

369 479 461 536 καὶ
510 481 561 534 o't
609 472 1067 550 κοοϐικουλάριοι
1114 472 1360 529 ἵστανται
1411 472 1495 529 ἐπ’
1553 471 1760 538 εὐθείας
1807 472 2073 548 ἅπαντες⁴

2153 471 2314 529 batos
2365 472 2968 544 spatharocandidati,
3013 471 3630 543 spatharocubicularii
3661 490 3796 530 vero

374 566 520 635 ἔνθεν
577 568 790 624 κάκεῖσε
837 569 947 620 τῶν
1025 563 1204 618 αὐτῶν
1281 557 1572 638 βαρϐάτων
1631 573 2033 637 πρωτοσπαθαο

2143 568 2202 617 et
2231 561 2576 618 cubicularii
2606 561 2865 618 scutario.
2892 577 3020 630 sua,
3040 566 3281 633 torques
3317 571 3369 618 et
3399 563 3649 635 gladios,
3672 580 3800 637 spa-

382 658 537 734 ρῖων,
568 657 628 713 Ὀ
665 652 723 709 δὲ
750 659 854 721 τῆς
900 651 1280 711 καταστάσεως
1323 648 1541 705 ἵσταται
1586 642 1887 723 ἔμπροσθεν
1926 652 2034 702 τῶν

2153 648 2318 705 ῐΙιειιιίἱ
2351 649 2505 705 idem
2537 649 2765 719 gladios
2795 667 2938 706 suos
2968 656 3026 706 et
3058 667 3166 706 sua
3195 651 3480 708 dextralia
3497 657 3796 724 gestantes

383 741 850 820 κουϐικουλαρίων
903 741 1096 817 μικρὸν
1151 741 1288 815 πρὸς
1319 740 1381 795 τὸ
1409 735 1710 814 λαμϐάνειν
1740 737 1896 793 αὐτὸν
1927 737 2034 792 ἀπὸ

386 833 675 894 κελεύσεως
733 829 795 886 ἐκ
847 834 948 886 τοῖ’)
994 827 1361 903 πραιποσίτου
1409 829 1477 883 τὰ
1537 827 1793 900 νεύματα.
1854 827 1922 884 Οἱ
1979 822 2036 880 δὲ

383 917 942 997 σπαθαροκανδιὸάτοι
1006 916 1255 973 ἵστανται
1311 914 1530 980 ὄπισθεν
1597 920 1706 970 τῶν
1769 934 2035 988 προειρη-

378 1013 550 1085 μένων
629 1005 915 1085 βαρὸάτων
993 1005 1523 1081 πρωτοσπαϐαρίων,
1599 998 2038 1078 σπαθαροκουϐι-

371 1099 690 1175 κουλαρίων
731 1119 789 1153 τε
829 1095 920 1152 καὶ
968 1090 1446 1170 κουϐικουλαρίων
1487 1095 1536 1130 ⁵ο
1587 1094 1945 1169 βαστάζοντες
1973 1092 2039 1148 τὰ

371 1188 668 1262 σκουτάρια
715 1189 919 1254 αὑτῶν,
969 1190 1260 1258 φοροῦντες
1329 1185 1418 1238 καὶ
1496 1184 1562 1238 τὰ
1628 1183 1883 1257 μανιάκια
1948 1181 2038 1238 καὶ

2141 741 2213 796 ad
2239 747 2550 814 utramque
2573 741 3302 814 spatharocandidatorum
3328 759 3550 799 manum
3571 748 3794 800 astant:

2142 828 2228 885 sic
2257 831 2430 886 etiam
2463 831 2770 900 spatharii,
2792 830 2963 903 siqui
2999 830 3058 886 in
3094 831 3235 885 urbe
3263 833 3500 888 adsunt.
3526 831 3795 888 Silentia-

2143 918 2216 974 rii
2251 919 2308 974 in
2340 919 2469 975 velo
2499 937 2789 992 suspenso
2821 927 2997 992 portas
3040 919 3237 975 solarii
3267 919 3328 974 in
3362 919 3588 993 pulpito
3637 939 3795 978 mar-

2145 1023 2365 1076 moreo,
2408 1009 2666 1080 praefecti
2716 1007 2986 1065 cubiculo
3034 1012 3093 1064 et
3140 1008 3370 1080 patricii
3418 1010 3696 1080 utrinque
3737 1012 3794 1065 in

2145 1096 2444 1166 cancellis,
2496 1099 2652 1154 unde
2702 1097 3033 1172 prospicere
3088 1098 3298 1168 solent,
3347 1098 3488 1154 recti
3537 1098 3800 1171 ipsisque

2147 1186 2334 1243 innixi
2363 1191 2581 1244 astant.

373 1281 442 1335 τὰ
494 1277 690 1333 σπαθία
741 1277 940 1343 αὑτῶν,
993 1273 1253 1336 ὡσαύτως
1300 1273 1393 1329 καὶ
1441 1275 1492 1328 οἱ
1565 1272 1856 1346 σπαθάριοι
1927 1278 2221 1351 φοροῦντες
2296 1274 2364 1329 τά
2436 1295 2494 1330 τε
2572 1274 2769 1330 σπαθία
2827 1275 3001 1330 αὐτῶν
3057 1277 3148 1330 καὶ
3209 1277 3522 1351 σκουτάρια,
3599 1275 3799 1353 βαστάυ

382 1375 562 1439 ζοντες
593 1369 659 1423 τὰ
690 1363 981 1442 διστράλια
1012 1362 1212 1433 αὐτῶν,
1256 1363 1506 1418 ἵστανται
1557 1358 1704 1426 ἔνθεν
1751 1362 1967 1416 κάκεῖσε
2010 1367 2120 1418 τῶν
2171 1361 2780 1439 σπαθαροκανδιδάτων,
2811 1365 3022 1438 ὁμοίως
3055 1367 3100 1420 εἱ
3130 1366 3349 1446 τύχωσι
3379 1367 3470 1422 καὶ
3510 1368 3800 1439 σπαθάριοι

382 1457 472 1513 διὰ
503 1456 716 1518 πόλεως
745 1457 882 1528 (89).
927 1454 994 1510 Οἱ
1045 1449 1102 1508 δὲ
1150 1451 1503 1527 σιλεντιάριοι
1542 1449 1784 1506 ἵστανται
1834 1450 1886 1506 ἐν
1932 1456 2012 1524 τῷ
2057 1452 2388 1527 κρεμαμὲνῳ
2435 1453 2599 1527 βήλῳ
2647 1454 2831 1525 πύλης
2879 1459 2976 1510 τοῦ
3007 1455 3243 1524 ἡλιακὸῦ
3274 1453 3327 1510 ἐν
3361 1460 3440 1527 τῷ
3474 1455 3801 1532 μαρμαρίνῳ

379 1545 689 1618 πουλπίτῳο
722 1546 986 1620 ἄρχοντες
1019 1539 1076 1598 3‘s
1101 1545 1204 1598 τοῦ
1233 1536 1630 1597 κουόουκλείου
1658 1541 1749 1596 καὶ
1780 1540 2062 1617 πατρίκιοι
2099 1540 2350 1599 ἵστανται
2380 1539 2525 1607 ἔνθεν
2545 1543 2762 1598 κᾶκεῖσε
2785 1541 2836 1598 ἓν
2860 1548 2975 1606 τοῖς
2998 1549 3434 1617 παρακοπτικοῖς
3466 1543 3800 1620 καγκέλλοις

377 1633 579 1712 ὄρθιοι,
610 1631 1014 1707 ἐπερειδόμεναι
1044 1629 1128 1687 ἐπ’
1157 1631 1366 1693 αὐτοῖς.

452 1726 522 1781 Β’.
555 1723 750 1782 Ἰστέον
785 1719 842 1777 δὲ
885 1723 976 1776 καὶ
1005 1724 1192 1791 τοῦτο,
1243 1721 1354 1791 ὅτι,
1393 1719 1438 1775 εἰ
1485 1739 1648 1795 τοχοι
1699 1717 1946 1796 γενέσθαι
1973 1721 2036 1776 τὸ
2070 1783 2073 1791 η

2217 1723 2287 1779 II.
2323 1723 2484 1789 Quod
2519 1722 2570 1778 si
2613 1723 2672 1778 in
2705 1727 2933 1780 secreta
2962 1722 3160 1794 phiala
3184 1723 3472 1780 triconchi
3501 1725 3798 1781 deximum

379 1813 599 1887 δὲξιμον
636 1811 686 1867 ἐν
735 1817 804 1886 τῇ
864 1813 1098 1884 μυστιγῇ
1145 1807 1316 1887 φιάλῃ
1362 1813 1459 1864 τοῦ
1505 1808 1834 1884 τρικόγχου,
1861 1808 2038 1865 τελεῖ-

371 1923 466 1960 ται
521 1903 555 1971 ἡ
620 1907 722 1969 τῆς
779 1900 1166 1976 παραστάσεως
1219 1899 1368 1970 τάξις
1427 1897 1620 1960 οὕτως·
1676 1899 1958 1968 Καθέζεται
2007 1899 2036 1953 ὁ

371 1990 638 2070 βασιλεὺς
695 1989 786 2046 ἐπὶ
849 1994 952 2046 τοῦ
1011 1988 1249 2059 σέντζου,
1309 1988 1385 2052 ὡς
1447 1987 1676 2052 ε’ἶθισται
1726 1989 1899 2059 αὐτῷ,
1946 1989 2036 2042 καὶ

365 2079 618 2137 ἵστανται
669 2077 903 2135 ἐνώπιον
954 2077 1120 2132 αὐτοῦ
1169 2075 1439 2152 ἄρχοντες
1473 2080 1572 2132 τοῦ
1617 2071 2037 2147 κουϐοοκλείου,

377 2173 432 2227 οἳ
463 2169 521 2225 3‘s
566 2167 844 2243 πατρίκιοι
899 2165 988 2221 καὶ
1043 2165 1342 2242 στρατηγοὶ
1387 2163 1635 2220 ἵστανται
1689 2165 1915 2226 ἅπαντες
1948 2162 2037 2218 ἔν-

375 2261 463 2314 Θεν
504 2257 724 2313 κάκεῖσε
773 2255 880 2310 ἀπὸ
930 2257 1026 2310 τοῦ
1072 2251 1381 2309 πουλπίτου
1580 2252 1630 2307 ἐν
1675 2258 1793 2315 ταῖς
1837 2252 2036 2328 Θυρίσι·

375 2349 430 2404 οἳ
491 2345 552 2403 8‘s
612 2344 971 2421 συγκλήτικοὶ
1048 2342 1298 2399 ὑπατικοὶ
1370 2344 1618 2398 ἵστανται
1702 2343 1793 2397 ἀπ’
1866 2339 2040 2397 αὐτῶν

378 2437 594 2512 ὁμοίως
635 2436 729 2492 καὶ
777 2433 932 2490 αὐτοὶ
981 2431 1032 2488 ἐν
1077 2438 1198 2496 ταῖς
1249 2432 1477 2504 θυρίσιν.
1531 2431 1803 2492 Ὡσαύτως
1849 2433 1940 2485 καὶ
1989 2432 2042 2487 οἱ

378 2527 643 2601 εὐνοῦχοι
692 2523 1177 2601 πρωτοσπαθᾶριοι
1219 2519 1464 2578 ἵστανται
1514 2516 1733 2586 ὄπισθεν
1789 2525 1885 2576 τοῦ
1938 2521 2042 2596 βα-

375 2615 580 2678 σιλέως
631 2612 869 2684 πλησίον
918 2615 1015 2667 τοῦ
1065 2611 1283 2680 σέντζου
1334 2608 1700 2686 ἠλλαγμένοι·
1736 2611 1787 2665 οἱ
1821 2608 1878 2664 Si
1911 2611 2042 2685 βαρ-

377 2703 537 2762 ϐἆτοι
585 2703 1076 2779 πρωτοσπαθάριοι
1123 2701 1212 2756 καὶ
1271 2701 1323 2755 οἱ
1373 2701 1436 2756 τὸ
1487 2699 1635 2776 ἅρμα
1690 2699 2042 2784 κατέχοντες,

384 2796 455 2858 ὡς
503 2793 859 2869 προείρηται,
901 2787 1145 2846 ἵστανται
1203 2783 1509 2866 ἔμπροσθεν
1566 2791 1675 2843 τῶν
1724 2788 1914 2842 πυλῶν
1945 2783 2043 2845 τοῦ

387 2885 689 2958 τρικὸγχου
747 2881 814 2936 δί.
887 2881 1145 2942 Ὅπισθεν
1211 2881 1318 2932 τῶν
1383 2873 1796 2954 προβῇτβέπων
1857 2875 2044 2931 εὐνού-

390 2991 504 3049 χων
556 2967 1060 3043 πρωτοσπάθαρίων
1119 2969 1168 3003 ⁵²
1235 2960 1932 3041 σπαθαροκουϐικουλάριοί
1986 2985 2046 3019 τε

2148 1810 2500 1878 instituitur,
2529 1827 2734 1868 omnes
2765 1812 2874 1868 hoc
2906 1813 3110 1868 ordine
3147 1817 3337 1868 astare
3367 1812 3578 1868 solent.
3613 1813 3798 1884 impe-

2147 1903 2326 1968 rator,
2360 1903 2422 1953 ut
2462 1899 2651 1971 ipsius
2686 1916 2813 1955 mos
2845 1903 2955 1968 est,
2979 1900 3039 1955 in
3071 1899 3214 1956 solio
3238 1901 3421 1966 sedet,
3449 1900 3798 1972 anteipsum

2148 1987 2403 2059 praefecti
2438 1988 2731 2057 cubiculo,
2771 1989 3003 2060 patricii
3052 1993 3111 2045 et
3155 1989 3393 2062 strategi
3446 1989 3720 2061 utrinque
3768 2007 3802 2045 a

2148 2075 2376 2148 pulpito
2409 2076 2467 2130 in
2491 2077 2714 2147 januis,
2745 2082 2878 2148 post
2905 2093 3002 2133 eos
3056 2085 3351 2133 senatores
3377 2080 3434 2132 et
3463 2077 3801 2134 consulares

2149 2164 2370 2236 pariter
2397 2164 2456 2220 in
2481 2165 2682 2235 januis
2730 2165 3077 2221 consistunt.
3113 2166 3204 2222 Sic
3235 2174 3284 2221 et
3319 2165 3571 2221 eunuchi
3604 2171 3799 2238 proto-

2150 2253 2438 2326 spatharii
2463 2270 2611 2325 pone
2642 2254 3054 2325 imperatorem
3089 2272 3267 2328 prope
3299 2255 3573 2312 thronum
3593 2255 3654 2311 in
3680 2273 3801 2312 mu-

2150 2342 2395 2413 tatoriis,
2430 2342 2653 2399 barbati
2677 2343 3140 2416 protospatharii
3171 2349 3228 2400 et
3259 2344 3361 2418 qui
3391 2361 3554 2401 arma
3583 2350 3802 2412 tenent,

2150 2436 2214 2487 ut
2243 2431 2463 2486 dictum
2499 2435 2609 2497 est,
2633 2448 2829 2488 coram
2851 2431 3033 2504 portis
3056 2433 3414 2490 triconchi.A
3436 2440 3597 2507 tergo
3619 2451 3803 2491 eunu-

2150 2519 2398 2576 chorum
2426 2521 3059 2592 protospathariorum,
3081 2538 3332 2594 quorum
3375 2540 3551 2593 supra
3596 2523 3806 2580 memi-

2154 2611 2374 2678 nimus,
2421 2610 3044 2682 spatharocubicularii
3080 2618 3137 2669 et
3164 2613 3505 2670 cubicularii
3540 2617 3598 2670 in
3631 2614 3806 2671 tertia

2155 2706 2316 2770 parte
2346 2697 2657 2764 triconchi,
2689 2701 2728 2754 1
2747 2701 2784 2754 7
2799 2700 2840 2753 7
2875 2700 3448 2770 spatharocandidati
3481 2707 3538 2758 et
3558 2702 3805 2774 spatha—

2155 2788 2228 2844 rii
2279 2788 2351 2842 ad
2406 2797 2724 2860 utrumque
2776 2789 3142 2858 imperatoris
3180 2789 3336 2846 latus
3369 2790 3429 2846 in
3462 2793 3804 2849 marmoreis

2154 2875 2418 2949 pulpitis,
2460 2875 2898 2933 cerimoniarius
2940 2882 3075 2934 ante
3106 2877 3291 2935 dictos
3323 2879 3804 2952 spatharocandi-

2159 2968 2321 3021 datos
2376 2969 2433 3020 et
2479 2965 2832 3037 spatharios,
2890 2971 2948 3022 et
2993 2983 3029 3022 a
3085 2971 3246 3040 tergo
3308 2970 3438 3040 ejus
3495 2968 3804 3026 silentiarii

387 3040 483 3116 ἆιάὶ
538 3040 985 3131 κονυϐικουλάριοι
1019 3054 1264 3111 ἵστανται
1319 3052 1370 3108 ἐν
1538 3053 1692 3128 τρίτῃ
1754 3052 1903 3124 πύλῃ
1946 3058 2042 3109 τοῦ
2074 3040 2117 3108 C
2156 3061 2369 3112 astant.

392 3147 721 3222 τρικὸγχοο,
749 3147 801 3200 οἱ
833 3143 892 3200 δὲ
922 3139 1486 3216 σπαθαροκανόιδάτοι
1516 3142 1606 3196 καὶ
1639 3143 1691 3196 οἱ
1723 3143 2016 3216 σπαθάριοι
2044 3141 2297 3198 ἵστανται
2329 3137 2474 3194 ἔνθεν
2504 3138 2723 3194 κάκεῖσε
2757 3145 2856 3196 τοῦ
2899 3138 3167 3217 βασιλέως
3197 3139 3250 3197 ἐν
3281 3147 3398 3205 τοῖς
3443 3143 3806 3219 μαρμαρίνοις

404 3234 738 3300 πουλπίτοιςο
771 3237 801 3291 ὁ
833 3232 892 3290 δὲ
920 3237 1021 3300 τῆς
1051 3232 1426 3295 καταστάσεως
1454 3232 1669 3288 ἵσταται
1700 3227 2001 3307 ἔμπροσθεν
2029 3239 2138 3289 τῶν
2188 3228 2603 3308 προειρημένων
2638 3228 3221 3307 σπαθαροκανδιδάτων
3259 3253 3318 3288 τε
3346 3233 3437 3288 κστὶ
3471 3234 3805 3308 σπαθαρίων,

396 3322 612 3391 ὄπισθεν
639 3321 692 3380 δὲ
718 3329 816 3381 τοῦ
852 3329 954 3394 τῆς
982 3323 1358 3384 καταστάσεως
1385 3319 1634 3378 ἵστανται
1667 3320 2044 3399 σιλεντιαριοι.

998 3415 1266 3470 ΚΕΦΛΛ.
1308 3412 1440 3470 ΞΗ’.

381 3505 516 3579 Περέ
585 3509 683 3559 τοῦ
751 3507 962 3579 χρυσοῦ
1026 3498 1407 3579 ἱπποδρομίου
1472 3500 1564 3556 καὶ
1627 3507 1736 3556 τῶν
1791 3499 1846 3556 ἐν
1904 3500 2049 3574 αὖτῷ

1029 3573 1402 3647 τελουμένων.

447 3666 532 3724 Α’.
604 3664 982 3741 Προέρχονται
1050 3663 1282 3726 ἅπαντες
1358 3661 1625 3737 ἐννύχιαι,
1693 3659 2044 3739 ἠλλαγμένοι

373 3755 486 3812 ἀπὸ
519 3753 733 3810 λευκῶν
783 3751 1106 3828 χλανιδίων,
1157 3753 1208 3807 οἱ
1261 3753 1356 3826 μὲν
1406 3749 1457 3806 ἐν
1509 3755 1578 3825 τῇ
1631 3751 1963 3828 Θερμάστρᾳ,
1996 3753 2048 3807 οἱ

369 3842 433 3900 δὲ
479 3841 534 3898 ἒν
585 3845 654 3915 τῇ
696 3839 876 3916 ἆψίδιο
926 3840 1016 3896 καὶ
1065 3835 1252 3896 λαϐὼν
1307 3834 1577 3913 κομϐίναν
1607 3842 1720 3914 (91)
1753 3841 1781 3894 ὁ
1810 3842 2048 3918 πραιπό-

2713 3413 2948 3470 CAPUT
2991 3413 3244 3471 LXVIII.

2231 3504 2306 3558 De
2332 3519 2500 3561 aureo
2530 3504 2909 3576 hippodromo,
2932 3509 2987 3561 et
3005 3520 3124 3576 quae
3154 3506 3218 3562 in
3248 3503 3348 3561 illo
3373 3510 3738 3578 peraguntur.

2231 3670 2272 3723 Ι.
2306 3667 2523 3724 Omnes
2555 3667 2704 3724 albis
2731 3665 2994 3724 vestibus
3041 3667 3231 3724 induti
3281 3673 3450 3725 nocte
3493 3671 3706 3742 partim
3741 3671 3813 3727 ad

2159 3756 2479 3822 caminum,
2512 3758 2719 3829 partim
2741 3757 2813 3812 ad
2835 3756 3099 3829 apsidem
3128 3758 3454 3830 procedunt
3496 3774 3510 3814 :
3545 3760 3817 3832 prseposi-

2159 3849 2275 3913 tus,
2308 3853 2542 3918 accepta
2571 3862 2604 3901 a
2646 3845 2968 3902 silentiario
3005 3846 3300 3915 combine,
3344 3847 3526 3903 intrat
3568 3864 3817 3919 eamque

1763 3941 1995 3997 νΑΒῐιΕ
2037 3943 2446 4000 LECTIONES.

452 4023 1236 4105 “AWEQ1901906tXO‘oldptoi
1268 4049 1324 4084 τε
1363 4029 1451 4084 καὶ
1486 4023 1939 4104 κουϐικουλάριοι
1995 4033 2088 4089 ed.

385 4103 598 4178 θαρίων
634 4102 687 4156 o't
719 4102 951 4177 σπαθαρ.
981 4103 1073 4160 ed.

2164 4033 2208 4070 ⁸¹
2261 4032 2400 4090 Post
2427 4032 2728 4106 τρικόγχου
2761 4031 3200 4090 distinctionem
3236 4049 3354 4092 om.
3387 4034 3478 4092 ed.
3557 4035 3600 4071 “
3641 4035 3816 4089 ἀσπα-

1433 4189 1630 4249 JOAN.
1672 4191 1818 4248 JAC.
1862 4191 2125 4250 REISKII
2163 4191 2760 4250 COMMENTARIUS.

466 4284 584 4354 (89)
621 4281 880 4354 Habebat
907 4299 1020 4339 non
1044 4286 1272 4339 tantum
1296 4281 1636 4352 imperator,
1655 4281 1758 4337 sed
1783 4297 2050 4353 proceres

393 4353 632 4428 quoque
651 4359 724 4428 Aet
755 4353 916 4420 urbs,
949 4354 1473 4428 suosrspatbarios,
1509 4360 1570 4409 ut
1620 4354 1796 4409 urbes
1837 4358 2050 4428 nostra

2235 4283 2349 4354 (9|)
2379 4283 2658 4338 Combina
2689 4289 2777 4338 est
2805 4287 3050 4351 tessera,
3081 4285 3254 4354 cujus
3283 4283 3336 4339 vi
3355 4283 3533 4341 alicui
3573 4285 3821 4342 facultas

2165 4355 2545 4428 permittitur,
2560 4359 2665 4409 aut
2687 4354 2922 4428 publico
2941 4356 3439 4428 cursu,autequis
3461 4357 3821 4413 circensibus

398 4423 555 4499 alere
583 4424 946 4499 solentsuos
992 4423 1212 4499 milites
1257 4427 1535 4499 urbanos,
1569 4441 1635 4499 a_
1650 4426 2054 4499 castrensibus
2085 4423 2133 4486 D
2165 4423 2387 4499 utendi,
2433 4433 2532 4481 aut
2567 4423 3027 4499 committuntur
3084 4423 3339 4499 alicujus
3391 4443 3545 4483 curua
3595 4429 3730 4499 equi
3763 4434 3824 4484 et

403 4497 686 4565 diversos,
743 4496 815 4550 ad
865 4497 1256 4554 custodienda
1313 4495 1443 4552 ioca
1498 4495 1756 4565 publica,
1813 4497 2056 4552 aedificia

405 4572 469 4639 et
508 4567 742 4639 moenia,
767 4567 1006 4639 Videtur
1050 4574 1245 4625 tamen
1287 4583 1328 4639 re
1379 4584 1435 4639 p.
1486 4567 1613 4639 424;,
1647 4568 2056 4639 protospatha-

405 4638 528 4694 rios
553 4636 672 4698 τοὺς
720 4634 812 4691 διὰ
859 4638 1099 4708 πόλεως,
1134 4639 1234 4710 qui
1282 4634 1526 4699 ibi'roiq
1575 4634 1878 4709 ἐξώτικοῖςζ
1914 4642 2058 4695 sub-

404 4709 644 4783 urbanis
673 4709 1231 4783 autcampestrib’us
1252 4716 1650 4783 opponuntur,
1679 4710 1799 4783 illis
1825 4726 2056 4783 nempe,

395 4781 501 4853 qui
537 4781 593 4836 in
629 4781 862 4852 palatiis
893 4781 1210 4838 rusticanis
1240 4781 1629 4850 excubabant,
1668 4781 1848 4838 fuisse
1876 4781 2058 4853 impe-

397 4853 574 4910 riales
608 4868 843 4923 quoque
892 4853 1204 4925 stipendiis
1233 4853 1400 4925 aulae
1451 4853 1618 4925 altos,
1661 4857 1719 4909 et
1770 4870 1867 4924 per
1898 4854 2060 4910 urbis

398 4926 528 4982 loca
557 4926 884 4996 custodiam
927 4923 1286 4996 requirentia
1326 4924 1662 4996 dispositos.
1701 4923 2062 4982 Ur’baniciani

406 5000 650 5068 possent
679 4995 798 5052 dici
824 4997 894 5051 ad
936 4994 1270 5066 exemplum
1311 4994 1605 5068 Spartiani
1635 4997 1693 5052 in
1727 4996 1892 5067 Geta,
1933 5002 1974 5052 t.
2014 4997 2059 5061 l,

405 5066 534 5141 Scr.
551 5066 730 5141 _Hi_st._
747 5071 896 5141 Aug.
930 5083 1063 5141 pag.
1093 5069 1221 5141 743.

479 5139 598 5209 (90)
630 5137 1037 5209 Pulpitum’iti
1083 5138 1355 5196 cubiculo
1401 5145 1502 5194 aut
1549 5138 1676 5209 sala
1723 5143 1811 5194 est
1849 5141 1952 5195 aut
1981 5139 2058 5204 id,

405 5208 956 5283 quodNicephorus
979 5209 1264 5283 Gregoras
1294 5210 1411 5266 ﬁne
1440 5209 1480 5266 1.
1508 5208 1580 5283 XI
1610 5211 1693 5283 ait
1719 5224 1852 5283 _ess_e
1881 5210 2062 5266 altius

395 5276 469 5337 ad
505 5276 1144 5352 spithamertrientefn
1195 5283 1420 5352 reliquo
1458 5281 1581 5337 solo
1640 5276 1921 5348 ἒπίπεδον,
1965 5287 2064 5337 aut

397 5355 557 5425 quod
604 5352 777 5408 Torci
836 5351 1008 5425 hodie
1071 5351 1634 5425 Soﬁ‘ah_appellant,
1685 5359 2062 5425 suggestum,

393 5423 504 5496 qui
562 5427 755 5496 totum
815 5424 1135 5496 parietem__
1172 5423 1652 5496 foribus’ﬂdiaatw
1719 5423 2062 5496 oppositum

391 5491 740 5570 praetendit,
771 5491 902 5551 eum
934 5491 1168 5570 παστάδι
1208 5511 1310 5570 seu
1361 5495 1584 5570 nidulo,
1631 5491 1775 5570 (ιιι-νά
1800 5491 2061 5570 parietis,

385 5566 458 5626 in
492 5583 611 5639 quo
642 5568 842 5624 sedere
871 5571 931 5623 et
967 5568 1184 5625 cubare
1205 5567 1354 5624 solet
1361 5566 1803 5692 (paterfamilias
1833 5572 1934 5623 aut
1965 5567 2068 5624 ho-

392 5637 823 5700 noratissimus
864 5639 1135 5706 quisque.
1181 5639 1343 5706 Qua_
1403 5653 1434 5695 e
1480 5653 1542 5693 re
1595 5638 1826 5695 consuli
1883 5638 2059 5696 velim

392 5656 591 5700 norau
601 5656 823 5695 εειωιιε
864 5656 1036 5700 αυιεα
1046 5656 1135 5697 ue.

393 5655 823 5700 noraussimus
864 5655 1135 5712 quisque.
1181 5655 1306 5706 uua
1361 5655 1434 5695 ne
1480 5655 1542 5693 re
1595 5655 1826 5695 consuu
1883 5655 1899 5694 ι

393 5712 788 5771 itineratores
818 5711 1153 5769 orientales.
1187 5703 1414 5782 Θυρίδες
1443 5713 1585 5768 sunt
1611 5712 1899 5780 fenestrae.

2168 4497 2314 4552 muli
2371 4497 2726 4568 imperiales,
2784 4505 3014 4567 pastum
3073 4496 3321 4553 ducendi
3370 4506 3424 4552 et
3482 4496 3818 4557 reducendi.

2165 4568 2395 4625 Medius
2444 4567 2811 4640 signiﬁcatus
2861 4569 2956 4624 hic
3005 4568 3250 4640 obtinet.
3281 4569 3528 4640 Primus
3571 4572 3822 4626 occurrit

2295 4640 2384 4676 inn
2415 4641 2472 4676 in
2507 4639 2748 4676 Limn-ni-
2784 4639 3044 4676 Dnmnnn
3072 4659 3087 4673 ο
3115 4639 3206 4676 υἰή
3264 4639 3484 4676 an”...
3539 4657 3654 4676 nun
3717 4643 3778 4676 AZ

2167 4640 2385 4712 saepius
2415 4641 2475 4696 in
2503 4639 2753 4724 historia
2784 4639 3087 4724 Romana;
3115 4639 3231 4694 vid.
3264 4639 3503 4696 Gnther.
3539 4657 3672 4712 pag.
3716 4643 3819 4723 β41

2165 4717 2226 4768 et
2254 4713 2382 4780 649,
2418 4712 2518 4767 ubi
2567 4715 2649 4767 ait
2691 4713 3022 4780 combinas,
3072 4714 3460 4781 synthemata,
3492 4718 3821 4780 tractorlas,

2167 4782 2704 4856 evectionesgidem
2766 4789 2984 4851 notare,
3039 4798 3247 4854 nempe
3299 4782 3617 4856 codicillos,
3657 4802 3826 4856 quos

2169 4855 2470 4910 cxhibenti
2501 4853 2753 4909 facultas
2786 4856 2958 4910 [iebat
2998 4870 3174 4910 cursu
3225 4853 3459 4925 publico
3492 4853 3716 4912 utendi.
3754 4855 3826 4912 Ut

2169 4935 2362 5011 autem
2391 4925 2618 5011 nemini
2658 4926 2882 5011 licebat.
2912 4928 3136 5011 absque
3167 4925 3669 5011 evectione‘cursu
3708 4944 3826 5011 pu-

2169 4997 2317 5052 blico
2350 4997 2453 5064 uti,
2487 4997 2570 5051 sic
2605 5011 2792 5069 neque
2843 4995 3058 5052 licebat
3099 5012 3282 5069 equos
3313 4996 3548 5069 curules
3580 4998 3638 5053 in
3673 4995 3825 5055 circo

2168 5070 2519 5143 decursuros
2565 5068 2786 5143 absque
2835 5069 3123 5143 permissu
3155 5068 3459 5143 principis
3502 5075 3560 5143 et
3602 5071 3827 5143 absque

2168 5139 2438 5213 combina
2469 5155 2571 5213 seu
2603 5140 2896 5213 evectione
2929 5138 3273 5213 velitessera
3304 5138 3822 5213 scriptajuugere;

2167 5211 2284 5284 vid.
2315 5211 2562 5284 Casaub.
2616 5211 2688 5265 ad
2738 5210 2946 5284 Script.
2994 5210 3147 5284 _l_l_ist.
3176 5213 3326 5283 Aug.
3361 5216 3403 5266 t.
3428 5210 3619 5284 ’ll,_p.
3640 5210 3732 5270 83.
3762 5215 3829 5270 Et

2169 5281 2308 5354 quia
2331 5283 2712 5352 jubebantur,
2743 5282 2963 5354 quibus
2992 5280 3106 5337 illa:
3137 5280 3368 5338 tesseras
3393 5280 3826 5351 scribebantur,

2167 5370 2348 5424 equos
2379 5354 2738 5428 combinare,
2775 5356 2885 5428 hoc
2908 5359 2999 5410 est
3029 5357 3162 5409 ante
3193 5369 3431 5410 currum
3484 5372 3654 5428 suum
3685 5359 3827 5428 jun-

2169 5425 2442 5499 gere,_vel
2473 5426 2650 5499 etiam
2684 5425 2996 5499 quadrigas
3027 5441 3163 5481 suas
3195 5442 3330 5482 cum
3357 5427 3659 5499 quadrigis
3681 5425 3828 5483 alte-

2171 5496 2295 5553 rius
2325 5497 2395 5569 de
2435 5496 2550 5552 alia
2581 5497 2832 5569 quadam
2888 5499 3134 5569 factione
3186 5496 3831 5569 componere,'combi-

2172 5584 2308 5624 nare
2357 5568 2532 5640 (quod
2582 5565 2824 5640 ἅμιλλαν
2864 5566 3136 5640 ᾼὰρμάτων
3195 5565 3376 5626 Grani
3425 5571 3738 5636 dicebant;
3768 5587 3826 5626 ν.

2171 5638 2485 5697 Athenians
2513 5655 2568 5712 p.
2604 5638 2724 5714 139.
2758 5654 2808 5694 ο.
2851 5638 3002 5714 θῇς),
3049 5641 3195 5714 forte
3224 5656 3462 5714 quoque
3486 5640 3830 5714 subscribe-

2170 5715 2350 5769 batur
2380 5713 2629 5784 Augusti
2682 5725 2857 5768 manu
2903 5711 3281 5782 imperativus
3317 5711 3572 5769 combine
3610 5727 3630 5765 :
3663 5729 3732 5769 ex
3760 5728 3830 5768 eo
