4134 6376
431 318 549 380 587

1473 305 2008 370 CONSTANTINI
2053 305 2310 366 PORPH
2324 305 2374 365 Y
2389 305 2768 368 ROGENITI

3722 318 3832 378 588

430 460 520 510 ter
547 454 798 525 signato.
853 448 1034 513 sedet,
1065 448 1122 503 et
1167 443 1368 518 populi
1417 442 1832 499 acclamatione
1884 440 2062 505 ﬁnita1

2188 438 2503 513 φορούντων
2551 438 2640 493 καὶ
2699 438 2765 493 τὰ
2813 438 3012 495 σπαθία
3061 441 3266 513 αὑτῶν,
3300 444 3373 506 ὡς
3402 441 3455 499 ἐν
3507 447 3718 520 ἑκάστῳ
3745 449 3833 502 ἰπ-

428 543 777 616 praepositus
809 556 837 595 e
869 538 1147 594 mandato
1179 535 1499 608 egreditur,
1532 533 1792 605 patriciis
1826 535 1884 587 et
1923 535 2072 587 stra-

425 632 576 704 tegis
624 630 858 702 signum
903 629 1162 694 daturus,
1206 627 1306 698 qui
1349 639 1551 681 omnes
1595 624 1668 679 ad
1709 623 1973 677 ordinem
2006 635 2071 674 ac

426 720 620 777 sedem
673 734 842 776 suam
899 717 1226 773 discedunt.
1273 713 1512 786 Vesperi
1564 713 1722 770 enim
1765 711 1876 766 hoc
1933 709 2068 777 ritu,

423 815 482 866 et
511 827 627 866 non
659 813 725 865 ut
762 823 950 875 mane,
984 807 1301 877 imperator
1332 803 1609 876 procedit.
1646 798 1894 858 Peractis
1925 815 2070 870 qua-

419 904 553 956 tuor
583 897 817 971 palmis,
840 915 873 952 a
902 896 1113 952 throno
1162 894 1369 966 surgit,
1408 891 1666 964 patriciis
1713 895 1771 947 et
1800 888 2072 960 strategis

420 989 483 1047 in
522 988 782 1056 triclinii,
825 987 922 1043 ubi
955 985 1287 1044 convivium
1317 983 1590 1050 celebrat,
1615 985 1861 1052 utroque
1889 979 2070 1035 latere

421 1078 813 1148 adstantibus,
845 1081 900 1133 et
941 1075 1000 1131 in
1045 1074 1324 1145 obsequio
1353 1073 1754 1145 praefectorum
1797 1067 2067 1126 cubiculo

419 1185 524 1241 per
551 1166 796 1237 medios,
822 1164 999 1222 multa
1027 1168 1085 1220 et
1113 1163 1306 1220 felicia
1320 1167 1580 1234 tempora
1609 1160 1718 1232 ipsi
1751 1173 2067 1231 apprecan-

417 1262 529 1325 tes,
553 1255 784 1322 transit,
809 1270 1023 1326 perque
1048 1257 1370 1325 angustum
1399 1249 1723 1307 triclinium
1746 1249 2065 1320 digressus,

419 1344 755 1402 cubiculum
807 1359 981 1399 suum
1031 1343 1198 1414 petit,
1231 1341 1336 1397 ubi
1374 1340 1576 1395 tunica
1622 1346 1677 1395 et
1723 1354 1937 1394 corona
1970 1337 2066 1391 de-

418 1437 631 1507 posita,
674 1449 883 1506 sagum
925 1449 1028 1505 pro
1074 1448 1235 1488 more
1273 1429 1484 1496 induit,
1536 1444 1754 1502 perque
1784 1431 2065 1482 secretam

419 1523 740 1593 cochleam,
764 1530 1132 1594 augusteum,
1154 1520 1420 1593 apeidem
1451 1527 1507 1576 et
1534 1517 1904 1574 triconchum
1937 1532 2067 1588 pro-

414 1616 616 1672 toedit.
639 1613 995 1672 Cubicularii
1014 1629 1216 1668 omnes
1247 1627 1379 1668 eum
1401 1610 1769 1680 comitantur,
1795 1611 2066 1680 protospa

414 1705 567 1762 harii
599 1720 734 1761 vero
782 1708 840 1759 et
881 1702 1240 1758 manclavitw
1274 1702 1330 1756 in
1379 1698 1699 1769 hemicyclo
1757 1696 2067 1754 triconchi-

414 1800 550 1853 ante
580 1793 764 1850 sancti
783 1791 1030 1850 Joannis
1051 1793 1229 1848 aedem
1262 1792 1516 1846 adstant.
1537 1791 1581 1844 A
1614 1787 1788 1844 dictis
1811 1787 2067 1858 stipatus

420 1885 758 1957 imperator,
818 1898 923 1954 per
977 1881 1132 1938 idem
1184 1881 1578 1952 hemicyclum
1636 1878 1873 1946 transit,
1919 1876 2068 1949 ipsis

413 1977 610 2033 fausta
649 1973 702 2030 ei
741 1973 1218 2046 apprecantibus,
1257 1987 1478 2043 perque
1509 1968 1890 2026 cancellatam
1922 1984 2065 2038 por-

409 2070 532 2120 tam
591 2069 650 2118 et
699 2061 958 2132 porticus
991 2061 1385 2134 quadraginta
1415 2059 1766 2116 Sanctorum
1815 2072 2062 2112 aureum

413 2151 738 2209 triclinium
770 2151 972 2220 intrat,
1023 2149 1122 2205 ubi
1161 2148 1506 2206 cubicularii
1538 2164 1744 2204 omnes
1783 2145 1900 2201 alta
1927 2161 2065 2201 voce

410 2241 464 2298 ei
493 2242 820 2297 acclamant
859 2255 874 2297 :
907 2260 937 2290 «
966 2241 1034 2295 In
1085 2238 1257 2310 longa
1287 2241 1344 2294 et
1374 2237 1564 2294 felicia
1594 2233 1896 2309 tempora!
1930 2256 1959 2285 «ι
1992 2237 2050 2290 et

404 2329 490 2386 sic
519 2330 758 2397 abeunt,
777 2332 836 2384 et
867 2327 1086 2400 singuli
1116 2327 1192 2384 ad
1211 2328 1362 2384 mdes
1391 2342 1527 2383 suae
1559 2327 1890 2382 discedunt.

2180 524 2471 602 ποδρομίῳ
2502 527 2722 583 εἷ’ώθασι
2757 533 2953 585 ποιεῖν.
2987 532 3088 586 Καὶ
3124 531 3364 597 ἀνελθὼν
3417 533 3468 589 ἐν
3517 541 3598 609 τῷ
3640 536 3831 610 σέντζῳ

2183 619 2210 672 6
2257 618 2512 692 βασιλεὺς
2549 618 2639 674 καὶ
2680 618 2984 698 σρφαγίσας
3013 622 3108 676 τὸν
3156 620 3287 678 λαὸι
3341 621 3400 678 ἔκ
3453 625 3640 700 τρίτου
3699 630 3832 683 καθ-

2183 707 2378 776 έζεται,
2416 708 2504 762 καὶ
2560 708 2694 782 μετᾶ
2722 710 2822 778 τὴν
2856 709 3260 786 συμπλήρωσιν
3307 720 3408 784 τῆς
3440 713 3711 793 εὐφημίας
3741 722 3830 772 τοῦ

2185 795 2320 852 λαοῦ
2385 795 2658 873 ἐξέρχεται
2718 800 2746 853 6
2803 800 3163 874 πραιπόσιτος
3213 801 3321 857 ἀπὸ
3377 803 3702 878 κελεύσεως,
3745 808 3830 862 καὶ

2181 888 2320 942 νεύει
2358 893 2478 951 τοῖς
2525 888 2833 965 πατρικίοις
2884 891 2972 945 καὶ
3020 895 3487 969 στρατηγοῖς,καί
3536 897 3828 976 ἀπέρχεται

2182 975 2403 1037 ἕκαστος
2452 976 2504 1031 ἐν
2563 976 2631 1052 τῇ
2689 980 2859 1034 αὑτοῦ
2901 981 3044 1051 τάξει
3101 1003 3160 1037 τε
3208 982 3298 1037 καὶ
3345 983 3603 1061 καθέδρᾳ,
3652 975 3830 1061 δείλης

2181 1066 2284 1142 γὰρ
2335 1065 2388 1121 ἐν
2444 1071 2515 1133 τῆ
2554 1067 2778 1143 τοιαύτῃ
2818 1070 2960 1138 τάξει
3021 1069 3299 1150 ἐξέρχεται
3352 1073 3380 1127 ὁ
3434 1073 3710 1149 βασιλεὺς,
3741 1078 3826 1132 καὶ

2183 1154 2314 1229 ούχὶ
2374 1155 2448 1217 ὡς
2496 1157 2558 1211 τὸ
2623 1157 2776 1231 προΐ,
2834 1156 3203 1222 Τελεσθέντων
3270 1158 3328 1216 δὲ
3387 1167 3493 1218 τῶν
3557 1165 3828 1240 τεσσάρων

2187 1241 2380 1318 βαίων,
2426 1243 2768 1300 ἀνίσταταιὸ
2816 1245 3074 1320 βασιλεὺς
3127 1248 3234 1304 ἀπὸ
3293 1255 3390 1305 τοῦ
3443 1249 3684 1324 σέντζου,
3723 1259 3828 1310 τῶν

2177 1331 2480 1408 πατρικίων
2532 1335 2621 1389 καὶ
2670 1339 2991 1412 στρατηγῶν
3042 1337 3297 1395 ἑστώτων
3345 1337 3397 1394 ἐν
3427 1344 3506 1412 τῷ
3542 1342 3826 1418 τρικλίνῳ,

2177 1421 2230 1477 ἓν
2285 1425 2328 1495 ᾠ
2383 1425 2595 1499 ἀριστᾷ,
2657 1421 2803 1480 ἔνθεν
2851 1425 3087 1495 κάκεῖσε,
3143 1428 3236 1482 καὶ
3296 1426 3723 1505 δηριγευόμενος
3801 1435 3828 1489 ὁ

2177 1511 2434 1584 βασιλεὺς
2489 1513 2592 1567 ὑπὸ
2649 1534 2707 1569 τε
2749 1519 2856 1569 τῶν
2914 1515 3196 1591 ἀρχόντων
3249 1521 3347 1572 τοῦ
3405 1515 3826 1593 κουϐουκλείου,

2176 1597 2454 1677 διέρχεται
2510 1603 2671 1677 μέσον
2721 1601 2922 1660 αὒτῶνο
2987 1603 3143 1662 αὐτοὶ
3201 1606 3612 1684 ὑπερεύχονται·
3649 1635 3678 1666 ι(
3734 1613 3827 1675 Εἷς

2176 1687 2426 1751 πολλοὺς
2457 1690 2545 1744 καὶ
2596 1691 2828 1766 ἀγαθοὺς
2876 1691 3136 1770 χρόνους,
3170 1717 3200 1746 ››
3229 1696 3320 1749 καὶ
3352 1692 3582 1752 διελθὼν
3617 1696 3707 1753 διὰ
3733 1703 3827 1755 τοῦ

2181 1782 2367 1833 στενοῦ
2424 1779 2737 1855 τχιγλίνου,
2780 1779 3083 1858 εἰσέρχεται
3133 1780 3186 1838 ἐν
3237 1788 3316 1856 τῷ
3367 1791 3586 1841 κοιτῶνι
3641 1788 3825 1862 αὐτοῦ,

2176 1868 2496 1940 ἀπαλλάξας
2535 1871 2634 1939 τὴν
2701 1891 2760 1925 τε
2820 1868 3055 1944 χλανίδα
3093 1871 3182 1926 καὶ
3229 1873 3292 1927 τὸ
3338 1872 3553 1949 στέμμα
3599 1878 3736 1932 κατὰ
3766 1879 3826 1933 τὸ

2177 1960 2427 2029 σύνηθες,
2478 1955 2870 2034 περιϐάλλεται
2931 1962 3144 2037 σαγίον,
3201 1962 3292 2017 καὶ
3349 1961 3673 2041 κατέρχεται
3743 1965 3830 2022 διὰ

2171 2055 2269 2106 τοῦ
2305 2056 2571 2124 μυστικοῦ
2600 2050 2862 2130 κοχλιοῦ,
2894 2053 2984 2107 καὶ
3034 2050 3314 2129 διέρχεται
3343 2052 3430 2110 διὰ
3479 2061 3577 2112 τοῦ
3632 2058 3828 2134 αὐγου-

2175 2141 2341 2204 στέως
2373 2143 2463 2196 καὶ
2508 2148 2608 2211 τῆς
2642 2139 2852 2216 ἁψῖδος
2897 2141 2988 2197 καὶ
3038 2147 3135 2198 τοῦ
3181 2145 3504 2221 τρικόγχου.
3538 2148 3829 2224 Δηριγεύε-

2171 2252 2259 2286 ται
2303 2227 2361 2285 δὲ
2384 2231 2490 2286 ὐπὸ
2529 2230 2748 2286 πάντων
2806 2236 2904 2286 τοῦ
2957 2227 3376 2306 κουϐουκλείου,
3437 2237 3684 2292 ἑστώτων
3717 2245 3824 2295 τῶν

2172 2341 2232 2375 τε
2262 2318 2768 2394 πρωτοσπαθαρίων
2799 2320 2890 2374 καὶ
2919 2325 3026 2376 τῶν
3071 2316 3427 2395 μαγλαϐιτῶν
3458 2320 3512 2378 ἓν
3539 2325 3619 2397 τῷ
3674 2328 3781 2401 ἡμι
3801 2362 3824 2373 -

400 2418 616 2492 κυκλίῳ
646 2423 742 2475 τοῦ
769 2418 1077 2496 τρικόγχου
1124 2415 1431 2492 ἔμπροσθεν
1489 2420 1586 2472 τοῦ
1615 2415 1775 2492 άγίου
1834 2413 2115 2469 Ἰωάννου.
2172 2410 2277 2468 Καὶ
2336 2407 2613 2485 διέρχεται
2672 2410 2699 2465 ὁ
2744 2409 3019 2485 βασιλεὺς,
3071 2407 3498 2486 δηριγευόμενος
3556 2415 3657 2469 ὑπὸ
3710 2423 3821 2473 τῶν

397 2509 834 2586 προειρημένων,
857 2507 947 2565 διὰ
974 2513 1072 2564 τοῦ
1102 2509 1268 2566 αὐτοῦ
1305 2511 1351 2546 ⁸³
1380 2507 1744 2582 ἡμικυκλίου,
1776 2505 1929 2561 αὐτοὶ
1974 2501 2032 2558 δὲ
2063 2501 2450 2580 ὑκεριύχονται
2489 2502 2582 2556 τὸν
2621 2499 2869 2576 βασιλέα,
2902 2501 2992 2557 καὶ
3026 2498 3254 2558 διελθὼν
3305 2501 3395 2560 διὰ
3426 2512 3524 2575 τῆς
3570 2516 3822 2580 γανωτῆς

397 2599 585 2671 πύλης
605 2604 702 2656 τοῦ
735 2598 1044 2675 μονοθύρου
1070 2598 1163 2654 καὶ
1197 2595 1285 2654 διὰ
1311 2603 1421 2654 τῶν
1455 2592 1784 2654 διαϐατικῶν
1826 2600 1935 2650 τῶν
1962 2590 2170 2668 Ἀγίων
2197 2591 2270 2664 pf,
2314 2589 2625 2666 εἰσέρχεται
2658 2589 2710 2645 ἐν
2751 2595 2830 2662 τῷ
2875 2593 3344 2666 χρυσοτρικλίνῳ,
3375 2594 3465 2650 καί
3525 2595 3820 2668 ὑπερευξά-

401 2710 558 2764 μενοι
589 2686 845 2766 μεγάλως
899 2687 952 2743 οἱ
1007 2691 1104 2744 τοῦ
1159 2683 1556 2744 κουϐουκλείου
1613 2682 1842 2747 ἅπαντες
1890 2683 1974 2754 τὸ,
2009 2705 2038 2734 ‹‹
2098 2678 2194 2742 Εἲς
2253 2677 2502 2742 πολλοὺς
2553 2678 2647 2735 καὶ
2711 2677 2948 2755 ἀγαθοὺς
3003 2679 3258 2756 χρόνους,
3295 2703 3319 2736 σ
3371 2678 3705 2758 ἐξέρχονται,
3731 2686 3824 2740 καὶ

408 2778 740 2855 ἀπέρχονται
771 2774 996 2840 ἕκαστος
1026 2775 1203 2834 αὐτῶν
1235 2775 1290 2834 ἰν
1317 2781 1400 2850 τῷ
1430 2773 1554 2850 ἳδίῳ
1582 2775 1748 2832 αὐτοῦ
1780 2772 1936 2847 οἷ’κῳ.

897 2964 1044 3021 ’181
1084 2963 1320 3021 CAPUT
1361 2964 1546 3022 LXIX.

523 3125 900 3194 Obseruando,
931 3125 1149 3198 quando
1177 3127 1460 3200 equitatus
1488 3128 1551 3198 ﬁt
1574 3126 1903 3199 designatio.

2770 2969 3030 3026 ΚΕΦΑΛ.
3073 2966 3203 3030 ΞΘ’.

2151 3129 2288 3184 Ὅσα
2361 3127 2443 3184 δεῖ
2515 3127 2975 3211 παραφυλάττειν,
3052 3131 3284 3211 ἱππικοῦ
3357 3132 3646 3210 ἀγομένου
3723 3143 3820 3196 τοῦ

2762 3204 3073 3281 καταλόγου

468 3363 518 3417 1.
569 3361 804 3419 Domini
859 3364 1207 3436 praepositos
1254 3371 1484 3434 vocant,
1533 3370 1714 3440 utque
1760 3367 2047 3425 velarium

2234 3380 2312 3439 A'.
2346 3379 2794 3455 Ιίροσκαλοῦνται
2836 3382 2888 3436 o't
2948 3379 3206 3438 δεσπόται
3234 3390 3351 3448 τοῖς
3397 3387 3805 3461 πραιποσίτοις,

393 3452 535 3508 dent
547 3467 648 3508 seu
666 3469 932 3524 pannum
947 3453 1426 3525 suspendendum
1441 3458 2042 3531 curent,praacipiunt.

399 3540 755 3612 Praepositus
779 3558 916 3598 vero
946 3543 1218 3612 discedit,
1247 3545 1624 3602 ettesserario
1656 3547 1799 3602 dicit
1823 3565 1836 3603 :
1857 3570 1886 3599 «
1910 3549 2041 3618 Abi,

391 3645 630 3685 sursum
655 3630 894 3701 projice,
915 3653 944 3682 »
958 3635 1136 3704 atque
1158 3632 1245 3688 sic
1268 3636 1609 3692 tesserarius
1633 3637 1705 3692 ad
1727 3639 2041 3695 stationem

2155 3471 2471 3533 κελεύοντες
2522 3467 2748 3542 δοθῆναι
2804 3471 2868 3526 τὸ
2925 3471 3217 3548 βηλάριον,
3250 3475 3372 3544 ἦτοι
3419 3476 3684 3551 κρεμάσαι
3735 3477 3799 3531 τὸ

2154 3561 2346 3615 πάνιον
2380 3563 2477 3634 (5).
2511 3561 2568 3615 Ὀ
2591 3557 2647 3616 δὲ
2695 3561 3055 3637 πραιπόσιτος
3089 3561 3338 3634 ἐξελθὼν,
3370 3563 3513 3642 λέγει
3561 3569 3640 3638 τῷ
3679 3566 3801 3620 θεσ-

2154 3649 2322 3724 σαρίῳ
2502 3675 2530 3702 ‹‹
2572 3651 2832 3718 ”Απελθε,
2895 3650 3031 3727 βάλε
3088 3650 3200 3708 ἄνω
3371 3677 3400 3708 >›
3440 3655 3500 3713 Ὀ
3546 3652 3603 3710 δὲ
3657 3653 3809 3730 ἐξερ-

393 3718 555 3785 circi,
602 3736 728 3791 qua
779 3721 1027 3777 formam
1078 3721 1283 3780 littera
1331 3724 1390 3781 11
1441 3726 1640 3794 refert,
1694 3729 1937 3800 accedit,
1987 3735 2044 3786 et

2173 3718 2390 3812 ﬁdissime
2421 3718 2642 3816 ἔρχεται
2674 3741 2753 3802 εἰς
2790 3741 2852 3795 τὸ
2895 3718 3112 3815 στάμα,
3142 3718 3314 3818 ἤγουν
3376 3743 3451 3806 εἰς
3481 3745 3542 3800 τὸ
3603 3750 3648 3799 Π
3694 3718 3812 3818 ,(έ),

386 3818 477 3871 ter
505 3813 790 3886 populum
839 3831 1010 3874 cruce
1040 3817 1254 3890 signat,
1287 3817 1428 3877 inde
1457 3819 1528 3876 ad
1561 3822 1879 3880 secundam
1926 3829 2040 3882 sta-

2150 3828 2241 3882 καί
2299 3831 2765 3908 κατασφραγίζων,
2807 3835 2963 3885 ποιεῖ
3025 3835 3170 3906 τρεῖς
3221 3832 3506 3909 σταυρούς,
3558 3835 3649 3890 καὶ
3701 3833 3813 3890 ἀπὸ

1737 4027 1982 4088 νΑΗΙιΕ
2020 4028 2436 4088 LECTIONES.

454 4170 502 4210 5°
521 4169 686 4229 αὐτοῦ
715 4190 834 4236 om.
866 4177 959 4233 ed.

1393 4297 1596 4356 JAON.
1643 4298 1790 4360 JAG.
1833 4301 2101 4359 REISKII
2134 4303 2732 4362 COMMENTARIUS.

383 4413 586 4490 βαρίων
618 4417 823 4490 deleta
869 4427 954 4476 est
1009 4421 1202 4478 codice
1252 4439 1433 4480 manu
1482 4429 1714 4482 exarato
1769 4431 2023 4484 auctore.

381 4487 709 4571 Maglabitaa
740 4493 892 4546 enim
942 4508 1060 4548 non
1099 4499 1369 4571 poterant
1396 4496 1576 4571 simul
1627 4497 1806 4571 iidem
1834 4506 2025 4571 atque

380 4559 888 4637 spathariiesse;
922 4559 1116 4636 neque
1141 4567 1446 4637 gestabant
1492 4567 1580 4623 illi
1629 4559 1946 4626 dextralia‘
1969 4576 2026 4628 et

2136 4429 2271 4486 vell.
2320 4429 2434 4484 CV.
2493 4429 2825 4488 Cassiodor.
2874 4431 2932 4503 1,
2975 4431 3042 4486 51
3079 4446 3093 4488 :
3129 4431 3270 4487 Hinc
3299 4435 3536 4489 tractum
3585 4439 3687 4503 est,
3749 4443 3817 4492 ut

2135 4506 2355 4557 ostensa
2400 4518 2602 4574 mappa
2656 4504 2806 4574 certa
2843 4502 3098 4558 videatur
3134 4505 3438 4574 promissio
3466 4504 3814 4563 circensium

2132 4573 2840 4648 futurorum.70avendum
2900 4573 3229 4641 tamen,’ne
3260 4575 3378 4631 haec
3411 4593 3630 4648 mappa
3661 4584 3807 4635 ante

379 4636 568 4714 scuta,
602 4633 718 4714 sed
737 4633 816 4689 hi.
848 4633 1235 4714 Sensus_er'go_
1261 4643 1350 4714 est
1380 4654 1394 4694 :
1427 4639 1750 4696 ascendebat
1779 4644 2024 4714 impera-

379 4706 470 4785 τοῖς
489 4705 546 4785 in
569 4705 835 4785 cathisrna
865 4723 958 4763 seu
990 4705 1235 4785 ιῇίἰξιιᾷαι
1263 4711 1506 4785 circense
1534 4727 1660 4785 cum
1703 4705 2024 4785 proceribus

379 4775 621 4857 cubiculi:
649 4779 847 4857 et_duo
867 4781 1208 4857 Δτηιιρίαῡίιὶπ
1243 4797 1256 4836 :
1289 4782 1567 4857 spat/uarii
1597 4775 1724 4840 vero
1753 4790 2024 4857 gestantes

376 4844 653 4920 (testi-otia
679 4851 730 4904 et
758 4844 1133 4920 spathas'suas
1165 4844 1435 4909 astabant.

451 4915 880 4999 (4.).Neque'ex
930 4925 1068 4999 ipsa
1103 4924 1208 4999 hac
1239 4940 1398 4999 voce,
1433 4942 1622 4998 neque
1661 4945 1728 4984 ex
1758 4938 2025 4987 contextu
2059 4933 2104 4998 Ι)

381 4994 588 5108 capitis
621 4995 775 5057 patet
797 4994 1203 5063 appellationis
1225 4998 1375 5052 ratio
1402 5013 1416 5050 :
1447 4994 1688 5056 circense
1718 5001 2027 5059 allectionis

381 5069 446 5108 νθ
495 5061 549 5108 et
581 5057 941 5108 lustrationis,
967 5067 1172 5108 Fnilnn
1203 5069 1347 5108 Τηνία
1367 5067 1719 5108 ηρΙΑΙηιοΙιιηι
1749 5074 1822 5108 ηιπ
1847 5091 2026 5108 unum:

376 5057 465 5110 vel
495 5061 549 5139 et
579 5057 943 5139 lustrationis.
967 5067 1173 5139 Fuitne
1203 5069 1347 5124 forte
1367 5067 1720 5127 celebratum
1749 5074 1823 5128 ob
1847 5057 2026 5130 novos

381 5133 1155 5217 magistratusfactionales,
1188 5147 1285 5195 aut
1304 5140 1397 5217 _ob
1426 5157 1620 5217 novos
1649 5145 1884 5217 aurigas
1914 5146 2029 5201 mi-

374 5199 664 5281 nistrosve
714 5203 860 5261 alios
908 5199 1230 5281 factionum
1270 5211 1526 5281 allectos,
1560 5219 1664 5270 aut
1711 5199 2028 5274 oburecens

377 5275 600 5362 cre‘a‘t'os
625 5280 970 5362 senatores?
990 5286 1092 5362 aut
1121 5284 1350 5355 quando
1374 5275 1817 5344 recenserentur
1838 5290 2028 5362 capita

383 5347 442 5398 et
471 5343 801 5404 falcultates
825 5349 1034 5408 civium
1055 5353 1085 5408 ?

446 5414 525 5485 (5)
570 5419 837 5500 ῌαρέχειν
895 5423 1110 5500 τ-ὸιτοῦ
1165 5425 1632 5500 ἱππιγκοῦγβῆλον
1688 5431 1769 5488 ait
1826 5436 2026 5490 auctor

375 5483 1241 5572 Qh‘r’onici'A'ljexandrini_apud
1283 5499 1370 5572 Du
1401 5483 1784 5572 Gan'giumﬂv.
1818 5483 2027 5560 ΙῙΙάππα

375 5558 1184 5651 glpongla‘nt‘inop..Christ.,
1216 5587 1277 5637 ιι,
1311 5571 1351 5625 l.
1386 5588 1454 5651 p._
1486 5558 1740 5651 1§4,_ubi
1772 5558 1866 5651 ait
1888 5558 2025 5651 παρ-

373 5625 526 5709 ἐχειν
555 5630 620 5685 τὸ
661 5634 730 5709 βῆ
742 5633 838 5690 λον
863 5625 1041 5695 ῗυίεεθ
1069 5625 1182 5697 sua
1207 5625 1494 5698 sententia
1525 5625 2028 5706 tdhéﬁﬁeﬁéés

375 5704 601 5772 praebre
629 5704 769 5765 sene
800 5709 1070 5785 Μάππαν,
1101 5712 1188 5770 uti
1219 5712 1477 5784 loquitur
1503 5716 1881 5778 Justinianus
1911 5704 2025 5777 No;

2138 4645 2293 4699 diem
2353 4644 2482 4700 ludi
2521 4646 2697 4730 edita,
2762 4662 3074 4731 suspensa,
3108 4652 3456 4731 monstrata,
3505 4644 3642 4705 cum
3700 4650 3814 4706 illa

2135 4732 2366 4788 mappa,
2417 4733 2595 4788 quam
2627 4718 2753 4788 ipso
2786 4717 2906 4773 ludi
2929 4718 3020 4773 die
3050 4717 3258 4774 consul
3291 4720 3360 4774 ad
3388 4735 3566 4792 equos
3599 4738 3804 4778 carce-

2133 4789 2294 4872 ribus
2312 4789 2663 4872 omittendos
2687 4789 3050 4872 proﬁciebat,
3079 4791 3500 4872 confundatur.
3529 4791 3811 4849 Trahunt

2132 4858 2248 4916 huc
2278 4859 2460 4933 aliqui
2494 4858 2701 4933 locum
2728 4858 2980 4933 Gorippi,
3013 4861 3117 4932 qui

2302 4932 2475 4999 Signa
2505 4932 2664 5004 dedit
2703 4932 2915 4988 cursui"
2925 4936 3114 5004 posita
3143 4933 3210 4989 de
3238 4950 3400 4990 more
3432 4936 3651 4992 lacerna

2139 5019 2243 5130 Ero
2275 5002 2748 5130 lucergézalegunt.
2797 5003 2902 5060 Vid
2927 5002 3348 5062 ‘Eschenbach.
3387 5007 3625 5064 Dissert.
3660 5025 3807 5067 aca-

2181 5091 2293 5130 em.
2329 5092 2382 5130 o.
2528 5115 2542 5128 .

2181 5091 2293 5130 em.
2329 5092 2382 5139 p.
2413 5091 2542 5130 ῡόδ.

2189 5147 2638 5225 .(6)__Contr_acte,
2671 5151 2735 5204 ut
2763 5147 2949 5225 multa
2979 5151 3136 5217 sunt,
3172 5149 3558 5225 quaa__vulgus
3589 5152 3812 5225 arripit

2137 5218 2435 5295 ex_aliena
2484 5219 2730 5295 lingua,_
2762 5237 2864 5292 pro
2905 5218 3258 5295 Oeccepaptip.
3302 5218 3545 5295 Videtur
3591 5218 3808 5294 fuisse,

2137 5289 2240 5365 qui
2273 5298 2518 5365 tesseras
2540 5289 2948 5349 combinarum
2972 5289 3075 5349 seu
3107 5289 3542 5365 a'urigationum
3572 5289 3811 5352 circen;

2137 5363 2290 5417 sium
2313 5364 2543 5420 edebat.

2207 5434 2290 5504 (7)
2323 5434 2559 5512 Videtur
2597 5438 2740 5492 verti
2754 5452 2948 5512 posse
2978 5435 3130 5504 tolle,
3163 5437 3355 5512 attolle
3383 5436 3470 5494 vel
3500 5439 3808 5512 suspende,

2136 5521 2347 5578 nempe
2375 5507 2575 5564 velum.
2617 5507 2786 5566 Conf.
2816 5508 2970 5565 infra
2998 5513 3118 5564 not.
3156 5508 3244 5564 10.

2206 5578 2282 5647 (8)
2342 5579 2604 5636 Porticus
2658 5580 2872 5637 similis
2930 5580 3142 5636 litterae
3191 5580 3402 5636 Greece;
3464 5582 3515 5637 Il
3573 5586 3629 5638 et
3658 5582 3815 5638 inde

2135 5649 2294 5727 dicta
2334 5656 2457 5707 erat
2486 5651 2689 5727 statim
2732 5652 3626 5727 cor_am_cathismate_._Similem
3661 5671 3816 5727 por-3

2133 5721 2318 5778 ticum
2369 5738 2480 5780 tere
2511 5723 2776 5782 «elatam
2821 5724 2884 5781 in
2933 5723 3195 5797 imagine
3250 5723 3403 5781 villis
3451 5721 3816 5785 Diocletiani
