4134 6414
355 366 474 424 599

1422 363 1951 424 CONSTANTlNl
1998 361 2697 425 PORPHYROGENITI

3645 360 3767 422 600

356 499 552 554 statim
583 497 867 570 hymnum
917 497 978 554 in
1035 497 1314 554 honorem
1372 499 1674 555 Trinitatis
1705 499 1949 556 recitant

2113 493 2321 569 ἡμέραν
2352 499 2672 570 ποιήσωμεν
2721 497 2772 552 οἱ
2823 498 3038 553 Βένετοι
3093 497 3227 572 μετᾶ
3254 502 3351 554 τοῦ
3383 496 3700 574 δημάρχου·
3737 521 3765 551 ››

361 610 382 636 α
415 585 757 643 Trinitatem
790 603 895 641 nos
930 585 1127 642 Veneti
1157 588 1433 660 (Prasini)
1465 604 1770 654 canamus,
1805 588 2002 644 Domi-

353 692 496 730 num
530 673 780 730 universi
812 675 1121 748 Deumque
1151 681 1442 747 nostrum,
1475 695 1655 733 unam
1687 677 2002 735 indivisam

348 764 745 834 Divinitatem,
779 768 868 820 ter
909 765 1353 821 substantialem
1378 767 1738 836 majestatem
1761 771 1818 822 et
1847 774 2006 838 pote-

351 858 582 922 statem,
599 858 731 909 ante
747 853 944 908 omnia
965 854 1179 909 saecula
1198 855 1593 924 exsistentem,
1610 857 1788 927 inque
1805 858 2004 914 omnia

349 942 558 998 secula
591 958 1038 1014 permansuram
1077 943 1089 997 !
1143 943 1369 999 Lumen
1401 944 1510 1000 hoc
1549 946 1715 1015 quasi
1750 946 2000 1018 triplicis

349 1031 494 1087 solis
526 1029 1322 1103 est,quoorbisilluminatur
1353 1031 1365 1086 !
1401 1033 1584 1089 Deum
1601 1034 2001 1103 ccelestem,ex

347 1119 586 1191 Virgine
616 1119 787 1176 nobis
821 1128 1042 1191 natum,
1073 1119 1460 1189 celebremus,
1491 1123 1590 1194 qui
1624 1139 1757 1179 cum
1790 1130 1998 1184 natura

347 1227 456 1265 sua
492 1209 795 1265 hominum
855 1209 1298 1265 amantissimus
1328 1210 1425 1280 sit,
1458 1210 1634 1268 homo
1665 1212 1787 1268 ﬁeri
1819 1215 1998 1271 voluit

342 1299 652 1378 primoque
683 1303 922 1370 parente
954 1306 1152 1354 nostro
1184 1301 1254 1354 ab
1289 1301 1534 1372 antiquo
1575 1308 1811 1373 peccato
1852 1303 1996 1362 libe-

344 1379 488 1451 rato.
521 1392 709 1444 totum
743 1389 1036 1444 mundum
1068 1388 1386 1446 miseratus
1417 1394 1522 1446 est.
1587 1389 1783 1449 Gloria
1810 1391 1995 1466 ipsius

338 1477 609 1536 bonitati.

415 1661 512 1718 III.
547 1661 825 1718 Cantores
858 1661 1062 1719 dicunt
1097 1680 1109 1718 :
1142 1686 1170 1714 «
1200 1662 1464 1732 Domine,
1497 1664 1567 1722 N.
1609 1665 1676 1722 N.
1703 1666 1992 1724 Romano-

340 1769 473 1807 rum
533 1752 910 1822 imperatores
967 1769 1280 1822 conserva;
1326 1776 1353 1803 ››
1379 1754 1630 1827 p0pulus
1650 1760 1736 1813 ter
1767 1773 1780 1812 :
1814 1779 1842 1807 ‹‹
1881 1759 1992 1813 Do-

337 1841 515 1906 mine,
566 1858 751 1899 serva.
815 1864 844 1892 ››
876 1842 1154 1898 Cantores
1185 1861 1198 1898 :
1227 1865 1255 1895 ››
1286 1844 1392 1909 Qui
1425 1845 1484 1899 in
1529 1845 1806 1902 Trinitate
1835 1847 1986 1904 cele-
2017 1867 2065 1934 Β

334 1931 546 2000 braris,
577 1934 872 2004 Augustas
896 1933 1146 2003 adjuvat
1179 1955 1201 1982 ι
1223 1933 1474 2006 populus
1498 1939 1620 1991 ter:
1655 1958 1681 1985 «
1715 1936 1980 2005 Domine,

334 2036 519 2075 serva.
555 2042 584 2070 »
652 2021 931 2077 Cantores
965 2038 978 2078 :
1013 2044 1041 2072 «
1074 2022 1599 2095 Porphyrogenitos
1638 2027 1888 2096 custodi,
1921 2033 1982 2084 tu

334 2108 437 2179 qui
495 2109 554 2163 in
605 2109 768 2165 caelis
822 2110 1117 2166 laudaris!
1161 2112 1411 2183 populus
1469 2121 1598 2170 ter:
1635 2137 1663 2166 ‹‹
1721 2115 1983 2187 Domine,

331 2212 517 2254 serva.
551 2219 580 2248 »
603 2198 880 2255 Cantores
914 2215 926 2253 :
961 2221 988 2248 ‹‹
1012 2201 1169 2272 Auge
1193 2201 1437 2271 imperii,
1454 2217 1600 2275 auge
1632 2207 1985 2262 Venetorum

329 2285 751 2343 felicitatem!»
773 2287 1022 2359 pepulus
1054 2293 1142 2344 ter
1173 2305 1188 2345 :
1223 2311 1251 2339 «
1275 2290 1541 2361 Domine,
1557 2293 1750 2349 serva!
1781 2316 1802 2343 ι
1829 2296 1987 2350 Tunc

330 2392 549 2448 organo
569 2376 882 2448 trisagium
897 2377 1253 2450 modulante,
1271 2387 1530 2436 cantores
1553 2381 1756 2438 dicunt
1788 2398 1801 2437 :
1827 2406 1854 2434 «
1878 2383 1988 2440 Ter

331 2469 557 2535 sancte,
617 2466 891 2522 dominos
947 2467 1161 2538 adjuva
1203 2466 1217 2522 !
1265 2487 1293 2522 ι
1342 2469 1591 2541 populus
1639 2475 1726 2526 ter
1758 2487 1825 2526 τι(
1877 2474 1988 2528 Ter

329 2561 550 2610 sancte.
585 2573 609 2606 ι
644 2554 918 2611 Cantores
952 2572 965 2610 :
999 2577 1027 2605 «
1061 2556 1144 2611 Tu
1171 2556 1228 2612 in
1253 2558 1528 2614 omnibus
1557 2575 1757 2615 curam
1779 2578 1984 2618 eorum

326 2642 494 2713 gere!
528 2665 558 2694 »
601 2644 856 2715 papulus
890 2645 1079 2700 eadem
1126 2650 1231 2702 ter.
1263 2668 1293 2697 ‹‹
1356 2647 1669 2721 Adaugens
1719 2656 1987 2722 tempora

318 2732 446 2789 vitae
487 2732 747 2803 ipsorum
782 2753 796 2802 ;
834 2755 857 2785 ι
919 2734 1076 2790 184
1108 2735 1191 2791 sic
1236 2739 1492 2808 populus
1525 2745 1634 2795 ter.
1669 2741 1980 2798 Cantores:

323 2843 351 2872 «
386 2823 530 2878 Cum
563 2821 1041 2895 imperatricibus
1061 2824 1173 2896 piis
1191 2825 1413 2897 Deique
1435 2828 1810 2898 amantibus;
1837 2852 1866 2880 »
1889 2847 1987 2902 po-

325 2911 502 2983 pulus
525 2915 729 2969 eadem
752 2917 859 2969 ter.
895 2913 1173 2970 Cantores
1206 2931 1220 2970 :
1249 2937 1277 2966 ‹‹
1301 2913 1446 2972 Cum
1473 2915 1708 2974 Venetis
1731 2917 1990 2978 bumilli'

323 3003 438 3057 mis
468 3003 650 3058 servis
683 3003 927 3070 vestris;
955 3024 984 3052 »
1044 3002 1300 3075 populus
1331 3005 1620 3063 similiter.
1654 3009 1934 3068 Cantores
1969 3029 1983 3068 :

325 3112 353 3140 ‹‹
379 3094 609 3160 Sancte,
633 3095 722 3146 ter
749 3096 974 3162 sancte,
1016 3093 1286 3148 dominos
1345 3099 1507 3150 tuere
1538 3111 1552 3158 ;
1586 3117 1615 3146 »
1647 3097 1850 3154 eadem
1878 3116 1985 3171 po-

324 3178 502 3250 pulus
522 3185 612 3234 ter
633 3181 866 3252 repetit,
896 3180 1206 3237 Cantores:
1233 3203 1260 3231 ‹‹
1291 3182 1546 3254 Spiritus
1578 3187 1976 3257 sanctissime,

2109 586 2162 637 οἱ
2207 585 2462 659 Πράσινοι
2495 586 2727 660 ὁμοίως·
2779 587 2868 642 καὶ
2920 588 3120 651 εὐθέως
3177 587 3427 666 λέγουσιν
3459 585 3760 663 τριαδικόν·

2112 695 2137 724 α
2173 673 2384 746 Τριάδα
2437 675 2767 749 ὑμνήσωμεν
2839 676 2890 731 οἱ
2941 675 3152 734 Βένετοι
3202 680 3278 751 (οἱ
3329 678 3636 752 Πράσινοι),
3668 677 3762 733 τὸν

2108 763 2382 835 Δεσπότην
2409 768 2508 820 τοῦ
2538 767 2739 828 παντὸς
2769 765 2859 821 καὶ
2909 767 3039 822 Θεὸν
3067 769 3250 838 ἡμῶν,
3287 768 3412 841 μίαν
3453 765 3760 843 ἀδιαίρετον

2107 852 2368 924 Θεότητα,
2417 856 2516 925 τήν
2571 856 2999 930 τρισυπόστατον
3060 855 3326 928 ἐξουσίαν,
3379 857 3468 913 καὶ
3529 855 3760 931 δύναμιν

2105 941 2211 1014 πρὸ
2262 943 2473 997 πάντων
2526 949 2634 998 τῶν
2682 944 2894 999 αἰώνων
2944 943 3317 1020 ὑπάρχουσαν,
3367 945 3458 1000 καὶ
3508 946 3583 1008 εἷς
3621 946 3764 1000 πάν-

2104 1050 2196 1092 τας
2261 1033 2388 1092 τοὺς
2447 1031 2648 1097 αἰῶνας
2714 1031 3092 1107 διαμένουσαν·
3141 1039 3254 1112 φῶς
3323 1035 3556 1111 ὑπάρχει
3605 1054 3763 1110 τρισ-

2105 1118 2284 1190 ήλιον,
2320 1117 2389 1175 δι’
2436 1122 2498 1176 οὗ
2548 1122 2636 1177 καὶ
2687 1124 2714 1178 6
2759 1123 2965 1198 κόσμος
3013 1124 3330 1202 φωτίζεται,
3363 1126 3494 1180 Θεὸν
3527 1124 3759 1198 ἐπουράο

2102 1229 2214 1262 νιον
2265 1206 2575 1284 δοξάζωμεν
2620 1212 2710 1266 τὸν
2771 1211 2831 1267 ἐκ
2881 1219 2982 1282 τῆς
3032 1210 3307 1288 Παρθένου
3354 1215 3489 1287 ἡμῖν
3545 1212 3760 1270 ἀνατεί-

2102 1296 2287 1354 λαντα·
2336 1299 2491 1379 φύσει
2536 1301 2583 1337 ⁷³
2627 1302 2731 1377 γὰρ
2786 1303 3048 1377 ὑπάρχων
3094 1305 3506 1379 φιΛάνΘρωπος,
3547 1300 3762 1377 ἄνθρω-

2101 1409 2201 1450 πος
2251 1390 2493 1464 γενέσθαι
2533 1391 2857 1464 κατηξίωσε,
2905 1393 2996 1446 τὸν
3048 1392 3369 1467 προπάτορα
3424 1392 3538 1466 (39)
3594 1390 3762 1468 ῥυσά-

2104 1498 2261 1550 μενος
2288 1483 2384 1534 τοῦ
2425 1480 2660 1556 ἀρχαίου
2709 1482 3174 1555 παραπτώματος,
3225 1481 3315 1536 καὶ
3363 1481 3570 1554 κόσμον
3623 1479 3757 1536 ὅλον

2099 1565 2323 1638 ἠλέησε.
2359 1569 2495 1638 Δόξα
2522 1572 2591 1643 τῇ
2623 1568 2787 1624 αὐτοῦ
2817 1570 3139 1644 ἀγαθότητι.
3175 1593 3203 1622 ››

2169 1658 2241 1712 Γ“.
2303 1657 2404 1714 Καὶ
2464 1655 2713 1735 λέγουσιν
2776 1659 2827 1712 οἱ
2885 1657 3131 1733 κράκται·
3196 1682 3224 1712 ‹‹
3269 1661 3456 1734 Κύριε,
3507 1663 3682 1714 σῶσον
3725 1661 3755 1714 6

2099 1742 2244 1800 δεῖνα
2288 1747 2378 1802 καὶ
2429 1748 2457 1802 ὁ
2507 1744 2653 1802 δεῖνα
2697 1747 2825 1810 τοὺς
2889 1747 3135 1823 βασιλεῖς
3183 1752 3292 1804 τῶν
3320 1747 3629 1822 Ῥωμαίων
3663 1773 3690 1802 ››
3725 1751 3755 1804 6

2099 1834 2231 1897 λαὸς
2289 1834 2348 1890 ἐκ
2405 1837 2470 1912 γ’·
2535 1834 2781 1909 «Κύριε,
2844 1841 3038 1894 σῶσον.
3075 1861 3104 1889 ››
3163 1839 3229 1893 Οἱ
3291 1839 3538 1912 κράκται·
3583 1863 3610 1889 ‹‹
3643 1838 3759 1902 Ἰὰς

2095 1924 2415 2000 Αὖγούστας
2468 1927 2762 2001 βοήθησον,
2815 1926 2843 1980 6
2894 1926 2944 1981 ἐν
2996 1923 3188 2000 Τριάδι
3245 1928 3602 2002 ὑμνούμενος·
3641 1952 3662 1979 ι
3724 1929 3754 1983 6

2096 2014 2226 2076 λαὸς
2276 2012 2335 2069 ἐκ
2375 2016 2440 2090 γ’”
2493 2039 2520 2066 ‹‹
2572 2013 2753 2089 Κύριε,
2802 2020 2998 2070 σῶσον.
3055 2039 3084 2066 ››
3135 2016 3202 2073 Οἱ
3249 2016 3498 2090 κράκται·
3546 2040 3573 2067 ‹‹
3607 2016 3754 2078 Τοὺς

2093 2105 2634 2181 πορφυρογεννήτους
2681 2102 2936 2182 φύλαξον,
2986 2105 3014 2159 ὁ
3064 2103 3116 2159 ἐν
3168 2105 3420 2180 οὐρανοῖς
3453 2103 3756 2179 δοξαζόμε-

2093 2212 2207 2256 voc:
2243 2216 2271 2244 »
2321 2194 2350 2247 6
2400 2191 2529 2254 λαὸς
2578 2191 2639 2247 ἐκ
2678 2194 2746 2267 γ’·
2797 2214 2822 2246 α
2870 2193 3057 2266 Κύριε,
3100 2197 3295 2250 σῶσον.
3333 2218 3361 2245 ››
3393 2195 3460 2252 Οἱ
3499 2194 3751 2269 κράκται·

2097 2306 2125 2334 ι(
2153 2281 2311 2352 Αὔξει
2339 2283 2400 2337 τὸ
2434 2280 2734 2356 βασίλειον,
2784 2282 2929 2354 αὔξει
2975 2283 3066 2337 καὶ
3113 2288 3176 2338 τὸ
3226 2285 3450 2340 Βὲνετον
3490 2287 3624 2357 (40)·
3661 2307 3691 2337 ››
3725 2287 3754 2340 6

2094 2369 2227 2434 λαὸς
2259 2371 2318 2427 ἐκ
2347 2373 2415 2449 γ’·
2467 2396 2494 2423 ‹‹
2527 2372 2713 2446 Κύριε,
2745 2375 2938 2430 σῶσον,
2969 2394 2997 2423 ››
3046 2371 3152 2428 Καὶ
3178 2371 3624 2450 τρισαγιάζοντος
3652 2379 3755 2429 τοῦ

2096 2461 2350 2538 ὀργάνου,
2383 2459 2632 2535 λέγουσιν
2680 2460 2730 2515 οἱ
2782 2461 3028 2534 κράκται·
3083 2484 3109 2513 ‹‹
3149 2463 3429 2536 Τρισάγιε,
3465 2463 3751 2538 βοήθησον

2089 2549 2217 2614 τοὺς
2268 2546 2553 2611 δεσπόταςο
2612 2572 2639 2600 ››
2691 2549 2720 2602 6
2767 2547 2901 2611 λαὸς
2950 2548 3010 2604 ἐκ
3057 2550 3125 2624 γ“’
3183 2573 3212 2602 ‹‹
3263 2553 3546 2626 Τρισάγιε.
3599 2574 3627 2603 ››
3683 2553 3752 2609 Οἱ

2090 2639 2337 2714 κράκταιο
2393 2664 2419 2691 (ι
2468 2637 2571 2694 Καὶ
2632 2639 2693 2692 σὺ
2753 2636 2949 2699 αὐτοὺς
3009 2639 3335 2714 Θεράπευσον
3385 2639 3474 2695 ἐπὶ
3521 2646 3674 2695 πᾶσι·
3719 2666 3749 2693 ››

2090 2731 2177 2785 καὶ
2213 2731 2240 2784 ὁ
2273 2727 2404 2791 λαὸς
2440 2727 2648 2802 ὁμοίως
2686 2726 2745 2783 ἐκ
2771 2726 2980 2803 τρίτου.
3034 2753 3061 2779 ‹‹
3113 2728 3434 2799 Πλεονάζων
3467 2737 3566 2800 τῆς
3599 2736 3750 2800 ζωῆς

2091 2820 2270 2875 αὐτῶν
2303 2819 2560 2895 χρόνους⁸
2597 2841 2626 2871 ››
2667 2819 2696 2873 6
2744 2816 2876 2880 λαὸς
2927 2817 3136 2891 ὁμοίως
3180 2817 3238 2873 ἐκ
3276 2817 3484 2892 τρίτου.
3517 2821 3585 2877 Οἱ
3614 2823 3750 2896 κρά-

2091 2929 2233 2965 κται⁸
2270 2935 2297 2963 ι(
2332 2909 2437 2964 Σὺν
2487 2909 2825 2984 Αὐγούσταις
2875 2903 3113 2963 εὐσεϐέσι
3153 2908 3454 2988 φιλοθέοις·
3492 2933 3519 2962 ››
3553 2911 3580 2966 6
3614 2909 3749 2974 λαὸς

2093 2998 2302 3073 ὁμοίως
2354 3001 2414 3055 ἐκ
2457 3001 2522 3074 γ’·
2570 2999 2637 3057 O't
2682 2999 2933 3074 κρᾶκται·
2993 3020 3014 3048 ι
3049 2997 3148 3052 Κάἶ
3197 2999 3432 3056 Βενὲτων
3472 3003 3582 3055 τῶν
3612 3024 3750 3076 γνη-

2093 3089 2223 3144 σίων
2259 3089 2411 3161 ὑμῶν
2449 3092 2557 3143 τῶν
2607 3085 2844 3142 δούλων·
2881 3110 2908 3138 ››
2955 3086 3046 3142 καὶ
3092 3088 3120 3142 ὁ
3172 3087 3304 3151 λαὸς
3349 3088 3556 3162 ὁμοίως
3590 3089 3650 3145 ἐν.
3677 3093 3745 3166 γ’⁶

2094 3178 2162 3236 0'!
2216 3178 2444 3250 κράκται
2499 3173 2577 3231 ἔσ·
2640 3201 2668 3228 ι(
2725 3177 2907 3250 ’¹Αγιε,
2967 3177 3232 3252 τρισάγιε,
3289 3175 3419 3238 τοὺς
3482 3175 3746 3241 δεσπότας

317 3241 612 3338 Augustas
672 3241 911 3338 proteée
935 3267 948 3322 !
972 3289 998 3316 ››
1035 3267 1286 3338 populus
1321 3241 1685 3346 :.c.Spiritus
1731 3241 1976 3330 sanctis:

2092 3241 2342 3341 ρύλαξιον·
2414 3290 2441 3320 ››
2514 3267 2542 3320 6
2608 3262 2744 3326 λαὸς
2807 3241 3018 3338 ὁμοίως
3084 3241 3153 3320 ἐν.
3207 3241 3277 3340 ν’.
3346 3266 3413 3322 Οἱ
3489 3269 3737 3339 κράκται,

313 3355 482 3410 sime.
514 3373 540 3406 ιι
579 3354 896 3412 Cantores:
934 3377 963 3406 ‹‹
996 3359 1175 3412 Mater
1204 3355 1306 3412 Dei
1331 3359 1539 3427 nostri,
1575 3361 1968 3434 porphyroge-

317 3443 476 3500 nitos
528 3446 756 3501 custodi
784 3462 798 3513 ;
823 3467 852 3496 »
915 3444 1215 3516 populus:
1249 3467 1278 3496 «
1321 3446 1504 3503 Mater
1544 3448 1644 3505 Dei
1703 3453 1911 3510 nostri.
1939 3472 1968 3502 »

311 3533 593 3590 Cantores
637 3550 712 3588 :«
775 3534 1042 3604 Domine,
1099 3535 1280 3591 vitam
1312 3552 1514 3592 eorum
1574 3554 1676 3610 per
1707 3545 1967 3597 nostram

313 3623 496 3680 vitam
545 3624 732 3696 auge!
769 3646 798 3674 »
829 3623 1083 3696 populus
1118 3641 1131 3679 :
1165 3625 1308 3695 Imo,
1356 3626 1620 3697 Domine,
1653 3629 1832 3688 vitam
1862 3647 1962 3689 ee-

310 3729 444 3769 rum
478 3728 581 3784 per
618 3712 910 3768 nostram!
947 3734 976 3762 »

2084 3361 2365 3429 «Πνεῦμα
2414 3356 2475 3410 τὸ
2525 3355 2812 3430 πανάγιον,
2851 3355 2946 3415 τὰς
2997 3353 3317 3428 Αὐγούστας
3371 3353 3650 3409 σκέπασον·
3702 3381 3732 3407 ››

2081 3447 2109 3501 6
2144 3446 2274 3508 λαὸς
2306 3446 2356 3500 οἱ
2388 3440 2466 3500 ἕσ·
2520 3467 2550 3498 ιι
2598 3444 2815 3518 Πνεῦμα
2861 3443 2924 3498 τὸ
2971 3444 3262 3518 πανάγιον.
3309 3465 3336 3494 ››
3383 3443 3446 3499 Οἱ
3477 3441 3723 3516 κράκται·

2080 3561 2110 3590 ‹‹
2160 3537 2366 3611 Μήτηρ
2415 3537 2514 3590 τοῦ
2555 3537 2690 3589 Θεοῦ
2757 3535 2941 3607 ἡμῶν,
3008 3532 3137 3595 τοὺς
3192 3533 3719 3612 πορφυρογεννήτους

2078 3624 2339 3706 φύλαξοψ
2374 3649 2403 3678 ››
2435 3626 2463 3679 6
2496 3623 2628 3685 λαὸς
2660 3623 2712 3678 οἱ
2754 3620 2836 3678 ἓσ’
2895 3645 2926 3675 (ς
2959 3623 3163 3697 Μήτηρ
3202 3626 3300 3679 τοῦ
3330 3625 3462 3678 Θεοῦ
3486 3624 3667 3694 ἡμῶν.
3704 3647 3724 3672 ι

2077 3719 2140 3771 0!
2195 3717 2444 3791 κράκται·
2507 3737 2535 3765 ‹‹
2597 3711 2780 3788 Κύριε,
2843 3712 2986 3781 ζωὴν
3048 3709 3226 3767 αὐτῶν
3279 3708 3370 3766 διὰ
3425 3713 3526 3780 τὴν
3589 3713 3733 3781 ζωὴν

310 3803 494 3875 ἡμῶν·
533 3825 562 3852 ››
594 3801 622 3855 ὁ
656 3799 790 3865 λαὸς
828 3801 879 3855 οἱ
910 3797 988 3855 ἔσο
1032 3825 1060 3853 ι(
1093 3800 1284 3878 Κύριε,
1318 3805 1466 3874 ζωὴν
1492 3805 1669 3860 αὐτῶν
1701 3804 1791 3862 διὰ
1819 3810 1918 3880 τὴν
1951 3814 2099 3883 ζωὴν
2129 3811 2310 3882 ἡμῶν.
2345 3827 2375 3858 ›>

382 3891 474 3947 IV.
505 3891 597 3947 Sic
618 3892 842 3948 domini
875 3893 1021 3948 ritus
1042 3891 1338 3950 solemnes
1357 3894 1670 3965 celebrant,
1699 3899 1964 3972 dumque

305 3981 588 4036 thronum
620 3983 1002 4038 conscensuri
1032 3991 1192 4052 sunt,
1223 3984 1522 4040 actuarius
1554 4003 1755 4058 preces
1788 3989 1961 4046 insti-

305 4071 439 4138 tuit,
471 4075 529 4126 et
566 4070 617 4126 si
656 4071 861 4128 Veneti
920 4071 1274 4144 praecipuam
1334 4074 1675 4147 dignitatem
1724 4077 1960 4150 habent,

308 4163 578 4216 cantores
591 4177 790 4216 eorum
809 4162 1042 4218 dicunt:
1068 4185 1098 4214 «
1115 4167 1379 4229 Exorare,
1395 4166 1590 4223 divina
1604 4168 1878 4238 majestas
1898 4170 1909 4226 t
1930 4191 1958 4221 »

306 4249 568 4305 Prasini:
602 4250 912 4318 «Exorere,
939 4251 1254 4308 Trinitatis
1286 4253 1530 4310 electio!
1567 4256 1820 4327 populus
1842 4261 1958 4314 ter:

307 4361 336 4388 «
370 4338 614 4394 Exorere
643 4338 655 4393 !
684 4360 713 4388 »
743 4339 1020 4395 Cantores
1057 4357 1070 4396 :
1103 4363 1131 4390 «
1166 4341 1518 4398 Exoriantur
1563 4343 1630 4400 N.
1669 4345 1736 4401 N.
1769 4348 1962 4418 Augu-

304 4433 403 4484 sta:
463 4429 890 4484 Romanorum!
926 4451 955 4480 »
997 4432 1250 4502 populus
1282 4436 1370 4487 ter
1403 4448 1469 4487 :«
1514 4433 1864 4491 Exoriantur
1894 4436 1952 4490 Ι»

303 4522 614 4575 Cantores:
650 4541 678 4570 ‹‹
722 4519 1067 4612 Exorientur
1099 4519 1304 4576 famuli
1343 4520 1614 4612 Domini!
1653 4544 1683 4573 ι)
1710 4523 1959 4597 populus
1991 4547 2037 4612 ι)

303 4624 391 4664 rer
422 4625 436 4665 :
478 4628 500 4657 ι
531 4608 906 4666 Exoriantur!
926 4630 954 4659 ιο
989 4611 1267 4666 Cantores
1299 4626 1312 4666 :
1340 4633 1368 4660 «
1397 4611 1743 4668 Exoriantur
1775 4631 1809 4670 a
1840 4613 1956 4670 Deo

303 4699 564 4755 coronati
622 4699 846 4754 domini
898 4714 1034 4754 cum
1088 4698 1598 4770 imperatricibusl
1633 4721 1662 4751 »
1709 4704 1956 4774 populus

301 4794 430 4845 ter:
477 4810 506 4839 ‹‹
567 4787 950 4846 Exoriantur!
1007 4787 1173 4844 Tunc
1233 4787 1582 4860 apelatioum
1625 4793 1956 4849 cursorium

2149 3900 2221 3956 Δ“.
2254 3899 2372 3953 Τῶν
2407 3891 2465 3949 δὲ
2496 3890 2771 3948 δεσποτῶν
2820 3892 2890 3947 τὰ
2935 3889 3164 3946 εἰωθότα
3203 3893 3302 3960 τῆς
3333 3890 3535 3962 τάξεως
3566 3911 3742 3964 πρατ-

2070 3989 2276 4046 τόντων
2321 3984 2414 4042 καὶ
2467 3981 2786 4056 μελλόντων
2848 3979 3048 4036 ἀνιέναι
3108 3979 3197 4037 ἐπί
3253 3981 3350 4036 τοῦ
3379 3982 3738 4053 καθίσματος,

2071 4083 2226 4135 ποιεῖ
2276 4077 2304 4130 6
2355 4074 2681 4144 ἂκτουάριος
2706 4071 2772 4126 τὸ
2819 4069 2995 4125 αἶ’σιον
3046 4072 3179 4144 (41),
3229 4070 3319 4125 καὶ
3354 4069 3399 4124 εἰ
3435 4071 3529 4142 μὲν
3562 4068 3682 4146 ἔχει
3713 4072 3741 4125 ὁ

2073 4166 2297 4229 Βὲνετος
2327 4162 2666 4239 προτίμησιν
2720 4162 2857 4234 (42),
2921 4157 3173 4235 λέγουσιν
3232 4159 3283 4215 o't
3338 4159 3548 4214 τούτων
3606 4161 3740 4232 xpet-

2069 4276 2213 4312 κται·
2288 4277 2312 4308 σ
2358 4249 2700 4320 Ἀνάτειλον,
2752 4252 2788 4320 ἡ
2835 4244 3012 4312 ἔνθεος
3074 4247 3350 4324 βασιλεία³
3402 4271 3430 4302 ››
3481 4249 3528 4305 εἰ
3579 4246 3638 4304 δὲ
3686 4250 3739 4304 οἱ

2071 4346 2356 4419 ΙῙράσινοι,
2427 4341 2700 4417 λέγουσιν’
2763 4363 2791 4391 ‹‹
2856 4337 3191 4404 Ἀνάτειλον,
3259 4340 3294 4408 ἡ
3364 4337 3572 4415 ἐκλογή
3637 4344 3742 4408 τῆς

2071 4433 2322 4510 Τριάδοςο
2359 4456 2387 4485 ››
2420 4433 2447 4487 6
2497 4431 2630 4492 λαὸς
2663 4427 2724 4484 ἐκ
2769 4429 2838 4506 γ’·
2875 4452 2902 4480 ‹‹
2946 4425 3282 4484 Ἀνάτειλον.
3330 4450 3359 4480 ››
3391 4428 3454 4482 Οἱ
3483 4428 3732 4502 κράκται·

2074 4548 2100 4576 ‹‹
2135 4521 2450 4581 Ἀνάτειλον
2486 4521 2513 4576 ὁ
2543 4517 2692 4574 δεῖνα
2721 4519 2809 4572 καὶ
2842 4518 2868 4571 ὁ
2901 4514 3045 4571 δεῖνα
3095 4517 3404 4592 Αὖγοῦσται
3448 4521 3556 4572 τῶν
3595 4518 3740 4573 Ῥω-

2074 4614 2269 4687 μαίωνο
2305 4636 2334 4664 ››
2385 4612 2414 4666 6
2463 4609 2596 4672 λαὸς
2647 4607 2706 4662 ἐκ
2752 4609 2820 4682 γ’·
2880 4631 2902 4657 α
2946 4603 3284 4664 Ἀνάτειλον.
3317 4627 3348 4660 »
3381 4607 3448 4664 Οἱ
3479 4607 3736 4681 κράκται·

2073 4726 2094 4754 ι
2131 4698 2449 4760 ’Δνὰτειλον
2481 4699 2533 4754 o't
2567 4696 2891 4772 θεράποντες
2942 4699 3039 4751 τοῦ
3088 4693 3313 4769 Κυρίου·
3351 4718 3380 4747 ››
3429 4696 3457 4750 6
3511 4694 3641 4757 λαὸς
3675 4695 3739 4751 ἐκ

2067 4799 2137 4867 γ’·
2173 4816 2199 4844 ι(
2229 4789 2566 4849 Ἀνάτειλον.
2607 4811 2636 4841 »
2686 4787 2754 4844 Οἱ
2802 4786 3048 4842 κοάκται·
3108 4809 3136 4837 ‹‹
3171 4784 3491 4842 Ἀνάτειλον
3524 4785 3576 4840 οἱ
3611 4785 3736 4840 θεό-

1672 4898 1915 4955 VARle
1944 4900 2360 4959 LECTIONES.

372 4985 418 5020 ’⁷³
447 4984 602 5060 φύσιν
636 4986 728 5040 ed.

1315 5089 1517 5147 JOAN.
1555 5089 1698 5147 JAC.
1741 5091 2012 5150 REISKII
2053 5091 2648 5151 COMMENTARIUS.

377 5175 497 5250 (39)
522 5174 817 5246 Adamum,
848 5196 903 5236 v.
941 5179 1030 5236 Du
1084 5181 1278 5250 Gange
1335 5180 1424 5238 Gl.
1483 5179 1582 5236 Gr.
1618 5181 1674 5236 h.
1708 5197 1760 5236 v.
1819 5187 1877 5238 et
1905 5199 1959 5241 ν.

306 5248 848 5324 προμοιίξωρέηαιεν
875 5251 1126 5306 omnium
1176 5248 1383 5324 prima.
1439 5252 1530 5308 Sic
1550 5253 1727 5324 Evam
1761 5253 1959 5324 appel-

308 5268 639 5328 προμητςυρ,
669 5268 848 5304 mater
875 5268 1126 5306 nmmum
1163 5268 1383 5376 ἄζιηια.
1439 5268 1530 5308 ch
1552 5268 1727 5308 ulvam
1761 5268 1959 5324 appel-

308 5320 448 5373 lant.
485 5318 590 5374 1)ιο
621 5318 1011 5397 Cbrysostom.
1039 5338 1093 5392 p.
1126 5326 1162 5377 2
1241 5363 1255 5387 ,
1289 5327 1469 5379 Deum
1497 5323 1754 5397 appellat
1781 5324 1962 5381 homi-

308 5390 829 5464 nu_mnnpom'ztopa,
868 5390 1150 5448 auctorem
1187 5397 1420 5464 generis.

377 5462 491 5540 (ᾆο)
522 5462 584 5517 In
641 5463 903 5534 margine
964 5462 1277 5535 ascriptum
1335 5471 1458 5524 erat
1487 5466 1539 5520 οἱ
1581 5465 1860 5540 Πράσινοι,
1893 5467 1955 5522 τὸ

305 5532 597 5588 Ποάσινον.

357 5551 597 5685 ita???
621 5610 730 5685 est,
792 5605 1270 5685 utinterprstor,
1297 5609 1441 5666 dicit
1472 5626 1486 5667 :
1512 5606 1688 5672 αἴσιος
1717 5605 1955 5685 γενέσθω

307 5675 444 5746 αὕτη
475 5675 510 5750 ᾗ
543 5675 746 5749 ἡμέρα,
774 5678 919 5750 felix
945 5675 1066 5735 esto’
1086 5679 1175 5735 hic
1204 5675 1346 5738 dies.

380 5751 491 5823 (42)
522 5754 675 5806 Pene
703 5765 938 5824 semper
964 5753 1430 5823 praeferebantur
1449 5753 1650 5812 Veneti
1671 5753 1952 5827 Prasinis,

2073 5184 2265 5240 favore
2296 5183 2736 5253 imperatorum,
2767 5179 2985 5252 quibus
3017 5177 3242 5235 Prasini
3264 5178 3608 5253 plerumque
3638 5178 3727 5234 in-

2073 5256 2180 5310 visi
2209 5250 2809 5334 erant._Consistebat
2855 5250 3482 5334 autemprmrogati‘va
3533 5251 3592 5305 in
3624 5265 3725 5334 eo,

2071 5327 2226 5411 quod
2261 5326 2450 5409 primi.
2465 5326 2538 5382 ab
2561 5325 2916 5411 imperatore
2935 5321 3323 5411 salutarentui-
3369 5321 3727 5411 et‘benedic.

2069 5394 2288 5454 tionem
2331 5394 2684 5468 accipereut,
2743 5395 2919 5468 primi
2953 5394 3359 5468 imperatorem
3393 5394 3722 5468 adorarent,

2069 5469 2246 5542 primi
2297 5463 2530 5540 praemia
2562 5463 2809 5542 ferrent.
2830 5467 2975 5542 Cum
3008 5463 3204 5542 tamen
3236 5466 3358 5522 haec
3379 5463 3723 5537 προτίμησις

2069 5539 2356 5607 videatur,
2389 5559 2458 5597 ex
2481 5546 2682 5596 nostro
2712 5539 2948 5610 quidem
2981 5539 3200 5610 codice.
3235 5554 3350 5610 non
3379 5543 3501 5593 tam
3533 5553 3602 5592 ex
3631 5552 3727 5592 vo-

2069 5612 2297 5668 luntate
2319 5613 2695 5685 imperatoris
2717 5609 3124 5685 quam_potiu_s
3172 5626 3240 5666 ex
3272 5609 3513 5685 arbitrio
3545 5610 3724 5685 sortis

2065 5679 2467 5757 perpendisse,
2486 5701 2601 5742 non
2617 5679 3102 5756 potérantVeneti
3116 5697 3236 5738 sem
3243 5680 3417 5755 perin
3431 5679 3526 5736 his
3545 5679 3725 5738 rebus

2061 5757 2286 5829 primas
2299 5758 2469 5815 ferre.
