4134 6380
403 367 518 429 601

1281 368 1382 430 DE
1424 366 1882 433 CERIMONIIS
1925 370 2160 433 AULIE
2200 371 2689 434 BYZANTIN/‘E
2731 371 2883 433 LIB.
2931 373 2982 434 Ι.

3704 368 3822 433 602

409 519 628 555 στεπτοι
701 493 957 553 δεσπόται
1018 495 1110 552 σὺν
1168 501 1288 560 ταῖς
1315 497 1677 574 Αὗγόόσταιςο
1715 521 1740 553 ι
1776 501 1804 556 6
1836 501 1968 564 λαὸς
2001 500 2061 556 ἐκ

2176 503 2456 577 hymnum
2504 503 2622 560 toni
2662 502 2778 559 obl.
2813 501 2972 559 IV:«
3031 505 3078 558 A
3131 503 3239 558 Deo
3292 503 3591 559 ﬁrmatum
3640 501 3822 559 robur

407 591 475 666 γ’·
512 612 538 639 ι(
566 586 908 644 Ἀνοὶτειλον.
943 609 972 638 ›)
1012 587 1108 640 Καὶ
1169 587 1270 642 εἶθ’
1307 585 1479 651 οῧσως
1541 589 1791 667 λέγουσιν
1854 589 2060 646 ἀπελα-

410 679 554 733 τικὸν
587 674 851 752 δρομικὸν
885 673 985 752 ἤχ.
1017 697 1077 745 π,
1111 677 1176 734 α“.
1210 700 1238 729 ‹‹
1271 677 1349 734 Τὸ
1392 674 1802 754 θεοπρόϐλητον
1861 680 2060 754 κράτος

407 775 508 837 τῆς
563 766 829 842 ὑμετέρας
889 763 1106 838 δυάδος,
1168 767 1198 822 6
1247 765 1395 822 δεῖνα
1456 767 1814 845 αὐτοκράτωρ
1880 770 1972 825 καὶ
2031 771 2060 826 6

403 855 550 912 δεῖνα
588 859 622 927 ἡ
657 853 786 926 δόξα
823 859 925 921 τῆς
975 855 1283 932 πορφύρας,
1324 855 1642 932 ἐκλάμψατε
1685 857 1774 914 ἐπὶ
1825 856 2058 923 δούλους

396 946 682 1022 γνησίους,
718 946 1119 1024 εὐφραίνοντες,
1180 944 1458 1016 δεσπόται,
1496 949 1588 1004 τὸν
1619 946 1751 1004 λαὸν
1795 949 1966 1024 ὑμῶν.
2028 976 2055 1004 ››

400 1037 508 1094 Καὶ
540 1036 711 1092 πάλιν
739 1035 992 1112 λέγουσιν
1042 1037 1092 1091 οἳ
1134 1038 1390 1111 κράκται·
1416 1061 1444 1090 ‹‹
1495 1038 1831 1111 Ἀνάτειλον,
1861 1041 1923 1095 τὸ
1964 1041 2060 1116 ὀρ-

389 1123 620 1196 θόδοξον
666 1127 889 1201 κράτος·
949 1149 978 1179 ››
1035 1127 1062 1180 6
1121 1125 1254 1189 λαὸς
1313 1124 1372 1182 ἐκ
1408 1127 1474 1201 γ’.
1502 1151 1530 1180 ‹‹
1564 1128 1900 1188 Ἀνάτειλον.
1936 1153 1964 1182 ››
1992 1133 2055 1186 Οἱ

388 1215 651 1289 κράκται.
717 1237 746 1267 κ
814 1213 1153 1285 Ἀνάτειλον,
1193 1219 1303 1271 τῶν
1344 1216 1634 1290 Ῥωμαίων
1668 1218 1695 1272 6
1752 1216 1936 1282 πόθος·
1969 1242 1997 1271 ››
2025 1221 2054 1274 6

393 1302 530 1366 λαὸς
566 1303 628 1359 ἐκ
660 1311 726 1380 γ’·
760 1328 790 1356 ‹‹
823 1302 1168 1360 Ἀνᾶτειλον.
1205 1328 1234 1357 ››
1265 1305 1333 1361 Οἱ
1390 1305 1640 1378 κράκται,
1681 1327 1703 1358 ι
1735 1305 2051 1364 Ἀνοὶτειλον

2172 595 2476 666 utriusque
2505 597 2782 664 vestrum,
2816 593 2883 647 N.
2917 594 3234 663 imperator
3256 598 3310 648 et
3340 592 3410 648 N.
3446 593 3635 664 gloria
3683 608 3822 663 pur-

2167 699 2348 754 purae,
2372 683 2659 738 illustrats
2682 681 2861 738 radiis
2881 680 3087 737 vestris
3111 680 3276 736 vobis
3300 697 3497 736 servos
3517 681 3777 736 addictos
3804 678 3818 734 Ξ

2166 771 2504 838 exhilarate,
2538 770 2784 839 domini,
2820 767 3098 840 populum
3129 773 3388 823 vestrum
3417 769 3429 822 l
3465 789 3494 818 »
3535 768 3816 824 Cantores

2165 860 2414 916 iterum:
2445 882 2474 910 ‹‹
2505 859 2766 926 Exorare,
2801 858 2980 914 robur
3036 859 3210 912 rectae
3264 855 3439 912 fidei!
3476 878 3504 906 ››
3563 856 3815 928 populus

2167 957 2254 1005 ter
2281 967 2293 1005 :
2327 972 2354 1000 «
2388 950 2633 1005 Exorere
2658 949 2669 1003 l
2707 971 2734 998 ››
2766 949 3034 1004 Cantores
3064 962 3078 1001 :
3108 967 3137 995 «
3166 945 3430 1009 Exorere,
3456 945 3811 1000 desiderium

2167 1037 2593 1096 Romanorum!
2623 1061 2649 1087 »
2668 1039 2917 1110 populus
2942 1042 3060 1092 ter:
3083 1061 3112 1086 (ι
3134 1039 3376 1092 Exorare
3403 1036 3414 1090 Ξ
3443 1056 3471 1084 ››
3494 1034 3772 1090 Cantores
3801 1053 3815 1093 :

2169 1152 2197 1182 ‹‹
2228 1132 2472 1187 Exorare
2493 1129 2778 1201 gaudium
2810 1133 2867 1184 et
2883 1127 3066 1200 gloria
3085 1125 3316 1182 nostra!
3343 1147 3372 1176 »
3408 1124 3660 1198 populus
3685 1132 3771 1180 ter
3796 1141 3810 1179 :

2169 1240 2197 1272 ι
2229 1219 2503 1276 Exorare!
2539 1242 2568 1270 »
2601 1218 2916 1275 Cantores:
2950 1239 2978 1268 «
3010 1216 3254 1272 Exorere
3284 1215 3354 1271 N.
3388 1213 3456 1270 N.
3489 1213 3816 1285 imperator

2164 1311 2556 1366 Romanorum
2585 1310 2596 1364 !
2634 1331 2662 1359 »
2694 1306 2946 1380 populus
2989 1306 3204 1363 clamat
3256 1309 3381 1362 ter:
3415 1325 3445 1355 ‹‹
3480 1302 3763 1359 Exorare!
3797 1327 3812 1371 ;

399 1394 443 1461 ἡ
473 1393 619 1466 χαρά
649 1393 814 1466 ἡμῶν
837 1391 926 1447 καὶ
959 1389 1105 1462 δόξα·
1138 1416 1166 1445 »
1203 1394 1232 1448 6
1263 1389 1396 1456 λαὸς
1427 1393 1486 1448 ἐκ
1512 1395 1579 1468 γ¹⁸
1617 1419 1644 1447 ‹‹
1671 1394 2008 1451 Ἀνάτειλον’
2044 1420 2074 1448 »
2094 1397 2157 1451 Οἱ
2187 1397 2435 1472 κράκται·
2469 1420 2498 1450 (ι
2524 1395 2840 1454 Ἀνάτείλον
2875 1395 2902 1450 6
2934 1392 3083 1449 δεῖνα
3114 1394 3202 1449 καὶ
3256 1393 3285 1448 ὁ
3333 1389 3478 1448 δεῖνα
3527 1390 3810 1466 αὐτοκρά-

408 1501 567 1555 τορες
593 1479 913 1549 Ῥωμαίωνο
952 1506 973 1532 ι
1001 1484 1235 1559 φθογγεῖ
1251 1482 1342 1537 καὶ
1373 1483 1400 1538 6
1435 1482 1565 1546 λαὸς
1595 1482 1655 1539 ἐκ
1673 1491 1736 1558 γ”
1763 1509 1791 1537 ‹‹
1815 1483 2150 1542 Ἀνάτειλον.

471 1571 545 1628 E'.
584 1571 708 1627 Τῶν
737 1568 796 1625 δὲ
821 1568 1098 1626 δεσποτῶν
1137 1571 1398 1626 ἀνιόντων
1431 1569 1520 1626 ἒπὶ
1563 1576 1660 1626 τοῦ
1718 1571 2051 1646 καθίσματος

392 1659 486 1714 καὶ
540 1658 850 1733 ἱσταμένων
930 1653 1236 1732 ἔμπροσθεν
1291 1665 1389 1716 τοῦ
1448 1660 1687 1732 σέντζου,
1737 1683 2050 1742 κατασφρα-

391 1748 606 1822 γίζουσι
644 1747 783 1822 μετὰ
801 1749 851 1784 ⁷³
877 1749 942 1804 τὸ
973 1747 1138 1825 ἄκρον
1168 1753 1276 1805 τῶν
1328 1746 1626 1825 χλανιδίων
1660 1749 1860 1821 αὐτῶν,
1892 1756 2050 1824 πρῶ-

391 1857 486 1890 τον
519 1837 612 1910 μέν
673 1838 865 1909 μέσον,
908 1835 1073 1913 ἤγουν
1127 1839 1188 1894 τὸ
1258 1837 1563 1913 μεσοδίμην
1595 1839 1641 1875 ⁷⁵
1669 1842 1806 1913 (43),
1865 1835 2051 1896 ἔπειτα

389 1927 486 1980 τὸν
519 1930 614 1981 τοῦ
645 1928 876 1984 Βενέτου
913 1925 1114 2002 δῆμον
1166 1926 1261 1983 εἴθ’
1319 1926 1492 1990 οὕτως
1551 1929 1643 1984 τὸν
1702 1933 1799 1984 τοῦ
1838 1930 2048 2003 Πρασί-

2232 1580 2304 1632 V.
2335 1576 2647 1648 Postquam
2680 1591 2815 1632 vero
2834 1575 3050 1632 domini
3073 1574 3132 1630 in
3154 1576 3498 1646 suggestum
3524 1571 3806 1628 ascende-

2161 1669 2302 1720 runt
2331 1669 2388 1721 et
2429 1670 2564 1721 ante
2611 1665 2886 1721 thronum
2927 1667 3109 1734 stant,
3154 1671 3414 1720 extrema
3460 1661 3659 1717 tunica
3705 1675 3810 1718 sua

2160 1755 2348 1825 primo
2369 1754 2649 1826 populum
2683 1753 2940 1810 medium
2965 1769 3069 1809 seu
3091 1753 3152 1808 in
3179 1753 3372 1808 medio
3395 1751 3806 1815 constitutum,

2160 1843 2369 1899 deinde
2391 1843 2697 1907 Venetum,
2724 1849 3014 1913 postremo
3039 1841 3346 1897 Prasinum
3371 1839 3628 1911 signant,
3653 1837 3804 1908 quod

2159 1933 2296 1987 dum
2329 1937 2528 2004 agunt,
2564 1932 2843 1988 factiones
2888 1929 3247 1987 acclamant:
3284 1948 3310 1980 α
3359 1929 3624 1997 Sanctus,
3665 1942 3805 1982 san~

380 2036 502 2084 νου,
548 2017 640 2070 καὶ
690 2013 760 2084 δὴ
830 2021 940 2072 τῶν
999 2014 1276 2073 δεσποτῶν
1319 2018 1746 2096 σφραγιζόντων,
1789 2017 2041 2095 λέγουσιν

2155 2027 2307 2093 ctus,
2339 2031 2576 2078 sanctus
2605 2022 2616 2076 ί
2647 2044 2675 2072 ››
2698 2022 3008 2078 Cantores:
3045 2042 3075 2070 ‹‹
3108 2020 3342 2085 Multos,
3375 2019 3616 2084 multos,
3650 2015 3802 2071 mul-

385 2104 438 2158 οἱ
504 2102 701 2176 δῆμοι·
758 2128 786 2156 ‹‹
843 2107 1050 2181 Ἀγιος,
1103 2099 1282 2180 ἅγιος,
1351 2108 1528 2180 ἅγιος.
1587 2129 1612 2159 ι
1673 2107 1740 2164 Οἱ
1789 2107 2039 2180 κράκται,

389 2216 418 2243 ‹‹
455 2191 663 2264 Πολλὰ,
696 2191 908 2264 πολλὰ,
939 2192 1145 2251 πολλὰ.
1172 2217 1200 2247 »
1235 2196 1262 2250 6
1307 2194 1460 2265 λαὸς,
1493 2220 1521 2246 ‹‹
1574 2193 1766 2250 Πολλᾶ
1810 2193 1903 2266 ἔτη
1965 2197 2042 2261 εἰς

389 2279 590 2348 πολλά,
634 2307 662 2334 ››
701 2285 769 2342 Οἱ
799 2283 1049 2360 κράκται·
1086 2307 1111 2339 α
1143 2285 1200 2339 Ὀ
1260 2282 1410 2340 δεῖτα
1440 2287 1526 2340 καὶ
1562 2286 1590 2340 6
1669 2282 1818 2340 δεῖνα
1875 2283 2041 2364 φιλό-

390 2389 623 2444 χριστοι,
658 2370 713 2427 ἐν
746 2376 864 2444 Θεῷ
893 2377 1094 2428 νικᾶτεσ
1123 2396 1152 2424 ››
1191 2373 1280 2428 καὶ
1313 2375 1340 2428 6
1401 2371 1533 2436 λαὸς
1591 2373 1651 2429 ἐκ
1698 2381 1745 2452 γ’
1803 2375 2036 2448 ὁμοίως.

389 2459 483 2516 Καὶ
515 2462 636 2516 οἷον
671 2460 837 2536 μέρος
863 2460 983 2536 ἔχει
1039 2462 1397 2538 προτίμησιν,
1451 2463 1719 2539 λέγουσιν.
1768 2487 1795 2515 ‹‹
1856 2462 2039 2538 Οὐρά-

381 2568 478 2604 νιε’
514 2574 541 2602 ν
571 2551 661 2605 καὶ
698 2553 728 2606 6
759 2551 908 2614 ἀντὶς
939 2551 1154 2626 ⁷⁸(44),ι
1194 2553 1399 2626 Στέψον
1430 2551 1606 2614 νίκαις
1635 2554 1762 2616 τοὺς
1795 2551 2040 2628 βασιλεῖς

384 2640 565 2712 ἡμῶν.
604 2661 629 2692 ο
701 2640 805 2696 Καὶ
870 2642 898 2695 6
930 2639 1102 2708 ἁντὶς,
1166 2663 1191 2694 ι
1237 2641 1477 2705 Σούτους
1508 2637 1971 2715 συμϐασίλευσον⁴
2009 2665 2035 2696 ι)

393 2731 548 2784 καὶὰ
605 2731 779 2804 ἀντῖς,
836 2755 862 2788 α
917 2733 978 2791 Ἡ
1027 2733 1239 2804 ἐξουσία
1295 2737 1330 2804 ἡ
1383 2735 1512 2791 ἅνω.
1548 2759 1576 2786 ››
1611 2735 1708 2790 Καὶ
1776 2736 1804 2788 6
1864 2734 2036 2806 ἀντὶς,

402 2844 422 2869 α
485 2822 922 2893 Κοσμοπόθητοι·
984 2847 1013 2877 ››
1066 2824 1156 2880 καὶ
1189 2825 1217 2879 6
1258 2826 1426 2888 ἀντὶς.
1480 2848 1507 2876 ‹‹
1539 2827 1869 2898 Μιμήσασθε
1900 2829 2038 2880 Θεοῦ

396 2906 823 2986 φιλανθρωπίαν.
865 2914 982 2970 »Οἱ
1043 2915 1328 2990 Πράσινοι,
1393 2938 1417 2969 α
1469 2916 1584 2983 Τήν
1645 2913 1848 2969 ἄνωθεν
1881 2912 2040 2986 ἐξου-

393 2997 537 3052 σίαν·
575 3021 605 3049 ››
647 2997 734 3054 καί
792 3001 819 3054 6
873 3002 1042 3071 ἅντῖς,
1108 3027 1129 3054 ι
1200 3004 1390 3076 ’Πμεῖς
1450 3000 1528 3074 δὲ,
1587 3002 1631 3056 ὦ
1677 2999 2036 3077 στρατοπεδα,

383 3089 503 3148 πῶς
559 3087 930 3161 τροπώσωμεν
979 3088 1284 3164 πολεμίους
1315 3110 1328 3160 ;
1365 3114 1394 3143 »
1451 3092 1502 3146 οἱ
1549 3091 1824 3166 Πράσινοιο
1863 3114 1890 3143 ‹‹
1923 3093 2035 3149 Τοῦ

381 3173 672 3248 στέψαντΟς
718 3178 845 3240 τοὺς
896 3175 1159 3243 δεσπότας
1217 3181 1508 3254 Ῥωμαίων
1553 3184 1687 3236 Θεοῦ
1727 3177 2036 3257 φυλάττον-

383 3283 477 3325 τας
508 3266 552 3300 ⁷⁸
596 3268 695 3335 τήν
755 3267 955 3339 πίστιν,
1013 3270 1104 3325 καὶ
1161 3271 1261 3340 τήν
1335 3269 1760 3346 εὐγνωμοσύνην
1847 3266 2036 3325 δεσπο-

380 3357 515 3410 τῶν.
549 3377 576 3407 ι
610 3356 714 3412 Καὶ
763 3355 1020 3434 λέγουσιν
1075 3360 1127 3414 οἱ
1183 3359 1433 3434 κράκται,
1484 3383 1513 3413 ‹‹
1551 3358 1764 3416 Πολλὰ.
1825 3359 2032 3428 πολλὰ,

381 3442 589 3498 mm“
626 3468 656 3496 »
689 3446 718 3499 ὁ
751 3411 906 3514 λαὲς,
955 3472 983 3500 «
1020 3411 1333 3520 nonetiam
1369 3411 1446 3513 εἰς
1481 3411 1764 3506 muti};
1787 3411 2038 3524 olle-$21
2074 3411 2116 3478 C

373 3550 519 3586 κται’
554 3557 583 3585 ‹‹
626 3533 842 3590 Πολλοὶ
874 3536 1000 3610 ὑμῖν
1024 3537 1239 3616 χρόνοι,
1269 3541 1332 3593 τὸ
1361 3533 1671 3613 πρόϐλημα
1718 3545 1819 3608 τῆς
1863 3538 2034 3614 Τριά-

376 3618 493 3684 δος.
527 3645 557 3675 ››
590 3624 642 3678 οἱ
693 3623 971 3700 Ηράσινοι·
1015 3649 1044 3678 ‹‹
1083 3627 1150 3684 Ἢ
1209 3625 1418 3703 ἐκλογή
1475 3629 1573 3697 τῆς
1629 3625 1881 3702 Τριάδος⁶
1918 3651 1948 3680 ››
2005 3629 2034 3682 6

374 3711 512 3776 λαὸς
540 3711 601 3768 ἐκ
649 3715 719 3790 γ’,
773 3738 801 3767 ‹‹
861 3713 1074 3771 Πολλοὶ
1140 3716 1267 3791 ὑμῖν
1301 3719 1518 3793 χρόνοι*
1547 3741 1574 3770 »
1615 3718 1667 3772 οἱ
1751 3719 2029 3792 Πράσινοι⁶

375 3828 403 3855 ‹‹
429 3805 604 3879 Ἀγιε.
639 3828 671 3857 ››
702 3806 771 3886 Οἱ
800 3807 1048 3881 κράκται.
1084 3829 1114 3860 ‹‹
1145 3806 1361 3865 Πολλοὶ
1393 3809 1526 3882 ὑμῖν
1559 3815 1779 3884 χρόνοι,
1808 3809 1837 3864 6
1887 3806 2034 3864 δεῖνα

370 3893 464 3948 καὶ
497 3895 525 3948 6
557 3890 708 3950 δεῖνα
748 3897 1141 3972 αὐτοκράτορες
1189 3898 1498 3972 Ῥωμαίωνο
1573 3901 1602 3954 6
1660 3898 1794 3962 λαὸς
1846 3898 1905 3955 ἐκ
1961 3900 2032 3974 γ’,

377 4005 406 4032 ει
441 3983 656 4040 Πολλοὶ
689 3985 818 4058 ὑμῖν
849 3986 1065 4062 χρόνοι.
1098 4011 1126 4040 ››
1160 3987 1228 4045 Οἱ
1274 3988 1526 4063 κράκται·
1560 4012 1588 4040 ‹‹
1621 3985 1836 4044 Πολλοὶ
1899 3989 2032 4062 ὑμῖν

373 4072 598 4146 χρόνοι,
640 4076 691 4129 o't
740 4076 1060 4147 θεράποντες
1117 4081 1218 4132 τοῦ
1249 4078 1472 4153 Κυρίου⁸
1535 4102 1565 4130 ››
1604 4079 1632 4133 6
1683 4077 1815 4139 λαὸς
1847 4078 1906 4133 ἐκ
1962 4079 2033 4153 γ’,

389 4184 415 4216 ι
450 4163 666 4220 Πολλοὶ
703 4165 830 4239 ὑμῖν
863 4167 1081 4245 χρόνοι.
1116 4190 1145 4218 »
1176 4166 1279 4224 Καὶ
1308 4166 1474 4223 πάλιν
1509 4165 1762 4243 λέγουσιν
1815 4169 1866 4222 οἱ
1896 4167 2034 4239 κρά-

371 4272 522 4309 κται.
571 4278 592 4304 ι
642 4254 824 4326 Πόσην
872 4255 1047 4331 χαρὰν
1103 4253 1222 4336 ἔχει
1271 4259 1306 4327 ἡ
1366 4255 1643 4328 πολιτεία,
1695 4254 1780 4312 ὅτι
1841 4254 2031 4332 βλέπει

373 4345 502 4406 τοὺς
543 4340 715 4406 ἷδίους
748 4341 1032 4409 δεσπότας·
1070 4369 1099 4398 ››
1133 4349 1361 4422 φθογγεῖ
1409 4347 1501 4402 καὶ
1567 4347 1596 4401 ὁ
1646 4345 1780 4409 λαὸς
1839 4345 1898 4400 ἐκ
1961 4347 2030 4420 γ”

389 4453 416 4484 ι
475 4433 695 4504 Πολλῆν
755 4432 873 4510 ἔχει
921 4435 1099 4512 χαρὰν
1154 4438 1190 4506 ἡ
1239 4435 1511 4492 πολιτεία.
1570 4459 1599 4488 ››
1658 4436 1724 4494 Οἱ
1782 4435 2030 4509 κράκται.

387 4544 417 4571 «ι
438 4521 614 4594 Ὑμεῖς
637 4524 909 4599 ὑπάρχετε
939 4527 974 4594 ἡ
1001 4525 1147 4600 χαρὰ
1201 4529 1310 4580 τῶν
1376 4526 1686 4599 Ῥωμαίων·
1720 4549 1750 4578 ››
1809 4527 1837 4580 6
1897 4523 2033 4587 λαὸς

385 4608 447 4664 ἐκ
474 4611 540 4684 γ’,
572 4635 598 4661 «
647 4615 822 4690 "Avis.
867 4637 896 4666 ν
953 4615 1017 4668 Οἱ
1071 4613 1324 4689 κρᾶκταισ
1360 4638 1388 4667 ‹‹
1434 4615 1625 4688 Ὑμεῖσ
1673 4615 1947 4690 ὑπάρχετε
2001 4616 2030 4670 ὁ

378 4699 552 4764 πόθος
601 4706 706 4757 τῶν
766 4701 1074 4778 Ῥωμαίων·
1137 4725 1168 4755 ›)
1199 4705 1227 4758 ὁ
1288 4702 1421 4767 λαὸς
1453 4703 1513 4760 ἐκ
1555 4705 1624 4780 γ’,
1656 4728 1686 4757 ‹‹
1717 4705 1872 4782 Ἀγιε
1900 4708 1965 4763 ⁷⁷.
1999 4727 2029 4757 ››

2153 2118 2260 2167 tos.
2296 2133 2324 2162 ››
2358 2111 2652 2182 Populus:
2679 2133 2707 2161 «
2730 2110 2937 2166 Multos
2962 2126 3146 2165 annos
3171 2109 3231 2165 in
3255 2107 3470 2164 multos
3496 2105 3508 2161 !
3546 2128 3574 2156 »
3599 2107 3802 2162 Canto-

2151 2218 2243 2257 res
2268 2217 2282 2256 :
2318 2203 2397 2256 «1
2413 2201 2508 2258 85
2531 2198 2600 2254 Ν.
2622 2199 2691 2256 Ν.
2714 2199 2932 2255 Christi
2955 2203 3243 2267 amantes,
3265 2199 3325 2254 in
3346 2201 3463 2253 Deo
3491 2195 3705 2252 vincite
3730 2195 3742 2248 ι
3771 2216 3800 2244 ››

2151 2289 2405 2362 pepulus
2437 2291 2641 2346 eadem
2676 2296 2791 2345 ter:
2829 2296 3023 2360 postea
3051 2303 3118 2343 ea
3152 2286 3342 2353 factio,
3377 2302 3507 2357 quae
3554 2283 3799 2356 reliquis

2149 2380 2488 2447 antefertur,
2520 2379 2698 2436 dicit:
2750 2400 2779 2428 «
2813 2375 3108 2433 Caelestis!
3144 2397 3172 2426 »
3218 2375 3534 2447 respondet
3580 2374 3800 2430 altera:

2153 2490 2182 2520 «
2210 2469 2485 2525 Victoriis
2536 2469 2920 2541 imperatores
2971 2471 3202 2522 nostros
3250 2464 3497 2521 coronat
3535 2485 3563 2514 ι)
3605 2461 3801 2519 Factio

2150 2559 2341 2630 prior:
2369 2578 2393 2610 α
2427 2558 2574 2614 Cum
2606 2557 2700 2614 his
2727 2569 2972 2629 regnum
3007 2554 3170 2625 gere!
3204 2574 3230 2606 ι
3287 2553 3509 2609 altera:
3543 2573 3574 2604 »
3630 2556 3801 2608 Pote-

2149 2653 2274 2704 stas
2299 2663 2591 2719 suprema.
2627 2668 2655 2696 »
2689 2645 3022 2717 Respondet
3044 2642 3346 2715 superior:
3381 2664 3409 2692 «
3443 2641 3610 2698 Orbis
3640 2641 3798 2696 desi-

2149 2735 2417 2793 derium!
2453 2760 2475 2789 ι
2525 2736 2747 2793 altera:
2794 2757 2816 2784 ι
2869 2734 3136 2790 Divinam
3183 2731 3555 2788 clementiam
3614 2728 3801 2784 imita-

2154 2827 2298 2882 mini
2323 2826 2334 2880 !
2360 2849 2388 2877 «
2415 2827 2654 2882 Prasina
2678 2841 2692 2881 :
2719 2845 2748 2875 «
2770 2824 3118 2896 Supremam
3142 2824 3504 2892 majestatem
3529 2821 3541 2875 l
3575 2840 3603 2869 »
3625 2818 3804 2874 altera

2149 2916 2356 2972 factio:
2396 2938 2417 2965 ι
2471 2915 2588 2971 Nos
2634 2929 2787 2981 vero,
2818 2929 2851 2970 ο
2899 2911 3206 2980 exercitus,
3253 2910 3545 2983 quomodo
3597 2907 3799 2964 hostes

2145 3003 2592 3076 superabimus?
2624 3025 2652 3053 »
2685 3001 2944 3058 Prasini:
2990 3021 3019 3051 (ι
3068 3001 3189 3070 Dei,
3222 3001 3323 3072 qui
3369 2998 3639 3054 dominos
3687 3001 3800 3052 Ro-

2147 3109 2456 3150 manorum
2477 3092 2795 3159 coronavit,
2813 3091 2986 3147 ﬁdem
3009 3089 3409 3162 etaaquitatem
3424 3087 3797 3143 dominorum

2146 3191 2457 3240 servantes.
2513 3205 2542 3233 »
2592 3182 2785 3248 ,Porro
2846 3187 3114 3237 cantores
3156 3195 3169 3233 :
3205 3200 3234 3229 «
3288 3177 3518 3246 Multos,
3556 3175 3796 3243 multos,

2145 3273 2457 3329 multos!»
2490 3272 2776 3343 populus:
2812 3291 2839 3320 «
2871 3269 3081 3325 Multos
3126 3284 3314 3324 annos
3362 3267 3422 3322 in
3476 3264 3730 3321 multos!
3767 3286 3796 3315 »

2146 3363 2462 3418 Cantores:
2501 3385 2527 3412 »
2553 3362 2732 3418 Multa
2771 3361 2938 3416 vobis
2969 3365 3254 3431 tempora,
3287 3355 3796 3429 propugnaculum

2143 3452 2442 3508 Trinitatis
2467 3452 2479 3506 ί
2509 3477 2530 3505 ι
2564 3451 2788 3507 Prasini
2817 3467 2829 3506 :
2854 3471 2883 3501 α
2904 3449 3118 3505 Electio
3132 3448 3434 3504 Trinitatis
3459 3447 3472 3501 !
3499 3468 3528 3498 »
3549 3444 3799 3517 populus

2145 3547 2269 3618 ter:
2296 3563 2325 3594 «
2353 3541 2534 3599 Multa
2553 3542 2719 3598 vobis
2741 3539 3040 3614 tempore!
3070 3559 3096 3592 ›
3130 3537 3354 3595 Prasini
3383 3553 3398 3592 :
3426 3557 3452 3590 ι
3495 3536 3738 3593 Sancte!
3769 3556 3798 3584 »

2145 3633 2460 3690 Cantores:
2496 3653 2525 3683 «
2545 3631 2729 3688 Multa
2747 3630 2912 3687 vobis
2930 3634 3209 3701 tempora,
3228 3627 3298 3684 N.
3317 3627 3388 3683 N.
3418 3626 3800 3697 imperatores

2145 3721 2639 3778 Romanorum!»
2685 3720 2935 3793 populus
2973 3724 3100 3775 ter:
3143 3739 3172 3767 ‹‹
3215 3715 3395 3772 Multa
3444 3714 3609 3770 vobis
3653 3721 3800 3770 tem-

2145 3809 2319 3885 pora!
2353 3827 2380 3861 ι
2416 3811 2694 3867 Cantores
2727 3825 2741 3863 :
2778 3829 2808 3859 «
2857 3807 3040 3864 Multa
3069 3806 3240 3862 vobis
3277 3811 3562 3875 tempora,
3595 3801 3799 3856 famuli

2143 3899 2414 3957 Domini!
2453 3921 2482 3949 »
2516 3899 2760 3969 populus
2788 3904 2910 3954 ter:
2946 3917 2975 3947 «
3006 3895 3192 3951 Multa
3240 3893 3406 3949 vobis
3453 3893 3738 3963 tempora.
3763 3909 3791 3942 η

2145 3989 2370 4045 Rursus
2410 3995 2677 4043 cantores
2710 4002 2724 4040 :
2759 4006 2786 4034 «
2821 3988 3048 4050 Quanto
3082 3999 3197 4039 non
3227 3980 3440 4052 gaudio
3462 3980 3663 4037 civitas
3694 3995 3796 4036 ex-

2144 4077 2350 4145 sultat,
2383 4077 2524 4132 dum
2558 4075 2827 4131 dominos
2873 4090 3012 4129 suos
3062 4070 3361 4128 intuetur!
3402 4091 3429 4125 ι
3477 4069 3698 4127 clamat
3743 4075 3803 4126 et

2145 4165 2397 4238 populus
2443 4168 2572 4220 ter:
2607 4185 2635 4214 «
2686 4162 2904 4231 Insigni
2952 4162 3155 4218 laetitia
3199 4161 3404 4216 civitas
3452 4159 3730 4218 exsultat.
3764 4181 3794 4210 »

2142 4256 2461 4312 Cantores:
2515 4274 2542 4302 ‹‹
2590 4251 2708 4308 Vos
2755 4251 3031 4316 gaudium
3094 4251 3489 4306 Romanorum
3540 4248 3719 4316 estis;
3768 4269 3797 4296 »

2143 4345 2394 4416 populus
2443 4351 2562 4398 ter:
2614 4363 2643 4392 «
2692 4341 2927 4398 Sancte.
2981 4362 3010 4390 »
3064 4343 3378 4396 Cantores:
3437 4360 3467 4388 ‹‹
3508 4337 3624 4392 Vos
3655 4335 3798 4392 estis

2142 4434 2502 4491 desiderium
2528 4431 2924 4488 Romanorum
2952 4448 3008 4496 ;»
3035 4428 3284 4500 populus
3306 4434 3394 4483 ter
3418 4445 3431 4483 :
3451 4448 3476 4479 ιε
3500 4427 3706 4482 Sancte
3732 4443 3796 4493 ;››

2141 4531 2198 4582 et
2215 4537 2580 4597 quascunque
2601 4520 2774 4576 factio
2792 4519 3035 4590 reliquis
3053 4516 3366 4585 antecellit,
3381 4518 3508 4587 ejus
3530 4521 3800 4571 cantores

2141 4617 2341 4672 dicunt
2369 4630 2384 4669 :
2417 4635 2447 4664 «
2479 4613 2546 4668 N.
2579 4610 2648 4667 N.
2683 4609 2896 4666 Christi
2929 4613 3216 4678 amantes,
3248 4608 3308 4663 in
3341 4611 3456 4662 Deo
3486 4605 3700 4661 vincite
3726 4624 3788 4672 ς-

2140 4705 2250 4762 hoc
2280 4705 2421 4760 item
2453 4699 2704 4775 pepulus
2734 4703 2794 4755 et
2835 4698 3101 4771 opposita
3154 4695 3350 4763 factio,
3380 4695 3516 4750 alba
3563 4709 3798 4767 quoque

378 4789 476 4844 Καὶ
508 4791 626 4846 οἷον
661 4792 828 4866 μέρος
852 4787 969 4867 ἔχει
1002 4791 1357 4868 προτίμησιν,
1383 4793 1638 4870 λέγουσιν
1673 4797 1724 4850 οἱ
1752 4794 1951 4851 τούτου
1981 4796 2032 4831 ⁷⁸

2153 4799 2197 4851 3t
2227 4810 2417 4861 russa,
2453 4793 2742 4863 repetunt,
2768 4788 2980 4860 quibus
3013 4792 3258 4857 uterque
3289 4785 3540 4858 populus
3561 4799 3799 4855 respon-

374 4878 628 4953 κρᾶκταιο
669 4903 697 4932 ‹‹
760 4881 822 4938 Ὁ
871 4878 1020 4936 δεῖνα
1085 4880 1176 4936 καὶ
1235 4881 1264 4936 6
1323 4878 1473 4937 δεῖνα
1529 4883 1908 4961 φιλόχριστοι,
1977 4882 2028 4939 ἐν

371 4972 490 5042 Θεῷ
509 4968 710 5026 νικᾶτε·
745 4969 893 5027 »καὶ
952 4971 980 5025 6
1047 4967 1182 5032 λαὸς
1211 4969 1273 5026 ἐκ
1301 4971 1371 5048 γ’,
1410 4972 1474 5027 τὸ
1504 4971 1637 5028 αὐτὸ
1668 4971 1726 5028 δὲ
1757 4971 1906 5048 λέγει
1936 4973 2028 5028 καὶ

2141 4885 2284 4940 dent
2312 4887 2369 4939 et
2399 4881 2638 4938 dicunt:
2679 4899 2702 4928 ι
2734 4879 2804 4934 Ν.
2829 4877 2897 4932 Ν.
2930 4875 3201 4948 Augusti,
3232 4880 3296 4932 tu
3323 4875 3522 4931 vincas
3552 4875 3563 4930 ι
3606 4896 3627 4923 ι
3659 4878 3716 4929 et
3746 4873 3798 4929 si

2140 4973 2350 5029 Veneti
2377 4968 2732 5043 praecipuam
2764 4967 2995 5023 laudem
3029 4965 3268 5036 habent,
3291 4967 3561 5021 cantores
3591 4978 3793 5020 eorum

1746 5123 1984 5181 VARl/E
2021 5122 2433 5181 LECTIONES.

438 5239 488 5275 ’⁷³
513 5239 649 5312 μετὸ
679 5241 808 5313 cod.
912 5239 960 5313 '7"
992 5236 1337 5313 μεσοδήμιον
1398 5241 1489 5298 ed.

363 5312 411 5347 ⁸⁸⁷
447 5313 632 5368 Verba
683 5330 697 5368 :

367 5382 415 5418 ⁷⁸
445 5382 658 5438 τούτων
688 5385 757 5440 ed
771 5425 783 5440 .

1595 5240 1642 5276 ⁷⁵
1709 5241 1815 5297 Pro
1861 5239 2034 5310 ἀντὶς,
2079 5241 2141 5297 h.
2196 5257 2249 5297 e.
2299 5237 2484 5301 ἀντίος
2539 5239 2632 5295 ed.
2693 5237 2913 5310 ubique
2955 5232 3016 5310 a’fv
3046 5255 3150 5310 τις.

742 5311 796 5387 οἱ
842 5307 1094 5387 κράκται·
1149 5307 1404 5386 (ε”ἰ“μεῖς
1459 5312 1734 5386 ὑπάρχετε
1791 5311 1819 5366 6
1875 5307 2047 5376 πόθος
2096 5315 2205 5368 τῶν
2267 5310 2587 5384 Ῥωμαίων·
2631 5331 2660 5360 ››
2702 5309 2730 5363 ὁ
2791 5307 2921 5370 ιζαὸς
2972 5307 3032 5363 ἐκ
3074 5309 3121 5384 γ’
3153 5331 3183 5360 ‹‹
3235 5308 3406 5384 ’Λγιε,
3452 5331 3481 5360 ››
3531 5326 3649 5366 om.
3701 5311 3792 5366 ed.

3252 5235 3300 5272 7°
3328 5232 3692 5298 φυλάττοντες
3724 5239 3794 5294 ed

1432 5475 1631 5533 JOAN.
1671 5476 1819 5532 JAC.
1861 5476 2115 5533 REISKII
2153 5472 2730 5532 COMMENTARIUS.

439 5595 555 5666 (43)
587 5594 878 5651 Videntur
908 5594 1094 5652 fuisse
1123 5594 1363 5666 gradus,
1392 5593 1469 5666 in,
1496 5593 1710 5665 quibus
1743 5593 2028 5666 consiste-

363 5673 516 5735 rent,
539 5665 648 5723 ant
677 5666 946 5724 sederent
974 5665 1153 5731 cives,
1185 5665 1287 5736 qui
1336 5665 1408 5721 ad
1448 5665 1748 5722 factionem
1796 5665 2026 5722 nullam

366 5739 758 5811 pertinerent.

2209 5591 2323 5662 (44)
2344 5589 2834 5662 ,Μηοοῑιειθιιῐοιοό
2865 5589 3036 5657 ἀντίς,
3059 5590 3231 5662 idest
3260 5607 3420 5646 novae
3447 5606 3604 5646 more
3633 5589 3793 5662 Grie-

2140 5659 2240 5719 cies
2271 5659 2314 5715 ὁ⁷
2331 5659 2529 5729 ἀντίος,
2575 5661 2912 5732 contrarius,
2957 5678 3027 5719 ex
3071 5661 3387 5720 adversario
3438 5672 3608 5718 stans.
3645 5659 3790 5716 Pho-

2142 5751 2234 5792 nw
2261 5742 2400 5792 sunt
2430 5739 2488 5791 et
2511 5734 2868 5806 antiphonts.
