4134 6392
319 393 440 458 603

1391 385 1924 452 CONSTANTINI
1967 384 2665 449 PORPHYROGENITI

3615 388 3736 449 604

313 536 555 590 dicunt:
593 551 620 579 ‹‹
647 530 978 599 Senatores,
1028 527 1269 600 surgite,
1305 527 1558 584 dominis
1586 527 1733 583 bene
1764 541 1962 600 prece-

2099 525 2109 578 ι
2144 523 2287 586 ἆντὶς
2347 521 2548 598 δῆμος,
2583 523 2793 596 ὁμοίως
2833 521 2926 579 καὶ
2958 523 2986 579 6
3025 527 3120 578 τοῦ
3178 527 3374 578 Λευκοῦ
3429 525 3526 580 καὶ
3559 524 3587 579 6
3635 529 3736 580 τοῦ

315 639 484 690 mur;
515 642 542 670 »
576 619 661 675 sic
691 623 747 674 et
777 617 1028 690 populus
1086 621 1192 672 ter.
1244 617 1302 672 Si
1343 634 1474 674 vero
1513 616 1732 672 Prasini
1765 615 1970 687 majori

312 710 598 783 dignitate
633 711 790 778 sunt,
811 711 1075 764 cantores
1098 722 1298 762 eorum
1329 708 1569 763 dicunt:
1603 730 1630 757 «
1663 706 1966 761 Pedaturaa

313 817 646 868 murorum,
674 796 1132 865 resuscitemini,
1157 797 1430 853 dominos
1456 813 1797 869 precemur;
1831 817 1860 845 »
1893 797 1973 850 sic

312 893 490 950 etiam
512 889 762 963 pepulus
782 892 886 944 ter.
915 887 1191 944 Cantores
1217 903 1230 942 :
1273 910 1299 937 ί(
1325 887 1536 942 Multos
1559 903 1745 942 annos
1762 885 1968 940 amicis

313 981 536 1039 nostris
571 979 583 1034 i
621 1002 649 1029 ››
683 983 740 1034 et
771 992 1012 1032 rursus:
1042 998 1071 1026 «
1104 974 1252 1032 Mala
1279 980 1548 1048 tempora
1577 973 1832 1030 inimicis
1857 989 1967 1029 no-

315 1070 489 1127 stris!
527 1090 555 1120 »
589 1068 673 1124 sic
706 1066 953 1138 pepulus
982 1069 1092 1122 ter.

2085 610 2328 686 ῥουσίου,
2379 612 2465 666 καὶ
2528 610 2904 682 ἀποκρίνονται
2964 610 3266 690 ἀμφότεροι
3322 612 3372 666 οἱ
3424 609 3596 685 δῆμοι
3645 611 3737 665 καὶ

2079 701 2350 776 λέγουσιν·
2378 727 2405 752 ‹‹
2437 702 2498 758 Ὁ
2554 697 2698 755 δεῖνα
2757 701 2844 756 καὶ
2877 703 2904 755 6
2938 697 3084 756 δεῖνα
3139 699 3440 777 Αὕγουστοι
3487 696 3740 775 τούμϐη-

2082 811 2200 852 κας.
2234 812 2260 844 ι
2306 791 2408 847 Καὶ
2443 789 2486 844 εἰ
2525 791 2616 864 μὲν
2647 788 2764 864 ἔχει
2797 792 2824 844 6
2858 791 3082 852 Βένετος
3112 790 3470 865 προτίμησιν,
3533 788 3746 866 λέγου-

2079 901 2159 934 σιν
2193 880 2244 934 οἳ
2281 880 2477 935 τούτου
2508 880 2760 954 κράκται.
2806 903 2835 932 ‹‹
2884 879 2950 937 Οἱ
2999 882 3098 945 τῆς
3149 879 3484 956 συγκλήτου,
3531 877 3740 954 ἐγείρε-

2080 969 2170 1023 σθε
2199 971 2244 1005 ⁷⁸
2293 971 2430 1042 (45)’
2495 968 2623 1032 τοὺς
2684 966 2948 1031 δεσπότας
3007 968 3306 1043 εὐξώμεθα·
3357 993 3384 1020 ››
3418 971 3507 1023 καὶ
3539 971 3566 1024 6
3604 968 3742 1030 λαὸς

2085 1059 2299 1132 ὁμοίως
2339 1057 2399 1113 ἐκ
2430 1060 2497 1136 γ”
2534 1058 2579 1113 εἶ
2611 1055 2666 1112 δὲ
2697 1051 2813 1134 ἔχει
2846 1059 2872 1112 ὁ
2929 1060 3190 1133 Πράσινος
3238 1060 3339 1129 τὴν
3372 1059 3740 1134 προτιμησιν,

319 1159 571 1234 λέγουσιν
628 1156 680 1209 οἱ
715 1152 912 1210 τούτου
958 1153 1204 1226 κράκται·
1269 1175 1298 1204 ‹‹
1391 1152 1459 1208 O't
1507 1155 1613 1206 τῶν
1664 1146 2048 1222 πεδατουρῶν,
2110 1146 2399 1223 ἐγείρεσθεο
2449 1145 2577 1209 τοὺς
2627 1145 2890 1210 δεσπότας
2942 1148 3244 1221 εὐξώμεθα.
3307 1173 3333 1198 ‹‹
3381 1149 3471 1204 καὶ
3535 1147 3562 1202 6
3611 1146 3746 1211 λαὸς

319 1248 533 1321 ὁμοίως
579 1244 639 1301 ἐκ
687 1245 754 1319 γ’.
809 1243 874 1300 Οἱ
923 1242 1151 1318 xpetit-rat
1196 1237 1272 1296 Eo"
1339 1263 1362 1294 ι
1412 1244 1528 1294 Τῶν
1571 1239 1877 1316 φιλούντων
1928 1240 2076 1311 ἡμᾶς
2135 1236 2320 1292 πολλᾶ
2365 1236 2432 1293 τὰ
2483 1235 2599 1308 ἔτη.
2647 1261 2674 1288 ›ι
2707 1237 2814 1308 ικαὶ
2863 1235 3053 1292 πάλινο
3107 1261 3136 1290 ι(
3184 1239 3308 1294 Τῶν
3341 1235 3398 1293 δὲ
3431 1258 3740 1312 μισουντων

317 1339 466 1410 ἡμᾶς
498 1335 636 1390 κατᾶ
661 1333 726 1390 τὰ
747 1332 863 1404 ἕτηο
897 1357 925 1385 ››
960 1332 1046 1388 καὶ
1081 1334 1108 1388 6
1141 1330 1273 1394 λαὸς
1312 1333 1522 1406 ὁμοιως
1556 1330 1616 1386 ἐκ
1645 1332 1714 1406 γ’.

389 1429 482 1483 VI.
518 1429 649 1484 Haec
686 1427 863 1482 etiam
898 1425 1135 1496 reliqua:
1195 1425 1476 1480 factiones
1507 1425 1726 1490 dicunt,
1759 1422 1978 1494 quibus

322 1533 526 1576 omnes
548 1518 704 1572 hunc
719 1515 777 1570 in
796 1515 1036 1571 modum
1053 1513 1411 1586 respondent
1437 1529 1450 1567 :
1475 1535 1504 1562 «
1529 1512 1640 1569 UtJ
1652 1513 1797 1568 udas
1818 1512 1978 1578 olim,

323 1608 656 1673 suﬁ‘ocetur,
688 1605 789 1678 qui
823 1603 1091 1660 domines
1113 1619 1253 1658 suos
1276 1619 1390 1658 non
1412 1611 1562 1658 amat
1587 1600 1599 1655 ι
1637 1623 1665 1652 ››
1693 1601 1801 1656 hoc
1825 1600 1980 1656 idem

324 1699 578 1774 populus
608 1703 693 1754 ter
721 1698 955 1769 repetit,
981 1713 1046 1751 ac
1078 1695 1278 1751 statim
1301 1710 1585 1767 organum
1618 1693 1906 1764 pulsatur,
1929 1699 1985 1747 et

326 1803 689 1863 quascunque
723 1786 898 1842 factio
935 1785 1226 1856 praecipue
1275 1783 1539 1853 diligitur
1579 1787 1636 1839 et
1686 1784 1982 1854 probatur,

321 1855 388 1937 e-a
434 1855 692 1953 phonam
746 1875 888 1931 dicit
935 1855 1238 1930 cantorum
1285 1888 1420 1940 ore;
1453 1887 1590 1928 voce
1635 1872 1760 1927 toni
1805 1870 1922 1928 obl.
1957 1871 1979 1926 Ι
2011 1855 2059 1921 Β

322 1971 524 2026 dicunt
549 1983 561 2022 :
587 1988 616 2016 «
646 1966 886 2020 Gratias
911 1964 1046 2030 tibi,
1077 1963 1301 2018 Christe
1331 1962 1482 2018 Deus
1515 1965 1724 2024 noster,
1759 1958 1977 2032 persol-

324 2057 543 2124 vimus,
567 2053 721 2110 186
747 2054 904 2124 quod
924 2051 1172 2108 consilia
1193 2051 1456 2123 gentium
1480 2050 1756 2122 dissipas,
1783 2049 1979 2105 hostes

329 2144 604 2214 conteris,
637 2148 695 2198 et
718 2141 1002 2198 miracula
1023 2145 1124 2196 tua
1155 2141 1211 2194 in
1245 2139 1455 2210 pepulo
1484 2144 1606 2207 tuo,
1635 2156 1666 2195 ο
1700 2135 1983 2210 potentis-

327 2236 498 2303 sime,
515 2232 860 2304 ampliﬁcas.
888 2229 1332 2285 Inimicosenim
1349 2237 1577 2284 nostros
1598 2233 1700 2284 tua
1728 2225 1982 2300 polentia

330 2322 652 2396 subjecisti,
684 2337 865 2378 cornu
897 2319 1162 2375 ﬁdelium
1195 2319 1614 2390 imperatorum
1649 2323 1982 2374 nostrorum

332 2430 577 2471 munere
596 2411 904 2469 Genitricis
923 2419 1057 2475 tuae,
1078 2413 1142 2464 ut
1158 2409 1320 2465 solus
1337 2410 1540 2480 plenus
1562 2408 1984 2475 misericordia,

331 2501 617 2558 exaltasti.
636 2521 665 2550 »
684 2502 886 2554 Postea
905 2502 1170 2552 cantores
1185 2496 1560 2552 modulantur
1588 2513 1649 2550 :«
1671 2495 1892 2551 Nanaia
1917 2511 1930 2550 :
1957 2516 1984 2544 »

330 2588 585 2663 populus
610 2608 624 2656 ;
653 2608 680 2640 ι
702 2587 1042 2642 Laudamus
1067 2590 1140 2653 te,
1165 2584 1410 2640 Christe.
1435 2607 1464 2636 »
1489 2588 1764 2640 Cantores
1789 2602 1801 2640 :
1829 2607 1856 2634 «
1875 2577 1986 2638 Na-

332 2696 407 2734 na
436 2696 450 2747 ;
483 2699 512 2727 ι)
537 2675 789 2749 populus
820 2690 834 2730 :
870 2697 897 2725 ι(
951 2673 1266 2746 imperator
1295 2673 1639 2730 saculorum
1672 2674 1684 2729 l
1715 2693 1741 2725 ιι
1779 2676 1988 2728 Canto-

333 2782 468 2823 res:
521 2787 549 2816 «
600 2765 802 2834 Nana;
851 2785 881 2814 »
930 2762 1221 2835 pepulus;
1278 2783 1308 2813 ‹‹
1363 2761 1742 2834 Unigenitum
1804 2761 1993 2818 Patris

334 2856 594 2911 Verbum
621 2855 632 2910 ι
668 2875 696 2905 ››
721 2857 997 2909 Cantores
1025 2868 1038 2908 :
1067 2873 1094 2901 »
1119 2853 1420 2922 Ananaia;
1455 2872 1480 2904 ι
1510 2852 1802 2924 populus:
1827 2849 1994 2918 Quod

341 2943 643 3016 respexisti
667 2950 719 2997 et
743 2941 1075 2996 illustrasti.
1103 2959 1127 2992 ι
1150 2944 1428 2997 Cantores
1453 2957 1467 2995 :
1492 2963 1520 2991 «
1545 2940 1704 2996 Nana
1727 2960 1742 3009 ;
1764 2962 1791 2989 »
1815 2956 1994 3011 popu-

341 3035 434 3089 lus
473 3050 488 3089 :
536 3053 564 3082 »
615 3030 903 3101 Populum
950 3035 1136 3086 tuum.
1165 3053 1188 3081 ι
1238 3031 1547 3086 Cantores:
1586 3052 1615 3080 «
1676 3029 1887 3085 Sancta
1917 3028 1930 3084 ι
1963 3049 1990 3078 ››

344 3120 637 3196 pepulus:
673 3141 700 3168 ‹‹
734 3119 800 3174 Et
831 3122 1114 3190 potestate
1145 3123 1238 3173 tua
1268 3135 1376 3174 nos
1406 3117 1689 3174 liberasti.
1721 3141 1741 3167 ι
1791 3119 1997 3174 Canto-

2164 1422 2226 1490 ζ’.
2263 1422 2448 1476 Ταῦτα
2487 1416 2542 1474 δὲ
2585 1419 2838 1494 Λέγουσιν
2895 1421 2986 1474 καὶ
3043 1420 3095 1475 οἱ
3154 1419 3344 1475 λοιποὶ
3401 1417 3594 1495 δῇμοι,
3645 1418 3739 1474 καὶ

2089 1510 2470 1586 ἀποκρίνονται
2531 1512 2750 1582 πάντες,
2837 1511 2927 1564 καὶ
3000 1509 3278 1586 λέγουσιν·
3334 1537 3362 1563 ‹‹
3415 1510 3737 1585 Ἀπάγξεται

2091 1600 2222 1663 ὡςὸ
2284 1598 2489 1662 Ἰουδᾶς
2550 1603 2577 1655 6
2614 1602 2688 1674 μὴ
2739 1596 2915 1677 φιλῶν
2975 1602 3102 1662 τοὺς
3156 1598 3326 1662 ἰδίους
3387 1598 3670 1662 δεσπόταςο
3718 1626 3740 1656 ι

2089 1689 2181 1745 καὶ
2214 1690 2241 1744 ὁ
2273 1689 2406 1751 λαὸς
2466 1689 2673 1762 ὁμοίως
2731 1690 2788 1746 ἐκ
2845 1690 3054 1764 τρίτου,
3123 1692 3211 1746 καὶ
3253 1692 3453 1754 εὐθέως
3487 1692 3642 1765 αὐγεῖ
3683 1691 3746 1746 τὸ

2095 1778 2349 1854 ὄργανον,
2380 1780 2467 1834 καὶ
2505 1781 2622 1834 οἷον
2671 1778 2834 1854 μέρος
2867 1776 2988 1856 ἔχει
3027 1780 3384 1854 προτίμησιν,
3445 1780 3588 1854 λέγει
3630 1802 3751 1856 φω-

2089 1871 2186 1938 νὴν
2225 1869 2330 1924 ἀπὸ
2360 1874 2610 1943 κρακτῶν
2641 1870 2688 1903 3°
2717 1868 2818 1944 ἤχ.
2853 1870 2951 1929 πλ.
2980 1873 3044 1926 α’·
3077 1895 3103 1923 ι(
3149 1870 3600 1946 Εὖχσριστοῦμέν
3636 1891 3747 1942 σοι,

2087 1959 2282 2033 Χριστέ
2314 1959 2341 2012 6
2375 1960 2503 2022 Θεὸς
2545 1962 2728 2032 ἡμῶν,
2753 1965 2832 2032 τῷ
2894 1957 3295 2030 διασκεδάξοντι
3345 1957 3547 2036 βουλὰς
3581 1959 3746 2023 ἐθνῶν

2085 2050 2175 2104 καὶ
2210 2044 2549 2123 συντρίϐοντι
2609 2047 2938 2122 πολεμίους,
2981 2051 3067 2106 ὅτι
3124 2049 3462 2127 ἐμεγάλυνας
3505 2051 3570 2106 τὰ
3611 2051 3745 2103 θαυ-

2094 2139 2260 2212 μάσια
2311 2159 2405 2192 σου
2474 2137 2562 2194 ἐπὶ
2611 2139 2703 2193 τὸν
2761 2137 2895 2194 λαόν
2955 2161 3074 2209 σου,
3125 2136 3334 2197 δυνατὲ.
3369 2141 3510 2202 Τοὺς
3541 2140 3645 2214 γὰρ
3676 2137 3752 2214 ἐχ

2090 2230 2250 2304 θρους
2296 2230 2456 2300 ἡμῶν
2501 2227 2764 2300 ὑποτάξας
2821 2227 2871 2282 ἐν
2937 2232 3006 2301 τῇ
3067 2225 3290 2302 δυνάμει
3351 2249 3469 2297 σου,
3519 2226 3748 2302 ὕψωσας

2088 2319 2152 2373 τὸ
2199 2318 2357 2391 κέρας
2415 2321 2522 2371 τῶν
2594 2322 2796 2372 πιστῶν
2876 2315 3144 2392 βασιλέων
3221 2321 3380 2391 ἡμῶν
3429 2312 3742 2392 πρεσϐείαις

2091 2412 2191 2474 τῆς
2249 2404 2514 2474 τεκούσης
2576 2427 2651 2474 σε,
2715 2405 2790 2469 ὡς
2849 2407 3018 2480 μόνος
3077 2405 3398 2469 πολυέλεος.
3434 2430 3462 2458 ο)
3513 2407 3612 2462 Καὶ
3648 2407 3749 2470 εἶθ’

2095 2495 2267 2557 οὕτως
2297 2494 2548 2569 λέγουσιν
2572 2495 2622 2548 οἱ
2652 2496 2882 2570 κράκται
2926 2497 2988 2550 τὸ
3028 2494 3272 2570 ἱχάδιον,
3307 2520 3335 2548 (ί
3384 2496 3593 2552 Νανάῖα
3620 2497 3689 2552 δι.
3724 2520 3756 2546 ››

2095 2587 2121 2640 6
2155 2585 2311 2648 λαόςν
2346 2610 2373 2636 ‹‹
2410 2585 2714 2658 Δοξάζομέν
2771 2607 2846 2655 σε,
2879 2586 3102 2660 Χριστέ·
3139 2608 3163 2640 α
3198 2586 3265 2644 Οἱ
3297 2585 3549 2661 κρᾶκται,
3579 2610 3606 2636 ι(
3641 2591 3760 2642 Να-

2096 2675 2158 2730 νά
2209 2677 2343 2750 (46)’
2398 2699 2426 2726 ››
2489 2677 2516 2729 6
2589 2673 2743 2736 λαός·
2811 2697 2838 2730 α
2879 2675 3118 2732 Βασιλεῦ
3174 2681 3282 2730 τῶν
3335 2676 3571 2732 αἰώνων.
3634 2677 3766 2734 »Οἱ

2099 2765 2352 2838 κράκται,
2421 2789 2450 2816 ‹‹
2496 2763 2662 2818 Νανά’
2729 2765 2756 2818 ὁ
2837 2761 2994 2826 λαός·
3073 2763 3362 2839 Μονογενῆ
3439 2765 3582 2839 Λόγε
3665 2769 3769 2820 τοῦ

2102 2852 2340 2926 Πατρός.
2378 2875 2406 2905 »
2441 2852 2507 2908 Οἱ
2537 2853 2788 2926 κρᾶκται,
2831 2877 2859 2903 ‹‹
2904 2851 3180 2909 ’Λνα-ιάέα.
3226 2875 3255 2903 ››
3287 2852 3314 2905 6
3349 2852 3504 2921 λαὸς,
3560 2878 3587 2904 ‹‹
3641 2855 3772 2910 Ὅτι

2102 2940 2381 3015 ἐπεσκέψω
2410 2941 2498 2995 καὶ
2531 2940 2830 3019 ἐφώτισας.
2866 2965 2894 2992 ››
2954 2942 3019 2998 0".
3075 2940 3328 3016 κράκται,
3363 2966 3391 2993 ‹‹
3443 2943 3615 2999 Νανά’
3650 2966 3677 2994 ι)
3742 2944 3771 2999 6

2105 3029 2258 3093 λαός⁶
2299 3054 2324 3085 α
2383 3033 2489 3088 Τὸν
2542 3029 2673 3086 λαόν
2746 3051 2862 3086 σου.
2919 3054 2946 3081 ››
3006 3032 3073 3088 Οἱ
3113 3031 3367 3105 κροὶκται,
3403 3056 3431 3083 ‹‹
3466 3032 3641 3105 Ἀγία.
3676 3056 3705 3085 ι)
3742 3032 3770 3086 ὁ

2107 3119 2260 3182 λαός’
2295 3121 2456 3174 «Καὶ
2498 3119 2548 3175 ἐν
2600 3123 2668 3193 τῇ
2731 3117 2952 3193 δυνάμει
3012 3141 3107 3174 σου
3148 3118 3472 3191 ἀπήλλαξας
3517 3124 3691 3196 ἡμᾶς.
3745 3147 3772 3174 ››

349 3228 482 3268 res:
517 3232 545 3260 ‹‹
578 3208 840 3278 Nanaia;
875 3230 902 3257 ››
946 3206 1199 3280 populus
1233 3223 1248 3262 :
1287 3229 1308 3256 ι
1345 3212 1412 3262 Et
1459 3207 1755 3264 adduxisti
1804 3223 1930 3262 nos.
1965 3227 1987 3256 ›ι

2105 3211 2172 3267 Οἳ
2204 3210 2451 3284 api/xar-
2487 3234 2515 3261 ι(
2549 3209 2780 3265 Na-n'ti'a'
2815 3234 2835 3260 ι
2877 3211 2904 3263 6
2968 3207 3121 3271 λαός’
3175 3233 3204 3262 ι(
3255 3209 3355 3266 Καὶ
3411 3213 3769 3286 προσήγαγες

343 3304 622 3359 Cantores
656 3315 668 3354 :
709 3320 737 3348 «
771 3297 1035 3366 Nanaia;
1072 3319 1094 3348 ι
1133 3296 1423 3370 populus:
1457 3319 1486 3347 «
1520 3301 1634 3353 Deo
1665 3303 1723 3352 et
1754 3295 1930 3352 Patri.
1963 3315 1989 3349 ι

347 3392 653 3446 Cantores:
712 3408 741 3437 ‹‹
773 3387 1038 3442 Ananaia
1068 3404 1083 3456 ;
1115 3407 1144 3436 »
1195 3385 1483 3460 populus:
1537 3407 1566 3436 «
1612 3386 1930 3442 Mediatrix.
1966 3407 1993 3440 θ

347 3482 658 3535 Cantores:
697 3498 718 3525 α
755 3475 1058 3542 Ananaia;
1095 3495 1120 3526 ι
1165 3474 1454 3547 populus:
1491 3496 1520 3525 ‹‹
1552 3473 1624 3530 Ut
1671 3475 1832 3531 solus
1880 3493 2000 3531 om-

349 3567 692 3638 nipotens.»
741 3564 835 3619 Sic
895 3567 951 3620 et
1008 3567 1202 3620 omnis
1263 3564 1513 3635 populus
1565 3573 1761 3635 postea
1819 3565 1996 3622 dicit:

353 3679 381 3706 ‹‹
412 3655 708 3710 Eternam
738 3654 892 3710 Deus
915 3669 1139 3708 sacram
1167 3655 1528 3722 majestatem
1553 3669 1678 3708 esse
1705 3655 1908 3724 jubeat
1931 3653 1943 3708 l
1970 3675 1998 3706 »

350 3746 564 3802 Eadem
597 3759 831 3814 quoque
861 3741 1038 3797 altera
1060 3743 1229 3797 factio
1252 3744 1479 3813 recitat,
1505 3749 1560 3797 et
1582 3759 1709 3815 quae
1741 3744 2005 3814 superior

351 3841 460 3902 est,
519 3834 692 3890 dicit:
754 3856 781 3883 «
845 3832 993 3903 Fili;
1052 3854 1080 3883 ››
1141 3831 1369 3888 altera:
1426 3854 1454 3883 ‹‹
1512 3832 1650 3902 Dei;
1713 3855 1741 3883 »
1803 3834 2002 3906 prior:

352 3948 380 3977 «
414 3924 670 3980 Victoria
710 3945 738 3972 ››
798 3927 903 3979 ter.
937 3927 1146 3978 Postea
1205 3927 1510 3978 cantores:
1545 3946 1572 3973 «
1631 3928 1859 3989 Sancte,
1919 3929 2008 3980 ter

355 4018 582 4081 sancte,
613 4014 792 4069 vitam
826 4012 971 4084 ipsis
1021 4020 1077 4067 et
1123 4011 1370 4082 gloriam
1413 4011 1644 4068 tribue!
1682 4035 1711 4063 »
1763 4015 2008 4084 Rursus,

357 4121 484 4177 qua
503 4103 1058 4176 superiorhabetur:
1082 4123 1108 4151 α
1135 4103 1243 4170 Tu,
1268 4102 1363 4174 qui
1389 4103 1656 4160 dominos
1679 4103 1952 4174 adjuvasl
1981 4127 2009 4156 ››

2105 3301 2274 3372 ἡμᾶς.
2312 3323 2338 3348 ››
2402 3301 2468 3356 Οἱ
2535 3298 2784 3374 κράκταιο
2843 3323 2871 3350 ι(
2925 3300 3153 3354 Νανάἶα·
3212 3322 3239 3349 n
3291 3301 3318 3354 6
3375 3299 3524 3362 λαός.
3590 3325 3618 3350 ‹‹
3674 3307 3768 3373 Τῷ

2107 3391 2223 3459 Θεῷ
2252 3387 2342 3441 καὶ
2371 3387 2561 3462 ΙΙατρί.
2621 3411 2650 3438 ››
2681 3388 2750 3444 Οἱ
2797 3387 3053 3462 κράκται.
3087 3410 3117 3439 ι(
3159 3388 3427 3444 Ἀνανάῖα·
3461 3409 3488 3435 ››
3519 3386 3546 3438 6
3602 3383 3764 3450 λαός·

2113 3500 2135 3528 ι
2185 3479 2437 3532 Μεσιτεῖα
2494 3476 2540 3512 ⁸²
2595 3476 2731 3550 (47).
2768 3498 2798 3528 ››
2848 3476 2915 3532 Οἳ
2944 3477 3195 3550 κράκται,
3257 3500 3285 3529 ι(
3341 3473 3599 3532 Ἀνανάῖαο
3655 3497 3682 3525 ››
3725 3475 3755 3530 ὁ

2110 3565 2263 3628 λαός.
2319 3589 2347 3617 ‹‹
2392 3571 2478 3629 Ὡς
2537 3567 2708 3638 μόνος
2747 3563 3179 3638 παντοδύναμος.
3232 3589 3260 3618 ››
3302 3566 3402 3623 Καὶ
3434 3564 3526 3619 εἶθ’
3586 3563 3762 3626 οὕτως

2112 3655 2262 3730 λέγει
2303 3656 2330 3710 6
2390 3656 2521 3717 λαὸς
2581 3657 2738 3717 ἅπας·
2789 3680 2817 3707 ‹‹
2867 3655 3245 3730 Ηολυχρόνιον
3306 3655 3526 3725 ποιήσει
3573 3655 3602 3708 6
3633 3654 3771 3716 Θεὸς

2111 3749 2212 3816 τήν
2258 3746 2411 3818 ἁγίαν
2446 3745 2743 3820 βασιλείαν.
2798 3768 2826 3796 ››
2877 3745 3098 3815 Ἰστέον,
3146 3744 3230 3799 ὅτι
3296 3745 3364 3799 τὰ
3438 3742 3572 3798 αὖτᾶ
3621 3742 3772 3818 λέγει

2114 3838 2203 3892 καὶ
2251 3837 2279 3890 6
2328 3836 2476 3898 ἆντὶς
2515 3834 2716 3908 δῆμος.
2771 3834 2874 3893 Καὶ
2924 3835 3088 3891 πάλιν
3138 3837 3165 3890 6
3221 3829 3368 3911 ἔχων
3427 3833 3769 3908 προτίμησιν

2118 3925 2288 4000 λέγει⁹
2327 3949 2349 3976 ι
2420 3925 2526 3980 Υἱέ·
2577 3950 2597 3976 ι
2633 3925 2723 3979 καὶ
2777 3927 2803 3980 6
2859 3926 3028 3994 ἀντὶς,
3082 3951 3103 3980 ι
3143 3929 3296 3982 Θεοῦ.
3348 3948 3378 3976 ››
3420 3924 3519 3978 Καὶ
3572 3924 3600 3978 ὁ
3631 3923 3786 3986 αντῖς

2243 4017 2253 4036 Ι
2499 4023 2508 4039 ι
2656 4015 2670 4036 \
2748 4013 2769 4034 Ὗ
2807 4015 2820 4034 Ι
2902 4013 2928 4034 f'
3133 4013 3144 4029 ν
3437 4013 3458 4029 η
3618 4012 3628 4031 Ι

2121 4040 2148 4068 ‹‹
2183 4019 2326 4087 Νικη
2380 4039 2408 4067 ››
2465 4037 2527 4090 γ·
2585 4035 2673 4070 και
2723 4017 2800 4069 ειο
2867 4035 3040 4076 ουτως
3088 4012 3336 4088 λεγουσιν
3406 4033 3458 4068 o:
3531 4031 3783 4087 κρακται·

2127 4128 2150 4158 ι
2178 4109 2364 4181 ”Αγιε,
2409 4106 2672 4182 τρισάγιε,
2744 4104 2891 4174 ζωὴν
2937 4104 3029 4158 καὶ
3075 4100 3228 4174 δόξαν
3254 4099 3345 4166 δὸς
3374 4103 3583 4166 αὐτοῖς.
3629 4102 3790 4159 »Καὶ

1686 4193 1932 4250 VARl/E
1972 4196 2378 4253 LECTIONES.

430 4284 477 4320 79
505 4280 954 4357 ἐγείρεσθε-τοὺς
987 4277 1138 4357 δεσπ.
1171 4279 1302 4357 ερξη
1345 4284 1432 4352 R.,
1463 4280 1759 4357 ἐγείρεσθαι
1788 4284 1914 4346 τοὺς
1957 4281 2110 4343 δεσπ.
2159 4285 2265 4356 εὐξ.
2317 4288 2447 4344 cod.
2499 4291 2560 4344 et
2609 4287 2702 4343 ed.

359 4357 452 4414 ed.
530 4353 574 4391 3‘
608 4353 737 4410 νάνα
763 4355 853 4411 ed.
887 4355 1133 4428 passim.
1210 4353 1256 4389 ⁸²
1291 4353 1532 4427 μεσιτείᾲ
1563 4353 1715 4428 conj.
1751 4357 1818 4414 Β.

1411 4464 1609 4520 JOAN.
1649 4465 1794 4522 JAC.
1837 4465 2103 4523 REISKII
2142 4465 2737 4524 COMMENTARlUS.

430 4576 546 4648 (45)
594 4575 771 4643 Edit.,
832 4571 1189 4648 ἐγείρεσθαι.-.
1211 4573 1471 4648 Reliquae
1514 4573 1615 4648 ba:
1674 4577 1809 4630 sunt
1874 4573 2020 4629 idio-
2049 4582 2093 4645 [)
2128 4577 2271 4632 meri
2306 4577 2543 4648 pedum,
2578 4576 2634 4630 in
2669 4573 2793 4631 solo
2816 4572 3248 4648 velimmnibus,
3273 4572 3370 4628 ubi
3397 4571 3800 4648 consistit‘mi-

363 4645 624 4720 graphiaa
657 4645 900 4712 librarii,
935 4645 1032 4717 qui
1065 4645 1323 4702 codicem
1368 4647 2020 4720 Lipsiensemgeaarayit
2130 4649 2215 4704 les
2244 4645 2752 4720 ex'cubiasragens,
2783 4663 2884 4702 seu
2917 4646 3241 4720 incastris,
3276 4662 3377 4700 seu
3403 4647 3462 4700 in
3496 4645 3799 4720 manibus

363 4713 420 4776 Et
451 4713 543 4775 c'ui
566 4720 804 4776 solenne
845 4713 970 4790 erat
999 4735 1051 4790 at
1085 4722 1170 4790 et
1223 4735 1247 4769 ε
1305 4713 1656 4790 perifiutare.
1689 4713 2018 4790 Ἐγείρεσθαι
2134 4722 2316 4784 urbis,
2351 4720 2486 4774 item
2521 4713 2841 4790 in'quibus
2886 4717 3136 4789 agricola
3168 4722 3332 4790 arat,
3375 4717 3556 4780 metit,
3592 4720 3802 4790 fenum

365 4793 460 4847 hic
503 4791 611 4847 loci
644 4808 759 4848 non
793 4795 882 4847 est
930 4787 1280 4856 inﬁnitivus,
1308 4787 1430 4861 sed,
1470 4787 1847 4859 imperatiVus
1877 4787 2025 4861 ἐγεί-
2136 4796 2311 4858 secat,
2345 4795 2452 4846 etc.
2499 4787 2733 4845 Late—de
2778 4790 2887 4844 bac
2922 4787 3057 4844 Voce
3087 4787 3211 4860 agit
3241 4788 3328 4844 Du
3376 4788 3802 4861 CangeGloss,

369 4863 541 4935 ρεσθε,
600 4864 830 4934 surgite,
859 4863 1342 4935 bene_pr¢cemur
1399 4860 1657 4935 dominis.
1691 4861 1782 4916 Sic
1819 4877 1876 4930 p.
1921 4859 2019 4916 181
2138 4864 2282 4929 Lat.,
2333 4866 2488 4918 unde
2547 4865 2723 4934 patet,
2756 4877 2907 4926 eam,
2965 4859 3240 4935 quantivis
3289 4861 3400 4935 adn
3431 4859 3631 4935 omnia
3683 4859 3806 4935 soli

369 4918 666 5022 exaratum
697 4918 833 5022 "erat:
874 4937 930 4988 in
1107 4951 1292 5022 αγεξαι
1331 4949 1436 5003 pro
1475 4929 1658 5022 ςέἰγείτεζ
1705 4937 1761 4988 et
1912 4935 2024 5022 '183
2138 4918 2513 5022 spatia‘certo
2547 4918 2762 5005 pedum
2788 4918 3033 5015 numero
3065 4930 3309 5022 det‘inita
3331 4918 3806 5022 possitjeatendi,

373 5001 753 5077 ﬁyanppévaz,
782 5009 838 5058 et
887 5022 942 5075 p.
980 5005 1114 5077 187,
1137 5001 1406 5072 εὔξασθαι,
1442 5010 1498 5059 et
1525 5001 1756 5077 :jbidem
1803 5001 2024 5064 έλαίους
2138 5001 2208 5061 de
2243 5001 2596 5077 militaribus
2638 5012 2830 5059 tamen
2861 5005 3065 5076 spatiis
3115 5003 3454 5077 plerumque
3492 5003 3630 5077 dici,
3664 5020 3806 5074 quae

375 5070 502 5150 pro
539 5070 749 5150 ἐλέους,
800 5092 854 5144 p.
888 5070 1042 5150 '135,
1090 5070 1329 5150 'étatpoc
1365 5070 1468 5150 pro
1524 5070 1729 5150 ἕτερος,
1780 5093 1842 5150 3.
1903 5077 2029 5150 190,
2139 5077 2310 5132 velin
2337 5076 2624 5132 moenibus
2651 5070 3602 5150 urbium,ve_lincastriseixcubiis
3623 5070 3812 5145 agen-

379 5143 703 5218 αἰτήσασθαι
736 5143 841 5218 pro
883 5143 1222 5216 αἰτήσασθε(
1245 5143 1466 5203 νίό.”θ(1
1513 5164 1569 5218 ρ.
1615 5143 1744 5202 ’188.
1778 5148 1848 5202 Et
1898 5148 2032 5203 talia
2140 5151 2231 5204 dis
2252 5149 2543 5204 destinata
2562 5155 2699 5203 sunt
2724 5165 2743 5211 ;
2766 5147 3225 5203 distantiaunius
3245 5148 3515 5203 stationis
3537 5143 3813 5202 castren-

379 5216 454 5277 ὡς
488 5215 657 5289 γόνιςᾼ
680 5215 753 5271 in‘
771 5232 837 5272 eo
870 5219 1078 5272 codice.
1120 5215 1191 5273 ld'
1232 5219 1383 5274 idem
1431 5215 1666 5289 queque
1705 5220 1929 5276 dictum
1974 5224 2032 5274 et
2141 5223 2224 5277 sis
2254 5227 2356 5276 aut
2383 5219 2656 5275 militaris
2689 5220 2761 5274 ab
2789 5219 2990 5274 altera.

380 5305 498 5367 non
529 5287 857 5367 neglectum
888 5289 1060 5367 velim
1093 5291 1164 5367 ad
1198 5287 1463 5367 proxime
1485 5287 1838 5367 _sequentem
1871 5291 2031 5346 simi-
2147 5363 2156 5367 _
2211 5291 2458 5367 (46)_Hic
2489 5297 2544 5346 et
2569 5291 2845 5362 deinceps
2874 5294 2998 5347 erat
3025 5290 3085 5346 in
3117 5291 3317 5347 codice
3364 5289 3514 5360 νανὰ,
3546 5296 3810 5346 accentu

375 5360 492 5436 lem
528 5361 721 5436 locum
751 5359 848 5436 :ro't
895 5359 1001 5411 τῶν
1061 5359 1428 5436 πεδατουρῶν,
1482 5360 1801 5436 ἐγείρεσθαι,
1835 5379 1863 5418 0
1919 5379 2030 5429 vos,
2144 5359 2462 5436 in'ultima.

379 5434 477 5504 qui
505 5432 909 5506 adipedaturas
932 5434 1248 5502 pertinelis,
1291 5432 1530 5502 Surgite,
1571 5432 1700 5490 bene
1747 5450 2035 5506 precemur
2214 5437 2325 5506 M7)
2360 5435 2442 5490 Ita
2464 5449 2696 5506 quoque
2726 5437 2816 5489 est
2866 5434 2924 5488 in
2980 5433 3195 5490 codice.
3248 5433 3358 5488 Sed
3411 5433 3588 5490 scrib.
3650 5433 3828 5504 μεσί-

380 5505 639 5560 dominis.
676 5505 823 5558 Sunt
856 5510 1075 5577 autem,
1111 5506 1212 5574 qui
1246 5505 1313 5560 ad
1360 5509 1671 5576 pedaturas
1719 5503 2031 5575 pertinent,
2142 5503 2259 5576 τεξᾳ
2308 5503 2371 5560 in
2446 5503 2656 5574 dativo,
2713 5523 2817 5577 per
2890 5507 3354 5576 intercessionem,
3410 5507 3830 5563 mediationem

384 5583 668 5646 quantum
703 5590 809 5646 ego
840 5575 1113 5648 equidem
1135 5575 1804 5648 conjicio,imagistratus
1826 5577 2035 5632 milita-
2145 5583 2326 5633 tuam.
2351 5577 2564 5633 Venias
2594 5575 2792 5633 tamen
2842 5593 2910 5632 ex
2965 5578 3275 5634 collatione
3325 5578 3435 5633 loci
3491 5596 3540 5648 p.
3601 5577 3707 5631 189
3750 5579 3830 5634 in

384 5663 514 5722 res;
547 5653 605 5722 et
652 5649 797 5702 bene
842 5646 906 5722 bi
954 5649 1072 5706 τοῖς
1120 5652 1222 5713 τῆς
1273 5646 1586 5718 συγκλήτόυ
1635 5654 2031 5721 apponuntur,
2142 5666 2268 5706 eam
2293 5650 2957 5722 opinionem,utcred_as
2981 5650 3199 5722 omissa
3224 5646 3499 5720 quaedam
3538 5650 3634 5704 hic
3656 5664 3834 5722 esse,

381 5720 463 5795 de
485 5719 701 5795 quibus
726 5719 1456 5795 modosermopraecessit.
1486 5718 1786 5795 Pedatures
1805 5735 2033 5795 nempe,
2145 5718 2360 5792 nempe
2389 5724 2497 5773 τῶν
2522 5724 2728 5773 πιστῶν
2758 5718 3027 5795 βασιλέων
3056 5718 3658 5793 ἡμῶν,“έηεενεεεείοπε
3678 5718 3843 5790 ﬁde;

381 5789 469 5844 vel
501 5791 804 5861 pedituraa,
833 5789 923 5846 vel
955 5791 1294 5861 pedationes
1325 5799 1462 5845 sunt
1506 5793 1694 5862 spatia
1749 5793 1890 5848 certi
1922 5789 2030 5847 nu-
2152 5789 2637 5848 lium—nostrorum
2666 5789 3084 5866 imperatorum.

2798 4283 2848 4319 ⁸ο
2895 4281 3116 4361 λέγουσι
3171 4289 3361 4363 φωνῆς
3391 4282 3501 4338 ἀπὸ
3557 4281 3795 4358 κράχται
