4134 6398
413 389 533 449 609

1281 391 1382 450 DE
1425 388 1890 452 CERIMONIIS
1935 389 2170 451 AULE
2212 389 2694 454 ΒῩΖΑΝΤΙΝιΕ
2733 393 2882 454 LlB.
2928 393 2976 456 Ι.

3712 403 3830 462 610

417 520 732 594 Ῥωμαίων.
785 517 1042 592 Ἀληθῶς
1089 521 1194 594 γὰρ
1251 517 1302 576 ἓν
1364 519 1492 593 ὑμῖν
1525 520 1576 576 οἱ
1608 520 1949 582 πιστεύοντες
2003 519 2069 574 τὰ

2185 539 2416 578 norum.
2449 527 2597 580 Vere
2627 526 2780 581 enim
2815 525 2873 581 in
2909 525 3072 581 vobis
3104 528 3409 586 credentes
3440 531 3588 588 bona
3629 533 3833 590 omnia

427 610 596 685 ἄγαοᾶ
623 611 951 686 καθορῶσιν.
996 633 1024 661 ))
1073 606 1285 672 Ἀλλος
1323 609 1388 646 ⁸8·
1443 634 1469 662 α
1515 609 1613 672 Τίς
1661 608 1820 688 ἔσχεν
1853 609 2070 686 εὔεργὲ-

427 722 538 768 τας,
593 699 960 778 ἆγαθοποιοὺς
1016 700 1324 770 τοιούτους,
1393 697 1762 774 φυλάττοντας
1818 705 1950 756 πᾶσι
2006 700 2068 755 τὸ

429 788 626 845 δίκαιον
677 789 988 864 ἀνθρώποις
1037 789 1128 844 καὶ
1176 788 1552 866 ἀνεγείραντας
1621 789 1856 847 Βενέτων
1915 789 2072 844 εὐτυ-

425 878 586 952 χίανς
622 873 798 941 Δαϐἱδ
828 881 874 916 ³⁸
905 879 960 933 σε
991 873 1217 952 ἔχομεν,
1247 880 1585 955 ἡγαπημὲνε,
1621 881 1682 934 οὔ
1713 878 1820 957 οὐχ
1851 879 2070 953 εὑρήσει

417 969 508 1024 τὸν
556 967 752 1042 ὅμοιόν
803 989 898 1022 σου
950 967 1084 1040 μετά
1131 969 1188 1021 σὲ
1309 965 1584 1026 πολιτεία.
1619 991 1646 1018 ››
1679 967 1911 1029 ¹¹Αλλος·
1947 991 1976 1020 ‹‹
2007 968 2069 1024 Ἡ

417 1059 570 1132 χαιρᾶ
599 1057 674 1120 εἷς
702 1058 764 1112 τὸ
797 1058 1020 1114 Βὲνετον
1052 1056 1375 1130 ἐπιλαμπει,
1408 1057 1496 1111 ’ὀτε
1537 1055 1820 1112 ἀνατέλλει
1849 1057 1912 1112 τὸ
1945 1059 2068 1112 Θεο-

415 1143 741 1222 πρὸὂλητον
773 1143 950 1215 ἄνθος,
985 1147 1060 1208 ὡς
1113 1145 1346 1208 οἰκείους
1389 1144 1726 1220 περιθάλπον
1765 1144 1892 1208 τοὺς
1925 1147 2075 1202 Βενὲ-

414 1257 564 1300 τους·
617 1241 782 1294 τοῦτο
839 1237 940 1313 γὰρ
999 1237 1258 1306 κέκτηται
1311 1237 1347 1304 ἡ
1407 1235 1660 1291 πολιτεία
1691 1235 1766 1296 εἰς
1811 1235 2068 1311 εὐτυχίαν

416 1329 507 1382 ναὶ
558 1325 713 1398 δόξαν
762 1333 862 1395 τῆς
915 1323 1211 1400 βασιλείας.
1265 1347 1292 1376 ››
1351 1323 1584 1388 Ἄλλος·
1639 1350 1666 1378 ι(
1715 1327 1845 1382 ’Ὀτε
1892 1330 2012 1396 νικᾷ
2043 1325 2070 1380 6

415 1415 598 1492 δῆμος
626 1418 806 1486 οὗτος,
849 1417 876 1471 6
913 1413 1168 1488 βασιλεὺς
1215 1414 1266 1469 ἐν
1311 1414 1581 1488 πολέμοις
1627 1414 1717 1470 σὺν
1748 1419 1828 1488 τῷ
1859 1419 2072 1490 στρατῷ

413 1509 638 1584 εὐτυχεῖ
672 1511 792 1569 ταῖς
822 1505 1016 1578 νίκαις,
1047 1505 1136 1560 καὶ
1186 1503 1240 1559 ἐν
1278 1507 1347 1578 τῇ
1378 1503 1539 1560 πόλει
1578 1505 1864 1578 Ῥωμαίων
1909 1505 2073 1578 ὑπερ-

423 1597 562 1667 ιῦξει
593 1599 628 1665 ἡ
660 1592 900 1666 εὐθηνία.
939 1593 1007 1652 9°.
1061 1594 1152 1648 Διὸ
1199 1592 1456 1666 αἰτοῦμεν
1513 1593 1576 1648 τὸ
1634 1597 1809 1664 Θεῖον,
1842 1593 1917 1655 εἷς
1944 1591 2073 1658 τοὺς

420 1687 616 1748 affirm;
648 1681 796 1760 ἔχειν
821 1688 938 1746 τοῖς
967 1682 1213 1745 Βενὲτοις
1241 1683 1288 1718 ⁹ί
1319 1681 1468 1743 νίκας
1499 1683 1584 1738 καὶ
1611 1679 1790 1754 δόξαν.
1825 1706 1854 1734 )›

499 1867 568 1924 Γ’.
599 1863 814 1932 Ἰστέον,
872 1863 953 1918 ὅτι
1011 1861 1116 1918 ἀπὸ
1163 1866 1260 1918 τοῦ
1309 1860 1559 1936 δευτέρου
1613 1863 1770 1938 βαίου
1811 1861 2064 1940 λέγουσιν

419 1959 474 2011 οἱ
532 1956 776 2030 κράκται·
831 1979 858 2006 κ
915 1957 1060 2024 Νικᾷ
1114 1954 1149 2022 ἡ
1208 1951 1386 2014 πίστις
1429 1956 1536 2008 τῶν
1587 1951 1881 2026 βασιλέων·
1941 1973 1968 2005 ιι
2041 1953 2070 2008 ὁ

415 2047 550 2108 λαός
577 2045 788 2119 ὁμοίως
819 2043 879 2099 ἐκ
915 2044 984 2120 γ’.
1016 2043 1084 2102 Οἱ
1132 2043 1383 2118 κράκταιο
1438 2066 1466 2095 ‹‹
1495 2047 1611 2096 Τῶν
1656 2042 2002 2118 Αὐγουστῶν·
2041 2064 2068 2092 ››

413 2137 444 2191 6
477 2132 632 2197 λαός·
682 2159 710 2185 ‹‹
744 2137 882 2204 Νικᾷ
925 2134 961 2202 ἡ
1015 2130 1198 2194 πίστις
1239 2136 1348 2186 τῶν
1399 2130 1744 2207 Αὐγουστῶν.
1780 2155 1808 2182 ››
1842 2131 1908 2188 Οἱ
1939 2131 2070 2205 κρά-

412 2245 558 2282 κται·
593 2249 620 2276 ‹‹
657 2225 774 2293 Τῆς
826 2221 1062 2283 πόλεως.
1121 2247 1143 2276 ι
1200 2221 1228 2275 ὁ
1277 2215 1410 2281 λαός
1461 2221 1524 2258 οῗ·
1577 2245 1606 2273 ι(
1645 2225 1791 2291 Νικᾷ
1820 2223 1854 2290 ἡ
1886 2221 2068 2281 πίστις

409 2321 513 2386 τῆς
576 2311 819 2374 πόλεως.
869 2335 891 2362 9
1061 2310 1310 2386 κράκται·
1379 2333 1407 2363 ‹‹
1456 2313 1573 2367 Τῶν
1621 2309 1878 2366 Βενέτων·
1937 2333 1964 2361 υ
1997 2307 2069 2380 (οἳΙ

413 2406 692 2479 Πράσινοι·
761 2405 924 2456 ετῶν
981 2398 1281 2474 Πρασίνων·
1337 2406 1390 2472 υ)
1440 2401 1467 2453 ὁ
1525 2397 1682 2462 λαός·
1748 2422 1776 2452 ι(
1835 2401 1977 2469 Nm?
2031 2400 2066 2468 ἡ

413 2494 595 2557 πίστις
639 2496 746 2548 τῶν
801 2489 1060 2547 Βενιέτων⁹
1096 2513 1124 2540 ››
1170 2489 1246 2562 (οἱ
1297 2489 1579 2563 Πράσινοι·
1635 2511 1664 2540 ‹‹
1709 2490 1830 2545 Τῶν
1865 2487 2068 2564 Πρασί-

412 2605 544 2641 νων.
581 2585 632 2655 υ)
663 2580 750 2636 καὶ
787 2580 920 2654 μετὰ
964 2583 1128 2634 ταῦτα
1177 2576 1390 2653 λέγεται
1429 2577 1756 2634 ἀπελατικὸν
1789 2576 1890 2653 ἤχ.
1949 2601 1976 2629 ‹‹
2005 2578 2069 2632 Ἣ

417 2677 514 2728 105
563 2673 788 2751 στέφους
838 2669 990 2742 ὑμῶν
1039 2667 1202 2743 ἐορτή
1253 2667 1564 2742 ἐλευθερίαν
1613 2665 1806 2741 μηνύει
1835 2667 1942 2722 ἀπὸ
1975 2665 2066 2720 οὐ·

431 2763 602 2832 ρανῶν
653 2761 758 2832 (fit)
807 2762 924 2819 τοῖς
980 2755 1309 2831 ἀνθρώποις,
1344 2779 1372 2807 ››
1419 2755 1509 2810 καὶ
1553 2756 1618 2810 τᾶ
1667 2755 1810 2826 ἑξῆς.
1859 2754 2068 2818 ’Δλλος

432 2846 534 2921 ἤχ.
569 2849 632 2901 α’·
667 2871 694 2900 ι(
723 2847 822 2903 Κᾶν
851 2844 995 2901 θέλω
1027 2851 1268 2919 σιγῆσαι,
1315 2849 1423 2900 τῶν
1468 2844 1690 2918 τρόπων
1730 2865 1824 2898 σου
1855 2845 1890 2914 ἡ
1926 2863 2072 2919 χρη-

432 2937 632 3006 στότης
665 2934 756 2990 οὐκ
783 2934 838 3006 ἐᾷ
877 2956 964 3008 με,
1011 2936 1070 2992 Ὀ
1109 2933 1213 3010 γὰρ
1259 2932 1428 2996 πόθος
1481 2934 1576 2988 τὸν
1629 2927 1798 3010 φόϐον
1850 2931 2069 3004 ἐκνική-

429 3047 541 3092 σας,
574 3023 812 3100 βιάζεταί
845 3046 911 3097 με
958 3021 1036 3085 εἷς
1079 3023 1178 3092 τήν
1216 3023 1314 3092 σὴν
1367 3023 1666 3101 εὐφημίαν·
1715 3022 1770 3076 αἱ
1819 3023 1923 3098 γὰρ
1957 3023 2072 3078 κατ’

419 3113 667 3170 ἐναντίων
698 3113 746 3151 9³
777 3133 873 3168 σου
909 3112 1160 3188 εὐτυχίαι
1193 3112 1268 3175 ὡς
1300 3113 1503 3187 βροντή
1533 3111 1858 3189 ἐξηχοῦνται
1900 3111 1976 3172 εἷς
2005 3112 2072 3166 τὰ

422 3201 620 3278 πέρατα
657 3209 758 3272 τῆς
809 3201 1158 3275 οἰκουμένης.
1202 3225 1230 3254 ››
1287 3201 1386 3256 Καὶ
1445 3202 1581 3275 μετὰ
1626 3204 1792 3256 ταῦτα
1849 3199 2069 3276 λέγουσι

2101 1897 2150 1965 Β

2181 612 2568 684 conspiciunt.
2605 614 2810 670 »188
2852 613 3016 670 Alius
3049 631 3064 669 :
3104 635 3126 664 ι
3173 617 3314 682 Quis
3345 625 3464 676 tam
3507 621 3829 681 clementes

2181 705 2237 756 et
2263 701 2546 758 beneﬁcos
2577 703 2847 760 dominos
2867 720 3126 776 unquam
3157 705 3382 773 habuit,
3417 710 3516 780 qui
3551 713 3829 768 omnibus

2181 789 2517 846 hominibus
2539 793 2830 864 justitiam
2864 799 3168 850 servarunt
3205 795 3672 872 Venetorumque
3701 802 3827 858 feli-

2182 880 2414 936 citatem
2449 887 2865 953 promoverunt
2891 882 2920 937 ?
2957 883 3055 952 Te,
3085 883 3314 950 dilecte,
3341 887 3615 944 Davidem
3647 891 3828 948 habe-

2181 983 2337 1037 mus,
2367 970 2458 1025 cui
2489 975 2620 1042 post
2677 979 2728 1026 te
2761 987 2959 1042 parem
2989 972 3314 1044 respublica
3347 991 3460 1030 non
3491 976 3764 1035 inveniet.
3801 1001 3830 1030 »

2180 1057 2343 1113 Alius
2393 1075 2407 1114 :
2469 1081 2497 1110 «
2547 1059 2839 1115 Gaudium
2923 1078 3098 1133 super
3153 1062 3404 1120 Venetos
3474 1067 3831 1138 resplendet,

2183 1147 2416 1216 quando
2441 1146 2547 1204 ﬂos
2576 1167 2606 1204 a
2639 1151 2752 1206 Deo
2783 1155 3084 1221 promotus
3115 1153 3392 1218 exoritur,
3412 1169 3594 1227 eoque
3625 1157 3831 1214 Veneti

2183 1239 2249 1290 ut
2279 1237 2428 1292 servi
2461 1237 2840 1294 incalescunt.
2869 1245 2988 1296 Hoc
3008 1241 3163 1297 enim
3195 1242 3530 1315 respublica
3560 1245 3632 1301 ad
3659 1247 3834 1304 felici-

2181 1328 2362 1381 tatem
2421 1329 2478 1382 et
2534 1327 2776 1398 gloriam
2836 1329 3065 1401 imperii
3143 1337 3316 1388 nacta
3364 1337 3535 1389 est.»
3593 1336 3760 1393 Alius
3814 1353 3830 1393 :

2189 1433 2216 1466 ιι
2244 1415 2487 1478 Quando
2520 1416 2616 1471 hic
2648 1417 2894 1488 populus
2914 1418 3182 1490 superior
3207 1425 3316 1490 est,
3349 1421 3663 1495 imperator
3693 1443 3828 1483 cum

2181 1504 2433 1560 exercitu
2466 1521 2498 1560 e
2529 1503 2696 1562 bellis
2753 1507 2944 1562 laetam
2987 1507 3280 1569 victoriam
3324 1521 3590 1584 reportat,
3652 1516 3832 1588 inque

2181 1596 2322 1651 urbe
2353 1596 2616 1652 Romana
2630 1597 2994 1654 abundantia
3016 1605 3268 1671 augetur
3295 1607 3351 1658 et
3381 1603 3606 1659 crescit.
3639 1607 3833 1670 Quare

2180 1688 2366 1742 Deum
2415 1701 2739 1758 precamur,
2775 1692 2836 1743 ut
2887 1688 2947 1743 in
2979 1691 3192 1747 saecula
3247 1691 3484 1748 Venetis
3525 1695 3827 1754 victoriam

2180 1775 2546 1848 gloriamque
2568 1777 2866 1832 concedat.
2897 1799 2927 1828 ››

2255 1864 2351 1920 ΙΙΙ.
2399 1863 2714 1920 Sciendum
2745 1869 2853 1931 est,
2896 1869 3166 1924 secundas
3200 1869 3402 1940 palmae
3433 1877 3700 1930 cantores
3748 1875 3832 1931 di-

2179 1971 2308 2011 cere
2340 1969 2403 2012 :a
2427 1953 2620 2010 Vincit
2657 1953 2802 2011 ﬁdes
2840 1957 3257 2029 imperatorum
3291 1978 3306 2028 ;
3333 1980 3362 2009 ››
3387 1961 3638 2033 populus
3671 1962 3824 2020 idem

2179 2049 2286 2100 ter.
2319 2044 2594 2100 Cantores
2627 2060 2695 2099 :«
2720 2045 3115 2116 Augustarum
3143 2067 3156 2115 ;
3191 2069 3219 2097 »
3243 2049 3496 2120 populus
3533 2066 3545 2104 :
3579 2073 3608 2102 ‹‹
3639 2051 3831 2108 Vincit

2179 2134 2324 2190 ﬁdes
2354 2135 2815 2206 Augustarum.»
2832 2133 3108 2190 Cantores
3142 2153 3156 2191 :
3188 2157 3216 2187 ‹‹
3242 2135 3447 2208 Urbis;
3483 2159 3508 2192 α
3543 2140 3830 2213 papulas:

2181 2245 2210 2275 «
2241 2222 2438 2278 Vincit
2493 2221 2638 2278 ﬁdes
2669 2222 2852 2278 urbis.
2880 2244 2904 2273 υ
2967 2223 3282 2281 Cantores:
3318 2249 3347 2276 «
3391 2227 3766 2298 Venetorum,
3802 2253 3830 2280 »

2178 2312 2430 2382 (Prasini
2458 2328 2470 2366 :
2497 2333 2525 2361 ‹‹
2557 2311 2970 2381 Prasinorum;
3015 2313 3068 2384 ››)
3099 2316 3348 2385 populus
3383 2333 3396 2370 :
3423 2316 3656 2374 «Vincit
3687 2319 3834 2374 fides

2177 2401 2564 2458 Venetorum.
2623 2423 2652 2451 »
2700 2401 2986 2472 (Prasini:
3022 2423 3051 2452 ‹‹
3106 2403 3517 2476 Prasinorum.)
3572 2431 3594 2460 ι
3627 2408 3836 2464 Postea

2179 2489 2530 2559 apelaticum
2589 2488 2822 2544 canitur
2855 2505 2867 2544 :
2902 2511 2932 2540 «
2961 2488 3252 2546 Solemnis
3284 2493 3567 2549 memoria
3596 2511 3838 2553 corona-

2177 2577 2352 2634 tionis
2401 2587 2608 2634 vestra:
2641 2577 2982 2634 hominibus
3022 2579 3350 2637 libertatem
3409 2583 3641 2640 coalitus
3671 2602 3834 2642 com-

2179 2675 2485 2733 memorat,-
2517 2670 2626 2722 etc.
2663 2686 2687 2718 n
2723 2665 2888 2722 Alius
2911 2667 3126 2723 tonol:
3157 2691 3185 2718 ‹‹
3219 2669 3452 2726 Etiamsi
3489 2688 3678 2730 mores
3699 2677 3834 2730 tuos

2178 2761 2369 2813 tacere
2391 2757 2582 2825 velim,
2632 2755 2999 2812 Christianus
3046 2762 3246 2826 coetus,
3310 2760 3366 2815 id
3401 2776 3516 2817 non
3549 2761 3836 2832 permitti-

2177 2850 2274 2902 tur
2305 2863 2318 2901 :
2348 2845 2702 2902 desiderium
2731 2845 2910 2912 enim,
2944 2853 3101 2902 metu
3123 2851 3420 2919 superato,
3451 2851 3519 2904 ad
3537 2851 3836 2908 celebran-

2179 2935 2288 2990 das
2305 2934 2508 2990 laudes
2535 2937 2669 2989 tuas
2685 2948 2776 2988 me
2807 2934 3019 2990 excitat
3043 2950 3057 2989 :
3076 2935 3270 2992 felices
3283 2953 3578 2993 armorum
3595 2943 3834 2998 tuorum

2182 3039 2489 3080 successus
2521 3029 2721 3079 contra
2749 3023 2945 3079 hostes
2973 3029 3130 3094 tuos,
3159 3029 3222 3080 ut
3251 3025 3498 3098 fulmen,
3531 3028 3601 3082 ad
3626 3029 3834 3084 termi-

2181 3129 2288 3169 nos
2318 3112 2474 3168 orbis
2506 3111 2784 3168 resonuil.
2819 3135 2846 3161 η
2869 3111 3078 3169 Postea
3109 3118 3376 3172 cantores
3419 3117 3792 3173 modulantur
3820 3135 3832 3172 :

2187 3223 2215 3253 ‹‹
2247 3205 2486 3270 Anana;
2521 3223 2551 3251 »
2582 3206 2832 3273 populus
2866 3219 2880 3270 ;
2918 3221 2944 3253 α
2978 3203 3186 3258 Totum
3231 3203 3587 3262 desiderium
3621 3206 3834 3262 Roma-

429 3263 745 3366 obieci-1.10;:
797 3263 1037 3367 ἰχάδιον·
1091 3263 1121 3343 ί(
1170 3288 1386 3347 Ἀνανά·
1423 3263 1455 3342 ›;
1497 3291 1524 3344 6
1575 3289 1728 3352 λαός·
1773 3313 1802 3344 ‹‹
1839 3263 2008 3353 "Dio:
2043 3291 2070 3345 6

2185 3307 2418 3348 norum.
2479 3313 2508 3342 «
2547 3291 2824 3348 Cantores
2866 3308 2886 3346 :
2917 3311 2946 3342 «
3005 3291 3218 3363 Nana;
3277 3293 3527 3364 populus
3549 3312 3575 3352 .:
3608 3317 3638 3348 «
3687 3296 3832 3352 Nam

424 3383 583 3444 πόθος
615 3383 642 3437 6
672 3386 784 3437 τῶν
827 3379 1135 3453 Ῥωμαίων.
1170 3403 1199 3432 ››
1249 3380 1316 3438 Οἱ
1361 3380 1612 3455 κράκταν
1667 3403 1694 3432 ‹‹
1744 3379 1910 3437 Νανά·
1963 3403 1992 3433 »
2043 3381 2070 3436 6

421 3469 568 3534 λαός·
625 3496 646 3523 ι
704 3471 802 3533 Εἲς
854 3469 992 3544 ὑμᾶς
1044 3470 1234 3544 ὁρᾶται
1286 3471 1350 3538 ⁰⁴,
1397 3469 1528 3531 τοὺς
1577 3467 1879 3544 εὐεργέτας.
1927 3493 1954 3521 ››
2002 3470 2068 3528 O't

416 3561 664 3638 κράκται·
716 3583 746 3612 (ί
792 3557 954 3614 Navi‘
1009 3583 1037 3612 »
1087 3560 1114 3614 6
1168 3557 1320 3621 λαός·
1372 3581 1402 3611 ‹‹
1451 3563 1560 3613 Τοῦ
1608 3559 1820 3631 κόσμου
1863 3561 1914 3596 ’9³
1965 3561 2070 3636 γὰρ

417 3649 659 3723 εὐσεϐείᾳ
689 3647 975 3719 ὃεσπόζετε
1004 3649 1050 3686 ⁰⁸
1089 3647 1258 3711 ὅλως.
1295 3672 1323 3700 ››
1375 3649 1442 3705 Οἱ
1489 3647 1740 3722 κράκται·
1776 3672 1804 3700 ι(
1841 3651 2010 3705 Nam"
2041 3673 2068 3702 η

418 3741 446 3796 6
475 3739 631 3802 λαός·
676 3765 696 3789 ι
733 3737 831 3801 Εἷς
885 3735 1164 3812 δικαίωμα
1209 3741 1428 3811 πρῶτον
1475 3735 1538 3792 16
1587 3734 1907 3814 φιλάγαθον,
1940 3739 2071 3812 κρά-

416 3849 506 3892 τος
551 3829 728 3904 ὗμῶν,
779 3825 1052 3883 δεσπόται.
1089 3849 1116 3878 ››
1169 3825 1270 3883 Καὶ
1326 3827 1460 3899 μετᾶ
1506 3829 1675 3880 ταῦτα
1719 3823 1974 3902 λέγουσιν
2021 3827 2072 3883 οἱ

417 3919 666 3994 κράκται·
713 3942 741 3971 ‹‹
784 3915 1004 3972 Δοῦλοι·
1056 3939 1084 3967 ›ι
1138 3916 1166 3970 6
1219 3914 1371 3978 λαός.
1417 3937 1446 3966 ‹‹
1494 3915 1684 3986 Ἥμεῖς
1725 3911 1914 3971 δοῦλοι
1963 3921 2070 3972 τῶν

425 4005 718 4082 βασιλέων,
751 4029 780 4059 >>
813 4003 874 4061 ἔκ
1025 4005 1095 4062 Οἱ
1143 4000 1391 4076 κράκται·
1428 4027 1452 4056 α
1489 3999 1590 4059 Ἴδε
1637 4001 1833 4059 δοῦλοι
1864 4006 2075 4080 ἀγαθῶν

425 4097 707 4173 βασιλέων·
757 4121 786 4149 ››
832 4097 860 4152 6
909 4094 1040 4158 λαὸς
1071 4094 1281 4170 ὁμοίως
1330 4095 1390 4148 ἐκ
1417 4095 1484 4169 γ’.
1531 4095 1599 4152 Οἱ
1633 4095 1880 4168 κράκται·
1918 4120 1948 4149 ‹‹
1982 4094 2076 4153 Ἰδὲ

421 4183 610 4243 δοῦλοι
638 4189 804 4261 ἡμεῖς
850 4183 1135 4264 φιλοῦντες
1180 4184 1360 4254 ἀξίως·
1403 4207 1428 4235 υ
1461 4185 1488 4238 ὁ
1517 4182 1650 4245 λαὸς
1679 4185 1888 4257 ὁμοίως
1921 4183 1981 4241 ἔκ
2007 4188 2073 4260 γ’.

2181 3399 2286 3454 per
2316 3382 2589 3454 pietatem
2617 3395 2850 3436 omnem
2883 3383 3166 3437 mundum
3191 3383 3666 3452 gubernamini.»
3686 3385 3834 3441 Can-

2183 3477 2338 3527 tores
2371 3488 2384 3526 :
2421 3491 2450 3521 ‹‹
2480 3473 2682 3537 Nana;
2717 3491 2746 3520 »
2775 3469 3023 3540 populus
3057 3487 3070 3525 :
3105 3493 3136 3522 ‹‹
3164 3472 3232 3528 In
3264 3472 3512 3543 primam
3538 3473 3832 3543 justitiam

2181 3561 2318 3617 boni
2372 3563 2692 3630 amantem,
2753 3559 3028 3627 majestas
3057 3565 3266 3628 vestra,
3300 3561 3546 3618 domini.
3581 3585 3610 3612 »
3634 3563 3836 3620 Postea

2182 3655 2446 3706 cantores
2486 3648 2692 3726 dicunt
2722 3663 2735 3704 :
2774 3667 2804 3699 α
2833 3649 2996 3705 Servi
3024 3667 3040 3717 ;
3066 3670 3096 3700 »
3129 3650 3386 3722 populus
3416 3667 3429 3706 :
3468 3673 3496 3702 ‹‹
3530 3651 3644 3709 Nos
3690 3653 3836 3710 servi

2181 3740 2622 3812 imperatorum,
2665 3759 2694 3787 »
2741 3740 2851 3794 ter.
2901 3739 3182 3794 Cantores
3216 3755 3228 3793 :
3265 3761 3294 3788 «
3335 3740 3494 3796 Servi
3543 3741 3834 3798 bonorum

2183 3828 2640 3900 imperatorum;
2665 3847 2694 3878 η
2718 3827 2805 3882 sic
2826 3826 3076 3898 populus
3121 3833 3227 3884 ter.
3253 3829 3532 3885 Cantores
3569 3845 3582 3884 :
3615 3851 3642 3880 ‹‹
3678 3829 3840 3886 Servi

2184 3931 2410 3987 sumus,
2442 3917 2540 3988 qui
2562 3933 2664 3973 vos
2684 3933 2754 3972 ex
2783 3915 2986 3972 merito
3007 3922 3206 3973 amant
3240 3935 3252 3972 :
3281 3939 3310 3968 ››
3345 3919 3548 3974 eadem
3581 3918 3842 3991 populus

2184 4013 2293 4065 ter.
2325 4011 2596 4063 Cantores
2629 4023 2642 4061 :
2678 4028 2707 4056 «
2738 4003 2938 4076 Servi;
2973 4025 2995 4054 ι
3032 4005 3285 4077 populus
3325 4011 3415 4064 ter
3447 4024 3460 4064 :
3503 4029 3529 4062 ι
3559 4009 3675 4065 Nos
3726 4009 3840 4065 im-

2187 4101 2517 4170 peratorum
2567 4094 2741 4152 servi.
2776 4115 2806 4145 »
2866 4097 3142 4152 Cantores
3172 4111 3184 4150 :
3223 4117 3251 4146 «
3273 4096 3392 4153 Nos
3423 4116 3438 4169 ;
3467 4117 3496 4149 »
3531 4099 3788 4173 populus
3821 4116 3834 4156 :

2191 4209 2219 4240 ς(
2259 4188 2674 4258 imperatorum
2687 4225 2700 4238 .
2723 4205 2752 4233 »
3235 4183 3238 4190 ’

419 4280 486 4338 Οἱ
516 4281 763 4354 κράκται·
799 4301 828 4331 α
859 4276 1078 4333 Δοῦλοι·
1115 4299 1143 4328 »ν
1177 4277 1204 4330 ὁ
1236 4274 1390 4338 λαός·
1428 4299 1456 4328 ‹‹
1486 4276 1680 4350 Ἡμεῖς
1714 4273 1908 4332 δοῦλοι
1935 4281 2044 4334 τῶν
2080 4275 2372 4354 βασιλέων·
2407 4297 2434 4330 ι
2469 4275 2528 4330 ἐκ
2557 4274 2624 4350 γ’.
2657 4273 2724 4330 Οἳ
2753 4273 3004 4350 κράκται·
3042 4297 3070 4326 ι(
3101 4275 3316 4348 Ἡμεῖςο
3355 4299 3383 4328 ››
3414 4277 3442 4331 6
3475 4274 3629 4343 λαὸς·
3657 4299 3682 4330 α
3707 4279 3834 4335 Τῶν

423 4367 716 4443 βασιλέων.
753 4391 784 4420 ι)

493 4461 562 4516 Δ’.
616 4460 836 4528 Ἰστὲον,
886 4458 970 4514 ὅτι
1019 4459 1070 4513 οἱ
1120 4456 1482 4536 σταυροφόροι
1535 4459 1646 4530 ('35)
1693 4456 1800 4512 ἀπὸ
1845 4462 1956 4513 τῶν
2007 4457 2071 4518 δ’·
2105 4465 2150 4530 Ι)

420 4545 614 4622 δήμων
645 4549 1029 4628 κατέρχονται,
1080 4545 1170 4602 καί
1218 4547 1269 4602 οἳ
1323 4549 1419 4621 μὲν
1465 4547 1561 4602 τοῦ
1602 4541 1829 4602 Βενέτου
1859 4548 2076 4605 καὶτοῦ

421 4642 616 4694 λευκοῦ
675 4636 766 4694 διὰ
817 4642 914 4693 τοῦ
971 4641 1227 4712 καμπτοῦ
1283 4639 1380 4692 τοῦ
1437 4635 1656 4691 Βενένου
1710 4637 2070 4710 κάμπτοντες,

418 4726 752 4802 εἰσέρχονται
805 4727 880 4790 εἰς
929 4727 992 4782 τὸ
1054 4725 1256 4798 στάμα,
1307 4725 1359 4780 οἱ
1413 4721 1470 4778 δὲ
1513 4726 1608 4780 τοῦ
1660 4725 1931 4801 Πρασίνου
1979 4727 2072 4782 καὶ

415 4820 512 4872 τοῦ
543 4817 764 4892 ῥουσίου
796 4817 884 4871 διὰ
932 4818 1028 4871 τοῦ
1072 4817 1330 4890 καμπτοῧ
1358 4817 1456 4869 τοῦ
1488 4814 1758 4890 Πρασίνου
1787 4816 2070 4890 κάμπτον-

2260 4459 2351 4516 IV.
2383 4457 2694 4515 Sciendum
2719 4461 2830 4526 est,
2849 4457 3176 4531 crucigeros
3206 4476 3239 4515 a
3268 4463 3523 4532 quatuor
3567 4461 3842 4518 factioni-

2189 4550 2298 4607 bus
2349 4549 2720 4619 descendere,
2778 4551 2836 4604 et
2890 4547 3121 4604 Venetae
3155 4549 3391 4620 quidem
3443 4551 3708 4623 albreque
3739 4567 3842 4624 per

2187 4645 2552 4698 curvaturam
2607 4637 2838 4694 Venetae
2885 4637 2956 4693 ad
2991 4639 3306 4695 stationem
3335 4639 3549 4710 venire,
3585 4641 3836 4696 Prasime

2183 4735 2379 4786 autem
2411 4733 2469 4786 et
2497 4743 2680 4785 russea
2721 4743 2822 4799 per
2842 4732 3217 4784 curvaturam
3248 4728 3503 4785 Prasinze
3538 4727 3840 4786 declinan-

2182 4823 2287 4888 tes,
2313 4819 2385 4874 ad
2419 4817 2736 4876 stationem
2789 4832 2852 4873 se
2883 4817 3156 4889 recipere.
3218 4817 3322 4874 Die
3380 4834 3512 4874 vero
3572 4822 3838 4874 votorum

1783 4971 2014 5029 VARhE
2056 4971 2462 5029 LECTIONES.

488 5111 533 5148 δ”
567 5107 740 5174 ἄλλος
771 5111 828 5170 h.
861 5111 902 5167 l.
934 5115 992 5168 et
1021 5109 1296 5182 deinceps
1327 5109 1393 5165 R.
1427 5125 1502 5182 ea
1525 5106 1671 5182 sigla
1701 5109 1856 5182 cod.,
1889 5105 2030 5182 ἄλλο
2061 5109 2181 5182 ed._
2227 5107 2274 5142 39
2305 5100 2475 5182 Δαϐἱδ
2507 5108 2568 5164 Β.
2604 5123 2673 5164 ex
2701 5107 3047 5182 compendio
3079 5108 3232 5178 cod.,
3267 5109 3295 5163 ὁ
3327 5105 3484 5182 δεῖνα,
3507 5111 3600 5182 ed.
3675 5107 3724 5146 9°
3747 5107 3838 5164 εὐ-

418 5185 569 5248 θυνία
599 5187 691 5240 ed.
767 5184 812 5221 91
844 5183 974 5243 τοὺς
1003 5175 1258 5242 Βενὲτους
1291 5182 1384 5238 ed.
1460 5179 1506 5252 ’ξ
1544 5175 1725 5235 νέτῦε.
1750 5195 1763 5235 :
1870 5179 2042 5252 _Aa6:°
2073 5203 2104 5230 «
2136 5179 2278 5252 Νιᾉᾷ
2328 5180 2362 5246 ἡ
2412 5177 2596 5240 πίστις
2638 5183 2740 5252 τῆς
2787 5175 3028 5252 πᾷλεως,
3065 5203 3092 5230 n
3139 5175 3262 5236 om.
3303 5183 3394 5252 ed.
3431 5179 3529 5236 οὐκ
3559 5179 3618 5251 ἐᾷ
3654 5201 3720 5252 με
3752 5188 3838 5252 8.,

419 5256 517 5310 οὐκ
547 5255 711 5328 tam:
742 5255 868 5328 cod.
904 5255 1074 5328 et_ed.

417 5345 532 5386 om.
569 5319 665 5386 ed.
738 5325 788 5362 9°
817 5323 1104 5395 δεσπόζετε
1135 5325 1229 5397 R.,
1261 5319 1580 5391 δεσπόζεται
1614 5324 1744 5380 cod.

1153 5253 1200 5326 ῗθ
1228 5249 1582 5326 κατεναντίων
1614 5253 1714 5326 ed.
1784 5249 1834 5286 9‘
1862 5250 2050 5324 ὁρᾶται
2084 5252 2175 5318 R.,
2205 5250 2366 5326 ὁρᾶτε
2396 5252 2524 5307 cod.
2559 5255 2618 5308 et
2643 5251 2736 5308 ed.
2813 5249 2861 5286 ’5
2891 5251 3080 5307 Verba
3109 5267 3122 5309 :
3149 5254 3246 5305 τοῦ
3277 5251 3488 5325 κόσμου
3519 5249 3834 5314 -ὐλαὸς-

1572 5473 1773 5532 JOAN.
1813 5475 1958 5532 JAC.
2003 5476 2265 5533 REISKII
2306 5473 2899 5532 COMMENTARIUS.

487 5619 599 5690 (5t)
623 5616 770 5684 Quia
799 5614 976 5690 dictio
1006 5617 1126 5673 haec
1151 5614 1382 5690 integre
1413 5606 1604 5690 posita
1633 5625 1749 5690 non
1782 5614 1890 5690 est,
1921 5615 2080 5690 certo

417 5680 660 5748 deﬁniri
673 5689 912 5759 nequit,
944 5693 1172 5744 rectene
1205 5680 1322 5742 haec
1344 5680 1523 5741 verba
1562 5680 1840 5752 habeant,
1866 5695 1942 5738 an
1963 5682 2078 5757 legi

417 5761 628 5820 debeat
659 5757 768 5814 ἀπὸ
784 5757 1028 5834 ἐχθρῶν.

2261 5611 2374 5686 (52)
2405 5609 2618 5676 Quales
2645 5608 2703 5686 bi
2735 5609 2972 5686 iuerint,
3011 5620 3252 5684 apparet
3281 5629 3350 5670 ex
3381 5631 3441 5686 p.
3475 5613 3602 5680 189,
3635 5627 3847 5682 nempe

2187 5679 2295 5737 viri
2321 5679 2522 5756 cruces
2549 5697 2616 5736 ex
2645 5679 2888 5756 ﬂoribus
2943 5679 3244 5756 con—sertas
3303 5689 3362 5742 et
3381 5679 3592 5756 plexas
3639 5679 3847 5755 geren-

2187 5759 2300 5822 tes,
2335 5769 2484 5827 quas
2505 5752 2842 5826 imperatori
2864 5754 3136 5812 volebant
3152 5758 3382 5813 olferre.
