4134 6378
360 334 476 396 611

1428 328 1961 391 CONSTANTINI
2006 328 2707 390 PORPHYROGENITI

3659 333 3780 393 612

358 463 639 535 crucigeri
673 464 824 519 189
857 466 1108 533 quatuor
1163 463 1484 520 factionum
1532 472 1662 536 post
1691 463 1991 520 secundan

2125 482 2234 527 τες,
2286 461 2625 538 εἰσέρχονται
2679 461 2755 524 εἰς
2800 462 2862 516 τὸ
2911 462 3111 535 στάμα.
3163 464 3282 536 Χρή
3333 461 3552 534 εἰδέναι,
3599 463 3681 519 ὅτι
3712 467 3782 537 τῇ

356 554 610 625 palmam
635 569 666 607 a
697 557 947 623 quatuor
977 552 1328 608 factionibus
1377 554 1760 620 descendunt,
1793 569 1823 607 e
1847 551 2001 607 ﬂori-

355 643 466 697 bus
489 646 789 698 contextas
820 659 1022 698 cruces
1043 648 1358 713 gestantes,
1391 644 1570 714 inque
1594 643 1844 698 statione
1874 657 2006 698 con-

357 731 591 788 sistunt.
625 733 900 788 Cursores
931 747 1067 787 vero
1099 748 1300 787 cruces
1331 733 1595 788 sublatas
1627 733 1696 787 ad
1732 731 2004 787 dominos

353 820 568 885 ferunt,
602 819 926 892 statimque
945 828 1211 876 cantores
1243 821 1445 876 dicunt
1479 837 1546 876 :«
1579 822 1729 876 Crux
1759 819 2003 886 vivifica,

350 909 609 964 dominis
691 925 861 981 opem
918 909 1054 965 ferl
1119 933 1142 962 ι
1208 909 1422 966 clamat
1468 914 1525 964 et
1580 907 1831 981 populus
1879 912 2002 964 ter:

349 1021 376 1048 «
411 999 646 1055 Sancte!
686 1020 714 1048 ››
772 999 1093 1055 Cantores:
1127 1020 1156 1049 (ι
1186 999 1249 1054 In
1282 998 1412 1067 hac,
1446 997 1713 1066 benefici,
1743 996 2002 1053 coronati

345 1088 486 1144 estis
529 1108 542 1157 ;
578 1111 606 1138 ››
641 1087 892 1160 populus
923 1092 1013 1145 ter
1046 1106 1059 1144 :
1097 1109 1126 1139 «
1189 1089 1419 1145 Sancte.
1456 1110 1483 1138 ››
1516 1089 1793 1144 Cantores
1827 1105 1839 1142 :
1875 1110 1901 1137 ‹‹
1939 1088 2003 1143 In

345 1179 454 1237 hac
561 1179 869 1252 imperatis
957 1185 1015 1236 et
1095 1180 1382 1237 vincitisl
1448 1203 1470 1230 ι
1533 1178 1788 1252 populus
1843 1183 1926 1235 ter
1985 1195 2001 1236 :

347 1291 369 1322 ι
406 1267 650 1325 Sancte!
682 1291 710 1319 »
761 1270 1078 1326 Cantores:
1122 1291 1152 1320 α
1186 1271 1248 1324 In
1299 1269 1409 1325 hac
1437 1269 1712 1326 omnibus
1772 1266 2003 1340 populis

344 1357 838 1415 dominabiminil
874 1357 1125 1430 populus
1182 1365 1267 1414 ter
1297 1375 1312 1413 :
1348 1379 1377 1408 «
1425 1358 1630 1414 Sancte
1663 1357 1674 1410 ι
1710 1380 1736 1406 ››
1770 1361 2000 1427 Organo

341 1465 477 1505 vero
507 1447 817 1519 trisagium
851 1446 1207 1514 modulante,
1233 1452 1502 1504 cantores
1553 1445 1753 1504 dicunt
1781 1462 1794 1500 :
1828 1468 1856 1496 «
1890 1447 2003 1501 Ter

347 1548 572 1606 sancte,
602 1537 857 1593 dominis
894 1536 1176 1593 auxilium
1209 1537 1293 1592 fer
1325 1553 1338 1603 ;
1374 1559 1401 1586 »
1434 1538 1517 1592 sic
1539 1536 1715 1591 etiam
1747 1535 1999 1607 populus

348 1631 457 1683 ter.
490 1626 804 1684 Sciendum
843 1631 954 1692 est,
977 1626 1028 1680 si
1063 1641 1306 1696 vesperae
1339 1624 1486 1680 nulli
1519 1632 1655 1680 sunt
1677 1624 1823 1691 ludi,
1857 1642 2000 1696 prae-

352 1717 472 1772 mia
504 1733 677 1771 mane
707 1715 859 1784 dari,
899 1714 949 1770 si
1005 1730 1138 1770 vero
1177 1731 1424 1786 vesperae
1477 1718 1637 1781 sunt,
1669 1714 1845 1770 etiam
1902 1731 1998 1772 ve-

344 1804 500 1878 speri
523 1804 817 1862 distribui.

415 1984 770 2043 Obseruando
812 1985 875 2041 in
906 1985 1213 2056 vespertina
1259 1999 1526 2057 equorum
1577 1983 1920 2039 decursione.

414 2077 456 2132 1.
489 2080 805 2146 Postquam
843 2074 1069 2130 domini
1098 2091 1164 2131 eo
1197 2075 1311 2131 ritu
1345 2090 1411 2130 ac
1438 2089 1621 2139 more,
1653 2073 1753 2144 qui
1777 2073 1838 2128 in
1870 2089 1993 2127 ma-

337 2165 528 2221 tutina
560 2164 906 2221 decursione
935 2164 1293 2233 observatur,
1317 2164 1389 2219 ad
1421 2166 1767 2234 suggestum
1803 2178 1997 2218 ascen-

335 2255 554 2311 derunt
582 2261 635 2309 et
667 2257 801 2310 ante
822 2253 1096 2310 thronum
1130 2253 1462 2320 constitere,
1510 2257 1766 2308 extrema
1796 2252 1994 2308 tunica

335 2361 464 2413 sua,
501 2348 566 2400 ut
596 2343 652 2398 in
698 2342 1008 2411 matutina,
1057 2347 1140 2398 ter
1194 2341 1478 2414 populum
1528 2341 1785 2412 signant.
1832 2341 1996 2405 Quod

337 2434 475 2490 dum
509 2433 751 2501 faciunt,
776 2432 1061 2488 factiones
1095 2433 1302 2488 dicunt
1328 2447 1341 2486 :
1366 2454 1395 2483 τι
1428 2432 1697 2498 Sanctus,
1730 2435 1994 2498 sanctus,

337 2529 578 2581 sanctus
614 2523 627 2580 ι
664 2543 691 2575 ι
745 2522 958 2578 clamat
1013 2526 1072 2579 et
1103 2521 1355 2593 populus
1403 2525 1488 2577 ter
1521 2536 1535 2576 :
1575 2541 1603 2574 ι
1643 2521 1894 2577 Sanctus
1919 2519 1932 2575 l
1962 2541 1994 2570 »

335 2617 646 2670 Cantores:
702 2633 731 2661 «
764 2610 998 2675 Multos,
1035 2610 1272 2679 multos,
1331 2609 1549 2666 multos
1582 2609 1595 2666 l
1631 2631 1658 2659 »
1690 2609 1942 2682 populus
1971 2625 1988 2664 :

332 2726 361 2755 ‹‹
392 2703 608 2760 Multos
641 2719 830 2758 annos
886 2701 946 2756 in
979 2700 1219 2770 multos,
1254 2721 1283 2750 »
1315 2704 1450 2769 etc.,
1489 2704 1556 2755 ut
1594 2699 1666 2756 de
1713 2699 1992 2756 matutina

329 2793 676 2849 decursione
698 2806 878 2862 supra
896 2789 1176 2846 diximus.
1209 2789 1394 2860 Sique
1413 2787 1618 2846 Veneti
1642 2786 1844 2859 majori
1866 2787 1991 2845 loco

329 2879 640 2947 habentur,
699 2883 968 2936 cantores
1039 2894 1178 2935 voce
1225 2877 1350 2934 toni
1435 2876 1510 2934 IV
1561 2876 1988 2933 modulantur:

326 2991 355 3020 «
388 2971 590 3026 Anana
624 2987 639 3037 ;
689 2991 719 3020 »
749 2968 1041 3040 populus:
1101 2991 1131 3019 ‹‹
1162 2967 1488 3024 Laudamus
1544 2971 1621 3034 te,
1674 2966 1924 3024 Christe.
1959 2988 1984 3016 ι

325 3058 641 3114 Cantores:
671 3078 701 3109 ι(
732 3057 897 3113 Nana
928 3073 945 3127 ;
982 3076 1010 3110 ι
1037 3056 1288 3129 populus
1313 3071 1326 3110 :
1366 3077 1394 3110 α
1415 3056 1534 3112 Rex
1563 3055 1929 3112 saeculorum.
1953 3076 1985 3106 »

327 3148 603 3204 Cantores
639 3162 702 3202 τε
734 3150 937 3214 Nana;
972 3167 1002 3197 »
1037 3145 1291 3218 populus
1315 3162 1329 3200 :
1355 3144 1781 3216 «Unigenitum
1802 3145 1984 3202 Patris

332 3236 620 3293 Verbum!
688 3259 710 3287 ι
765 3239 1044 3292 Cantores
1089 3251 1169 3290 :«
1223 3234 1534 3302 Ananaia;
1587 3255 1617 3285 »
1675 3233 1979 3305 populus:

331 3348 353 3376 ι
437 3326 597 3391 Quod
672 3323 978 3398 respexisti
1037 3329 1094 3380 et
1158 3322 1494 3380 illustrasti.
1551 3344 1580 3373 »
1629 3322 1904 3379 Cantores
1962 3338 1978 3380 :

326 3437 354 3467 «
384 3415 546 3470 Nana
581 3432 594 3484 ;
630 3437 659 3466 ››
692 3413 942 3486 populus
969 3429 984 3470 :
1017 3436 1045 3464 «
1071 3414 1358 3484 Populum
1379 3417 1572 3469 tuum.
1598 3434 1628 3463 »
1659 3414 1976 3470 Cantores:

331 3524 360 3558 ιι
383 3505 594 3560 Sancta
621 3523 636 3572 ;
663 3525 691 3555 ››
723 3502 980 3575 populus
1013 3519 1028 3559 :
1055 3525 1084 3554 «
1118 3505 1191 3558 Et
1217 3504 1279 3558 in
1311 3507 1628 3574 postestate
1657 3509 1757 3558 tua
1779 3519 1884 3559 nos
1914 3501 1980 3557 li-

322 3594 561 3650 berasli.
624 3614 653 3645 »
697 3593 1014 3649 Cantores:
1050 3614 1079 3643 «
1102 3592 1370 3648 Ananaia
1400 3619 1414 3660 ,-
1450 3614 1478 3642 »
1537 3590 1822 3664 populus:
1854 3613 1881 3642 «
1912 3595 1979 3648 Et

320 3699 431 3740 nos
453 3683 772 3738 adduxisti.
807 3701 834 3736 s
867 3683 1180 3738 Cantores:
1219 3703 1250 3733 (ς
1283 3681 1587 3749 Ananaia;
1622 3703 1651 3730 »
1684 3680 1974 3753 populus:

322 3791 346 3822 ι
381 3774 497 3829 Deo
529 3778 589 3829 et
612 3771 784 3828 Patri.
816 3792 848 3823 ››
878 3774 1196 3828 Cantores:
1230 3792 1259 3822 «
1293 3768 1547 3826 Ananaia
1582 3790 1648 3838 ς»
1677 3769 1972 3841 populus:

315 3882 345 3915 ι(
380 3862 720 3919 Mediatrixl
752 3883 784 3914 »
841 3862 1115 3918 Cantores
1149 3876 1162 3915 :
1197 3882 1228 3911 ι(
1277 3858 1572 3930 Ananaia;
1601 3881 1623 3909 ιι
1681 3860 1970 3931 populus:

2116 553 2297 626 ἡμέρᾳ
2326 556 2434 606 τῶν
2473 553 2648 626 βοτῶν
2681 553 2796 625 (53)
2844 551 2947 606 ἀπὸ
2976 556 3074 607 τοῦ
3106 551 3357 626 δευτέρου
3396 553 3552 628 βαϊου
3584 553 3778 626 κατέρ-

2117 659 2308 715 χονται
2339 641 2446 696 ἀπὸ
2497 639 2676 696 τῶνδ’
2709 639 2906 714 δήμων
2956 641 3008 695 οἱ
3059 641 3444 720 σταυροφόροι,
3493 642 3781 716 βαστάζον-

2114 751 2203 792 τες
2268 732 2394 792 τοὺς
2457 729 2505 799 ἐξ
2574 729 2772 794 ἀνθέων
2840 728 3249 804 πεπλεγμένους
3319 731 3601 803 σταυροὺς,
3679 731 3768 785 καὶ

2108 817 2356 875 ἵστανται
2405 819 2480 882 εἷς
2526 821 2588 874 τὸ
2638 821 2837 892 στάμα.
2907 821 2974 877 Οἱ
3041 817 3096 874 δὲ
3158 819 3469 894 κοῦρσωρες
3516 818 3764 894 αἶ’ροντες

2112 909 2238 970 τοὺς
2289 912 2570 984 σταυροὺς,
2623 911 2944 987 ἀναφέρουσι
2998 910 3134 985 πρὸς
3177 911 3304 971 τοὺς
3357 907 3644 976 δεσπότας,
3677 910 3768 964 καὶ

2115 1000 2310 1059 εὐθέως
2379 1000 2598 1074 λέγουσι
2655 1001 2721 1054 τὰ
2788 998 2941 1057 ἅκτα.
2985 1000 3050 1056 Oi
3116 1000 3364 1071 xpa'txmt'
3437 1023 3464 1051 «
3514 999 3575 1056 Ὁ
3628 1005 3773 1068 ζωο-

2112 1087 2272 1149 ποιὸς
2319 1089 2568 1162 σταυρὸς,
2623 1089 2898 1164 βοήθησον
2947 1087 3074 1151 τοὺς
3125 1085 3426 1151 δεσπόταςε
3465 1109 3490 1141 ι
3542 1093 3776 1164 φθογγεῖ

2111 1177 2200 1230 καὶ
2242 1177 2270 1231 6
2313 1176 2443 1240 λαὸς
2497 1176 2556 1232 ἐκ
2610 1179 2676 1253 γ’·
2743 1203 2771 1230 ‹‹
2820 1180 3017 1254 “Avis!
3071 1202 3098 1231 n
3159 1179 3225 1235 Οἱ
3283 1178 3532 1253 κράκταιο
3609 1201 3629 1230 ι
3679 1179 3774 1234 Ἐν

2111 1267 2291 1338 τούτῳ
2322 1266 2634 1343 ἐστέφθητε,
2667 1265 2959 1342 εὐεργέται·
2997 1291 3025 1318 ››
3060 1269 3087 1322 6
3121 1267 3252 1329 λαὸς
3285 1266 3342 1322 ἐκ
3371 1275 3434 1341 γ”
3473 1289 3499 1321 α
3520 1269 3682 1342 Ἀγιε
3707 1269 3717 1322 l
3744 1289 3773 1320 η

2112 1355 2178 1411 Οἱ
2228 1355 2476 1430 κράκται·
2520 1379 2549 1408 ‹‹
2599 1356 2686 1412 Ἐν
2732 1356 2910 1428 τούτῳ
2978 1355 3287 1430 βασιλεύετε
3335 1357 3424 1411 καὶ
3490 1362 3686 1411 νικᾶτεο
3741 1380 3771 1409 ››

2113 1443 2140 1498 6
2175 1442 2307 1507 λαὸς
2355 1442 2414 1499 ἐκ
2470 1445 2539 1519 γύ
2601 1468 2630 1496 ‹‹
2675 1447 2848 1520 Ἀγιε.
2901 1468 2930 1496 ››
2985 1446 3054 1502 Οἱ
3119 1445 3367 1518 κρακται·
3403 1469 3432 1496 σί
3466 1447 3554 1503 Ἐν
3591 1444 3772 1518 τούτῳ

2114 1531 2463 1606 βασιλεύσετε
2490 1534 2558 1588 τὰ
2589 1531 2716 1603 ἔθνη
2750 1533 2943 1589 πάντα·
2982 1557 3010 1586 ››
3043 1534 3070 1588 6
3104 1533 3237 1598 λαὸς
3261 1534 3320 1590 ἐκ
3346 1536 3410 1608 γ’·
3447 1559 3473 1586 ‹‹
3505 1537 3704 1611 ’Ἀγιεέ
3740 1559 3770 1588 ››

2110 1623 2220 1678 Τοῦ
2254 1619 2310 1676 δὲ
2342 1623 2574 1699 ὀργάνου
2604 1624 3075 1698 τρισαγιάζοντος,
3119 1624 3366 1700 Λέγουσιν
3419 1626 3470 1679 οἱ
3519 1625 3769 1698 κράκταιο

2111 1735 2137 1762 ‹‹
2175 1711 2456 1788 Τρισάγιε,
2511 1715 2785 1789 βοήθησον
2839 1715 2966 1776 τοὺς
3018 1714 3302 1776 ascito-eaq:
3340 1739 3367 1766 ››
3415 1722 3503 1770 καὶ
3557 1716 3584 1770 6
3634 1714 3768 1778 λαὸς

2027 1823 2077 1888 Β
2108 1802 2156 1877 γ’
2201 1801 2427 1874 ὁμοίως.
2463 1804 2680 1876 Ἰστέον,
2713 1802 2818 1871 ὅτι,
2853 1804 2897 1858 εἰ
2933 1805 3028 1878 μὲν
3058 1803 3158 1859 οὐκ
3188 1799 3299 1860 ἔστι
3328 1805 3376 1840 97
3407 1807 3517 1880 (54)
3545 1802 3756 1876 δείλης,

2107 1888 2352 1947 δίδονται
2383 1893 2445 1946 τὸ
2479 1894 2646 1967 πρωῒ,
2679 1891 2725 1947 εἰ
2775 1891 2832 1946 δὲ
2882 1893 2992 1948 ἐστι
3025 1891 3239 1963 δείλης,
3273 1891 3514 1949 δίδονται
3549 1890 3766 1965 δείλης.

2243 1982 2382 2037 ’Όσα
2414 1978 2496 2035 δεῖ
2522 1978 2698 2036 τελεῖν
2732 1981 2810 2042 εἰς
2847 1981 2910 2035 τὸ
2961 1977 3192 2036 δειλινὸν
3224 1979 3618 2057 ἱπποδρόμιον.

2174 2070 2253 2126 Α’.
2312 2070 2596 2126 Ἀνιόντων
2624 2074 2732 2124 τῶν
2790 2067 3066 2125 δεσποτῶν
3116 2069 3253 2124 κατᾶ
3309 2085 3400 2125 τον
3450 2069 3617 2125 τύπον
3669 2070 3766 2125 καὶ

2099 2159 2197 2226 τὴν
2255 2157 2583 2223 ἀκολουθίαν
2642 2160 2741 2227 τήν
2801 2160 3048 2236 πρωϊνήν
3129 2159 3218 2214 ἐπὶ
3266 2163 3364 2215 τοῦ
3421 2161 3766 2233 καΟἱσματος

2099 2247 2189 2302 καὶ
2240 2248 2548 2322 ἱσταμένων
2599 2244 2902 2324 ἔμπροσθεν
2949 2253 3046 2304 τοῦ
3097 2248 3340 2322 σέντζου,
3399 2249 3770 2326 κατασφραγίο

2103 2343 2254 2407 ζουσι
2310 2339 2443 2412 μετᾶ
2491 2339 2555 2392 τὸ
2605 2337 2765 2412 ἄκρον
2812 2344 2919 2392 τῶν
2971 2337 3274 2414 χλανιδίων
3331 2339 3510 2394 αὐτῶν
3559 2339 3770 2415 τρίτον,

2098 2429 2281 2490 καθὼς
2310 2427 2360 2482 ἐν
2389 2433 2470 2501 τῷ
2500 2429 2646 2504 πρωϊ
2693 2430 3125 2503 προειρήκαμεν.
3173 2429 3275 2485 Καὶ
3309 2426 3376 2498 δὴ
3418 2433 3525 2484 τῶν
3561 2427 3762 2485 δεσπο-

2098 2523 2204 2573 τῶν
2258 2518 2686 2594 σφραγιζόντων,
2741 2518 2994 2593 λέγουσιν
3065 2520 3114 2574 οἱ
3183 2516 3374 2592 δῆμοι·
3451 2543 3480 2570 ‹‹
3543 2522 3765 2594 Ἄγιος,

2102 2606 2281 2681 ἆγιος,
2314 2608 2501 2682 ἅγιοςῙ
2539 2631 2567 2658 ››
2617 2613 2845 2685 φθογγεῖ
2884 2607 2975 2662 καὶ
3007 2609 3034 2662 6
3068 2606 3200 2673 λαὸς
3224 2605 3284 2663 ἐκ
3311 2615 3376 2683 γ’·
3417 2632 3444 2660 ‹‹
3475 2611 3694 2685 ”Αγιος.
3734 2635 3761 2662 ››

2101 2697 2167 2752 Οἱ
2193 2696 2438 2771 κράκται·
2467 2719 2496 2748 ‹‹
2522 2695 2737 2767 Πολλὰ,
2761 2695 2967 2765 πολλὰ,
2990 2695 3195 2752 πολλᾶν
3222 2721 3249 2749 ››
3275 2697 3302 2752 ὁ
3333 2695 3484 2760 λαός·
3514 2720 3539 2751 α
3568 2697 3767 2755 Πολλὰ

2099 2781 2192 2856 ἔτη
2227 2785 2302 2848 εἷς
2334 2783 2538 2857 πολλὰ,
2576 2810 2603 2838 ››
2633 2786 2721 2841 καὶ
2756 2786 2822 2840 τὰ
2866 2783 3057 2859 λοιπὰ,
3088 2787 3269 2852 καθὼς
3300 2787 3388 2842 καὶ
3421 2785 3473 2842 ἔν
3504 2793 3583 2860 τῷ
3611 2791 3765 2863 πρωὶ

2101 2873 2332 2948 ε’ίρηται.
2375 2875 2477 2932 Καὶ
2529 2875 2572 2930 εἰ
2627 2875 2722 2948 μὲν
2773 2873 2996 2950 ἔχουσιν
3036 2877 3086 2931 οἱ
3137 2875 3351 2932 Βένετοι
3402 2876 3762 2952 προτίμησιν,

2100 2962 2348 3041 λέγουσιν
2382 2965 2434 3018 o't
2465 2963 2690 3039 κράκται
2724 2965 2910 3042 φωνὴν
2941 2966 2988 3001 93
3029 2965 3130 3040 ἤχ.
3166 2963 3208 3020 δ’
3240 2963 3480 3044 ἷχαδιονο
3538 2990 3566 3020 ‹‹
3607 2968 3766 3023 Ἀνα-

2095 3054 2179 3108 νοὶο
2233 3077 2262 3106 ››
2314 3054 2340 3108 6
2392 3051 2544 3116 λαός·
2601 3076 2627 3108 α
2682 3053 2993 3127 Δοξάζομέν
3043 3075 3123 3125 σε,
3174 3055 3395 3127 Χριστέ.
3449 3079 3477 3107 ››
3527 3057 3594 3114 Οἱ
3624 3059 3762 3130 κρά-

2094 3163 2238 3198 κται·
2295 3167 2323 3195 ί(
2376 3141 2546 3202 Νανά·
2594 3166 2623 3196 ››
2671 3143 2699 3197 6
2746 3141 2900 3206 λαός·
2965 3166 2992 3195 ‹‹
3051 3143 3284 3200 Βασιλεῢ
3314 3148 3422 3200 τῶν
3454 3145 3691 3205 αἰώνων.
3730 3171 3759 3199 ››

2095 3232 2159 3286 Οἱ
2197 3233 2444 3306 κράκτοι.
2499 3256 2527 3284 ‹‹
2586 3232 2758 3288 Νανά·
2810 3255 2839 3286 ››
2902 3233 2929 3287 6
2989 3231 3144 3291 λαός’
3198 3258 3227 3286 ‹‹
3290 3235 3574 3311 Μονογενῆ
3612 3237 3760 3311 Λόγε

2088 3319 2186 3377 τοῦ
2237 3321 2466 3395 Πατρός.
2520 3344 2547 3371 ››
2605 3322 2671 3378 O't
2729 3322 2976 3394 κράκται·
3031 3345 3059 3374 ‹‹
3093 3323 3403 3400 Ἀνανάγια’
3439 3347 3466 3375 ››
3517 3325 3543 3377 6
3594 3323 3755 3386 λαόςο

2091 3434 2121 3463 ‹‹
2186 3413 2307 3468 Ότι
2376 3409 2656 3484 ἐπεσκέψω
2723 3413 2814 3465 καὶ
2903 3410 3197 3490 έφώτισας.
3278 3435 3308 3464 ››
3367 3412 3431 3468 Οἱ
3496 3411 3746 3484 κράκταιο

2091 3521 2122 3554 α
2162 3500 2331 3556 Νανά·
2376 3521 2402 3554 )
2446 3500 2474 3554 6
2535 3497 2688 3562 λαός·
2738 3522 2766 3551 ‹‹
2809 3499 2917 3556 Τὸν
2957 3498 3090 3556 λαόν
3135 3521 3254 3561 σου.
3297 3525 3323 3552 ››
3390 3501 3456 3558 Οἳ
3494 3499 3738 3574 κράκταυ

2089 3613 2116 3641 ‹‹
2157 3588 2332 3663 Ἀγία.
2374 3614 2401 3641 ››
2455 3589 2546 3643 καὶ
2589 3589 2616 3643 ὁ
2659 3586 2814 3651 λαός·
2891 3613 2918 3642 ‹‹
2987 3590 3085 3644 Καὶ
3153 3589 3206 3644 έν
3263 3595 3332 3666 τῇ
3392 3586 3611 3663 δυνάμει
3649 3610 3746 3643 σου

2086 3676 2407 3749 ἀπήλλαξας
2440 3680 2610 3752 ἡμᾶς.
2655 3701 2683 3732 >>
2724 3679 2790 3736 Οἱ
2830 3677 3078 3754 κράχται·
3123 3704 3152 3732 ‹‹
3193 3679 3436 3735 Ἀνάνια.
3473 3703 3500 3731 ‹‹
3533 3680 3560 3734 6
3586 3677 3743 3740 λαός·

2085 3792 2114 3820 ‹‹
2148 3769 2251 3824 Καὶ
2280 3769 2625 3843 προσήγαγες
2657 3771 2826 3842 ἡμᾶς.
2859 3792 2887 3820 ››
2940 3769 3004 3822 Οἱ
3045 3772 3295 3844 κράκται’
3341 3793 3372 3821 ‹‹
3404 3769 3678 3826 Ἀνανάϊαο
3713 3791 3743 3820 »

2083 3859 2110 3914 6
2144 3859 2294 3920 Λαὸς.
2343 3879 2377 3911 ε(
2425 3862 2505 3931 τῷ
2543 3856 2660 3932 Θεῷ
2706 3858 2793 3914 καὶ
2842 3857 3033 3933 Πατρί.
3069 3882 3096 3911 ››
3147 3859 3215 3916 Οἱ
3263 3858 3511 3935 κράκται’
3550 3883 3571 3912 α
3610 3860 3742 3918 Ἀνα

1684 3956 1926 4014 νΑΒΙιΕ
1965 3958 2358 4015 LECTIONES

367 4060 414 4098 ⁸⁷
443 4053 622 4114 οὒκέτι
654 4059 747 4118 ed.
825 4057 876 4096 93
900 4058 1086 4138 φωνὴν
1121 4059 1216 4128 R.,
1247 4074 1316 4116 ex
1345 4056 1493 4128 sigla
1523 4057 1674 4125 cod.,
1705 4057 1924 4134 φθογγῇ
1957 4057 2048 4115 ed.

1347 4167 1550 4225 JOAN.
1591 4167 1732 4226 JAC.
1775 4167 2041 4224 REISKII
2080 4165 2679 4224 COMMENTARIUS.

365 4271 476 4342 (53)
503 4269 607 4326 Vel
649 4268 822 4325 etiam
858 4267 1073 4341 βωτῶν,
1118 4273 1365 4342 utroque
1419 4267 1572 4323 enim
1600 4267 1773 4342 modo
1805 4265 1956 4342 scri-

292 4338 469 4399 bitur.
502 4343 632 4398 Dies
657 4338 926 4398 votorum
969 4356 1146 4411 quam
1179 4341 1252 4395 ob
1273 4338 1570 4411 Tcausamg
1594 4338 1768 4411 fuerit
1800 4338 1956 4411 cele-

290 4417 498 4495 bratus
529 4419 586 4495 e_t
611 4429 726 4485 quo
757 4409 1042 4495 tempore,
1068 4428 1210 4495 “non
1267 4410 1477 4495 liquet;
1533 4409 1768 4495 'Dicitur
1813 4410 1952 4495 qui-
1983 4431 2030 4495 Β

291 4491 419 4544 dem
478 4478 646 4542 infra'
675 4503 730 4558 p.
792 4478 918 4553 434,
949 4478 1036 4537 τδ
1067 4483 1246 4558 βωτὸν
1313 4478 1722 4558 πεζοδρόμιον,
1762 4478 1954 4558 votum

293 4559 480 4615 ludum
532 4553 867 4629 pedestrem,
900 4572 1000 4612 seu
1053 4553 1204 4611 votis
1233 4555 1576 4629 condictum
1629 4553 1853 4629 ludum,
1889 4553 1950 4606 in

335 4648 406 4687 uo
437 4623 728 4698 cursores,
783 4623 898 4684 non
931 4636 1256 4698 equestres,
1291 4627 1387 4698 sed
1425 4623 1724 4698 pedestres
1750 4626 1819 4679 de
1850 4640 1954 4695 pe-

332 4721 428 4758 um
488 4696 794 4758 velocitate
841 4696 1168 4765 certabant,
1213 4697 1476 4752 incidere
1506 4697 1564 4751 in
1588 4696 1743 4750 diem
1794 4712 1956 4751 ana-

287 4775 505 4830 talibus
533 4774 751 4829 Christi
777 4777 1080 4837 octavum,
1117 4770 1222 4824 hoc
1244 4777 1328 4824 est
1351 4769 1674 4824 secundum
1709 4773 1810 4823 aut
1833 4771 1951 4824 ter-

292 4846 436 4900 tium
459 4846 738 4900 Januarii.
773 4843 935 4911 Quod
975 4857 1113 4897 sane
1148 4839 1384 4910 pulchre
1425 4855 1558 4894 cum
1611 4840 1845 4894 traditis
1876 4839 1952 4894 vi-

293 4931 492 4971 rerum
524 4917 823 4970 doctorum
857 4921 911 4970 et
938 4913 1112 4969 veteri
1147 4911 1544 4967 Romanorum
1587 4911 1700 4966 ritu
1741 4927 1950 4968 GODVB'

294 4988 405 5050 nit,
438 4985 536 5055 qui
569 4987 728 5039 diem
752 4986 883 5040 novi
905 4985 1042 5040 anni
1060 5000 1162 5040 seu
1189 4982 1679 5055 mensisJanuarii
1710 4984 1950 5055 tertium

293 5054 578 5128 votis’pro
610 5057 797 5128 salute
825 5056 1194 5128 imperatoris
1236 5054 1469 5126 publice
1503 5054 1953 5128 pronuntiandis

300 5125 678 5200 deputabangt.
727 5127 798 5180 V.
833 5125 1158 5200 Casaubon.
1194 5125 1266 5183 ad
1297 5128 1508 5200 script.
1534 5127 1681 5200 Hist.
1728 5127 1950 5200 Augd.

296 5201 339 5265 Ι,
374 5196 440 5270 “ρ.
465 5197 593 5263 205,
624 5198 819 5271 Petav.
853 5199 1160 5271 adJulian.
1192 5216 1250 5271 p.
1286 5196 1444 5268 106,—
1469 5200 1552 5254 Du
1593 5197 1787 5271 Gange
1820 5196 1951 5254 CPli

294 5271 512 5326 Christ.
563 5286 617 5338 p.
655 5269 781 5337 439,
814 5277 868 5324 et
911 5286 961 5324 ν.
1005 5269 1164 5323 Βωτὰ
1194 5269 1361 5325 ‘item
1411 5270 1695 5336 Ieiunium
1728 5269 1952 5324 ’Calen-

290 5343 417 5397 dar.
467 5342 791 5396 Ianuar-iur.
850 5345 908 5395 et
941 5341 1192 5396 Calendae
1248 5341 1568 5397 Ianuariae.
1622 5342 1829 5397 Verum
1889 5358 1945 5410 p.

295 5416 399 5469 450
443 5412 636 5468 Nostri
696 5411 904 5467 dicitur
934 5413 1088 5468 idem
1131 5417 1321 5469 votum
1363 5414 1628 5482 pedestre
1653 5418 1948 5468 certamen

293 5486 353 5542 in
377 5501 640 5541 mensem
687 5484 914 5540 Julium
975 5484 1251 5540 incidere.
1299 5484 1462 5547 Quod
1514 5502 1629 5540 non
1675 5483 1942 5551 concilio,

286 5558 397 5614 nisi
431 5558 707 5613 dicantur
731 5554 901 5628 plura
926 5561 1059 5611 vota
1081 5573 1185 5628 per
1213 5573 1436 5628 annum
1468 5557 1754 5613 celebrata
1789 5555 1944 5628 ludis

285 5645 496 5713 cursus
509 5627 797 5713 pedestris
829 5627 1243 5713 fuisse:_Cujus
1273 5627 1355 5684 rei
1369 5628 1684 5713 vestigium
1714 5627 1944 5713 nullum

281 5699 530 5778 reperio.
567 5701 919 5773 Recogitans
947 5699 1131 5771 igitur
1177 5714 1431 5764 mecum,
1489 5699 1645 5759 diem
1671 5703 1944 5758 votorum

2066 4267 2126 4322 in
2159 4266 2352 4340 specie
2383 4265 2550 4322 illum
2579 4266 2752 4322 fuisse
2793 4267 3040 4340 dictum,
3089 4268 3247 4338 quia
3305 4268 3527 4340 nuptiis
3575 4281 3742 4328 esset

2067 4338 2391 4409 proximus,
2450 4342 2514 4392 ut
2545 4343 2704 4409 patet
2743 4354 2773 4393 e
2802 4339 3003 4412 charta
3059 4345 3251 4412 vetere
3282 4338 3435 4412 apud
3478 4340 3676 4396 Baluz.
3723 4361 3740 4399 :

2067 4411 2163 4466 die
2179 4419 2302 4480 post
2331 4413 2541 4483 noctem
2585 4409 2921 4483 nuptialem,
2964 4412 3062 4483 qui
3089 4416 3166 4467 est
3190 4411 3304 4468 dies
3322 4409 3586 4468 ’votorum
3623 4431 3743 4470 no-

2061 4491 2304 4538 strorum
2359 4480 2442 4550 (id
2493 4488 2575 4536 est
2626 4480 2989 4538 hilariorum"
3030 4487 3413 4540 nostrorum:
3476 4501 3608 4539 nam
3662 4503 3742 4543 ex

2061 4570 2127 4627 eo
2159 4553 2313 4624 quod
2337 4553 2396 4607 in
2421 4557 2699 4627 votorum
2724 4553 2930 4610 diebus
2962 4555 3136 4626 genio
3158 4555 3373 4611 soleret
3400 4555 3729 4627 indulgeri,

2064 4623 2280 4700 factum
2301 4629 2410 4693 est,
2427 4629 2498 4700 ut
2528 4623 2754 4700 hilaria
2804 4623 3182 4700 conviviaque
3224 4627 3424 4700 omnia
3462 4623 3732 4700 potidﬁapé

2065 4695 2618 4770 pellarentur),_item
2650 4697 2985 4770 eiChronico
3008 4695 3309 4754 Casinensi
3325 4699 3478 4770 apud
3505 4695 3737 4757 Murat.

2064 4772 2107 4822 t.
2139 4768 2187 4823 II
2221 4771 2350 4823 Ant.
2386 4766 2514 4823 Ital.
2585 4784 2640 4838 p.
2675 4769 2781 4823 939
2814 4785 2828 4823 :
2861 4769 3086 4825 tertiam
3122 4780 3335 4840 partem
3364 4766 3430 4826 de
3468 4772 3737 4829 omnibus

2065 4842 2232 4894 rebus
2289 4841 2423 4904 suis,
2475 4855 2597 4910 quae
2638 4842 2804 4895 uxori
2829 4843 2885 4894 in
2945 4841 3035 4896 die
3065 4850 3312 4898 votorum
3360 4845 3448 4897 vir
3493 4842 3734 4900 dederat

2063 4911 2605 4985 utAmorgingoonm,
2639 4911 2784 4982 coepi
2839 4912 3106 4985 dubitare
3153 4913 3588 4969 indicareturne
3617 4931 3741 4985 ap-

2063 4981 2392 5053 pellatiOne’
2414 4982 2532 5037 diei
2561 4981 2828 5038 votorum
2859 4983 2918 5038 in
2944 4992 3141 5041 nostro
3181 4985 3559 5040 caerimoniali
3593 4981 3733 5045 dies

2063 5071 2097 5129 a
2128 5054 2352 5126 nuptiis
2382 5053 2754 5125 imperatoris
2783 5056 3108 5129 proximus,
3145 5057 3482 5129 quotannis,
3514 5061 3572 5113 at
3603 5075 3733 5115 non

2061 5126 2176 5182 ﬁxo
2202 5129 2797 5200 certoquetempore,
2812 5128 2916 5200 sed
2946 5143 3087 5200 vage
3133 5126 3472 5185 recurrens.
3493 5129 3618 5193 Qua
3648 5130 3736 5189 de

2057 5214 2120 5254 re
2152 5196 2295 5264 quid
2320 5196 2417 5264 sit,
2449 5196 2700 5254 viderint
2728 5197 2848 5255 alii.

2152 5213 2295 5322 gum
2320 5213 2417 5279 8"!
2449 5213 2700 5279 Viderint
2728 5213 2848 5255 αλιι.

2129 5269 2146 5339 (
2192 5268 2649 5345 4)Sub_l_ntelllge
2697 5266 3042 5345 tantumvel
3100 5267 3567 5345 neCoSpduta._Si
3620 5289 3731 5329 ve-

2057 5356 2240 5414 sperae
2271 5339 2417 5414 nulli
2466 5339 2606 5395 sunt
2660 5346 2759 5397 aut
2808 5341 2932 5397 ludi
2993 5339 3294 5414 equestres
3326 5339 3582 5410 curules,
3615 5350 3735 5402 aut

2059 5412 2349 5486 pedestris
2380 5429 2588 5486 cursus
2647 5415 2939 5478 exercitia,
2983 5410 3120 5470 tunc
3179 5410 3445 5480 δίδονταν,
3505 5432 3734 5486 nempe

2054 5481 2122 5536 τὰ
2168 5481 2398 5549 ἔπαθλα,
2457 5485 2676 5540 dantur
2751 5488 2988 5557 praemia
3045 5504 3215 5544 mane
3247 5509 3267 5556 ;
3298 5489 3347 5542 si
3381 5492 3573 5542 autem
3622 5481 3734 5543 v'e-

2057 5573 2240 5627 sperae
2255 5571 2508 5634 quoque,
2533 5561 2594 5634 u_t
2618 5573 2814 5626 mane,
2828 5558 3127 5634 suntludi,
3147 5568 3283 5618 tunc
3298 5559 3734 5634 praemianulla

2055 5645 2244 5698 mane,
2276 5629 2382 5687 sed
2422 5629 2623 5687 omnia
2645 5645 2899 5702 vespera:
2942 5631 3177 5689 dantur.
