4134 6370
421 330 542 391 613

1260 326 1362 386 DE
1406 324 1862 388 CERIMONIIS
1907 322 2658 403 AULE‘BYZANTINJE
2703 327 2850 389 LIB.
2899 331 2946 389 Ι.

3727 334 3846 396 614

423 464 542 520 «ita
567 483 580 496 ο
614 485 646 516 ι)
671 463 700 516 6
747 459 916 524 λαός·
953 482 982 512 ‹‹
1029 461 1309 516 Μεσιτεῖα.
1349 482 1377 510 ››
1425 458 1492 514 Οἱ
1537 457 1768 533 κράκται
1791 461 1806 488 ⁸
1843 478 1872 509 ι(
1916 457 2078 514 Ἀνα-

2195 479 2222 508 ‹‹
2271 457 2554 516 Fidelium
2602 461 3025 532 imperatorum
3069 466 3421 521 nostrorum.
3460 487 3488 515 »
3524 467 3799 524 Cantores
3836 487 3850 526 :

426 555 579 610 νάϊα*
615 575 644 603 »
677 551 707 606 6
753 549 924 614 λαός⁶
984 574 1004 600 ι
1066 550 1188 606 Τῶν
1252 551 1458 602 πιστῶν
1511 545 1781 622 βασιλέων
1833 547 2017 620 ἡμῶν.
2053 568 2080 595 ››

434 645 494 698 Ol
549 643 805 716 κράκται·
873 661 896 691 ι
953 638 1224 696 Ανανάϊα·
1281 659 1308 688 η
1371 639 1399 691 6
1449 635 1628 699 λαός·
1692 660 1721 689 ‹‹
1771 637 1858 698 Ὡς
1918 634 2084 708 μόνος

432 729 856 804 παντοδύναμος.
891 753 921 782 ››
952 727 1056 786 Καὶ
1086 727 1252 782 πάλιν
1287 725 1538 800 λέγουσιν
1588 727 1640 781 οἱ
1678 727 1902 801 κράκται
1953 724 2084 799 ΐχά-

427 821 540 878 διον
570 819 674 896 ἤχ.
706 843 766 878 π.
810 817 887 873 δ’·
924 843 953 870 ‹‹
987 817 1134 873 Νανά
1159 835 1172 848 ο
1196 837 1223 870 ιι
1262 818 1289 870 6
1332 815 1462 878 λαός
1487 835 1500 848 °
1549 840 1577 869 ι(
1617 815 1788 878 Ὅλος
1838 816 1866 870 ὁ
1916 814 2084 878 πόθος

418 914 529 969 τῶν
556 910 874 982 Ῥωμαίων.
910 932 939 961 ‹‹
972 908 1040 965 Οἱ
1096 905 1325 981 κράκται
1359 922 1373 936 ⁶
1410 929 1438 956 ››
1495 905 1650 980 Ἀγία
1684 924 1696 937 ·
1751 928 1778 957 n
1827 905 1856 959 6
1907 902 2039 967 λαός
2063 918 2078 934 ⁸

422 1026 454 1055 ‹‹
485 1001 579 1062 Εἷς
635 1001 776 1073 ὑμᾶς
832 1000 1022 1073 ὁρᾶται
1048 998 1116 1067 9°,
1150 995 1276 1058 τοὺς
1311 996 1615 1071 εὐεργέτας.
1651 1020 1680 1048 ‹‹
1723 996 1788 1052 Οἱ
1829 994 2078 1070 κράκται·

420 1114 452 1144 ‹‹
486 1091 668 1147 Νανά·
704 1111 729 1142 s
759 1090 788 1144 6
847 1085 980 1150 λαός
1005 1106 1020 1120 ·
1055 1111 1085 1139 «
1135 1089 1245 1144 Τοῦ
1295 1085 1508 1159 κόσμου
1549 1085 1652 1162 γὰρ
1711 1079 1952 1155 εὐσεϐείᾳ
1993 1082 2077 1139 δε-

424 1183 656 1251 σπόζετε
685 1180 706 1217 ί
738 1179 908 1248 ὅλως,
936 1177 1013 1240 εἷς
1067 1176 1372 1254 φιλάγαθον
1424 1178 1622 1250 κράτος
1668 1176 1844 1248 ὑμῶν,
1879 1173 2080 1229 δεσπό-

421 1293 537 1328 ται.
582 1294 610 1323 ››
642 1265 853 1331 ’Ἄλλος
883 1265 986 1343 ἤχ.
1020 1264 1083 1321 δ”
1110 1291 1139 1320 ‹‹
1180 1266 1286 1321 Κᾶν
1336 1264 1482 1321 θέλω
1523 1271 1767 1342 σιγῆσαι,
1793 1269 1901 1319 τῶν
1951 1263 2078 1338 τρό-

425 1382 542 1416 πων
576 1380 674 1415 σου
724 1361 759 1428 ἡ
811 1354 1132 1432 χρηστότης
1175 1355 1274 1411 οὐκ
1321 1354 1382 1425 ἐᾷ
1433 1377 1520 1428 με,
1553 1357 1576 1392 ²
1612 1378 1642 1408 »
1688 1355 1781 1410 καὶ
1818 1353 1887 1410 τὰ
1930 1352 2077 1425 ἑξῆς.

429 1449 495 1507 El.
525 1447 579 1504 δὲ
607 1446 724 1526 ἔχει
759 1449 787 1502 6
828 1447 1102 1520 Πράσινος
1148 1443 1500 1520 προτίμησιν,
1535 1442 1680 1519 λέγει
1711 1444 1897 1523 φωνὴν
1925 1443 1947 1478 ³
1972 1439 2074 1518 Kx.

428 1560 488 1595 π.
519 1536 578 1592 δ’·
612 1563 634 1589 ι
690 1535 1141 1612 Εὐχαριστοῦμέν
1202 1555 1308 1590 σοι.
1365 1531 1559 1606 Χριστὲ
1617 1535 1645 1588 6
1703 1533 1831 1595 Θεὸς
1891 1535 2074 1605 ἡμῶν,

419 1634 501 1700 τῷ
549 1623 957 1694 διασκεδάζοντι
1004 1624 1210 1700 βουλὰς
1255 1622 1445 1695 ἐθνῶν,
1488 1646 1518 1675 ››
1567 1625 1661 1678 καὶ
1698 1623 1765 1677 τὰ
1796 1623 1936 1693 ἑξῆς.
1971 1621 2075 1678 Καὶ

422 1717 589 1774 πάλιν
644 1717 866 1792 λέγουσι
923 1715 1244 1792 τροπάριον,
1293 1713 1397 1788 ἤχ.
1448 1712 1476 1767 ὁ
1526 1712 1685 1774 αὐτός
1719 1732 1732 1745 ο
1769 1733 1800 1767 κ
1849 1710 2076 1786 Πληρο-

2195 570 2223 596 ‹‹
2256 549 2552 618 Ananaia;
2588 573 2616 600 ››
2658 550 2905 623 p0pulus
2938 569 2950 609 :
2996 572 3027 605 ιι
3057 556 3132 607 Ut
3180 553 3341 612 solus
3382 556 3778 628 omnipotens.
3816 579 3844 608 ››

2194 637 2417 694 Rursus
2449 644 2714 697 cantores
2747 658 2884 698 voce
2915 643 3038 698 toni
3069 643 3296 716 obliqui
3327 647 3513 716 quarti
3537 647 3845 704 modulan-

2192 731 2329 782 tur:
2373 749 2402 778 «
2443 727 2646 798 Nana;
2688 752 2709 779 ι
2755 730 3007 802 populus
3051 749 3064 787 :
3110 752 3139 783 ‹‹
3180 731 3430 789 Unicum
3483 736 3840 792 desiderium

2191 819 2638 874 Romanorum!
2682 842 2710 869 »
2752 819 3069 877 Cantores:
3118 842 3147 872 (ε
3191 822 3439 878 Sanctal
3480 846 3508 873 ››
3553 828 3842 898 pepulus:

2193 925 2221 952 «
2248 903 2314 958 In
2347 921 2469 975 vos,
2492 923 2524 962 ο
2545 907 2813 974 benefici,
2835 908 3094 964 intuetur
3120 908 3132 963 !
3158 933 3180 962 ι
3213 911 3525 967 Cantores:
3554 934 3581 962 «
3605 913 3787 976 Nana,
3815 937 3843 966 »

2195 994 2486 1066 populus:
2512 1019 2540 1046 «
2566 997 2785 1054 Pietate
2805 997 2961 1054 enim
2986 998 3258 1055 universo
3283 999 3410 1054 orbi
3433 1000 3842 1072 dominamini,

2191 1083 2248 1138 in
2305 1085 2486 1141 robur
2549 1091 2808 1144 vestrum
2878 1088 3014 1144 boni
3089 1089 3446 1158 studiosum,
3506 1090 3752 1146 domini.
3816 1113 3846 1141 »

2190 1173 2344 1230 100
2373 1176 2534 1232 Alius
2563 1181 2700 1234 tono
2734 1178 2809 1232 IV
2836 1194 2850 1233 :
2875 1199 2903 1229 «
2936 1177 3180 1234 Etiamsi
3211 1179 3456 1236 virtutes
3488 1184 3622 1236 tuas
3655 1184 3842 1238 tacere

2190 1264 2423 1331 vellem,
2445 1273 2626 1321 cretus
2647 1265 3033 1337 Christianus,
3059 1267 3120 1322 id
3142 1284 3260 1324 non
3292 1269 3448 1338 licet,
3465 1291 3494 1319 »
3517 1273 3574 1325 et
3598 1270 3844 1343 reliqua.

2187 1352 2250 1410 Si
2279 1368 2415 1410 vero
2457 1355 2686 1412 Prasini
2727 1357 3080 1428 praacipuam
3123 1357 3359 1414 laudem
3400 1357 3675 1427 retulere,
3707 1376 3844 1417 voce

2191 1442 2311 1499 toni
2371 1443 2594 1516 obliqui
2650 1444 2724 1501 IV
2773 1445 2978 1502 dicunt
3017 1461 3032 1502 :
3077 1466 3106 1496 ‹‹
3152 1447 3381 1504 Gratias
3437 1448 3568 1518 tibi,
3616 1447 3846 1506 Christe

2187 1533 2340 1589 Deus
2381 1538 2594 1599 noster,
2629 1535 2884 1606 agimus,
2926 1535 3023 1606 qui
3063 1535 3304 1592 consilia
3351 1538 3616 1608 gentium
3657 1537 3834 1594 dissi-

2185 1622 2362 1693 pasti,
2387 1643 2412 1674 ι
2438 1627 2494 1678 et
2513 1631 2739 1681 caetera.
2764 1626 2988 1681 Rursus
3016 1626 3335 1696 troparium
3358 1626 3562 1682 eodem
3585 1631 3722 1685 tono
3745 1644 3846 1684 ca-

2185 1720 2331 1769 nunt
2363 1731 2377 1770 :
2427 1736 2448 1765 ι
2483 1715 2779 1772 Divinitati
2822 1717 2882 1772 in
2921 1717 3199 1773 omnibus
3238 1718 3568 1788 conspicua:
3607 1723 3842 1775 vestra;-

426 1812 580 1885 ιρορῶ
624 1809 737 1880 (55)
801 1805 864 1860 τὸ
927 1809 1080 1860 Θεῖον
1144 1803 1196 1858 ἐν
1266 1807 1428 1858 πᾶσιν
1462 1797 1635 1865 ὅντως
1681 1801 1772 1857 καὶ
1815 1801 1878 1856 τὸ
1918 1801 2072 1855 εὐσε-

2187 1817 2300 1872 que
2329 1804 2551 1876 pietati,
2584 1804 2824 1873 domini,
2859 1806 3140 1863 confirmo
3172 1823 3187 1863 :
3221 1806 3421 1863 anima
3451 1812 3647 1864 nostra
3685 1807 3841 1865 haud

423 1895 516 1960 ϐἐς
707 1897 889 1968 ὑμῶν,
929 1889 1246 1971 εὐεργέται·
1291 1894 1391 1947 οὐκ
1446 1887 1564 1966 ἔχει
1613 1890 1791 1963 ἄλλην
1835 1894 1870 1960 ἡ
1922 1894 2073 1966 ψυχὴ

2187 1892 2362 1948 aliam
2406 1893 2694 1950 medelam
2737 1895 2931 1960 habet,
2963 1911 3139 1966 quam
3171 1896 3222 1950 si
3251 1912 3376 1964 vos,
3408 1896 3677 1954 dominos
3707 1898 3846 1955 uni-

416 1990 582 2061 ἡμῶν
639 1985 949 2060 θεραπείαν,
1002 1983 1048 2038 εἰ
1102 1984 1177 2056 μὴ
1236 1982 1298 2038 τὸ
1353 1981 1570 2057 βλέπειν
1626 1982 1786 2054 ὑμᾶς,
1820 1981 1948 2042 τοὺς
1993 1977 2079 2035 δε-

412 2078 621 2138 σπότας
671 2082 771 2144 τῆς
829 2071 1182 2145 οἰκουμένης.
1219 2095 1248 2123 ››
1280 2069 1495 2134 ’Ἄλλος
1539 2071 1640 2144 ἦγ.
1675 2067 1736 2124 δ”
1773 2093 1802 2121 ‹‹
1835 2070 1907 2125 Τὸ
1952 2069 2082 2142 ὑμέ-

414 2191 570 2244 τερον
624 2167 848 2242 κράτος,
901 2163 1284 2242 φιλόχριστοι,
1322 2157 1731 2238 θεοπρόϐλητοι
1781 2160 2078 2237 εὐεργέται.

414 2261 475 2316 ἐκ
500 2265 639 2316 Θεοῦ
670 2256 1086 2329 καταλάμπεται
1119 2253 1344 2324 ἀληθῶς
1375 2253 1464 2307 καὶ
1511 2253 1613 2308 οὐκ
1661 2251 1710 2324 ἐξ
1753 2251 2078 2327 ἀνθρώπων,

419 2352 448 2406 6
480 2349 631 2405 δεῖνα
659 2348 754 2404 καί
795 2348 823 2401 6
856 2344 1003 2401 δεῖνα
1066 2341 1392 2418 ἁγαλλίαμα
1455 2347 1564 2398 τῶν
1609 2343 1866 2400 Βενέτων.
1899 2365 1928 2394 >›
1960 2342 2078 2406 Εἶθ’

420 2440 591 2502 οὕτως
650 2435 901 2514 λέγουσιν
954 2436 1007 2489 οἱ
1057 2433 1282 2508 κράκται
1315 2448 1332 2465 °
1387 2453 1414 2487 ιι
1452 2433 1647 2506 Ἡμεῖς
1705 2430 1901 2487 δοῦλοι
1965 2436 2075 2488 τῶν

426 2528 732 2605 βασιλέων·
771 2548 799 2581 ι
833 2526 860 2580 ὁ
901 2523 1034 2585 λαὸς
1079 2523 1313 2597 ὁμοίως.
1347 2522 1414 2580 O't
1453 2521 1680 2595 κράκται
1705 2539 1720 2554 ο
1758 2545 1780 2572 ι
1820 2519 1922 2578 Ἴδε
1952 2519 2079 2577 δοῦ-

422 2616 515 2673 λοι
556 2611 790 2673 εὐσεϐῶν
832 2611 1102 2689 βασιλέων
1126 2629 1140 2642 '
1177 2633 1202 2665 ι
1233 2613 1261 2666 ὁ
1288 2609 1420 2672 λαὸς
1452 2608 1684 2684 ὁμοίως.
1709 2610 1773 2663 Οἱ
1809 2611 2035 2684 κράκται
2057 2628 2074 2644 ο

429 2731 458 2759 u
493 2705 721 2762 Δοῦλοιο
754 2728 783 2756 ››
817 2705 845 2758 6
877 2703 1008 2765 λαός
1034 2721 1048 2734 ·
1083 2725 1112 2754 (ι
1153 2705 1272 2758 Τῶν
1320 2698 1610 2776 βασιλέων.
1643 2723 1674 2752 ‹‹
1711 2700 1778 2758 Οἱ
1823 2700 2073 2776 κράκται·

437 2819 466 2848 ι(
491 2793 684 2850 Δοῦλοι
705 2811 719 2825 ⁸
753 2817 780 2845 ι)
819 2794 848 2847 ὁ
879 2791 1043 2854 λαόςο
1086 2815 1115 2844 ‹‹
1148 2793 1265 2848 Τῶν
1321 2787 1613 2864 βασιλέων.
1653 2811 1683 2841 ››

508 2885 590 2942 Β“.
625 2885 831 2956 Ἰστέον,
863 2883 948 2937 δτι
985 2880 1094 2936 ἀπὸ
1123 2878 1278 2950 νίκης
1319 2877 1573 2955 λέγονται
1600 2879 1670 2933 τὰ
1697 2877 2076 2953 προῤῥηθέντα

437 2973 571 3030 ἔκτα
620 2980 717 3043 τῆς
760 2972 909 3044 νίκης
957 2975 1067 3026 τῶν
1112 2969 1358 3044 ἡνιόχων
1403 2968 1572 3044 πρωῒ.
1604 2971 1731 3043 Χρή
1767 2967 1824 3024 δὲ
1855 2967 2073 3040 εῗδὲναι,

423 3064 506 3118 ὅτι
533 3064 640 3118 ἀπὸ
677 3065 774 3118 τοῦ
806 3058 1058 3137 δευτέρου
1093 3059 1252 3135 βαΐου
1295 3059 1663 3132 κατέρχονται
1716 3057 1824 3114 ἀπὸ
1867 3061 1975 3114 τῶν
2027 3057 2072 3113 δ’

423 3151 614 3225 δήμων
663 3151 716 3206 οἱ
761 3145 1152 3230 σταυροφὸροι,
1187 3149 1544 3223 βαστάζοντες
1582 3146 1711 3212 τοὺς
1766 3145 1818 3217 ἐξ
1868 3147 2068 3203 ἀνθέων

424 3241 829 3317 πεπλεγμένους
887 3239 1175 3314 σταυροὺς,
1206 3239 1297 3294 καὶ
1357 3237 1598 3293 ἵστανται
1656 3236 1732 3299 εἰς
1779 3237 1843 3291 τὸ
1892 3238 2071 3312 στάμα

429 3333 478 3388 οἱ
541 3333 872 3406 κούρσωρες,
932 3328 1178 3406 αἵροντες
1246 3327 1374 3390 τοὺς
1448 3327 1730 3390 τοιούτους
1807 3329 2068 3404 σταυροὺς

418 3424 741 3498 ἀναφέρουσι
779 3423 918 3498 πρὸς
961 3420 1092 3483 τοὺς
1137 3417 1422 3491 δεσπότας,
1462 3417 1553 3474 καὶ
1602 3417 1800 3482 εὐθέως
1842 3417 2069 3494 λέγουσι

413 3514 480 3568 τὰ
521 3511 676 3568 ἄκτα.
721 3512 791 3569 Οἱ
837 3511 1098 3586 κράκταιο
1151 3530 1174 3560 ι
1223 3509 1284 3566 Ὁ
1333 3513 1475 3572 θεῖος
1529 3507 1697 3569 τόπος
1742 3509 1878 3580 (57),
1932 3509 2070 3584 βοή-

415 3613 582 3674 θησον
630 3601 760 3664 τοὺς
806 3597 1069 3661 δεσπότας
1108 3616 1122 3630 ⁶
1167 3621 1196 3651 »
1246 3599 1273 3653 6
1323 3596 1456 3658 λαὸς
1522 3594 1582 3652 ἐκ
1626 3597 1672 3672 γ“
1729 3596 1958 3670 ὁμοίως.
2002 3598 2070 3655 Οἱ

423 3691 688 3766 κράκται·
737 3713 761 3745 ι
791 3691 880 3748 Ἐν
929 3686 1110 3761 τούτῳ
1162 3685 1472 3766 ἐστέφθητε,
1505 3686 1559 3740 οἱ
1606 3685 1878 3762 εὐεργέται
1905 3703 1917 3717 °
1962 3711 1990 3738 ››
2039 3688 2067 3741 6

419 3779 554 3843 λαὸς
604 3779 813 3854 ὁμοίως
847 3781 914 3835 ὁκ
959 3785 1028 3855 γ’.
1068 3778 1137 3835 Οἱ
1182 3778 1444 3852 κράκταιο
1483 3799 1511 3828 ‹‹
1555 3777 1642 3830 Ἐν
1685 3775 1866 3848 τούτῳ
1917 3777 2067 3851 βασι-

419 3870 606 3928 Αεύετε
637 3870 730 3926 καὶ
784 3873 1004 3924 νικᾶτεο
1057 3891 1086 3920 ››
1133 3869 1224 3924 καὶ
1271 3865 1299 3920 ὁ
1347 3865 1479 3927 λαὸς
1523 3863 1584 3919 ἐκ
1630 3865 1679 3940 γ¹
1737 3865 1970 3938 ὁμοίως.
2002 3867 2071 3923 Οἱ

423 3958 688 4030 κράκται·
723 3980 753 4009 ‹‹
786 3956 872 4014 Ἐν
903 3955 1082 4026 τούτῳ
1133 3949 1352 4007 ὀλέσετε
1385 3952 1452 4007 τὰ
1489 3949 1616 4022 ἔθνη
1667 3952 1842 4008 πάντα
1867 3972 1880 3987 ο
1919 3977 1950 4006 ››
1979 3954 2070 4010 καὶ

411 4047 441 4100 ὁ
475 4045 606 4111 λαὸς
646 4045 708 4103 ἐκ
732 4045 778 4120 γ’
810 4044 1041 4120 ὁμοίως.
1071 4046 1178 4098 Τοῦ
1227 4040 1285 4098 δὲ
1334 4041 1567 4118 ὀργάνου
1597 4043 2068 4117 τρισαγιάζοντος,

2185 1985 2358 2052 versi,
2391 1983 2672 2040 intuetur.
2709 2007 2738 2034 »
2769 1982 2928 2040 Alius
2959 1989 3096 2041 tono
3127 1987 3241 2040 IV:
3275 2007 3305 2035 «
3336 1985 3600 2041 Potestas
3629 1990 3840 2053 vestra,

2191 2071 2400 2128 Christi
2429 2082 2692 2131 amantes
2713 2081 2885 2145 atque
2910 2075 3022 2130 Deo
3053 2073 3307 2145 promoti
3329 2081 3381 2130 et
3408 2074 3653 2131 beneﬁci
3683 2077 3841 2146 prin-

2194 2162 2373 2233 cipes,
2406 2180 2438 2218 a
2467 2163 2586 2219 Deo
2632 2168 2807 2234 certe,
2841 2180 2956 2219 non
3007 2179 3110 2234 per
3157 2163 3448 2231 homines,
3479 2164 3839 2236 resplendet,

2196 2251 2264 2307 N.
2308 2251 2378 2307 N.
2424 2251 2690 2324 voluplas
2727 2257 2785 2309 et
2823 2253 3106 2324 gaudium
3155 2254 3526 2310 Venetorum.
3561 2275 3591 2303 »
3636 2255 3844 2311 Postea

2187 2348 2454 2397 cantores
2482 2342 2722 2398 dicunt:
2749 2364 2778 2393 «
2801 2342 2919 2399 Nos
2941 2343 3093 2400 servi
3124 2342 3543 2407 imperatorum
3570 2361 3584 2413 ;
3611 2363 3637 2396 ι
3662 2359 3845 2416 popu-

2187 2430 2282 2486 lus
2312 2432 2538 2488 eadem.
2571 2432 2886 2488 Cantores:
2917 2453 2946 2482 «
2981 2431 3126 2488 Ecce
3156 2435 3300 2489 servi
3332 2432 3554 2504 piorum
3587 2434 3844 2506 impera-

2182 2521 2412 2576 torum!
2451 2542 2482 2571 »
2522 2521 2780 2592 populus.
2813 2521 3104 2580 similiter.
3146 2523 3420 2579 Cantores
3455 2538 3470 2578 :
3504 2543 3534 2573 «
3564 2523 3764 2591 Servi;
3797 2545 3828 2576 »

2179 2609 2432 2682 populus
2465 2625 2478 2666 :
2512 2626 2540 2658 α
2572 2611 3020 2682 Imperatorum,
3061 2633 3090 2662 »
3135 2612 3414 2668 Cantores
3447 2628 3461 2668 :
3508 2635 3535 2663 «
3567 2613 3762 2684 Servi;
3795 2637 3825 2666 ››

2181 2704 2469 2778 populus:
2503 2727 2532 2756 «
2563 2704 3009 2778 Imperatorum.
3044 2726 3075 2758 »

2250 2884 2321 2939 II.
2355 2883 2484 2940 Post
2527 2882 2828 2942 victoriam
2869 2889 2996 2940 acta
3022 2883 3276 2942 victorias
3313 2885 3656 2959 aurigarum
3690 2903 3822 2944 ma-

2178 2974 2380 3030 tutinis
2435 2973 2773 3030 recitantur.
2827 2976 2968 3030 Post
3016 2975 3335 3030 secundam
3386 2991 3521 3032 vero
3567 2976 3824 3048 palmam

2176 3062 2461 3134 cruoigeri
2506 3080 2539 3118 a
2575 3067 2828 3134 quatuor
2865 3063 3100 3136 populis
3141 3065 3528 3133 descendunt,
3561 3082 3761 3123 cruces
3800 3083 3832 3123 ο

2184 3151 2428 3208 ﬂoribus
2476 3155 2771 3208 contextae
2809 3157 3132 3224 portantes,
3163 3153 3224 3209 in
3254 3155 3502 3210 statione
3530 3171 3666 3212 vero
3695 3172 3831 3213 cur-

2182 3257 2345 3298 sores
2374 3242 2606 3313 adsunt,
2629 3242 2854 3314 hasque
2885 3258 3088 3300 cruces
3119 3248 3385 3314 sumunt,
3407 3244 3599 3316 iisque
3631 3246 3702 3300 ad
3733 3245 3832 3303 do-

2181 3333 2374 3390 minos
2405 3333 2618 3401 allatis,
2643 3334 2843 3390 statim
2875 3339 3005 3392 acta
3036 3336 3296 3392 recitent.
3321 3337 3596 3393 Cantores
3622 3353 3636 3393 :
3670 3358 3700 3388 «
3730 3337 3832 3392 Di-

2178 3422 2315 3478 vina
2355 3424 2570 3496 imago,
2613 3423 2872 3479 dominis
2915 3423 3229 3480 auxiliare!
3264 3446 3293 3475 «
3325 3426 3526 3481 eadem
3577 3425 3832 3497 populus

2178 3514 2266 3568 ter
2295 3513 2608 3568 Cantores:
2635 3533 2664 3562 «
2691 3514 2752 3568 In
2784 3512 2914 3582 hac,
2937 3513 3202 3570 muniﬁci
3233 3513 3541 3585 principes,
3571 3516 3832 3571 coronati

2180 3601 2352 3657 estis!
2379 3623 2408 3652 ››
2432 3601 2516 3658 sic
2541 3601 2794 3674 populus
2814 3607 2920 3658 ter.
2936 3603 3243 3660 Cantores:
3267 3627 3286 3653 ι
3315 3604 3378 3659 In
3401 3603 3510 3660 hac
3530 3603 3834 3676 imperatis

2181 3695 2241 3747 et
2256 3690 2519 3757 vincitis;
2544 3712 2574 3741 ι»
2597 3692 2683 3748 sic
2705 3691 2956 3763 populus
2977 3697 3084 3748 ter.
3107 3692 3416 3750 Cantores:
3443 3715 3472 3745 «
3495 3693 3558 3750 In
3585 3693 3692 3750 hac
3713 3710 3839 3750 om-

2182 3795 2286 3836 nes
2318 3777 2565 3852 populos
2595 3795 2837 3850 pessum
2889 3781 3145 3849 dabitis;
3176 3802 3206 3834 ››
3239 3782 3324 3837 sic
3353 3785 3411 3837 et
3439 3781 3693 3852 populus
3723 3786 3833 3839 ter.

2181 3867 2412 3940 Organo
2433 3883 2571 3924 vero
2591 3869 2913 3940 trisagium
2932 3867 3294 3937 modulante,
3309 3873 3577 3926 cantores
3600 3869 3837 3926 dicunt:

2184 3957 2346 4013 «Ter
2375 3961 2596 4028 sancte,
2621 3957 2897 4013 dominos
2930 3957 3179 4027 adjuva;
3206 3979 3235 4008 »
3259 3958 3346 4014 sic
3369 3962 3428 4015 et
3448 3960 3695 4032 populus
3727 3966 3831 4016 ter.

2183 4045 2465 4102 Caeterum
2488 4045 2688 4103 omnia
2709 4043 3042 4117 spectacula
3054 4047 3502 4118 equestria,tum
3520 4047 3834 4118 matutina,

1757 4169 1999 4226 VARIE
2069 4170 2488 4229 LECTIONES.

488 4273 716 4359 οθὸρᾶτε
754 4271 883 4331 cod.
937 4275 995 4329 et
1043 4271 1132 4329 ed.
1214 4271 1232 4309 ί
1277 4260 1520 4324 εὐσέϐεια
1568 4263 1888 4336 ὃεσπόζεται
1940 4271 2045 4328 cod
2097 4274 2156 4327 et
2203 4274 2292 4327 ed.
2343 4269 2473 4326 Vid.
2527 4286 2710 4343 supra
2758 4287 2812 4342 ρ.
2845 4271 2970 4327 323.
3047 4272 3203 4330 ’cod
3239 4276 3297 4330 et
3323 4274 3414 4331 ed.
3445 4272 3578 4330 Vid.
3613 4291 3672 4346 p.
3703 4274 3831 4332 323.

410 4351 433 4384 ³
464 4348 621 4427 φωνῇ
650 4348 746 4406 6d.

1483 4458 1681 4518 JOAN.
1714 4461 1855 4518 JAC.
1889 4460 2146 4519 REISKII
2186 4461 2764 4520 COMMENTARIUS.

485 4569 600 4642 (55)
658 4562 1041 4641 Ηληροφορεῖν
1080 4580 1219 4642 ’τινα
1272 4564 1363 4642 e_s_t
1415 4561 1662 4642 aliquem
1715 4577 1968 4618 securum
2013 4567 2066 4618 et
2095 4565 2140 4630 D
2171 4560 3001 4642 Grmculos_subrepentem_,et
3021 4577 3212 4642 nugas
3234 4563 3675 4642 t_rahentem_;_v.
3702 4563 3832 4642 Ale-

409 4633 1014 4712 mmm'mm,
1045 4634 1221 4712 alicui
1260 4633 1484 4705 aliquid
1510 4633 1675 4712 certo
1707 4650 2062 4712 asseverare.

411 4704 930 4789 lta'Tbepphanes
1087 4707 1208 4774 105,
1258 4704 1803 4789 πληροφορεῖνμτινα
1851 4704 2060 4789 ὅρκοις,

410 4791 468 4842 et
501 4801 552 4854 p.
584 4778 842 4839 ilOfEst
877 4778 1015 4853 ergo
1045 4793 1292 4854 sensus:
1325 4778 1591 4854 Asseeero
1611 4778 1947 4854 attestorque
1975 4778 2061 4833 di-

410 4794 468 4842 et
501 4801 552 4854 p.
584 4794 706 4839 1w.
740 4794 842 4838 15st
877 4797 1015 4853 ergo
1045 4794 1292 4836 sensus:
1325 4794 1580 4834 assevero
1611 4794 1840 4834 aueszor
1878 4794 1947 4832 ue
1975 4794 2061 4833 αι-

409 4859 541 4914 υἱηο
588 4856 806 4912 numini
851 4863 907 4909 et
953 4859 1141 4909 vestra
1187 4851 1402 4921 pietati,
1441 4849 1656 4907 domini
1697 4794 1943 4920 beneﬁci,
1975 4866 2063 4906 re-

413 4945 563 4996 vera,
593 4926 773 4983 modi:
819 4923 1090 4992 omnibus,
1136 4924 1387 4996 animum
1430 4925 1677 4996 nostram
1716 4937 1828 4977 non
1865 4922 2065 4977 habere

413 4993 594 5074 aliain
616 4997 886 5074 medetam
915 5001 1023 5074 etc.
1049 4993 1214 5074 ;_vi_d.
1245 4993 1398 5074 infra
1429 4994 1642 5074 p.199.
1681 5056 1709 5074 Δ
1739 5063 1749 5074 .
2017 5063 2028 5074 _

485 5071 603 5142 (56)
633 5067 872 5142 Titulus
911 5056 1159 5140 principi
1180 5056 1465 5142 proprius
1496 5063 1526 5118 6
1555 5056 1806 5142 εὐσεϐής,
1837 5081 1871 5120 a
1891 5063 2064 5142 AnoAvis

414 5135 627 5201 Graecis
656 5135 964 5206 conﬁctus,
988 5143 1054 5194 ut
1071 5135 1342 5194 Latinum
1369 5135 1496 5208 pius
1515 5138 1927 5208 asprimerent.
1951 5135 2063 5192 Sed

412 5215 588 5288 longe
619 5212 776 5269 aliud
807 5216 898 5288 est
914 5202 1060 5288 pius,
1085 5202 1381 5288 diversum
1400 5209 1472 5264 ab
1494 5202 1742 5288 εὐσεϐής.
1763 5209 2064 5288 ngtenus

412 5273 552 5362 pia;
573 5273 931 5362 reverentem
961 5273 1058 5362 D_ei
1086 5280 1405 5362 significat,
1427 5273 1705 5362 congruit
1726 5273 1974 5362 εὐσεόής.
1997 5281 2067 5334 At

416 5351 580 5430 prius
601 5360 896 5428 quatenus
919 5351 1168 5430 principi
1189 5351 1491 5430 tribuitur,
1514 5351 2063 5430 ainantemcivium,

415 5417 741 5507 ᾧιλόπολιν,
788 5417 978 5507 Πρωὶ,
1017 5417 1172 5507 quod.
1225 5417 1638 5507 curn‘sﬁceG't‘):
1691 5423 1836 5507 nihil
1892 5417 2067 5507 habet

414 5495 750 5566 commune,
790 5503 848 5556 et
895 5495 1180 5561 originem
1221 5495 1402 5550 traxit
1436 5511 1467 5550 e
1507 5513 1653 5554 novo
1700 5497 2066 5552 Testamento

415 5580 474 5631 et
502 5591 537 5648 a
565 5570 932 5648 Christianis.
960 5571 1020 5648 Si
1051 5567 1371 5648 Justinian.
1403 5566 1544 5648 δον.
1570 5570 1663 5636 78,
1685 5567 1923 5648 titulum
1954 5569 2065 5648 im:

417 5644 882 5720 perialemrpius
916 5643 1012 5720 ab
1058 5639 1348 5720 Antonino
1407 5639 1507 5720 Pio
1523 5639 2068 5720 _arcessit,lprod_it

417 5711 846 5790 antiquitatum
876 5718 933 5774 et
955 5712 1217 5772 historia
1244 5711 1659 5783 ignorantiam,
1682 5713 1812 5784 jam
1840 5713 1969 5767 tum
2002 5711 2066 5767 in

2175 4650 2376 4690 mann.
2419 4635 2487 4706 ad
2530 4636 2770 4706 Procop.
2805 4651 2862 4706 p.
2893 4635 2984 4688 7'3.
3017 4639 3076 4691 et
3115 4635 3396 4691 Harduin.
3429 4637 3499 4692 ad
3543 4637 3830 4693 Themist.

2216 4750 2229 4762 .
2258 4707 2382 4762 427.
2415 4705 2550 4761 Pius
2577 4707 2648 4761 de
2691 4705 2821 4762 Deo’
2844 4710 2945 4761 aut
2985 4706 3055 4762 de
3095 4713 3258 4776 patre
3301 4707 3606 4763 hominum
3652 4714 3709 4765 et
3755 4710 3829 4764 li-

2216 4750 2229 4762 .
2258 4723 2382 4762 4:1.
2415 4723 2550 4761 mus
2577 4723 2648 4761 ae
2692 4723 2802 4762 ueo
2844 4723 2945 4761 aut
2985 4723 3055 4762 ae
3095 4723 3258 4776 patre
3301 4723 3606 4763 nominum
3652 4723 3709 4765 et
3755 4723 3829 4764 u-

2172 4723 2446 4851 Berorum
2479 4783 2712 4834 amante
2735 4778 2958 4834 Latinis
2979 4779 3228 4851 vetustis
3253 4779 3574 4834 dicebatur.
3602 4780 3670 4836 Et
3692 4780 3830 4851 quia

2174 4849 2490 4923 imperator
2515 4854 2674 4921 pater
2702 4852 2907 4906 civium
2931 4858 2982 4923 et
3002 4849 3203 4920 patria?
3236 4853 3617 4921 reputabatur
3648 4849 3826 4923 atque

2175 4921 2491 4994 dicebatur,
2526 4923 2652 4976 ideo
2686 4923 2820 4994 pius
2861 4922 3152 4994 audiebat,
3187 4926 3246 4978 et
3273 4924 3376 4994 qui
3421 4940 3560 4980 eum
3598 4921 3833 4980 laederet

2174 4993 2651 5067 aut_o_ﬁ‘enderet,
2685 4993 3009 5050 habebatur
3048 4993 3256 5064 impius
3285 4993 3341 5051 et
3372 4996 3696 5067 impietatis,
3729 5000 3830 5063 τῆς

2172 5057 2441 5131 ἀσεϐείας,
2483 5057 2892 5138 accusabatur,
2923 5057 3246 5138 utcontra
3290 5067 3385 5138 qui
3438 5057 3573 5124 eum
3623 5057 3836 5124 co'leret

2174 5137 3274 5228 etoamar'et,npiig‘erat.ind..rrYales.
3310 5137 3393 5222 ad
3443 5139 3734 5228 Xiphili’n.
3755 5156 3830 5228 ἐξ

2175 5207 2336 5281 1084L
2382 5208 2475 5264 ed.
2530 5205 2844 5281 Reimar._§
2880 5208 2971 5281 5_7.
3021 5209 3364 5281 ’[ζΙροσδιυνῶ
3410 5229 3467 5263 σε
3513 5205 3588 5272 ὦς
3633 5205 3829 5274 εὐσεϐῆ

2172 5276 2381 5422 1ξκ
2436 5281 2570 5333 Θεοῦ
2627 5272 3008 5352 προϐληθέντα
3047 5272 3314 5354 βασιλέα.
3366 5281 3706 5354 Theophan.
3767 5272 3829 5355 pi

2245 5424 2360 5495 (57)
2394 5423 2595 5496 Divina
2623 5423 2826 5496 imago,
2862 5423 3054 5496 imago
3085 5423 3186 5480 Dei
3232 5423 3533 5496 patientis.
3568 5425 3654 5480 Ita
3685 5440 3830 5496 cru-

2176 5510 2302 5585 gern
2346 5493 2657 5585 appellant
2709 5493 3099 5585 Graeci'nOVi.
3126 5493 3418 5585 ξ’ςξῖξεορὶι.ἱ
3462 5495 3829 5585 ρκίδδτούς

2173 5565 2594 5644 θείουςητόπους
2643 5565 3069 5644 (φῶθ’-τόπους
3117 5565 3341 5644 edituri;
3392 5565 3550 5644 fuit,)
3593 5565 3829 5626 crucem

2173 5639 2433 5712 appellat
2457 5654 2593 5696 cum
2624 5639 2800 5697 rebus
2829 5637 2971 5697 illuc
2999 5639 3454 5713 pertinentibus.
