4134 6394
348 351 466 413 615

1414 347 1936 409 CONSTANTINI
1980 347 2684 409 POltPHYROGENITI

3636 347 3757 407 616

348 492 473 542 tum
523 483 873 554 vespertina,
907 480 1016 537 boc
1054 480 1170 537 ritu
1219 481 1430 554 bisque
1477 480 1810 539 cerimoniis
1840 481 1988 538 cele-

2104 478 2352 554 λέγουσιν
2385 481 2437 534 o't
2466 478 2694 554 κρέκται
2724 499 2737 512 ο
2773 499 2798 532 ι
2839 478 3119 552 Τρισάγιε,
3154 479 3433 553 βοήθησον
3484 476 3611 538 τοῦς
3671 476 3759 534 δε-

349 579 597 632 brantur
621 590 634 627 :
659 573 862 628 eadem
885 569 1040 627 enim
1067 574 1212 640 acta,
1235 572 1446 627 cedem
1469 570 1924 627 acclamationes
1945 575 2001 626 et

347 674 559 723 caetera!
574 659 896 718 cerimonias
908 675 997 715 om
1007 674 1108 714 nes
1121 675 1299 730 supra
1309 675 1374 715 ex
1385 660 1586 730 positae
1600 659 1997 714 observantur.

2112 568 2312 631 σπότας
2348 585 2362 600 ο
2398 592 2425 620 n
2478 568 2569 623 καὶ
2615 569 2642 622 6
2709 565 2840 630 λαὸς
2894 567 2955 622 ἐκ
3009 574 3057 642 γ’
3114 569 3344 641 ὁμοίως.
3397 568 3614 638 Ἰστὲον,
3676 567 3760 622 ὅτι

2109 658 2279 713 πάντα
2306 659 2372 713 τὰ
2402 656 2768 731 ἱπποδρόμια,
2801 658 2869 712 τά
2898 677 2954 711 τε
3001 658 3149 730 πρωῒ
3197 657 3286 711 καὶ
3320 655 3532 728 δείλης,
3563 661 3760 712 τοῦτον

344 754 437 810 τὸν
470 751 639 808 τύπον
671 748 763 805 καὶ
792 747 995 818 ταύτην
1024 742 1216 822 ἔχουσι
1245 747 1343 816 τὴν
1373 746 1540 818 τάξιν.
1569 746 1653 803 Τὰ
1679 745 1781 823 γὰρ
1814 745 1948 800 αὐτᾶ
1980 747 2112 802 ἅκτα
2154 747 2242 801 καὶ
2274 747 2327 802 αἱ
2358 749 2381 783 ⁴
2410 745 2673 826 εὐφημίαι
2706 745 2795 801 καὶ
2826 745 2880 800 αἱ
2913 743 3080 800 ἄλλαι
3113 747 3313 801 ἅπασαι
3342 745 3668 801 ἀκολουθίαι
3701 746 3760 800 αἱ

343 840 736 919 προβρηθεῖσαι
766 838 1114 915 φυλάττοναι.

497 931 872 1000 Observanda,
905 947 1032 986 cum
1061 931 1435 1000 micropanita
1463 929 1831 997 factionarius

957 1003 1178 1058 institui
1214 1003 1380 1058 decet.

408 1097 448 1152 Ι.
470 1095 626 1152 Actis
656 1091 1037 1160 circensibus,
1060 1094 1120 1145 et
1149 1089 1354 1160 auriga
1385 1089 1770 1160 micropanite
1798 1089 1988 1161 prima

336 1187 536 1260 palma
551 1183 754 1256 potito,
769 1183 1088 1253 imperator
1105 1178 1319 1251 populo
1332 1178 1526 1246 edicit,
1543 1183 1608 1233 ut
1627 1178 1695 1233 N.
1711 1178 1989 1234 factiona-

335 1276 488 1331 rium
513 1277 804 1346 expetant,
827 1286 944 1341 quo
971 1269 1140 1335 facto,
1167 1272 1473 1323 cantores:
1499 1290 1526 1318 «
1551 1267 1783 1324 Domini
1806 1267 1985 1334 orbis,

334 1365 604 1422 exaudite
643 1363 887 1420 Venetos
924 1361 1228 1429 precantes
1263 1355 1276 1410 l
1312 1378 1341 1408 »
1375 1355 1626 1426 populus
1661 1359 1752 1412 ter
1784 1371 1799 1412 :
1833 1357 1981 1412 191

336 1477 364 1505 ‹‹
379 1455 611 1510 Sancte.
630 1474 658 1502 η
674 1453 946 1507 Cantores
963 1463 975 1502 :
994 1470 1022 1497 «
1039 1447 1114 1503 Ut
1131 1447 1282 1502 servi
1296 1461 1498 1518 rogare
1512 1445 1797 1501 audemus
1814 1464 1828 1513 ;
1844 1466 1870 1495 ››
1893 1461 1990 1516 po-

333 1543 509 1618 pulus
523 1547 631 1598 ter:
648 1563 674 1591 ‹‹
690 1542 955 1595 Sancte.»
971 1537 1249 1593 Cantores
1266 1552 1278 1590 :
1297 1557 1324 1585 «
1341 1537 1481 1592 Cum
1500 1535 1707 1590 timore
1720 1534 1990 1590 dominos

333 1637 664 1704 intuemur;
683 1651 711 1679 »
736 1626 991 1701 populus
1014 1631 1129 1682 ter:
1150 1645 1172 1675 ι)
1199 1626 1428 1680 Sancte.
1448 1646 1476 1675 «
1499 1627 1803 1679 Cantores:
1820 1645 1846 1673 ‹‹
1863 1623 1987 1678 Non

2095 931 2235 986 ’Όσα
2303 925 2386 983 δεῖ
2437 926 2732 1004 τελεῖσθαι,
2813 926 3208 1004 μικροπανίτου
3291 925 3595 1001 μέλλοντος
3663 927 3754 1004 γί-

2596 1001 2774 1054 νεσθαι
2807 999 3213 1076 φακτιοναρίου.

2169 1090 2249 1145 Δ“.
2313 1091 2560 1146 Ἱππικοῦ
2625 1087 2920 1166 ἀγομένου,
2975 1088 3064 1144 καὶ
3140 1085 3614 1163 ἀνδραγαθοῦντος
3687 1089 3752 1144 τὸ

2096 1181 2313 1251 πρῶτον
2352 1176 2502 1252 βαΐον
2542 1178 2936 1251 μικροπανίτου
2965 1175 3412 1253 ἡνιόχου,δηλοῖ
3441 1179 3468 1233 6
3490 1179 3754 1253 βασιλεὺς

2097 1271 2178 1339 τῷ
2211 1265 2398 1340 δήμῳ,
2431 1267 2506 1330 ὡς
2537 1267 2622 1323 ὅτι
2658 1291 2680 1321 ι
2715 1267 3020 1337 Αἶτήσασῦε
3049 1269 3073 1303 ⁵
3100 1268 3194 1324 τὸν
3239 1268 3267 1322 6
3326 1265 3476 1323 δεῖνα
3525 1272 3601 1331 είς
3652 1290 3754 1344 φα-

2097 1355 2428 1430 κτιονάριον,
2454 1380 2484 1409 ››
2514 1358 2605 1411 καὶ
2637 1357 2833 1419 εὐθέως
2864 1355 3085 1432 λέγουσι
3119 1357 3172 1412 οἱ
3201 1357 3432 1433 κράκται
3455 1374 3468 1388 ·
3498 1381 3524 1412 ι
3559 1357 3757 1414 Δεσπό-

2097 1465 2185 1500 ται
2239 1449 2338 1511 τῆς
2395 1445 2746 1519 οἰκουμένης,
2781 1444 2996 1516 δέξασθε
3053 1445 3306 1509 Βενέτους
3372 1446 3755 1523 παρακαλοῦν·

2098 1555 2192 1598 τας
2226 1552 2239 1565 ’
2276 1557 2300 1587 ι
2335 1537 2568 1613 φθογγεῖ
2599 1536 2685 1590 καὶ
2738 1537 2765 1590 ὁ
2816 1536 2952 1597 λαὸς
3000 1534 3059 1590 ἐκ
3098 1535 3284 1610 τρίτου
3306 1555 3317 1568 ·
3356 1560 3383 1588 ‹‹
3415 1539 3590 1612 Ἅγιε.
3624 1562 3652 1591 ››
3687 1539 3755 1595 Οἱ

2103 1627 2366 1698 κρακται·
2402 1648 2430 1675 ‹‹
2462 1625 2550 1686 Ὡς
2592 1621 2782 1680 δοῦλοι
2831 1623 3132 1699 τολμῶμεν
3193 1623 3565 1702 παρακαλέσαι
3599 1646 3612 1659 ο
3664 1627 3758 1683 καὶ

343 1683 623 1704 .—~—-——-—
650 1683 664 1700 ι
737 1683 754 1701 ι

343 1737 377 1776 n
390 1720 554 1792 juria
575 1718 815 1776 benefici
836 1715 1129 1790 principes
1148 1713 1500 1771 invocamini
1518 1730 1531 1781 ;
1548 1735 1576 1762 »
1591 1713 1804 1768 clamat
1817 1716 1873 1767 et
1887 1729 1988 1784 po-

2143 1683 2152 1698 .
2537 1683 2546 1686 -
2943 1683 2953 1698 .
3038 1683 3048 1699 ι
3272 1683 3282 1702 ι

2107 1713 2135 1768 6
2168 1710 2299 1775 λαὸς
2331 1712 2391 1768 ἐκ
2419 1714 2487 1787 γ’·
2523 1739 2549 1764 ‹‹
2582 1716 2765 1789 ’Ἁγιε⁸
2801 1737 2830 1765 »
2872 1715 2938 1771 Οἱ
2986 1713 3215 1790 κράκται
3241 1733 3252 1747 ·
3289 1739 3316 1766 ‹‹
3373 1714 3520 1771 Μετᾶ
3576 1710 3757 1788 φόϐου

331 1810 509 1882 pulus
524 1815 639 1866 ter:
658 1830 687 1859 «
703 1808 931 1864 Sancte.
949 1827 977 1857 ››
994 1805 1270 1861 Cantores
1287 1821 1300 1858 :
1320 1825 1344 1856 α
1365 1803 1444 1858 Ad
1467 1818 1665 1875 preces
1688 1817 1988 1858 servorum

329 1903 662 1956 vestrorum
676 1897 1022 1954 Venetorum
1045 1913 1104 1964 ;››
1120 1893 1366 1967 populus
1379 1897 1493 1948 ter:
1511 1915 1538 1942 «
1554 1893 1782 1948 Sancte.
1798 1913 1826 1942 ι)
1843 1895 1986 1947 Can-

331 1992 519 2045 tores:
537 2011 563 2039 ι(
578 1985 1005 2043 Secundarium
1019 1983 1428 2040 factionarium
1446 1983 1731 2054 petimus;
1751 2003 1772 2030 ν
1793 1997 1986 2052 popu-

330 2078 424 2134 lus
437 2082 544 2133 ter:
562 2099 590 2128 ‹‹
603 2077 873 2134 Sancte.»
891 2078 1188 2130 Cantores:
1205 2095 1233 2123 «
1255 2073 1682 2142 Domine,serva
1697 2069 1990 2142 principes

333 2169 728 2223 Romanorum
751 2166 761 2220 l
785 2185 813 2214 ››
839 2161 1096 2236 pupulus
1117 2170 1227 2217 ter:
1255 2184 1284 2211 «
1311 2161 1574 2229 Domine,
1603 2176 1782 2216 serva.
1803 2182 1830 2212 η
1855 2162 1994 2215 Can-

333 2260 520 2312 tores:
549 2255 863 2318 «Domine,
891 2269 1058 2310 serva
1079 2252 1462 2322 imperatores
1484 2267 1617 2306 cum
1641 2251 1992 2322 conjugibus

334 2349 391 2402 et
417 2343 948 2417 porpbyrogenitis,
967 2365 995 2392 »
1020 2342 1274 2413 populus
1295 2344 1411 2396 ter:
1437 2359 1458 2387 ι
1481 2340 1742 2406 Domine,
1758 2356 1943 2397 serva.
1961 2362 1990 2391 »

335 2439 542 2491 Postea
571 2435 848 2489 Cantores
873 2449 886 2487 :
915 2455 943 2483 «
968 2431 1163 2487 Unum
1197 2429 1393 2486 adhuc
1419 2430 1569 2486 servi
1589 2429 1762 2487 vestri
1793 2447 1992 2502 preca-

335 2541 471 2580 mur
487 2543 500 2592 ;
519 2545 547 2574 »
563 2522 817 2594 populus
832 2527 919 2578 ter
937 2537 951 2578 :
970 2542 1000 2572 «
1018 2520 1469 2587 Domine,serva.
1485 2539 1511 2570 ι
1531 2521 1837 2576 Cantores:
1859 2542 1878 2568 ι
1899 2519 1996 2576 Fa-

331 2615 595 2682 ctionem,
620 2613 864 2679 domini,
892 2611 962 2670 N.
983 2629 996 2680 ;
1018 2633 1044 2662 »
1073 2609 1320 2682 populus
1343 2617 1455 2664 ter:
1477 2629 1503 2661 ι
1528 2609 1782 2678 Domine,
1805 2625 1989 2665 serva.

2101 1799 2455 1872 δυσωποῦμεν
2513 1804 2640 1865 τοὺς
2709 1801 2969 1865 δεσπότας
3002 1825 3015 1838 ο
3073 1827 3101 1856 »
3161 1802 3250 1858 καὶ
3310 1805 3338 1858 6
3381 1804 3510 1867 λαὸς
3568 1802 3628 1859 ἔκ
3684 1805 3754 1877 γ“’

2099 1917 2127 1944 ‹‹
2160 1895 2338 1966 Ἅγιε.
2364 1915 2391 1942 ››
2432 1893 2499 1949 Οἱ
2531 1893 2776 1968 κράκται·
2805 1915 2832 1946 ‹‹
2867 1894 3224 1965 Ἀνεξικιὶκως
3257 1893 3670 1968 παρακλήθητε,
3701 1895 3755 1948 οἱ

2100 1979 2390 2056 εὐεργέται·
2419 2003 2443 2033 ι
2477 1985 2700 2056 φθογγεῖ
2757 1982 2846 2036 καὶ
2900 1981 2929 2035 6
2969 1979 3101 2043 λαὸς
3153 1981 3212 2036 ἐκ
3249 1982 3315 2056 γ”
3361 2005 3390 2033 ιε’
3420 1984 3596 2058 Ἃγιε*
3627 2005 3656 2033 ››
3693 1983 3757 2037 Οἱ

2101 2070 2349 2146 κράκται-
2371 2094 2400 2121 ‹‹
2424 2070 2519 2132 Εἷς
2548 2072 2648 2140 τήν
2683 2068 2865 2142 δέησιν
2894 2075 3002 2126 τῶν
3033 2069 3246 2126 δούλων
3278 2073 3430 2147 ὑμῶν
3456 2073 3754 2130 Βενέτων·ι

2103 2159 2130 2212 6
2164 2159 2295 2222 λαὸς
2323 2157 2383 2213 ἐκ
2429 2166 2496 2236 γ’·
2534 2182 2562 2211 ‹‹
2595 2162 2775 2234 ”Δγιε.
2801 2184 2828 2210 ››
2859 2160 2922 2215 Οἱ
2969 2161 3195 2236 κράκται
3223 2180 3236 2194 ο
3272 2185 3300 2213 ‹‹
3350 2162 3451 2218 Τὸν
3503 2158 3756 2236 δεύτερον

2103 2247 2409 2320 αἰτούμαθα
2466 2247 2544 2310 εἷς
2593 2249 3012 2324 φακτιονάριον·
3077 2274 3106 2302 ››
3160 2251 3250 2306 καὶ
3303 2251 3331 2305 ὁ
3377 2251 3510 2314 λαὸς
3569 2251 3628 2307 ἐκ
3686 2253 3756 2324 γ’·

2107 2360 2136 2390 ι(
2173 2340 2355 2412 ’⁷Αγιε.
2392 2360 2420 2389 ››
2450 2338 2516 2394 Οἱ
2566 2339 2794 2414 κράκται
2827 2358 2840 2372 ·
2875 2364 2902 2391 ‹‹
2937 2337 3124 2414 Κύριε,
3159 2345 3332 2395 σῶσον
3381 2340 3508 2403 τοὺς
3559 2337 3762 2396 δεσπό-

2106 2447 2201 2489 τας
2251 2426 2542 2500 Ῥωμαίων
2573 2447 2585 2460 ·
2620 2451 2648 2479 ›)
2708 2428 2735 2481 ὁ
2777 2426 2908 2491 λαὸς
2960 2427 3019 2483 ἐκ
3084 2430 3151 2504 γ“’
3189 2454 3218 2482 ‹‹
3269 2430 3458 2505 Κύριε,
3492 2435 3690 2486 σῶσον.
3730 2455 3762 2483 »

2105 2517 2171 2575 Οἱ
2210 2516 2440 2592 κράκται
2475 2535 2488 2550 ·
2517 2541 2547 2570 ‹‹
2605 2517 2788 2594 Κύριε,
2824 2523 2998 2575 σῶσον
3043 2520 3170 2582 τοὺς
3220 2519 3280 2575 ἐκ
3343 2525 3439 2575 σοῦ
3488 2519 3761 2594 ἐστεμμὲ-

2102 2625 2224 2666 νους
2251 2625 2263 2638 ·
2298 2628 2328 2658 ››
2362 2605 2390 2660 6
2431 2604 2562 2667 λαὸς
2594 2604 2652 2660 ἐκ
2680 2607 2727 2681 γ’
2751 2625 2764 2638 ’
2800 2630 2830 2658 ‹‹
2857 2608 3041 2682 Κύριε,
3075 2612 3269 2663 σῶσον.
3299 2631 3328 2661 ›ι
3360 2609 3428 2666 Oi
3475 2610 3707 2684 κράκται
3742 2628 3756 2640 ·

331 2727 360 2754 ‹‹
408 2701 592 2778 Κύριε,
664 2705 839 2755 σῶσον
907 2698 1038 2761 τοὺς
1105 2696 1368 2760 δεσπότας
1434 2699 1526 2752 σὺν
1588 2702 1706 2759 ταῖς
1773 2697 2110 2774 Αὐγούσταις
2158 2693 2247 2750 καὶ
2298 2699 2416 2757 τοῖς
2464 2699 3023 2772 πορφυρογεννήτοις·
3079 2721 3108 2749 ››
3151 2697 3242 2752 καὶ
3289 2699 3317 2753 6
3368 2695 3502 2762 λαὸς
3567 2697 3630 2754 ἐκ
3688 2699 3753 2773 γ’·

331 2816 360 2844 ‹‹
404 2792 586 2866 Κύριε,
631 2795 825 2847 σῶσον.
871 2813 898 2841 ››
940 2788 1042 2848 Καὶ
1085 2790 1180 2844 εἶθ’
1221 2787 1394 2851 οὕτως
1437 2785 1689 2864 λέγουσιν
1731 2788 1784 2842 o't
1824 2789 2071 2864 κράκται·
2137 2810 2163 2838 ‹‹
2225 2785 2437 2856 Ἀλλην
2504 2785 2629 2860 μίαν
2671 2787 2885 2858 αἴτησιν
2925 2786 3130 2864 ἔχομεν
3168 2790 3220 2843 οἱ
3261 2786 3452 2845 δοῦλοι
3505 2790 3683 2864 ὑμῶν’
3729 2815 3759 2842 ››

331 2882 358 2936 6
400 2880 531 2944 λαὸς
566 2883 630 2937 ’ἐκ
665 2883 731 2958 γ’·
773 2905 802 2934 ‹‹
848 2879 1034 2956 Κύριε,
1078 2883 1274 2940 σῶσον.
1315 2902 1343 2932 ››
1386 2880 1454 2936 Οἱ
1492 2880 1740 2955 κράκται·
1784 2901 1812 2931 ‹‹
1859 2877 2135 2934 Φακτίονα
2175 2873 2457 2944 δεσπόται,
2496 2881 2577 2949 τῷ
2617 2877 2644 2932 6
2686 2874 2831 2934 δεῖνα
3034 2902 3063 2930 ››
3098 2879 3126 2934 6
3159 2876 3290 2942 λαὸς
3317 2877 3377 2934 ἐκ
3405 2886 3472 2956 γ’·
3509 2903 3537 2932 ‹‹
3571 2879 3758 2956 Κύριε,

332 2993 530 3030 σωσον.
578 2996 606 3024 ))

402 3067 478 3122 II.
511 3066 864 3138 Imperatore
892 3068 1088 3123 autem
1121 3079 1353 3121 auream
1385 3062 1605 3119 bullam
1638 3079 1741 3121 seu
1776 3063 1980 3120 factio-

2166 3060 2242 3117 B'.
2275 3062 2382 3116 Τοῦ
2414 3056 2470 3114 δὲ
2503 3057 2776 3134 βασιλέως
2807 3060 3190 3136 παρασχόντος
3208 3061 3310 3130 τήν
3343 3070 3554 3137 χρυσῆν
3582 3063 3751 3138 βούλ.

331 3171 467 3212 nem
498 3155 781 3224 tradente,
815 3153 1113 3210 actuarius
1145 3169 1318 3208 manu
1352 3151 1569 3224 populo
1602 3153 1835 3223 signum
1867 3153 1986 3223 dat,

333 3245 486 3301 unde
535 3243 855 3316 cognoscit,
901 3243 1216 3299 factionem
1265 3243 1677 3314 imperatorem
1735 3242 1986 3298 dedisse.

330 3333 641 3390 Actuarius
683 3348 841 3398 vero,
879 3349 912 3388 a
942 3330 1281 3388 cursoribus
1317 3331 1588 3402 stipatus,
1620 3347 1738 3386 uno
1769 3329 1987 3386 scilicet

331 3430 466 3479 ante
496 3422 688 3494 ipsum
723 3421 1069 3495 procedente
1100 3420 1371 3492 elataque
1402 3436 1578 3475 manu
1602 3419 1822 3475 bullam
1856 3437 1985 3491 por-

331 3516 517 3580 tante,
550 3511 700 3565 banc
733 3527 766 3566 a
795 3525 1033 3566 cursore
1073 3517 1368 3579 sumptam
1409 3505 1748 3563 factionario
1791 3508 1984 3563 futuro

333 3601 530 3669 tradit,
561 3601 660 3673 qui
702 3617 854 3668 eam,
888 3608 1196 3672 postquam
1239 3596 1537 3655 osculatus
1567 3606 1655 3654 est
1683 3597 1985 3670 oculisque

333 3689 614 3757 admovit,
638 3689 898 3746 actuario
929 3688 1134 3746 reddit.
1159 3687 1211 3743 Is
1231 3703 1359 3744 eam
1383 3686 1603 3742 lumbis
1634 3686 1759 3742 suis
1791 3687 1983 3758 impo-

330 3779 439 3850 nit,
479 3795 546 3836 ac
595 3777 795 3835 statim
845 3782 1113 3834 cantores
1163 3776 1432 3832 factionis
1480 3775 1688 3830 dicunt
1719 3791 1732 3830 :
1769 3797 1796 3825 «
1829 3777 1982 3845 Tria,

330 3868 574 3937 domini,
609 3867 878 3925 factionis
904 3867 917 3922 ι
947 3889 976 3918 ››
1000 3865 1251 3939 populus
1282 3869 1406 3922 ter:
1439 3865 1708 3931 Domine,
1740 3880 1924 3920 serva.
1949 3887 1977 3916 ››

2101 3154 2198 3203 Ααν
2236 3151 2372 3221 (59),
2422 3147 2593 3223 ἤγουν
2650 3151 2741 3204 τὸν
2802 3150 3083 3226 φακτίονα,
3143 3150 3282 3206 νεύει
3343 3153 3372 3206 6
3429 3151 3751 3228 ἀκτουάριος

2103 3238 2238 3310 μετὰ
2288 3243 2390 3307 τῆς
2439 3239 2626 3312 χειρὸς
2658 3242 2736 3310 τῷ
2779 3236 2943 3312 δήμῳ
2972 3261 2982 3272 '
3027 3238 3078 3294 οἷ
3131 3236 3188 3294 δὲ
3225 3244 3464 3312 νοοῦσιν,
3505 3241 3587 3296 ὅτι
3619 3263 3757 3316 παρ-

2097 3326 2226 3402 έσχε
2278 3327 2368 3382 τὸν
2423 3328 2687 3404 φακτίονα
2758 3329 2786 3381 6
2839 3327 3113 3403 βασιλεύς.
3175 3332 3236 3387 Ὀ
3312 3328 3368 3385 δὲ
3425 3331 3750 3402 ἀκτουάριος

2099 3415 2487 3490 ὀψικευόμενος
2551 3419 2655 3473 ὑπὸ
2712 3423 2821 3473 τῶν
2895 3421 3246 3496 κουρσώρων,
3309 3417 3560 3490 δηλονότι
3619 3419 3744 3482 ἑνὸς

2095 3507 2416 3582 κούρσωρος
2462 3505 2767 3582 ἔμπροσθεν
2812 3512 2908 3563 τοῦ
2940 3509 3263 3586 ἀκτουαρίου
3317 3511 3743 3585 περιπατοῦντος

2092 3594 2181 3649 καὶ
2214 3595 2496 3670 ἐπηρμὲνῃ
2553 3596 2699 3672 χειρὶ
2733 3599 2832 3666 τήν
2889 3597 3132 3672 βοῦλλαν
3189 3599 3645 3676 βαστάζοντος.¹0
3688 3595 3750 3652 δὲ

2095 3684 2416 3761 ἆκτουάριος
2443 3686 2649 3756 ταύτην
2689 3683 2858 3762 α’ίρων
2911 3688 3016 3743 ἀπὸ
3057 3693 3156 3744 τοῦ
3201 3688 3538 3764 κούρσωρος,
3569 3683 3749 3742 ἐπιδί-

2095 3771 2174 3828 δει
2205 3775 2227 3808 θ
2258 3774 2428 3843 αὐτὴν
2459 3776 2540 3845 τῷ
2588 3774 2851 3848 μέλλοντι
2880 3778 3126 3853 γίνεσθαι
3171 3777 3565 3856 φακτιοναρίῳ.
3597 3778 3659 3834 Ὁ
3695 3774 3755 3832 δὲ

2090 3865 2291 3935 ταύτην
2331 3864 2712 3938 ἀσπαζόμενος
2757 3867 2848 3923 καὶ
2897 3873 3015 3931 τοῖς
3063 3863 3307 3943 ὄμμασιν
3351 3868 3558 3934 ἐπιθεὶς
3607 3868 3750 3941 (60),

1689 3991 1936 4049 VAHIIE
1983 3991 2388 4049 LECTIONES.

404 4125 429 4161 4
458 4123 513 4179 αἱ
545 4141 662 4183 om.
695 4126 783 4182 ed.
861 4125 886 4159 ⁵
923 4122 1252 4194 αἱτγίσασοαι
1285 4123 1374 4179 ed.

1454 4120 1477 4156 ⁸
1506 4116 1749 4174 ἐπιδιδοῖ
1777 4122 1869 4177 ed.
1907 4121 1963 4176 h.
1998 4119 2036 4176 l.
2071 4125 2130 4176 et
2159 4136 2313 4177 mox.

1489 4248 1694 4305 JOAN.
1725 4249 1867 4304 JAC.
1893 4248 2158 4304 REISKII
2191 4248 2790 4314 COMMENTARIUS.

404 4371 518 4442 (58)
549 4371 610 4426 Id
646 4377 731 4427 est
771 4369 992 4442 bullam
1034 4384 1294 4434 auream,
1328 4384 1442 4442 qua
1472 4365 1784 4442 factionem
1816 4363 1986 4420 insti-
2019 4370 2062 4433 ll
2097 4363 2396 4442 Iﬂabillon.
2429 4365 2627 4442 itiner.
2662 4366 2790 4422 Ital.
2818 4367 3293 4442 ρ.99.ᾼ1)ἱριοωιι
3323 4369 3567 4440 Rogerii,
3598 4367 3758 4442 regis

330 4437 639 4515 tuere'ipsi
672 4441 1049 4514 permittitur,
1081 4457 1198 4511 qua
1233 4437 1604 4515 factionarius
1635 4437 1982 4515 declaratur.

331 4514 407 4571 Ut
436 4508 689 4572 com-bind
716 4517 846 4586 (pro
875 4508 1224 4586 combinans)
1245 4518 1333 4567 est
1362 4510 1647 4582 diploma,
1672 4525 1788 4586 quo
1813 4508 1985 4586 venia

335 4587 512 4642 datur
553 4581 1534 4658 equos'combinandj,pt_evectio
1585 4581 1988 4658 testimonium

334 4651 619 4730 scripturn
678 4659 841 4730 facta:
894 4657 1077 4712 venias
1138 4651 1457 4730 ἐξελαύνειν,
1516 4652 1835 4730 evectionis
1889 4667 1990 4706 seu

330 4723 718 4800 processionis
752 4729 810 4783 in
845 4744 1018 4783 curru
1066 4732 1227 4800 extra
1259 4727 1465 4800 urbem
1496 4733 1549 4800 et
1581 4723 1937 4800 provinciam
1975 4738 1988 4776 :

331 4796 412 4856 ita
425 4803 599 4871 factio
615 4806 954 4858 attestatum
980 4797 1262 4871 scriptum
1290 4798 1467 4871 venire
1494 4798 1654 4871 factis
1678 4796 1989 4871 factionem

333 4865 1116 4962 ins'titueadig‘lpsenNoster:
1145 4870 1204 4924 in
1245 4868 1568 4962 continenti
1613 4865 1862 4939 explicat
1891 4865 1990 4933 τήν

335 4947 548 5014 χρυσῆν
561 4938 823 5068 Ιῗούλλιὶιν
855 4943 1030 5015 ἤγουν
1059 4940 1154 4995 τὸν
1184 4938 1463 5017 φακτίονα.
1693 4938 1698 4939 ⁷

337 5012 520 5096 ...(59)
610 5030 640 5068 e
677 5015 866 5096 aureis
915 5014 1088 5096 bullis
1134 5013 1218 5096 sic
1262 5013 1454 5083 dictis,
1494 5009 1794 5096 nonideq,
1835 5008 1989 5096 q'uod

337 5080 546 5138 litteris
576 5085 766 5141 aureis
795 5094 991 5142 essent
1021 5093 1290 5152 exarata,
1313 5080 1583 5156 quamvis
1610 5082 1665 5137 id
1685 5080 1991 5156 interdum

339 5156 722 5229 quoque,_sed
755 5158 964 5229 rarius,
997 5152 1381 5229 contingeret,
1415 5155 1515 5212 sed
1544 5153 1703 5229 quod
1749 5153 1819 5207 ab
1853 5152 1994 5222 ipsis

339 5243 369 5281 e
401 5225 501 5298 {ilo
531 5227 616 5281 vel
654 5228 909 5298 prandeo
941 5229 1125 5284 serico
1157 5225 1513 5298 dependeret
1542 5226 1700 5281 bulla
1730 5240 1832 5298 seu
1865 5239 1997 5293 cap-

340 5296 471 5383 sula
502 5296 700 5380 aurea,
727 5299 949 5355 habens
972 5300 1132 5354 intus
1152 5296 1472 5383 imaginem
1495 5303 1552 5354 et
1572 5312 1782 5382 nomen
1807 5296 1994 5383 impe:

341 5368 553 5425 ratoris
583 5387 714 5426 cera
743 5385 1100 5440 expressum,
1129 5368 1303 5426 multi
1322 5370 1506 5426 multa
1535 5370 1996 5440 scripseruntLet

343 5441 580 5512 quidam
640 5437 894 5514 integros
951 5445 1269 5508 tractatus;
1317 5444 1475 5514 conf.
1511 5441 1596 5496 Du
1654 5437 1844 5514 Gange
1901 5437 1990 5493 Gl.

338 5517 588 5585 utroque
619 5518 678 5570 et
705 5511 790 5569 ad'
811 5513 1070 5585 Cinnam.
1097 5529 1154 5584 p.
1179 5515 1303 5568 486.
1327 5513 1557 5583 ’[Βυιιαι
1588 5528 1773 5568 aureae
1805 5511 1987 5585 impp.

336 5581 635 5656 interdum
686 5585 877 5641 aureis
922 5581 1131 5639 litteris
1175 5581 1422 5656 scriptae.
1474 5588 1741 5640 Anastas.
1797 5597 1852 5656 p_.
1897 5581 1989 5656 86.

332 5659 413 5712 De
454 5654 702 5719 ἐντολαῖς
733 5672 837 5714 seu
874 5655 1175 5729 praeceptis
1219 5652 1412 5729 sig'illo
1455 5657 1714 5729 signatis!
1739 5652 1990 5729 v._Luit-

331 5730 536 5800 prand.
569 5734 705 5804 Leg.
740 5746 796 5802 p.
834 5726 961 5786 illi.
996 5726 1204 5784 Leonis
1251 5728 1323 5784 de
1375 5726 1549 5785 aurea
1595 5727 1755 5784 bulla
1803 5726 1986 5796 impp.

2097 4436 2331 4504 Siciliae,
2358 4439 2417 4492 in
2441 4438 2674 4494 archivo
2707 4436 3036 4496 monasterii
3069 4436 3346 4498 Cavensis
3377 4436 3565 4498 sistat
3596 4436 3760 4496 bulla

2104 4525 2284 4589 aurea
2323 4510 2621 4589 mugitum
2663 4510 2774 4566 hac
2801 4511 3195 4589 inscriptione
3227 4528 3240 4567 :
3271 4511 3541 4589 Ῥογεριος
3571 4509 3623 4566 ἐν
3656 4510 3760 4589 ἒςΑῷ

2101 4575 2514 4658 ρεῷΔεῦσε-ϐᾑς
2599 4581 2854 4658 κραταιὸς
3082 4583 3172 4658 καὶ
3228 4587 3335 4658 τῶν
3376 4575 3755 4658 ’Χριστιανῶν

2100 4649 2344 4778 ῗοηθόςς
2379 4649 2792 4734 ibid..p.'118.
2839 4649 3258 4726 musaeum,
3301 4657 3400 4713 hoc
3433 4649 3510 4712 est
3550 4658 3759 4727 cpiam-

2123 4740 2210 4777 am
2251 4739 2389 4777 auro
2429 4729 2695 4778 scrwtam
2726 4733 2779 4778 et
2808 4729 3086 4778 sianatam
3121 4728 3266 4778 mihi
3307 4729 3574 4778 dederunt
3603 4727 3759 4778 vobis

2123 4740 2210 4797 am
2251 4739 2389 4797 auro
2429 4723 2695 4794 scriptam
2726 4733 2779 4780 et
2808 4723 3086 4797 signatam
3121 4728 3266 4783 mihi
3307 4723 3760 4784 deder-autvobis

2097 4795 2629 4870 deferendam,_sed
2670 4795 2872 4870 pobis’
2911 4814 3020 4854 non
3086 4798 3340 4868 dignam.
3403 4800 3756 4870 Luitprand.

2100 4866 2295 4942 Legat.
2330 4883 2388 4936 p.
2424 4867 2546 4922 155.
2582 4867 2758 4942 Bulla
2806 4885 2992 4942 aureae
3042 4866 3183 4942 imp.
3217 4871 3472 4927 lamellis
3523 4866 3760 4942 duabus

2099 4937 2376 4992 tenuibus
2425 4941 2800 5008 constabant;
2834 4941 2953 4998 vid.
2996 4937 3267 4998 Meibom.
3317 4944 3390 4999 ad
3435 4941 3758 4998 Andronici

2101 5008 2324 5087 bullam
2351 5026 2423 5087 _p.
2461 5011 2546 5087 is.
2581 5009 2661 5087 De
2691 5027 2865 5087 aurea
2896 5011 3058 5087 bulla
3078 5015 3755 5087 Byzantinorumiimpp.

2097 5097 2152 5163 χ.
2187 5080 2551 5163 Constantia.
2592 5083 2663 5163 d_e
2696 5083 3028 5163 ‘administ-r.
3073 5080 3320 5163 imperio
3359 5103 3425 5163 p._
3463 5086 3584 5163 l_l6,
3626 5080 3757 5163 [21}.

2099 5151 2180 5207 De
2208 5151 2388 5222 impp.
2415 5153 2847 5224 subscriptione
2874 5154 3050 5213 bullis
3079 5151 3221 5213 item
3245 5151 3536 5230 plumbeis
3562 5151 3620 5212 ν.
3645 5157 3758 5214 DC.

2099 5225 2166 5278 ad
2184 5222 2377 5296 Alex.
2393 5241 2449 5295 p.
2479 5225 2656 5296 255.]:

2099 5228 2166 5278 ad
2199 5228 2357 5279 Alex.
2393 5241 2449 5295 p.
2479 5228 2656 5295 255.]'

2171 5295 2282 5379 (ῥυ)
2325 5295 2451 5351 Mos
2501 5295 3067 5379 illejmperatorum
3124 5299 3347 5379 litteras
3386 5305 3441 5357 et
3479 5301 3762 5379 mandata

2102 5367 2325 5447 scrip-ta
2363 5367 2663 5447 osculandi
2687 5367 2760 5447 et
2781 5371 2852 5425 ad
2897 5371 3098 5447 oculos
3140 5373 3510 5447 frontemque
3549 5374 3757 5447 admo-

2100 5438 2271 5493 vendi
2304 5453 2336 5492 a
2369 5438 2584 5495 Graecis
2610 5439 2844 5496 videtur
2869 5443 2941 5497 ad
2973 5447 3190 5500 Turcas
3220 5461 3353 5501 cum
3386 5438 3518 5500 aliis
3549 5443 3760 5499 multis

2100 5509 2318 5598 ritibus
2367 5510 2688 5598 devenisse:
2735 5516 3063 5598 Turcaruni
3105 5517 3481 5598 magistratus
3525 5517 3759 5598 quoties

2100 5579 2409 5655 ﬁrmanam
2443 5589 2544 5639 aut
2580 5585 2990 5641 ordonantiam
3030 5579 3258 5643 Sultani
3305 5588 3394 5644 sui
3437 5579 3759 5655 accipiunt,

2098 5652 2444 5736 osculantur
2472 5660 2530 5710 et
2559 5655 2750 5736 oculis
2791 5665 2966 5736 atque
2995 5658 3170 5716 fronti
3184 5652 3660 5736 _apprimunt,lut
3684 5652 3763 5736 ea

2096 5728 2426 5783 ’Itinerariis
2449 5732 2699 5785 constat.
2717 5728 3026 5801 Antiquum
3040 5745 3170 5788 esse
3184 5728 3260 5788 bu
3272 5728 3341 5788 nc
3360 5728 3580 5790 morem
3596 5734 3765 5804 patet
