4134 6380
403 405 517 468 621

1277 401 1379 461 DE
1424 401 1874 463 CEHIMONIIS
1919 399 2155 461 AUL/E
2198 401 2676 466 BYZANTINA!
2718 403 2873 465 LIB.
2920 404 2969 464 Ι.

3716 409 3837 467 622

409 538 601 609 σὶδιον,
630 541 728 594 τοῦ
761 534 819 592 δὲ
840 536 901 592 τὸ
934 534 1164 606 ζωστόν.
1189 534 1323 592 Εἶτα
1380 531 1609 590 ἐπιδίδει
1641 535 1683 570 ίτ
1744 534 1771 588 6
1830 531 2061 588 ἆκτουά-

2184 550 2417 593 manum
2472 538 2674 606 tradit,
2733 536 3025 593 cassidem
3052 536 3226 609 capiti
3285 538 3558 612 imponit,
3609 540 3843 614 cingulo

413 650 529 706 ριος
584 628 643 683 τό
698 626 795 700 μὲν
857 624 1174 701 αύριγάριον
1208 624 1285 686 εἰς
1332 624 1427 686 τὰς
1461 629 1650 698 χεῖρας
1678 622 1862 677 αὐτοῦ·
1910 622 1973 676 τὸ
2015 619 2073 677 δὲ

417 714 689 775 ησσῖδιον
722 715 1032 785 ἐπιτίθησιν
1067 712 1153 768 ἐπὶ
1186 720 1285 781 τῆς
1341 713 1584 792 κεφαλῆς
1628 713 1819 784 αὐτοῦ,
1858 709 1947 766 καὶ
2004 711 2066 765 τὸ

412 810 611 880 ζωστὸν
670 807 890 877 ζωννύει
937 804 1014 867 εἰς
1058 804 1126 859 τὰ
1186 804 1321 877 μέτα
1371 804 1558 874 αὐτοῦ,
1608 804 1697 857 καὶ
1747 803 1843 858 εἶθ’
1893 801 2065 863 οὕτως

410 902 552 977 γέγει
603 897 633 952 6
684 893 863 968 δῆμος
894 894 961 951 τὰ
1019 892 1172 948 ἄκτα·
1201 917 1228 945 σι
1270 890 1486 963 Πολλὰ,
1520 891 1726 962 πολλὰ,
1781 889 1986 946 πολλάο
2024 890 2067 960 ξ»

404 990 432 1044 6
468 987 622 1047 λαός·
658 1009 687 1038 ι(
714 982 915 1041 Ηολλᾶ
942 981 1035 1055 ἔτη
1080 984 1157 1043 εἰς
1187 980 1391 1038 πολλά.
1427 1004 1454 1033 ν)
1488 981 1550 1036 Οἱ
1572 982 1820 1057 κράκται·
1855 1005 1883 1032 ί(
1924 978 2069 1037 Πολ-

402 1078 492 1133 λοὶ
532 1079 666 1151 ὑμῖν
697 1075 915 1151 χρόνοι,
947 1076 983 1144 ἡ
1015 1072 1223 1148 ἐκλογὴ
1247 1079 1349 1142 τῆς
1380 1069 1637 1146 Τριάδος·
1664 1096 1690 1124 ι)
1726 1074 1958 1149 φθογγεῖ
1974 1071 2062 1125 καὶ

399 1170 430 1223 6
461 1166 597 1230 λαὸς
630 1165 691 1221 ἐκ
713 1166 778 1240 γ’·
834 1187 862 1216 ‹‹
918 1166 1091 1238 "Avis.
1127 1186 1155 1215 »
1213 1163 1280 1219 Οἱ
1319 1162 1567 1237 κράκται.
1601 1183 1628 1217 α
1686 1160 1899 1216 Πολλοὶ
1936 1161 2061 1233 ὑμῖν

403 1257 624 1333 χρόνοι,
683 1258 737 1309 o't
789 1252 1113 1327 θεράποντες
1163 1255 1260 1306 τοῦ
1312 1251 1533 1325 Κυρίου·
1586 1274 1614 1302 ››
1660 1251 1688 1305 6
1730 1248 1865 1312 λαὸς
1907 1249 1965 1305 ἐκ
1994 1251 2063 1327 γ’.

409 1370 438 1399 α
470 1347 647 1422 ’Δγιε⁶
680 1366 710 1396 »δ
751 1344 803 1398 οἱ
845 1343 1080 1400 Βενετου
1135 1364 1163 1393 ‹‹
1218 1340 1430 1396 Πολλοὶ
1484 1340 1608 1412 ὅμῖν
1653 1338 1875 1419 χρόνοι.
1912 1364 1933 1390 ι
1996 1340 2065 1395 Οἱ

408 1436 655 1509 πιιροὶκτιιι⁸
692 1457 720 1484 ‹‹
764 1428 982 1489 Πολλοὶ
1017 1431 1144 1504 ὑμῖν
1191 1428 1409 1505 χρόνοι,
1445 1430 1472 1483 6
1504 1426 1651 1483 δεῖνα
1680 1428 1769 1483 καὶ
1803 1429 1830 1483 6
1889 1424 2064 1483 δεῖνα-

414 1524 809 1598 αύτοκράτορες
867 1519 1177 1594 Ῥωμαίων·
1242 1542 1270 1572 ››
1332 1519 1360 1574 6
1402 1516 1535 1581 λαὸς
1567 1516 1625 1574 ἐκ
1680 1518 1746 1592 γ’·
1783 1541 1812 1569 ‹‹
1854 1516 2065 1574 Πολλοὶ

412 1615 538 1687 ὑμῖν
591 1612 804 1688 χρόνοι.
843 1632 873 1663 ι»
931 1608 999 1667 Ol
1049 1608 1297 1683 apa’xsat'
1354 1632 1375 1659 ι
1430 1606 1640 1665 Πολλοὶ
1689 1607 1816 1681 δμῖν
1850 1605 2063 1681 χρόνοι,

411 1701 669 1759 δεσπόται
697 1699 791 1756 σὺν
832 1704 953 1760 ταῖς
992 1697 1329 1773 Αὐγούσταις
1384 1696 1473 1752 καὶ
1528 1701 1646 1759 τοῖς
1694 1716 2068 1775 πορφυρογεν-

408 1795 612 1865 νήτοις·
648 1814 675 1845 ››
735 1790 765 1845 ὁ
817 1787 951 1851 λαὸς
992 1785 1052 1843 ἑκ
1079 1788 1145 1865 γ”
1181 1812 1201 1839 ι
1245 1785 1468 1844 Ηο).λοὶ
1521 1788 1650 1860 ὑμῖν
1683 1786 1894 1862 χρόνοι.
1938 1810 1967 1838 ››
1998 1786 2067 1843 Οἱ

408 1883 656 1959 κράκται.
699 1906 727 1933 (ι
769 1880 825 1933 '0
873 1875 1019 1933 δεῖνα
1045 1876 1108 1931 σὺ
1157 1875 1410 1952 εὐτυχεῖς
1453 1876 1528 1933 εἰς
1575 1877 1666 1931 τὸν
1714 1873 1894 1949 δῆμον
1936 1879 2067 1931 τοῦ-
2098 1920 2147 1986 Β

633 1973 647 1986 .
686 1970 707 1986 η
768 1970 782 1986 .
885 1969 900 1983 .
1021 1969 1033 1986 .
1482 1968 1544 1986 η.
1825 1984 1835 1986 ,
1936 1972 1971 1986 ι.

408 1993 523 2036 τος·
563 1997 591 2024 ››
625 1973 654 2027 6
686 1970 822 2033 λαὸς
882 1969 944 2024 ἐκ
988 1969 1053 2045 γ’⁶
1101 1992 1122 2020 ι
1184 1972 1357 2042 ’¹Αγιε.
1391 1987 1419 2021 ιι
1481 1968 1548 2025 Οἱ
1588 1984 1837 2042 κρακται’
1876 1992 1896 2018 ι
1934 1972 2065 2021 Στε-

407 2064 615 2141 φάνιον,
689 2056 971 2128 δεσπόται,
1022 2061 1103 2129 τῷ
1138 2055 1408 2134 βηγαρίῳ.
1470 2077 1499 2110 ο
1565 2058 1663 2113 Καὶ
1739 2056 1836 2121 εἴθ’
1892 2055 2067 2118 οὕτως

411 2148 845 2207 ἀποστέλλουσιν
879 2147 1027 2220 αύτῷ
1048 2148 1333 2225 στεφάνιον
1362 2146 1451 2201 καὶ
1505 2146 1745 2220 ἷμάτιον,
1779 2145 1866 2201 καὶ
1896 2144 2066 2201 πάλιν

414 2239 663 2319 λέγουσιν
694 2241 749 2295 οἱ
777 2237 1027 2314 κράκται·
1095 2260 1123 2289 ‹‹
1176 2237 1358 2311 Κύριε,
1409 2239 1583 2291 σῶσον
1627 2234 1755 2298 τοὺς
1802 2233 2066 2298 δεσπότας

409 2330 727 2407 Ῥωμαίωγο
763 2352 791 2381 ››
818 2328 847 2383 6
871 2326 1003 2390 λαὸς
1028 2326 1088 2382 ἆκ
1106 2334 1170 2403 γ“⁶
1195 2351 1222 2378 ‹‹
1250 2324 1437 2400 Κύριε,
1463 2329 1660 2380 σῶσον*
1687 2348 1715 2372 »ι
1733 2324 2063 2399 Οἳκράκται·

409 2418 647 2495 «Κύριε,
704 2422 881 2474 σῶσον
924 2415 1053 2477 τοὺς
1105 2413 1370 2478 δεσπότας
1419 2414 1513 2469 σὺν
1560 2419 1679 2478 ταῖς
1723 2413 2067 2493 Αὐγούσταις

406 2510 649 2574 καὶτοῖς
678 2506 1232 2588 πορφυρογεννήτοις·
1264 2525 1291 2558 ι
1340 2505 1368 2559 6
1410 2501 1545 2566 λαὸς
1595 2502 1655 2559 ἐκ
1705 2504 1773 2581 γ’·
1808 2527 1836 2556 ‹‹
1874 2504 2060 2578 Κύριε,

402 2604 606 2656 σῶσον.
644 2621 673 2652 ιι
696 2599 827 2653 Εἶτα
864 2595 1090 2672 λέγουσι
1120 2596 1313 2655 πάντες
1363 2593 1504 2667 ὀμοὸ
1551 2592 1951 2669 πολυχρόνιον,
2001 2593 2063 2650 Ὁ

410 2686 471 2745 Si
526 2689 799 2763 βηγάριος
853 2684 1276 2764 κατασφραγίζει
1326 2683 1509 2760 τρίτον
1582 2682 1709 2745 τοὺς
1776 2680 2062 2753 δεσπότας,

417 2775 510 2830 καὶ
558 2781 868 2852 προσκυνῶν
940 2776 1353 2854 ἆπευχαριστεῖ,
1420 2772 1512 2829 καὶ
1581 2769 1857 2849 ἐξέρχεται
1928 2771 2065 2845 μετὰ

2182 641 2315 681 eum
2349 625 2410 682 in
2443 628 2633 683 medio
2665 626 2939 697 accingit,
3004 626 3250 682 factione
3301 628 3452 684 inter
3490 629 3609 684 haec
3652 631 3844 686 accla-

2183 721 2416 772 mante:
2450 715 3302 785 ‹‹Μιι1ῑοε,ωυιιοε,ῐῐιυιίοε;ο
3328 719 3610 790 populus:
3641 743 3668 770 ‹‹
3692 720 3843 777 Mul-

2180 810 2271 861 tos
2319 822 2507 863 annos
2564 809 2625 864 in
2667 808 2904 863 multos.
2958 827 2983 855 »
3014 807 3293 862 Cantores
3336 822 3349 861 :
3385 830 3413 858 «
3459 808 3639 864 Multa
3678 810 3842 868 vobis

2178 899 2464 967 tempora,
2484 913 2517 951 a
2535 896 2820 952 Triuitate
2840 896 3008 953 electi
3050 895 3062 951 ι
3084 917 3111 946 ››
3126 896 3353 952 Clamat
3365 900 3422 951 et
3443 897 3698 969 populus
3714 904 3801 953 ter
3824 929 3839 968 ε

2178 1005 2207 1033 κ
2240 984 2451 1040 Sancte
2478 982 2491 1039 l
2520 1004 2545 1036 ι
2589 985 2869 1041 Cantores
2901 999 2915 1039 :
2965 1004 2994 1035 α
3028 984 3214 1040 Multa
3240 983 3401 1041 vobis
3431 988 3720 1057 tempore,
3754 986 3840 1042 fa-

2179 1073 2322 1129 muli
2363 1072 2630 1131 Domini!
2665 1094 2691 1126 s
2734 1073 2987 1147 populus
3018 1078 3105 1131 ter
3140 1089 3153 1128 :
3188 1096 3215 1125 ιι
3241 1074 3488 1131 Sancte!
3525 1095 3555 1129 ιι
3587 1074 3788 1133 Veneti
3824 1094 3839 1145 δ

2179 1184 2209 1212 ‹‹
2233 1162 2416 1218 Multa
2436 1163 2600 1219 vobis
2633 1165 2932 1235 tempora!
2972 1186 3001 1214 »
3032 1164 3313 1221 Cantores
3356 1179 3370 1219 :
3403 1186 3432 1217 α
3463 1163 3649 1223 Multa
3678 1165 3842 1222 vobis

2174 1252 2548 1323 tempora,N.
2571 1252 3040 1324 N.lmperatores
3055 1254 3449 1311 Romanorum
3484 1253 3550 1309 ι»
3588 1254 3837 1327 populus

2175 1344 2299 1397 ter:
2331 1363 2359 1389 α
2377 1343 3001 1416 Multavobislempora
3020 1345 3034 1400 l
3053 1365 3081 1395 ››
3095 1345 3375 1401 Cantores
3397 1359 3411 1399 :
3432 1365 3457 1396 ι
3482 1343 3665 1401 Multa
3679 1345 3841 1403 vobis

2175 1433 2458 1501 tempora,
2491 1430 2725 1488 Domini
2757 1449 2889 1487 cum
2922 1432 3401 1505 imperatricibus
3432 1437 3492 1490 et
3522 1434 3842 1506 porphyro-

2175 1519 2387 1591 genitis
2416 1519 2429 1575 ι
2464 1541 2492 1570 ››
2524 1522 2679 1577 I98
2750 1521 3004 1594 populus
3035 1526 3120 1577 ter
3154 1538 3168 1577 :
3206 1544 3233 1573 ‹‹
3274 1523 3461 1578 Multa
3493 1523 3653 1579 vobis
3686 1530 3839 1578 tem-

2176 1609 2352 1680 pora!
2387 1630 2414 1656 ››
2444 1610 2722 1667 Cantores
2756 1625 2770 1665 :
2806 1627 2832 1653 α
2865 1611 2953 1668 Tu
2978 1609 3222 1667 feliciter
3254 1610 3313 1666 in
3340 1611 3448 1667 hoc
3472 1610 3683 1683 populo
3714 1628 3836 1668 rem

2179 1711 2318 1767 agas
2351 1713 2364 1764 ;
2395 1718 2422 1745 ››
2454 1697 2700 1768 p0pulus
2743 1703 2831 1753 ter
2863 1716 2876 1754 :
2911 1718 2941 1748 ‹‹
2978 1698 3208 1756 Sancte.
3244 1721 3272 1749 «
3306 1699 3581 1755 Cantores
3611 1716 3630 1754 :
3663 1722 3691 1749 ‹‹
3727 1700 3841 1756 Co-

2178 1784 2404 1854 rollam,
2464 1786 2710 1856 domini,
2769 1787 3038 1859 bigariol
3087 1811 3107 1839 r
3135 1794 3191 1846 et
3221 1790 3417 1846 statim
3459 1788 3739 1846 corollam
3773 1806 3842 1846 ac

2177 1882 2393 1931 vestem
2439 1874 2554 1947 ipsi
2605 1876 2864 1933 mittunt.
2900 1877 3127 1934 Rursus
3168 1882 3437 1937 cantores
3469 1894 3484 1935 :
3518 1901 3547 1931 «
3571 1878 3841 1950 Domine,

2178 1981 2346 2021 serva
2371 1965 2638 2022 dominos
2668 1967 3096 2024 Romanorum!
3128 1992 3148 2018 ιι
3186 1968 3441 2041 populus
3481 1974 3569 2024 ter
3600 1985 3613 2026 :
3650 1990 3679 2020 «
3721 1969 3835 2027 Do-

2177 2057 2356 2125 mine,
2381 2074 2546 2113 serva
2570 2057 2585 2112 ι
2609 2078 2639 2107 ι»
2664 2058 2975 2114 Cantores:
3006 2080 3035 2110 κ
3062 2060 3325 2125 Domine,
3348 2075 3515 2116 serva
3538 2058 3834 2131 principes

2177 2162 2311 2203 cum
2342 2147 2624 2219 Augustis
2653 2149 3007 2221 conjugibus
3028 2155 3085 2206 et
3101 2149 3608 2222 porphyrogenitis
3633 2149 3646 2206 ι
3674 2171 3702 2200 ››
3738 2167 3838 2221 ρο-

2179 2236 2352 2306 putus
2401 2242 2589 2294 term
2646 2239 2908 2307 Domine,
2951 2239 3163 2295 serva!
3216 2262 3245 2290 «ι
3297 2240 3588 2296 Postremo
3636 2256 3841 2296 omnes

2176 2324 2355 2382 simul
2386 2326 2594 2383 dicunt
2633 2342 2648 2383 :
2681 2326 2749 2383 In
2811 2328 3033 2384 multos
3082 2344 3287 2395 annos,
3347 2333 3459 2384 etc.
3487 2351 3517 2378 »
3577 2328 3842 2399 Bigarius

2174 2430 2308 2470 vero
2340 2420 2428 2471 ter
2456 2414 2723 2472 dominos
2753 2416 2967 2489 signat,
2988 2416 3250 2488 ﬂexoque
3267 2416 3582 2490 genuipsis
3615 2417 3836 2489 gratias

2173 2502 2312 2577 agit,
2344 2504 2556 2562 deinde
2586 2521 2721 2563 eum
2747 2507 3013 2578 profecto
3034 2507 3105 2561 ad
3160 2506 3459 2578 daphnen,
3492 2507 3627 2563 inde
3649 2510 3720 2563 ad
3747 2510 3831 2565 fa-

2173 2594 2427 2651 ctionem
2452 2595 2595 2665 abit,
2620 2612 2736 2668 qua
2755 2600 2843 2652 ter
2863 2596 3116 2664 signata,
3148 2596 3223 2652 ad
3248 2597 3540 2653 cancellos
3564 2596 3835 2653 ascendit

2172 2683 2580 2740 factionarium
2612 2700 2934 2757 omnesque
2959 2685 3212 2743 duarum
3237 2685 3560 2743 factionum
3591 2686 3826 2758 aurigas

2171 2780 2228 2829 et
2253 2772 2549 2829 tribunum
2585 2774 2861 2833 adorans.

418 2869 519 2919 τοῦ
562 2863 848 2920 ἐπιστάτου
888 2863 987 2928 ’ἕως
1038 2870 1139 2935 τῆς
1197 2860 1423 2938 δάφνης,
1475 2861 1588 2917 εἶτα
1637 2862 1665 2917 6
1726 2861 1997 2940 βηγάριος
2038 2856 2339 2938 ἀπέρχεται
2386 2859 2478 2914 ἰπὶ
2526 2862 2621 2916 τὸν
2668 2859 2870 2935 δῆμον,
2910 2861 3001 2918 καὶ
3050 2863 3499 2942 κατασφραγιζων
3542 2861 3720 2938 τρίτον
3746 2863 3824 2926 εἷς

414 2956 509 3009 τὸν
560 2951 764 3026 δῆμον,
824 2952 1102 3031 ἀνέρχεται
1169 2954 1248 3017 εἷς
1312 2953 1379 3007 τὰ
1448 2949 1753 3028 κάγκελλα,
1808 2951 1899 3006 καὶ
1965 2953 2264 3026 προσκυνεῖ
2311 2948 2403 3004 τὸν
2444 2951 2830 3029 φακτιονάριον
2885 2951 2976 3008 καὶ
3017 2951 3188 3019 ὅλους
3227 2954 3355 3016 τοὺς
3411 2948 3677 3029 ἡνιόχους
3717 2958 3825 3009 τῶν

412 3041 508 3100 δύο
552 3049 732 3123 μερῶν
764 3046 849 3101 καί
869 3044 961 3100 τὸν
980 3040 1291 3120 τριϐοὕνον.

405 3134 599 3202 Ἀκτα,
676 3131 954 3190 ἐπινικίων
1026 3135 1147 3209 Opta
1158 3128 1513 3209 HEsuo_pévwv

1027 3204 1432 3282 ἱπποδρομίου.
1615 3204 1625 3210 ’
1700 3204 1707 3207 ’
1946 3260 1947 3263 η

476 3318 507 3353 α
540 3295 677 3370 Δόξα
699 3300 819 3369 Θεῷ
849 3301 931 3370 τῷ
960 3295 1204 3371 Δεσπότῃ
1247 3298 1289 3333 ¹⁸
1340 3296 1579 3367 πάντων,
1631 3293 1759 3367 δόξα
1800 3300 1882 3369 τῷ
1929 3300 2059 3355 Κτι-

406 3386 619 3460 στῃκαὶ
651 3383 977 3462 δημιουργῷ
1005 3390 1113 3442 τῶν
1161 3383 1332 3445 ὅλων.
1386 3386 1522 3456 Δόξα
1580 3390 1695 3458 Θιῷ
1742 3390 1820 3459 τῷ
1866 3388 2061 3461 θριαμ-

404 3470 655 3531 ϐεύσαντι
690 3475 820 3537 τοὺς
875 3477 979 3545 τὴς
1008 3477 1225 3553 Ἀγαρ.
1269 3474 1405 3546 Δόξα
1456 3479 1573 3548 Θεῷ
1610 3479 1689 3547 τῷ
1720 3473 2063 3548 παμϐασιλεῖ

402 3570 510 3621 τῶν
539 3565 777 3624 αἰώνων.
813 3566 948 3636 Δόξα
977 3570 1095 3638 Θεῷ
1121 3569 1202 3639 τῷ
1246 3564 1586 3640 ἔνισχύσαντι
1636 3562 1884 3639 βασιλεῖς
1933 3566 2061 3630 τοὺς

404 3652 755 3729 ὁρθοδόξους.
808 3654 943 3726 Δόξα
1000 3659 1115 3728 Θεῷ
1186 3659 1265 3727 τῷ
1338 3650 1692 3728 ἐπιϐλέψαντι
1764 3651 1845 3730 ἐφ’
1918 3655 2055 3727 ἡμῖν

404 3743 835 3818 φιλανθρώπως.
896 3742 1030 3815 Δόξα
1078 3748 1195 3816 Θεῷ
1238 3748 1318 3817 τῷ
1366 3744 1652 3814 πατάξαντι
1702 3743 2059 3816 Ἰσμαηλὶτας

399 3836 531 3897 τοὺς
605 3834 1051 3913 Χριστομάχους.
1131 3835 1266 3907 Δόξα
1322 3838 1438 3907 Θεῷ
1492 3838 1573 3906 τῷ
1650 3831 1933 3909 ῥυσαμένῳ
2003 3831 2055 3906 ἑξ

402 3923 620 4000 ἐχθρῶν
650 3923 781 3987 τοὺς
804 3922 1220 3998 αἰχμαλώτους.
1256 3923 1392 3993 Δόξα
1432 3928 1548 3995 Θεῷ
1604 3926 1684 3995 τῷ
1722 3924 2057 3996 προθήσαντι

400 4016 497 4076 τὰς
527 4012 721 4078 πόλεις
760 4016 870 4069 τῶν
900 4008 1169 4088 Ἀράϐων.
1212 4012 1346 4083 Δόξα
1375 4016 1491 4085 Θεῷ
1530 4016 1610 4085 τῷ
1652 4007 2054 4068 καταϐάλλοντι

398 4102 526 4167 τοὺς
564 4101 802 4178 ἀρνητᾶς
830 4104 928 4173 τῆς
950 4100 1203 4181 Τριάδος.
1258 4102 1395 4174 Δόξα
1425 4106 1538 4173 Θεῷ
1591 4106 1669 4174 τῷ
1724 4098 2056 4157 ἂπολὲσαντι

400 4194 526 4256 τοὺς
548 4194 789 4267 ἆρνητὰς
817 4195 918 4261 τῆς
965 4193 1255 4250 Θεοτόκου.
1290 4193 1424 4267 Δόξα
1464 4189 1581 4266 Θεῷ
1622 4195 1702 4265 τῷ
1754 4189 2055 4270 καταισχύ-

398 4304 544 4338 ναντι
576 4284 638 4338 τὸ
667 4282 930 4358 φρύαγμα
960 4282 988 4337 6
1017 4280 1167 4337 δεῖνα
1198 4286 1295 4337 τοῦ
1334 4282 1745 4357 Χριστομάχου.
1773 4282 1906 4354 Δόξα
1938 4284 2055 4353 Θεῷ

401 4377 481 4447 τῷ
530 4369 886 4443 ιύδοκήσαντι
946 4372 1147 4435 οὕτως.
1198 4370 1386 4447 Κύριε,
1442 4370 1524 4435 τίς
1584 4371 1652 4426 οὐ
1704 4366 1915 4444 δοξάσει
1952 4371 2053 4439 τήν

412 4459 617 4534 βουλήν
664 4479 799 4532 σου;
849 4462 1032 4536 Κύριε,
1094 4462 1177 4523 τίς
1227 4459 1337 4537 ούχ
1386 4459 1617 4533 ὑμνήσει
1662 4460 1730 4515 τὰ
1777 4457 1909 4537 ἔργα
1946 4464 2055 4514 τῶν

1608 3135 1718 3210 (72)
1804 3129 1889 3189 ἐπὶ
1968 3136 2066 3189 τοῦ
2096 3137 2139 3206 C
2171 3134 2322 3205 Acta,
2385 3135 2600 3209 quando
2656 3136 2972 3211 victoriato:
3035 3137 3316 3207 triumphi
3358 3139 3421 3195 in
3474 3138 3831 3211 hippodromo

2810 3210 3184 3267 celebrantur.

2252 3319 2273 3349 α
2306 3297 2503 3355 Gloria
2537 3303 2674 3367 Deo,
2697 3300 2963 3355 omnium
2982 3300 3255 3368 Domino,
3285 3300 3474 3374 gloria
3498 3300 3825 3359 Creatoriet

2171 3387 2473 3445 Conditori
2504 3388 2799 3445 universi!
2834 3388 3028 3448 Gloria
3060 3389 3198 3456 Deo,
3226 3391 3562 3463 triumphos
3584 3392 3655 3447 de
3688 3396 3833 3463 Aga-

2172 3476 2329 3534 renis
2357 3477 2590 3550 agentil
2624 3477 2821 3536 Gloria
2853 3480 2966 3536 Deo
3014 3479 3137 3550 regi
3190 3482 3536 3538 seculorum
3571 3480 3585 3536 ι
3629 3480 3827 3537 Gloria

2171 3570 2307 3631 Deo,
2338 3568 2435 3639 qui
2460 3568 2844 3638 imperatores
2868 3572 3022 3625 recte
3058 3571 3361 3626 credentes
3394 3572 3785 3626 corroboravit
3812 3567 3827 3624 ι

2172 3654 2364 3711 Gloria
2402 3655 2539 3726 Deo,
2572 3659 2695 3729 qui.
2728 3666 2790 3713 ut
2848 3658 3292 3715 amantissimus
3357 3658 3683 3726 hominum,
3720 3674 3825 3716 nos

2171 3743 2455 3815 respexit!
2508 3744 2700 3801 Gloria
2746 3746 2886 3815 Deo,
2930 3747 3029 3818 qui
3086 3747 3433 3814 Ismaelitas,
3468 3748 3829 3803 Christiano-

2170 3849 2299 3889 rum
2331 3833 2621 3901 inimicos,
2656 3834 2980 3906 percussit!
3024 3834 3219 3893 Gloria
3252 3841 3386 3904 Deo,
3421 3835 3524 3907 qui
3567 3836 3829 3907 captivos

2171 3922 2242 3978 ab
2264 3923 2529 3980 hostibus
2558 3924 2828 3981 liberavit
2861 3924 2873 3979 ι
2903 3924 3098 3981 Gloria
3135 3924 3273 3993 Deo,
3316 3924 3419 3996 qui
3468 3925 3640 3982 urbes
3681 3931 3829 3982 Ara-

2170 4012 2304 4071 bum
2328 4013 2613 4071 destruxit
2645 4010 2659 4068 !
2694 4013 2892 4070 Gloria
2913 4013 3163 4086 Deo.qui
3195 4014 3537 4073 Trinitatem
3556 4020 3835 4088 negantes

2168 4101 2478 4173 prostravit
2522 4102 2535 4157 ι
2590 4103 2785 4158 Gloria
2838 4104 2971 4170 Deo,
3032 4104 3135 4176 qui
3192 4104 3499 4177 Deiparam
3548 4111 3834 4178 negantes

2168 4188 2453 4261 perdidit!
2506 4190 2702 4248 Gloria
2735 4197 2872 4261 Deo,
2906 4192 3007 4264 qui
3060 4194 3429 4251 ferocientem
3465 4199 3534 4252 Ν.
3592 4195 3829 4251 Christo

2166 4280 2468 4339 inimicum
2517 4281 2828 4355 cpprohrio
2885 4282 3188 4356 implevit!
3222 4283 3417 4341 Gloria
3438 4283 3576 4355 Deo,
3616 4284 3709 4339 cui
3741 4284 3833 4342 ita

2163 4370 2355 4426 visum
2382 4369 2530 4425 fuit!
2566 4371 2834 4440 Domine,
2868 4373 3003 4445 quis
3035 4374 3347 4430 consilium
3380 4380 3549 4430 tuum
3584 4391 3697 4430 non
3732 4390 3827 4433 ce-

2164 4458 2461 4517 lebraret?
2500 4460 2763 4529 Domine,
2814 4463 2950 4534 quis
3007 4479 3123 4519 non
3184 4463 3455 4519 laudaret
3496 4479 3670 4535 opera
3700 4480 3831 4519 ma-

412 4554 615 4626 χειρῶν
642 4572 773 4623 sou;
806 4550 997 4628 Κύριε,
1044 4549 1479 4627 εὐχαριστοῦμεν
1510 4571 1595 4605 σοι
1641 4551 1762 4626 περὶ
1815 4549 2054 4617 πάντων,

2175 4567 2356 4606 nuum
2387 4555 2623 4607 tuarum
2647 4550 2676 4609 ?
2706 4520 2972 4621 Domine,
3009 4550 3227 4627 gratias
3260 4551 3365 4609 tibi
3400 4569 3513 4624 prae
3535 4520 3825 4610 ‘omnibus

411 4640 498 4694 ’ὁτι
549 4636 781 4711 ἡλὲησας
824 4642 918 4697 τὸν
971 4640 1137 4698 λαοόν
1177 4661 1275 4697 σου
1317 4640 1569 4714 μεγάλως
1626 4642 1669 4679 ι⁹
1705 4637 1766 4695 ἐκ
1801 4639 2054 4699 τοιούτου

408 4728 787 4806 βασιλεύεσθαι
816 4732 1071 4806 κράτους.
1107 4756 1134 4783 ι)
1168 4731 1266 4786 Καὶ
1325 4729 1416 4786 ὅτε
1459 4729 1695 4787 πέσωσιν
1742 4730 1793 4785 οἱ
1838 4726 2056 4802 δέσμιοι

400 4825 628 4895 πρηνεῖς
664 4820 750 4881 ἐπὶ
783 4828 882 4894 τῆς
924 4827 1051 4900 γῆς,
1083 4819 1223 4877 νεῧει
1265 4821 1293 4877 6
1346 4817 1688 4895 ἇκτουάριος,
1722 4818 1811 4874 καὶ
1869 4817 2057 4895 λεγου-

399 4932 481 4969 σιν
520 4910 576 4973 οἱ
614 4910 863 4988 κράκται·
908 4936 936 4965 ιι
984 4911 1214 4973 Ἔπεσον
1273 4910 1323 4968 οἱ
1381 4909 1571 4987 ἐχθροὶ
1631 4912 1790 4986 ἡμῶν
1852 4907 2056 4982 θεοκρὶ-

398 5016 527 5061 τως·
564 5024 593 5052 ››
621 5001 712 5056 καὶ
746 5000 775 5055 6
808 4997 943 5063 λαὸς
972 5000 1184 5074 ὁμοίως
1221 5000 1291 5075 γ’.

2166 4641 2416 4712 agimus,
2449 4641 2601 4713 quod
2664 4644 2945 4699 misertus
2980 4658 3043 4699 es
3078 4642 3278 4716 populi
3326 4642 3433 4710 tui,
3485 4643 3657 4715 eique
3688 4641 3824 4699 huic

2165 4731 2389 4802 potenti
2455 4730 2700 4803 imperio
2749 4732 2992 4789 subesse
3024 4731 3449 4805 permisisti!»
3490 4736 3630 4789 Cu'n
3693 4748 3830 4788 vero

2166 4819 2380 4892 captivi
2435 4821 2600 4893 proni
2635 4821 2693 4876 in
2735 4826 2950 4877 terram
2998 4821 3388 4895 prociderunt,
3447 4822 3704 4878 actuario
3737 4822 3828 4877 si-

2167 4925 2348 4984 gnum
2380 4909 2577 4980 dante,
2613 4916 2883 4968 cantores
2927 4910 3170 4969 dicunt:
3202 4932 3232 4963 «
3258 4910 3427 4969 Justo
3467 4911 3568 4969 Dei
3607 4911 3833 4991 ;udicio

2168 4998 2393 5059 inimici
2421 4997 2609 5063 nostri
2659 4997 3029 5060 ceciderunt!
3066 5022 3093 5052 »
3118 5001 3275 5075 quod
3334 5001 3586 5079 populus
3619 5009 3704 5060 ter
3738 5017 3830 5059 re-

2170 5089 2337 5162 petit.

1769 5241 2011 5298 VARl/E
2053 5239 2465 5297 LECTIONES.

474 5396 518 5437 ιδ
535 5393 780 5463 ὶπιδιδοῖ
811 5396 902 5459 ed.
980 5394 1031 5433 ¹⁸
1062 5396 1179 5467 Θεῷ
1200 5390 1351 5451 δεσπ.
1384 5393 1477 5452 ed.
1556 5394 1602 5431 "
1631 5413 1747 5465 σου,
1785 5389 2040 5471 μεγάλως
2068 5393 2164 5449 ed.

1466 5538 1665 5598 JOAN.
1701 5540 1844 5597 JAC.
1880 5536 2149 5599 REISKII
2178 5535 2767 5595 COMMENTARIUS.

469 5702 585 5773 (72)
615 5698 808 5773 Signis
834 5696 1368 5773 victoriausolemni
1395 5712 1545 5773 cum_
1564 5712 1766 5769 pompa
1824 5694 1883 5752 in
1934 5696 2124 5752 urbem
2182 5693 2531 5754 introductis.
2553 5695 2575 5717 ⁸
2636 5691 2951 5768 [Triumphi
3002 5708 3138 5751 voee
3170 5708 3273 5767 pro
3304 5689 3554 5748 solemni
3587 5688 3828 5746 introitu

399 5767 952 5846 usurpata'Aimoni
982 5770 1042 5829 in
1065 5770 1284 5829 Histor.
1317 5767 1546 5838 Frano.]
