4134 6404
344 408 463 471 639

1415 408 1943 471 CONSTANTINI
1984 396 2688 476 PORPHYROGENITI

3641 399 3763 463 640

348 549 646 615 promunt,
662 541 896 613 aurigas
926 541 987 599 in
1009 541 1281 601 curribus
1293 543 1642 601 constitutos
1655 544 1992 617 anteipsam

2112 542 2299 618 μόσια,
2355 545 2713 622 κατέρχονται
2766 542 2853 602 ἐπ’
2913 545 3195 620 ὀχήμασιν
3263 539 3325 595 ἐκ
3393 541 3502 593 τῶν
3563 538 3768 609 θυρῶν,

346 631 657 688 factionem
690 629 1006 703 accipiunt,
1038 637 1097 688 et
1126 632 1412 689 saltantes
1441 633 1514 688 ad
1543 644 1754 689 metam
1788 649 1995 705 usque,

345 724 658 778 stationem
698 726 922 794 petunt.
964 720 1085 785 Quo
1132 726 1439 794 postquam
1491 738 1816 793 pervenere,
1858 739 1999 795 pras-

348 811 519 869 fectis
549 827 929 868 numerorum
962 812 1198 885 signum
1230 813 1428 882 datur,
1460 813 1516 869 bi
1550 813 1911 870 descendunt
1941 819 1999 871 et

346 902 420 957 ad
448 905 656 971 metas,
677 901 857 973 inque
895 900 1116 957 caeteris
1140 900 1285 958 locis
1326 901 1523 973 Euripi
1545 917 1725 973 supra
1746 918 1997 959 comme-

331 999 614 1069 moratis,
648 999 743 1055 ubi
777 998 967 1056 acervi
997 998 1223 1056 olerum
1255 1016 1322 1056 ac
1352 998 1749 1072 placcntarum
1775 1002 1997 1074 jacent,

345 1089 704 1146 subsistunt.
721 1088 948 1162 Aurigae
963 1094 1275 1161 postquam
1297 1104 1432 1146 cum
1447 1105 1620 1162 grege
1643 1091 1910 1149 factionis
1924 1092 1994 1148 ad

346 1180 658 1236 stationem
687 1195 915 1246 venere,
944 1178 1024 1234 ibi
1056 1179 1114 1234 in
1138 1179 1405 1235 curribus
1423 1180 1772 1255 subsistunt,
1805 1182 2005 1240 factio-

332 1268 495 1324 'narii
555 1268 750 1324 fausta
798 1268 1137 1341 imperatori
1186 1279 1596 1341 apprecantur,
1646 1286 1763 1342 quo
1821 1272 1993 1339 facto,

346 1356 566 1429 aurigis
587 1357 906 1414 victoribus
936 1356 1252 1430 imperator
1274 1374 1513 1415 ceronas
1541 1375 1646 1432 per
1671 1361 1995 1418 actuarium

344 1454 400 1501 et
445 1446 732 1502 vicarium
773 1445 1004 1503 mittit:
1039 1446 1098 1502 bi
1146 1447 1393 1520 digressi
1431 1464 1533 1506 eos
1578 1456 1878 1519 ceronant,
1940 1456 1998 1508 et

346 1551 549 1592 rursus
574 1535 645 1591 ad
685 1551 1025 1592 consessum
1058 1541 1446 1594 revertuntur.
1478 1538 1647 1596 Tunc
1668 1539 1841 1597 factio
1871 1545 1996 1597 sta-

345 1624 449 1682 tim
474 1625 703 1681 veniam
727 1625 983 1682 abeundi
1012 1625 1193 1698 inque
1215 1626 1402 1698 platea
1422 1626 1675 1685 saltandi
1701 1628 1863 1701 petit,
1881 1646 1997 1703 qua

343 1715 416 1771 ab
472 1714 820 1787 imperatore
874 1720 1135 1787 accepta,
1192 1715 1251 1772 in
1301 1716 1576 1788 plateam,
1631 1734 1758 1791 quas
1812 1720 1994 1776 media

341 1803 692 1876 appellatur,
737 1804 1126 1877 progreditur.
1158 1805 1250 1861 Sic
1290 1810 1494 1878 postea
1520 1807 1836 1879 imperator
1863 1825 1993 1865 sur-

2105 633 2197 689 καὶ
2246 631 2603 698 κατελθόντες
2651 637 2704 691 οἱ
2748 638 2849 691 τοῦ
2893 635 3217 704 νικήσαντος
3260 628 3460 704 μέρους
3497 623 3762 700 δημόται,

2106 722 2318 799 αῖρουσι
2386 724 2583 807 δάφνας
2636 726 2697 783 ἐκ
2740 730 2840 784 τοῦ
2897 724 3112 802 λογίου,
3168 721 3264 779 καὶ
3317 718 3573 807 δέχονται
3629 714 3760 779 τοὺς

2104 815 2369 891 ἡνιόχους
2416 803 2758 895 ἐπιδιφρίους
2806 813 3113 892 ἔμπροσθεν
3169 815 3268 868 τοῦ
3323 806 3494 865 αὐτοῦ
3551 803 3759 881 δήμου,

2103 904 2195 959 καὶ
2252 907 2497 977 σάξαντες
2556 908 2725 982 μέχρι
2788 908 2886 960 τοῦ
2951 903 3346 976 ἀντικάμπτου,
3432 898 3759 982 ἄνέρχονται

2105 991 2158 1046 ἐν
2210 998 2290 1066 τῷ
2353 995 2608 1069 στάματι.
2659 981 3102 1071 γἈνερχομένων
3163 988 3221 1045 δὲ
3285 988 3487 1055 αὐτῶν,
3548 981 3758 1040 δίδοται

2103 1094 2273 1164 νεῠμα
2316 1096 2434 1154 τοῖς
2485 1088 2716 1167 ἄρχουσι
2765 1095 2876 1147 τῶν
2922 1087 3235 1163 ταγμάτων,
3275 1085 3364 1141 καὶ
3404 1079 3761 1143 κατελθόντες

2102 1178 2354 1237 ἵστανται
2404 1179 2455 1236 ἐν
2504 1186 2620 1244 τοῖς
2670 1182 2989 1255 καμπτῆρσι
3033 1177 3125 1233 καὶ
3174 1175 3227 1231 ἐν
3266 1179 3384 1237 τοῖς
3424 1167 3763 1247 προειρημέ-

2104 1290 2217 1333 νοις
2249 1268 2469 1332 λοιποῖς
2496 1270 2689 1334 τόποις
2728 1274 2827 1326 τοῦ
2858 1268 3105 1343 εύρῖπου,
3146 1261 3273 1331 ἔνθα
3302 1264 3359 1319 αἱ
3408 1256 3621 1318 στοιϐαὶ
3649 1262 3761 1314 τῶν

2106 1359 2365 1435 λαχάνων
2395 1359 2487 1414 καὶ
2533 1363 2643 1415 τῶν
2692 1356 3054 1414 πλακούντων
3102 1353 3257 1412 εἰσίν.
3310 1350 3591 1413 Ἐλθόντες
3624 1346 3682 1405 δέ
3711 1349 3767 1404 οἱ

2102 1448 2329 1524 ἡνίοχοι
2378 1448 2513 1522 μετᾶ
2559 1452 2667 1504 τῶν
2713 1445 2974 1522 δημοτῶν
3023 1449 3121 1502 τοῦ
3173 1447 3372 1519 μέρους
3421 1441 3474 1498 ἐν
3521 1444 3601 1513 τῷ
3632 1438 3767 1494 στά-

2109 1560 2260 1613 ματι,
2314 1535 2567 1595 ’ίστανται
2626 1537 2799 1594 ἐκεῖσε
2856 1533 3181 1614 ἑπιδίφριοι,
3240 1531 3332 1589 καὶ
3397 1528 3768 1604 ἆκτολογοῦσι

2107 1628 2225 1701 μετ’
2254 1627 2529 1708 εὐφημίας
2579 1628 2632 1683 οἱ
2683 1630 2781 1683 τοῦ
2833 1627 3034 1700 μέρους
3080 1627 3163 1697 τῷ
3225 1619 3464 1697 βασιλεῖ,
3504 1618 3596 1676 καὶ
3632 1618 3766 1692 μετὰ

2100 1719 2201 1787 τήν
2253 1715 2655 1793 συμπλήρωσιν
2700 1723 2804 1787 τῆς
2851 1716 3129 1795 εὐφημίας
3187 1708 3515 1769 ἀποστέλλει
3575 1709 3764 1795 αὐτοῖς

2102 1813 2219 1870 τοῖς
2277 1812 2526 1877 νικηταῖς
2581 1801 2837 1882 ἡνιόχοις
2893 1794 2935 1862 6
2988 1801 3245 1880 βασιλεὺς
3312 1800 3606 1878 στεφάνους
3673 1794 3767 1853 διὰ

337 1893 446 1964 git,
505 1897 682 1950 turba
728 1909 862 1950 vero
914 1893 1115 1967 populi
1168 1894 1487 1966 descendit,
1544 1900 1603 1953 et
1650 1912 1720 1953 ex
1764 1898 1989 1953 acervis

2101 1901 2197 1954 τοῦ
2254 1896 2576 1972 ἆκτουαρίου
2628 1896 2717 1952 καὶ
2773 1899 2871 1952 τοῦ
2928 1892 3206 1968 δευτέρου,
3254 1890 3345 1947 καὶ
3400 1887 3763 1953 κατελθόντες

336 1979 496 2038 olera
528 1982 940 2054 placentasque
968 1984 1170 2053 sumit,
1209 1984 1353 2039 dum
1394 1984 1617 2041 interea
1647 1986 1834 2056 pisces
1864 1989 1989 2058 plu-

2101 1988 2349 2066 στέφουσι
2395 1986 2525 2049 τοὺς
2566 1985 2853 2062 ἡνιόχους,
2903 1984 2993 2041 καὶ
3042 1981 3365 2059 ἆνέρχονται
3396 1977 3564 2066 πάλιν
3596 1977 3649 2034 ἐν
3677 1982 3761 2051 τῷ

338 2070 519 2127 rimos
550 2070 609 2125 in
643 2070 913 2129 navicula
937 2071 1496 2145 plaustroimposita
1516 2074 1834 2142 advehunt,
1849 2081 1907 2131 et
1925 2075 1984 2133 in

2101 2065 2410 2147 καθῖσματι.
2471 2074 2569 2130 Καὶ
2628 2073 2827 2138 εὐθέως
2885 2068 3114 2147 ἄρχεται
3170 2069 3234 2125 τὸ
3296 2066 3460 2142 μέρος
3491 2065 3756 2121 αἰτεῖσθαι

338 2160 532 2216 solum
566 2159 704 2215 circi
728 2160 1078 2232 projiciunt:
1102 2176 1249 2233 quos
1270 2161 1472 2219 itidem
1491 2163 1662 2220 turba
1677 2165 1986 2223 commixta

2101 2168 2191 2219 τοῦ
2221 2163 2451 2236 ἐξελθεῖν
2481 2164 2572 2220 καὶ
2603 2167 2865 2239 χορεῦσαι
2898 2160 2974 2224 εἰς
3017 2161 3115 2230 τήν
3165 2156 3450 2226 πλατεῖαν,
3508 2154 3598 2210 καὶ
3662 2151 3762 2209 λα-

336 2249 540 2321 populi
571 2250 793 2322 diripit.

2101 2250 2284 2319 ϐόντες
2330 2255 2428 2325 τὴν
2489 2252 2703 2325 αἴτησιν
2760 2252 2897 2327 παρέ
2951 2255 3049 2306 τοῦ
3101 2246 3393 2325 βασιλέως,
3439 2244 3761 2321 ἐξέρχονται

334 2333 389 2391 έν
427 2339 498 2410 τῇ
541 2338 705 2412 μέσῃ.
739 2337 839 2392 Καὶ
869 2337 968 2392 εἶθ’
998 2338 1176 2401 οὕτως
1203 2338 1481 2396 ἀνίσταται
1509 2340 1539 2396 6
1572 2340 1853 2417 βασιλεύς,
1892 2342 1982 2399 καὶ
2017 2344 2151 2417 μετὰ
2177 2344 2241 2400 τὸ
2271 2343 2566 2414 ἀναστῆναι
2616 2343 2710 2399 τὸν
2757 2339 2988 2416 βασιλέα
3015 2340 3343 2414 κατέρχεται
3371 2335 3437 2393 τὸ
3465 2333 3685 2405 πλῆθος
3713 2335 3757 2371 ⁴¹

334 2429 433 2481 τοῦ
466 2424 625 2495 λαοῦ,
655 2426 747 2481 καὶ
778 2424 1023 2503 αἴρουσιν
1055 2426 1115 2483 ἐκ
1142 2431 1253 2484 τῶν
1283 2422 1516 2485 στοιϐὣν
1546 2431 1616 2485 τὰ
1637 2451 1696 2487 τε
1725 2429 1943 2510 λάχανα
1964 2433 2056 2489 καὶ
2085 2432 2182 2496 τὰς
2211 2432 2575 2504 πλακοῦντας,
2631 2435 2690 2487 ἓν
2739 2429 2797 2487 δὶ
2841 2435 2924 2504 τῷ
2970 2429 3118 2502 αὖτῷ
3148 2426 3458 2505 εἰσφερουσι
3486 2421 3761 2501 χέλανδον

336 2514 633 2591 φερόμενον
666 2512 755 2569 ἐπὶ
788 2515 1002 2588 ἁμάξης
1028 2513 1243 2582 πλῆθος
1277 2516 1511 2594 ἰχθύων,
1538 2519 1629 2576 καί
1660 2509 1943 2595 ῥίπτουσιν
1972 2522 2107 2579 αὖτᾶ
2138 2525 2185 2560 ⁷⁸³
2215 2521 2303 2578 ἐπὶ
2337 2521 2566 2602 ἐδάφους
2597 2521 2650 2578 ἐν
2683 2525 2762 2594 τῷ
2780 2522 3013 2593 ἱππικῷ·
3046 2515 3260 2594 αἴρουσι
3295 2513 3354 2571 δὲ
3376 2513 3471 2571 καὶ
3499 2517 3668 2570 ταῦτα
3695 2509 3759 2567 τδ

336 2600 556 2673 πλῆθος
584 2607 684 2659 τοῦ
715 2602 872 2662 λαοῦ.

406 2692 479 2748 V.
537 2693 875 2767 Imperator,
909 2699 974 2751 ut
1011 2695 1292 2766 diximus,
1346 2713 1379 2752 a
1417 2698 1625 2756 throno
1675 2701 1887 2774 surgit,
1935 2704 1994 2758 et
2168 2706 2244 2758 E'.

336 2783 624 2856 praefectis
654 2784 926 2842 cubiculo
956 2786 1387 2853 comitantibus,
1411 2804 1515 2861 per
1542 2790 1768 2848 medios
1800 2792 1990 2863 patri-

336 2875 458 2931 cios
496 2877 555 2930 et
583 2878 872 2947 strategos
899 2875 960 2931 in
1003 2874 1279 2946 triclinio,
1309 2876 1370 2934 in
1411 2894 1526 2951 quo
1568 2895 1636 2937 eo
1667 2880 1761 2937 die
1792 2882 1989 2939 convi-

337 2963 496 3019 vium
549 2962 825 3033 celebrat,
884 2965 1239 3022 constitutos
1268 2968 1482 3023 transit
1511 2985 1525 3025 :
1560 2968 1674 3042 ipsi
1706 2970 1879 3042 longa
1923 2988 1991 3027 ac

2319 2704 2379 2760 Ὀ
2454 2699 2513 2757 δὲ
2590 2698 2867 2778 βασιλεὺς,
2943 2699 3019 2760 ὡς
3100 2696 3446 2773 προεὶρηται,
3533 2690 3759 2753 ἀναστὰς

2098 2789 2206 2846 ἀπὸ
2252 2795 2350 2847 τοῦ
2403 2792 2623 2861 σέντζου
2670 2790 2763 2845 καὶ
2803 2785 3223 2864 δηριγευέμενος
3264 2784 3369 2840 ὑπὸ
3414 2786 3523 2839 τῶν
3554 2779 3766 2858 ἀρχόν·

2096 2901 2204 2938 των
2250 2887 2353 2939 τοῦ
2401 2876 2819 2948 κουόοιικλείου,
2870 2875 3146 2954 διέρχεται
3199 2875 3363 2944 μέσον
3410 2876 3519 2928 τῶν
3566 2892 3627 2928 τε
3656 2890 3760 2925 πα·

2096 2970 2322 3047 τρικίων
2394 2972 2485 3027 καὶ
2563 2973 2900 3045 στρατηγῶν,
2971 2967 3219 3022 ἑστώτων
3297 2962 3475 3019 αὐτῶν
3551 2961 3606 3016 ἐν
3681 2965 3760 3047 τῷ

340 3050 532 3108 felicia
562 3060 822 3124 tempora
847 3052 897 3108 ei
928 3064 1337 3127 apprecantur.
1361 3055 1499 3113 Inde
1527 3058 1865 3115 cubiculum
1896 3075 1991 3131 pe-

2101 3045 2384 3136 τρικλίνῳ,
2460 3057 2512 3115 ἐν
2589 3059 2635 3132 ᾧ
2731 3059 2924 3129 ἀριστᾷ
3016 3058 3086 3129 τῇ
3181 3052 3384 3129 ἡμέρᾳ,
3472 3050 3626 3107 αὐτοὶ
3699 3045 3757 3102 δί

339 3143 432 3209 tit,
466 3143 726 3215 dumque
757 3144 1102 3216 prapositus
1133 3161 1167 3202 a
1195 3147 1386 3218 capite
1414 3148 1546 3218 ejus
1574 3164 1850 3206 coronam
1883 3151 1992 3207 de-

2108 3150 2497 3225 ὑπερεύχονται
2527 3149 2609 3204 τό’
2673 3170 2701 3199 ‹‹
2750 3145 2843 3209 Εἰς
2902 3144 3150 3205 πολλοὺς
3214 3141 3305 3197 καὶ
3348 3139 3584 3225 ἀγαθοὺς
3618 3136 3754 3225 χρό-

339 3231 464 3303 mit,
493 3232 803 3289 vestitores
841 3232 1081 3301 intrant,
1113 3239 1193 3305 et,
1211 3235 1411 3293 tunica
1439 3236 1554 3310 ipsi
1584 3244 1780 3306 exuta,
1799 3240 1992 3296 disce-

343 3324 511 3379 dunt.
569 3323 887 3392 Imperator
942 3338 1236 3397 egressus,
1282 3326 1554 3398 pretiosae
1603 3344 1818 3385 mensas
1870 3346 1991 3387 sua;

343 3429 478 3468 cum
519 3410 749 3481 amicis,
778 3426 925 3483 quos
972 3412 1045 3469 ad
1087 3413 1417 3472 convivium
1445 3416 1687 3483 vocavit,
1719 3418 1943 3475 assidet
1973 3436 1989 3476 :

342 3504 652 3573 postquam
679 3515 813 3557 vero
843 3501 1102 3557 surrexit
1123 3506 1184 3559 et
1211 3502 1509 3577 paulisper
1545 3506 1785 3578 quievit,
1807 3507 1992 3564 donec

342 3589 544 3645 omnia
573 3589 640 3645 ad
667 3593 961 3647 certamen
987 3595 1189 3663 parata
1208 3594 1347 3663 sint,
1366 3599 1685 3667 exspectat.
1707 3595 1993 3655 Veniente

344 3676 752 3734 cerimoniario
782 3682 840 3734 et
869 3680 1175 3752 praposito
1197 3680 1867 3757 indicante,omniajam
1886 3702 1990 3758 pa-

342 3775 461 3825 rata
489 3783 635 3835 esse,
668 3769 1013 3841 praepositus
1042 3768 1451 3843 imperatorem
1486 3773 1559 3831 de
1587 3789 1656 3831 eo
1685 3775 1991 3832 certiorem

344 3854 501 3924 facit,
532 3853 634 3927 qui
664 3870 767 3927 per
793 3854 1083 3928 lapideam
1115 3856 1330 3915 scalam
1363 3861 1434 3916 ad
1474 3860 1813 3918 cubiculum
1848 3863 1991 3930 abit,

340 3943 657 4015 tunicaque
685 3948 743 4000 et
768 3934 981 4001 corona
1018 3962 1122 4018 pro
1158 3963 1320 4004 more
1347 3948 1631 4007 induitur.
1665 3951 1930 4023 Stipatus
1959 3970 1994 4008 a

341 4032 598 4089 cubiculi
646 4033 951 4105 praefectis,
984 4051 1087 4107 per
1124 4041 1438 4107 angustum
1480 4039 1796 4097 triclinium
1833 4043 1990 4100 202

345 4121 417 4177 ad
459 4138 762 4194 magnum,
803 4122 860 4179 in
894 4141 1010 4196 quo
1048 4142 1117 4182 eo
1148 4126 1241 4182 die
1269 4127 1453 4200 epulre
1488 4129 1902 4200 instituuntur,
1929 4149 1994 4187 se

342 4211 588 4279 confert,
619 4216 676 4266 et
706 4211 785 4267 ibi
803 4229 937 4268 cum
970 4215 1253 4283 praefectis
1274 4217 1527 4274 cubiculi
1561 4228 1747 4288 stans,
1772 4236 1967 4293 prtepo

324 4300 479 4370 «aito,
521 4300 572 4356 is
620 4299 880 4369 ostiario,
912 4302 1148 4374 signum
1199 4304 1321 4372 dat,
1368 4308 1597 4378 patricii
1646 4315 1705 4365 et
1753 4311 1996 4383 strategi

346 4390 742 4458 adducuntur,
775 4395 832 4446 et
864 4397 1172 4464 postquam
1204 4393 1617 4466 imperatorem
1650 4398 1990 4471 adorarunt,

2100 3223 2246 3302 νους.
2302 3223 2330 3289 ι)
2373 3237 2470 3292 Καὶ
2520 3235 2823 3312 εἰσέρχεται
2875 3233 2926 3290 ἐν
2967 3238 3047 3307 τῷ
3093 3235 3342 3302 κοιτῶνι,
3393 3224 3664 3289 λαϐόντος
3704 3223 3764 3282 δὲ

2100 3333 2198 3386 τοῦ
2229 3324 2593 3404 πραιποσίτου
2638 3327 2701 3383 τὸ
2746 3323 2962 3399 στέμμα
2999 3322 3105 3379 ἀπὸ
3153 3327 3255 3391 τῆς
3290 3319 3534 3389 κεφαλῆς
3565 3316 3762 3383 αὐτοῦ,

2103 3417 2442 3495 εἰσέρχονται
2509 3416 2562 3472 οἱ
2641 3416 2988 3492 βεστήτορες,
3045 3413 3134 3469 καὶ
3194 3409 3600 3481 ἀπαλλάξαντες
3655 3405 3761 3474 τήν

2101 3505 2364 3584 χλανίδα,
2397 3505 2732 3582 έξέρχονταί.
2786 3505 2887 3562 Καὶ
2943 3501 3177 3573 ἐξελθὼν
3225 3502 3255 3556 6
3305 3496 3577 3575 βασιλεὺς,
3617 3505 3757 3584 καθτ

2102 3583 2273 3669 έζεται
2333 3596 2422 3652 ἐπὶ
2472 3602 2574 3667 τῆς
2643 3594 2833 3669 τιμίας
2906 3593 3074 3648 αὑτοῦ
3136 3588 3407 3663 τραπέζης
3468 3584 3603 3661 μετὰ
3664 3583 3763 3639 καὶ

2103 3686 2299 3761 φίλων,
2333 3688 2409 3741 ὧν
2453 3682 2515 3740 ἂν
2574 3681 2808 3752 κελεύει,
2865 3682 2956 3738 καὶ
3012 3680 3239 3742 ἀναστὰς
3295 3678 3403 3734 ἀπὸ
3457 3678 3557 3731 τοῦ
3611 3671 3766 3745 κλη-

2099 3776 2304 3851 τωρίου
2360 3776 2452 3830 καὶ
2505 3775 2701 3850 μικρὸν
2750 3772 3218 3844 ἀναπαυσάμενος,
3289 3764 3591 3842 ἐκδέχεται,
3652 3768 3765 3836 μέ-

2101 3885 2230 3940 χρις
2272 3862 2331 3920 ἂν
2381 3865 2449 3919 τὰ
2487 3862 2661 3918 πάντα
2709 3862 3103 3935 ἐτοιμασθῶσιν
3145 3858 3196 3913 ἐν
3245 3861 3326 3929 τῷ
3382 3857 3593 3926 ἱππικῷ
3623 3855 3763 3926 (25).

2103 3953 2399 4018 Ἐλθόντος
2449 3950 2507 4008 δὶ
2547 3955 2645 4007 τοῦ
2696 3957 2795 4022 τῆς
2845 3949 3224 4009 καταστάσεως
3270 3946 3363 4002 καὶ
3394 3942 3766 4022 γνωρίσαντος

2100 4048 2182 4117 τῷ
2256 4041 2624 4120 πραιποσίτῳ,
2695 4041 2770 4103 ὡς
2848 4038 2930 4095 ὅτι
3004 4038 3204 4111 ἕτοιμά
3280 4035 3393 4091 ἐστι
3466 4033 3664 4101 πάντα,
3734 4032 3767 4086 6

2101 4132 2483 4209 πραιπόσιτοςι,
2533 4127 2702 4201 δηλοῖ
2746 4132 2826 4201 τῷ
2867 4125 3103 4204 βασιλεῖ·
3157 4127 3185 4181 ὁ
3234 4122 3293 4180 δὲ
3343 4122 3600 4209 βασιλεύς
3629 4129 3772 4175 κατ’-

2103 4225 2320 4298 ὲργεται
2391 4218 2483 4276 διὰ
2554 4225 2656 4290 τῆς
2722 4215 2940 4288 λιθίνης
3008 4214 3233 4285 σκάλας,
3299 4213 3392 4268 καὶ
3458 4208 3773 4298 εἰσέρχεται

2103 4295 2281 4384 ἐν’τῷ
2331 4315 2577 4380 κοιτῶνι,
2634 4307 2726 4364 καὶ
2794 4300 3190 4382 περιϐάλλεται
3238 4303 3341 4373 τήν
3391 4295 3626 4380 χλανίδα
3672 4297 3771 4352 γαὶ

2101 4400 2164 4458 τὸ
2237 4399 2454 4474 στέμμα
2525 4399 2663 4455 κατὰ
2761 4398 3067 4467 συνήθειαν.
3147 4393 3250 4450 Καὶ
3331 4388 3773 4474 δηριγευόμενος

344 4477 687 4551 praepositus
735 4477 926 4535 dicit:
960 4502 987 4530 ‹‹
1029 4480 1254 4537 Jubete.
1289 4503 1319 4533 ››
1369 4482 1603 4540 Patricii
1650 4489 1709 4540 et
1753 4487 1991 4558 strategi

2108 4491 2212 4547 ὑπὸ
2241 4495 2350 4547 τῶν
2384 4473 2698 4564 νᾶρχόντων
2753 4491 2852 4542 τοῠ
2906 4480 3305 4541 κουϐουκλείου
3363 4477 3641 4555 διέρχεται
3674 4473 3776 4575 διὰ

345 4584 476 4624 cum
545 4572 754 4625 senatu
813 4568 968 4625 foras
1014 4572 1325 4642 progressi,
1384 4573 1457 4629 ab
1514 4578 1763 4647 utraque
1827 4583 1991 4648 parte

342 4661 539 4713 astant
569 4674 583 4712 :
616 4657 968 4730 imperatore
996 4675 1129 4716 vero
1177 4660 1235 4715 in
1277 4670 1443 4733 porta
1480 4664 1816 4733 constituto,
1849 4666 1989 4722 dicti

341 4762 543 4803 omnes
565 4763 627 4803 se
650 4753 1051 4819 prosternunt,
1074 4753 1131 4805 et
1162 4756 1472 4822 postquam
1497 4768 1821 4819 surrexere,
1846 4771 1990 4826 prat-

340 4836 565 4907 positus
582 4854 613 4890 a
638 4837 912 4893 mandato
935 4838 1338 4897 cerimoniario
1360 4840 1593 4912 signum
1612 4842 1716 4899 dat
1735 4848 1795 4901 et
1817 4844 1987 4902 dicit:

340 4944 370 4972 ‹‹
402 4923 643 4992 Jubete;
681 4944 707 4976 ν
743 4926 854 4997 ipsi
879 4924 1068 4983 multa
1096 4927 1369 5001 bonaque
1389 4935 1653 5003 tempora
1672 4949 1992 5004 apprecan-

338 5013 458 5067 tur.

2099 4583 2201 4635 τοῦ
2250 4562 2789 4654 στενούτρικλίνου,
2836 4574 2928 4631 καὶ
2976 4572 3254 4648 ἐξέρχεται
3301 4569 3353 4626 ἐν
3401 4572 3483 4641 τῷ
3533 4562 3775 4641 μεγάλῳ

2100 4666 2392 4743 τρικλίνῳ,
2478 4664 2530 4721 ἐν
2600 4667 2647 4740 ᾧ
2731 4665 2925 4739 ἀριστᾷ
2979 4667 3050 4738 τῇ
3107 4661 3248 4734 αύτῇ
3294 4658 3520 4743 θήμέρᾳ,
3573 4654 3773 4743 κάκεῖ-

2102 4741 2160 4813 σε
2210 4757 2379 4821 έστὼς
2426 4756 2540 4831 ἅμα
2592 4760 2712 4817 τοῖς
2744 4753 2976 4828 ἄρχουσι
3023 4755 3120 4807 τοῦ
3167 4742 3589 4812 κουὸουκλείου,
3617 4741 3770 4798 νεύει

2099 4851 2180 4920 τῷ
2235 4847 2605 4922 πραιποσίτῳ,
2654 4845 2904 4907 κάκεῖνος
2951 4846 3032 4915 τῷ
3093 4837 3373 4914 ὀστιαρίῳ,
3423 4835 3514 4890 καὶ
3554 4831 3768 4922 εἰσάγει

2100 4934 2421 5009 πατρικίους
2494 4933 2587 4991 καὶ
2662 4932 3018 5007 στρατηγοὺς,
3102 4929 3193 4985 καὶ
3275 4921 3769 5001 προσκυνησάητων

2100 5029 2180 5097 τῷ
2248 5022 2487 5099 βασιλεῖ,
2556 5021 2704 5099 λέγει
2772 5022 2801 5077 6
2862 5018 3246 5097 πραιπόσιτος’
3308 5040 3338 5068 ‹‹
3369 5010 3697 5072 Κελεύσατε.
3733 5034 3768 5063 »

341 5101 439 5157 Καὶ
493 5097 795 5173 ἐξελθόντες
861 5102 961 5174 ἔξω
1018 5113 1121 5177 τῆς
1167 5105 1353 5180 πύλης
1401 5106 1454 5164 οἵ
1498 5130 1559 5166 τε
1606 5111 1883 5186 πατρίκιοι
1942 5113 2033 5169 καὶ
2101 5114 2402 5193 στρατηγοὶ
2456 5116 2567 5189 ἅμα
2634 5118 2705 5189 τῇ
2777 5110 3091 5187 συγκλήτῳ,
3141 5107 3386 5166 ’ἵστανται
3452 5104 3597 5172 ἔνθεν
3663 5101 3768 5159 κά-

1693 5269 1937 5328 νΑΡιΙΑε
1977 5270 2391 5329 LECTIONES.

406 5380 451 5419 ⁴¹
483 5378 612 5441 τοὺς
640 5376 739 5436 πλ.
775 5383 865 5439 ed.
942 5384 988 5420 "
1015 5382 1214 5448 αὐτοὺς
1244 5388 1337 5444 ed.

1533 5513 1735 5573 JOAN.
1775 5517 1923 5572 JAC.
1958 5516 2223 5573 REISKII
2254 5515 2843 5573 COMMENTARIUS.

403 5634 689 5726 (‘25;Plost
713 5634 872 5726 lianc
915 5654 1108 5726 vocem
1139 5646 1265 5726 erat
1293 5643 1581 5726 podice
1609 5641 1902 5726 spatium,
1922 5646 1986 5699 ut

2094 5644 2224 5700 ludo
2254 5642 2697 5717 pespertinovel
2740 5641 3152 5717 pomeridiem.
3201 5640 3348 5717 Nam
3404 5637 3758 5717 plerumque

333 5712 469 5791 nota
490 5707 885 5791 distinctionis
911 5717 1145 5791 etnovaa
1167 5713 1554 5791 tractationis,
1568 5707 1985 5791 etinmargine
2092 5731 2196 5772 vox
2250 5710 2442 5784 δείλης
2473 5715 2700 5791 scripta
2740 5707 2874 5774 'erat
2919 5714 2982 5771 in
3039 5716 3147 5773 hoc
3192 5707 3540 5782 codice'per
3566 5707 3758 5781 gemi-

334 5777 634 5852 adscriptu
682 5786 873 5838 merat
905 5789 1037 5853 Δης,
1068 5782 1128 5840 id
1167 5791 1259 5840 est
1287 5779 1498 5852 δείλης,
1531 5777 1881 5842 οὔδει-νωιάᾶ
1920 5787 1983 5841 in
2091 5800 2234 5844 num
2257 5807 2315 5856 η.
