  <div class='ocr_page' id='page_1' title='image "/cluster/home/n/w/nwhite01/storage/ocr_20150623/112:no.1/coo.31924054870161/328.png"; bbox 0 0 4134 6378; ppageno 0'>
   <div class='ocr_carea' id='block_1_1' title="bbox 403 359 514 420">
    <p class='ocr_par' dir='ltr' id='par_1_1' title="bbox 403 359 514 420">
     <span class='ocr_line' id='line_1_1' title="bbox 403 359 514 420; baseline -0.018 0"><span class='ocrx_word' id='word_1_1' title='bbox 403 359 514 420; x_wconf 74' lang='lat' dir='ltr'>6H</span> 
     </span>
    </p>
   </div>
   <div class='ocr_carea' id='block_1_2' title="bbox 1277 349 2973 414">
    <p class='ocr_par' dir='ltr' id='par_1_2' title="bbox 1277 349 2973 414">
     <span class='ocr_line' id='line_1_2' title="bbox 1277 349 2973 414; baseline -0.001 0"><span class='ocrx_word' id='word_1_2' title='bbox 1277 353 1382 414; x_wconf 88' lang='lat' dir='ltr'><strong>DE</strong></span> <span class='ocrx_word' id='word_1_3' title='bbox 1424 349 1888 414; x_wconf 79' lang='lat' dir='ltr'><strong>CERIMONHS</strong></span> <span class='ocrx_word' id='word_1_4' title='bbox 1928 349 2162 412; x_wconf 69' lang='lat' dir='ltr'><strong>AULIE</strong></span> <span class='ocrx_word' id='word_1_5' title='bbox 2205 350 2684 412; x_wconf 75' lang='grc' dir='ltr'><strong>ΒΥΖΑΝΤΙΝιΕ</strong></span> <span class='ocrx_word' id='word_1_6' title='bbox 2723 353 2873 414; x_wconf 88' lang='lat' dir='ltr'><strong>LIB.</strong></span> <span class='ocrx_word' id='word_1_7' title='bbox 2923 357 2973 414; x_wconf 95' lang='grc' dir='ltr'><strong>Ι.</strong></span> 
     </span>
    </p>
   </div>
   <div class='ocr_carea' id='block_1_3' title="bbox 3710 365 3830 423">
    <p class='ocr_par' dir='ltr' id='par_1_3' title="bbox 3710 365 3830 423">
     <span class='ocr_line' id='line_1_3' title="bbox 3710 365 3830 423; baseline 0 -1"><span class='ocrx_word' id='word_1_8' title='bbox 3710 365 3830 423; x_wconf 66' lang='lat'>662</span> 
     </span>
    </p>
   </div>
   <div class='ocr_carea' id='block_1_4' title="bbox 411 482 3827 563">
    <p class='ocr_par' dir='ltr' id='par_1_4' title="bbox 411 482 3827 563">
     <span class='ocr_line' id='line_1_4' title="bbox 411 482 3827 563; baseline 0.008 -41"><span class='ocrx_word' id='word_1_9' title='bbox 411 501 590 552; x_wconf 59' lang='grc' dir='ltr'><strong>κεῖσε.</strong></span> <span class='ocrx_word' id='word_1_10' title='bbox 627 489 856 555; x_wconf 67' lang='grc' dir='ltr'><strong>στάντος</strong></span> <span class='ocrx_word' id='word_1_11' title='bbox 885 487 944 545; x_wconf 60' lang='grc' dir='ltr'><strong>δὲ</strong></span> <span class='ocrx_word' id='word_1_12' title='bbox 971 489 1062 544; x_wconf 75' lang='grc' dir='ltr'>καὶ</span> <span class='ocrx_word' id='word_1_13' title='bbox 1089 492 1188 544; x_wconf 70' lang='grc' dir='ltr'><strong>τοῦ</strong></span> <span class='ocrx_word' id='word_1_14' title='bbox 1231 487 1504 563; x_wconf 67' lang='grc' dir='ltr'><strong>βασιλέως</strong></span> <span class='ocrx_word' id='word_1_15' title='bbox 1537 485 1588 542; x_wconf 76' lang='grc' dir='ltr'><strong>ἐν</strong></span> <span class='ocrx_word' id='word_1_16' title='bbox 1615 490 1684 560; x_wconf 81' lang='grc' dir='ltr'>τῇ</span> <span class='ocrx_word' id='word_1_17' title='bbox 1717 484 1890 562; x_wconf 76' lang='grc' dir='ltr'>πύλῃ,</span> <span class='ocrx_word' id='word_1_18' title='bbox 1924 483 2214 542; x_wconf 77' lang='grc' dir='ltr'>πίπτουσιν</span> <span class='ocrx_word' id='word_1_19' title='bbox 2243 485 2296 540; x_wconf 78' lang='grc' dir='ltr'><strong>οἱ</strong></span> <span class='ocrx_word' id='word_1_20' title='bbox 2345 488 2738 560; x_wconf 71' lang='grc' dir='ltr'><strong>προειρημένοι</strong></span> <span class='ocrx_word' id='word_1_21' title='bbox 2784 482 3036 558; x_wconf 80' lang='grc' dir='ltr'>ἅπαντες,</span> <span class='ocrx_word' id='word_1_22' title='bbox 3067 487 3155 542; x_wconf 87' lang='grc' dir='ltr'>καὶ</span> <span class='ocrx_word' id='word_1_23' title='bbox 3207 489 3568 560; x_wconf 76' lang='grc' dir='ltr'>ἀναστάντων,</span> <span class='ocrx_word' id='word_1_24' title='bbox 3611 493 3752 550; x_wconf 77' lang='grc' dir='ltr'>νεύει</span> <span class='ocrx_word' id='word_1_25' title='bbox 3801 496 3827 548; x_wconf 99' lang='lat'><strong>6</strong></span> 
     </span>
    </p>
   </div>
   <div class='ocr_carea' id='block_1_5' title="bbox 415 574 3094 660">
    <p class='ocr_par' dir='ltr' id='par_1_5' title="bbox 415 574 3094 660">
     <span class='ocr_line' id='line_1_5' title="bbox 415 574 3094 660; baseline -0.003 -19"><span class='ocrx_word' id='word_1_26' title='bbox 415 581 771 660; x_wconf 85' lang='grc' dir='ltr'><strong>πραιπόσιτος</strong></span> <span class='ocrx_word' id='word_1_27' title='bbox 819 580 929 636; x_wconf 82' lang='grc' dir='ltr'>άπὸ</span> <span class='ocrx_word' id='word_1_28' title='bbox 969 577 1267 640; x_wconf 70' lang='grc' dir='ltr'>κελεύσεως</span> <span class='ocrx_word' id='word_1_29' title='bbox 1305 581 1384 650; x_wconf 79' lang='grc' dir='ltr'><strong>τῷ</strong></span> <span class='ocrx_word' id='word_1_30' title='bbox 1435 585 1537 648; x_wconf 85' lang='grc' dir='ltr'><strong>τῆς</strong></span> <span class='ocrx_word' id='word_1_31' title='bbox 1596 577 1998 646; x_wconf 74' lang='grc' dir='ltr'><strong>καταστάσεως,</strong></span> <span class='ocrx_word' id='word_1_32' title='bbox 2035 575 2126 630; x_wconf 86' lang='grc' dir='ltr'>καὶ</span> <span class='ocrx_word' id='word_1_33' title='bbox 2179 574 2352 650; x_wconf 75' lang='grc' dir='ltr'>λέγει’</span> <span class='ocrx_word' id='word_1_34' title='bbox 2387 599 2414 628; x_wconf 86' lang='grc'><strong>‹‹</strong></span> <span class='ocrx_word' id='word_1_35' title='bbox 2457 575 2788 632; x_wconf 78' lang='grc' dir='ltr'>Κελεύσατε’</span> <span class='ocrx_word' id='word_1_36' title='bbox 2833 576 2990 632; x_wconf 80' lang='grc' dir='ltr'>αὐτοὶ</span> <span class='ocrx_word' id='word_1_37' title='bbox 3037 575 3094 632; x_wconf 74' lang='grc' dir='ltr'><strong>δὲ</strong></span> 
     </span>
    </p>
   </div>
   <div class='ocr_carea' id='block_1_6' title="bbox 419 668 1406 746">
    <p class='ocr_par' dir='ltr' id='par_1_6' title="bbox 419 668 1406 746">
     <span class='ocr_line' id='line_1_6' title="bbox 419 668 1406 746; baseline -0.01 -15"><span class='ocrx_word' id='word_1_38' title='bbox 419 671 656 734; x_wconf 71' lang='grc' dir='ltr'>πολλοὺς</span> <span class='ocrx_word' id='word_1_39' title='bbox 684 670 778 726; x_wconf 81' lang='grc' dir='ltr'><strong>καὶ</strong></span> <span class='ocrx_word' id='word_1_40' title='bbox 821 668 1058 746; x_wconf 77' lang='grc' dir='ltr'>ἀγαθοὺς</span> <span class='ocrx_word' id='word_1_41' title='bbox 1092 670 1350 744; x_wconf 78' lang='grc' dir='ltr'><strong>γρόνους.</strong></span> <span class='ocrx_word' id='word_1_42' title='bbox 1379 691 1406 720; x_wconf 73' lang='grc' dir='ltr'><strong>υ</strong></span> 
     </span>
    </p>
   </div>
   <div class='ocr_carea' id='block_1_7' title="bbox 488 757 1142 835">
    <p class='ocr_par' dir='ltr' id='par_1_7' title="bbox 488 757 1142 835">
     <span class='ocr_line' id='line_1_7' title="bbox 488 757 1142 835; baseline -0.006 -17"><span class='ocrx_word' id='word_1_43' title='bbox 488 765 548 835; x_wconf 81' lang='grc' dir='ltr'><strong>ζ’.</strong></span> <span class='ocrx_word' id='word_1_44' title='bbox 597 761 702 820; x_wconf 82' lang='grc' dir='ltr'><strong>Καὶ</strong></span> <span class='ocrx_word' id='word_1_45' title='bbox 787 760 888 816; x_wconf 81' lang='grc' dir='ltr'><strong>εἶθ’</strong></span> <span class='ocrx_word' id='word_1_46' title='bbox 969 757 1142 820; x_wconf 72' lang='grc' dir='ltr'>οὕτως</span> 
     </span>
    </p>
   </div>
   <div class='ocr_carea' id='block_1_8' title="bbox 415 846 2064 933">
    <p class='ocr_par' dir='ltr' id='par_1_8' title="bbox 415 846 2064 933">
     <span class='ocr_line' id='line_1_8' title="bbox 415 846 2064 933; baseline -0.005 -24"><span class='ocrx_word' id='word_1_47' title='bbox 415 850 680 933; x_wconf 77' lang='grc' dir='ltr'>χλανίδος</span> <span class='ocrx_word' id='word_1_48' title='bbox 707 851 808 906; x_wconf 75' lang='grc' dir='ltr'>τοῦ</span> <span class='ocrx_word' id='word_1_49' title='bbox 840 846 1110 924; x_wconf 74' lang='grc' dir='ltr'><strong>βασιλέως</strong></span> <span class='ocrx_word' id='word_1_50' title='bbox 1142 849 1171 903; x_wconf 90' lang='lat'><strong>6</strong></span> <span class='ocrx_word' id='word_1_51' title='bbox 1207 855 1306 918; x_wconf 81' lang='grc' dir='ltr'><strong>τῆς</strong></span> <span class='ocrx_word' id='word_1_52' title='bbox 1347 849 1725 912; x_wconf 77' lang='grc' dir='ltr'><strong>καταστάσεως</strong></span> <span class='ocrx_word' id='word_1_53' title='bbox 1765 846 1855 902; x_wconf 84' lang='grc' dir='ltr'>καὶ</span> <span class='ocrx_word' id='word_1_54' title='bbox 1900 847 2064 916; x_wconf 72' lang='grc' dir='ltr'>ποιή-</span> 
     </span>
    </p>
   </div>
   <div class='ocr_carea' id='block_1_9' title="bbox 411 932 2066 1014">
    <p class='ocr_par' dir='ltr' id='par_1_9' title="bbox 411 932 2066 1014">
     <span class='ocr_line' id='line_1_9' title="bbox 411 932 2066 1014; baseline -0.005 -17"><span class='ocrx_word' id='word_1_55' title='bbox 411 932 506 1005; x_wconf 85' lang='grc' dir='ltr'><strong>σας</strong></span> <span class='ocrx_word' id='word_1_56' title='bbox 587 937 910 1014; x_wconf 78' lang='grc' dir='ltr'>ῥωσθέλιον,</span> <span class='ocrx_word' id='word_1_57' title='bbox 957 933 1202 992; x_wconf 72' lang='grc' dir='ltr'>ἆπιδιδοῖ</span> <span class='ocrx_word' id='word_1_58' title='bbox 1275 941 1356 1010; x_wconf 80' lang='grc' dir='ltr'><strong>τῷ</strong></span> <span class='ocrx_word' id='word_1_59' title='bbox 1427 935 1664 1011; x_wconf 81' lang='grc' dir='ltr'>βασιλεῖ.</span> <span class='ocrx_word' id='word_1_60' title='bbox 1727 937 1861 992; x_wconf 76' lang='grc' dir='ltr'><strong>Εἶτα</strong></span> <span class='ocrx_word' id='word_1_61' title='bbox 1926 932 2066 989; x_wconf 81' lang='grc' dir='ltr'>ἐκεῖ·</span> 
     </span>
    </p>
   </div>
   <div class='ocr_carea' id='block_1_10' title="bbox 409 1023 2064 1104">
    <p class='ocr_par' dir='ltr' id='par_1_10' title="bbox 409 1023 2064 1104">
     <span class='ocr_line' id='line_1_10' title="bbox 409 1023 2064 1104; baseline -0.006 -18"><span class='ocrx_word' id='word_1_62' title='bbox 409 1033 496 1086; x_wconf 81' lang='grc' dir='ltr'>Οεν</span> <span class='ocrx_word' id='word_1_63' title='bbox 565 1025 994 1104; x_wconf 83' lang='grc' dir='ltr'>δηριγευόμενος</span> <span class='ocrx_word' id='word_1_64' title='bbox 1041 1027 1069 1081; x_wconf 90' lang='lat'><strong>6</strong></span> <span class='ocrx_word' id='word_1_65' title='bbox 1131 1024 1384 1102; x_wconf 77' lang='grc' dir='ltr'>βασιλεὺς</span> <span class='ocrx_word' id='word_1_66' title='bbox 1451 1024 1555 1080; x_wconf 84' lang='grc' dir='ltr'><strong>ὑπὸ</strong></span> <span class='ocrx_word' id='word_1_67' title='bbox 1611 1029 1718 1080; x_wconf 86' lang='grc' dir='ltr'>τῶν</span> <span class='ocrx_word' id='word_1_68' title='bbox 1779 1023 2064 1100; x_wconf 80' lang='grc' dir='ltr'>ἀρχόντων</span> 
     </span>
    </p>
   </div>
   <div class='ocr_carea' id='block_1_11' title="bbox 407 1113 2066 1189">
    <p class='ocr_par' dir='ltr' id='par_1_11' title="bbox 407 1113 2066 1189">
     <span class='ocr_line' id='line_1_11' title="bbox 407 1113 2066 1189; baseline -0.007 -14"><span class='ocrx_word' id='word_1_69' title='bbox 407 1124 508 1176; x_wconf 71' lang='grc' dir='ltr'>τοῦ</span> <span class='ocrx_word' id='word_1_70' title='bbox 584 1113 1004 1184; x_wconf 75' lang='grc' dir='ltr'>κοοϐουκλείου,</span> <span class='ocrx_word' id='word_1_71' title='bbox 1065 1113 1364 1189; x_wconf 74' lang='grc' dir='ltr'><strong>πατρικίων</strong></span> <span class='ocrx_word' id='word_1_72' title='bbox 1421 1135 1482 1169; x_wconf 85' lang='grc' dir='ltr'>τε</span> <span class='ocrx_word' id='word_1_73' title='bbox 1545 1113 1636 1170; x_wconf 80' lang='grc' dir='ltr'><strong>καὶ</strong></span> <span class='ocrx_word' id='word_1_74' title='bbox 1721 1115 2066 1188; x_wconf 72' lang='grc' dir='ltr'><strong>στρατηγῶν,</strong></span> 
     </span>
    </p>
   </div>
   <div class='ocr_carea' id='block_1_12' title="bbox 415 1203 2068 1282">
    <p class='ocr_par' dir='ltr' id='par_1_12' title="bbox 415 1203 2068 1282">
     <span class='ocr_line' id='line_1_12' title="bbox 415 1203 2068 1282; baseline -0.006 -18"><span class='ocrx_word' id='word_1_75' title='bbox 415 1209 708 1282; x_wconf 67' lang='grc' dir='ltr'><strong>ἀνέρχεται</strong></span> <span class='ocrx_word' id='word_1_76' title='bbox 765 1203 818 1260; x_wconf 85' lang='grc' dir='ltr'><strong>ἐν</strong></span> <span class='ocrx_word' id='word_1_77' title='bbox 867 1207 949 1276; x_wconf 77' lang='grc' dir='ltr'>τῷ</span> <span class='ocrx_word' id='word_1_78' title='bbox 1004 1205 1304 1278; x_wconf 82' lang='grc' dir='ltr'><strong>καθίσματι</strong></span> <span class='ocrx_word' id='word_1_79' title='bbox 1366 1203 1499 1276; x_wconf 81' lang='grc' dir='ltr'>μετὰ</span> <span class='ocrx_word' id='word_1_80' title='bbox 1575 1203 1756 1276; x_wconf 89' lang='grc' dir='ltr'>μόνων</span> <span class='ocrx_word' id='word_1_81' title='bbox 1815 1205 1922 1256; x_wconf 90' lang='grc' dir='ltr'><strong>τῶν</strong></span> <span class='ocrx_word' id='word_1_82' title='bbox 1971 1204 2068 1255; x_wconf 77' lang='grc' dir='ltr'>τοῦ</span> 
     </span>
    </p>
   </div>
   <div class='ocr_carea' id='block_1_13' title="bbox 413 1286 2066 1372">
    <p class='ocr_par' dir='ltr' id='par_1_13' title="bbox 413 1286 2066 1372">
     <span class='ocr_line' id='line_1_13' title="bbox 413 1286 2066 1372; baseline -0.005 -20"><span class='ocrx_word' id='word_1_83' title='bbox 413 1293 812 1352; x_wconf 70' lang='grc' dir='ltr'>κουϐουκλείου</span> <span class='ocrx_word' id='word_1_84' title='bbox 897 1293 1185 1372; x_wconf 74' lang='grc' dir='ltr'><strong>ἀρχόντων</strong></span> <span class='ocrx_word' id='word_1_85' title='bbox 1255 1292 1348 1348; x_wconf 83' lang='grc' dir='ltr'>καὶ</span> <span class='ocrx_word' id='word_1_86' title='bbox 1425 1289 1520 1346; x_wconf 75' lang='lat'><strong>6-50</strong></span> <span class='ocrx_word' id='word_1_87' title='bbox 1567 1286 1923 1369; x_wconf 77' lang='grc' dir='ltr'>μαγλαϐιτῶν</span> <span class='ocrx_word' id='word_1_88' title='bbox 1977 1289 2066 1344; x_wconf 77' lang='grc' dir='ltr'>καὶ</span> 
     </span>
    </p>
   </div>
   <div class='ocr_carea' id='block_1_14' title="bbox 421 1375 2070 1461">
    <p class='ocr_par' dir='ltr' id='par_1_14' title="bbox 421 1375 2070 1461">
     <span class='ocr_line' id='line_1_14' title="bbox 421 1375 2070 1461; baseline -0.007 -19"><span class='ocrx_word' id='word_1_89' title='bbox 421 1383 730 1461; x_wconf 78' lang='grc' dir='ltr'><strong>σπαθαρίων</strong></span> <span class='ocrx_word' id='word_1_90' title='bbox 786 1383 1161 1458; x_wconf 83' lang='grc' dir='ltr'><strong>βασταζόντων</strong></span> <span class='ocrx_word' id='word_1_91' title='bbox 1218 1378 1526 1456; x_wconf 71' lang='grc' dir='ltr'>διστράλια,</span> <span class='ocrx_word' id='word_1_92' title='bbox 1587 1381 1904 1459; x_wconf 71' lang='grc' dir='ltr'><strong>φορούντων</strong></span> <span class='ocrx_word' id='word_1_93' title='bbox 1981 1375 2070 1432; x_wconf 81' lang='grc' dir='ltr'>καί</span> 
     </span>
    </p>
   </div>
   <div class='ocr_carea' id='block_1_15' title="bbox 424 1467 2072 1542">
    <p class='ocr_par' dir='ltr' id='par_1_15' title="bbox 424 1467 2072 1542">
     <span class='ocr_line' id='line_1_15' title="bbox 424 1467 2072 1542; baseline -0.005 -11"><span class='ocrx_word' id='word_1_94' title='bbox 424 1477 492 1532; x_wconf 76' lang='grc' dir='ltr'>τὰ</span> <span class='ocrx_word' id='word_1_95' title='bbox 549 1473 748 1539; x_wconf 80' lang='grc' dir='ltr'><strong>σπαθία</strong></span> <span class='ocrx_word' id='word_1_96' title='bbox 801 1471 995 1541; x_wconf 79' lang='grc' dir='ltr'>αὐτῶν,</span> <span class='ocrx_word' id='word_1_97' title='bbox 1057 1471 1132 1533; x_wconf 80' lang='grc' dir='ltr'><strong>ὡς</strong></span> <span class='ocrx_word' id='word_1_98' title='bbox 1189 1469 1242 1526; x_wconf 72' lang='grc' dir='ltr'><strong>ἐν</strong></span> <span class='ocrx_word' id='word_1_99' title='bbox 1316 1471 1526 1542; x_wconf 72' lang='grc' dir='ltr'><strong>ἑκάστῳ</strong></span> <span class='ocrx_word' id='word_1_100' title='bbox 1592 1471 1826 1542; x_wconf 73' lang='grc' dir='ltr'>ἱππικῷ.</span> <span class='ocrx_word' id='word_1_101' title='bbox 1879 1467 2072 1526; x_wconf 80' lang='grc' dir='ltr'>Ἀνελο</span> 
     </span>
    </p>
   </div>
   <div class='ocr_carea' id='block_1_16' title="bbox 423 1557 2072 1638">
    <p class='ocr_par' dir='ltr' id='par_1_16' title="bbox 423 1557 2072 1638">
     <span class='ocr_line' id='line_1_16' title="bbox 423 1557 2072 1638; baseline -0.005 -18"><span class='ocrx_word' id='word_1_102' title='bbox 423 1567 529 1630; x_wconf 81' lang='grc' dir='ltr'>θῶν</span> <span class='ocrx_word' id='word_1_103' title='bbox 570 1561 626 1619; x_wconf 77' lang='grc' dir='ltr'>δὲ</span> <span class='ocrx_word' id='word_1_104' title='bbox 655 1562 710 1619; x_wconf 81' lang='grc' dir='ltr'>ἐν</span> <span class='ocrx_word' id='word_1_105' title='bbox 757 1566 838 1634; x_wconf 79' lang='grc' dir='ltr'><strong>τῷ</strong></span> <span class='ocrx_word' id='word_1_106' title='bbox 887 1562 1090 1634; x_wconf 83' lang='grc' dir='ltr'>σὲντζῳ</span> <span class='ocrx_word' id='word_1_107' title='bbox 1121 1561 1149 1615; x_wconf 89' lang='lat'><strong>6</strong></span> <span class='ocrx_word' id='word_1_108' title='bbox 1185 1559 1439 1636; x_wconf 72' lang='grc' dir='ltr'>βασιλεὺς</span> <span class='ocrx_word' id='word_1_109' title='bbox 1485 1560 1576 1614; x_wconf 84' lang='grc' dir='ltr'><strong>καὶ</strong></span> <span class='ocrx_word' id='word_1_110' title='bbox 1633 1559 1930 1638; x_wconf 68' lang='grc' dir='ltr'><strong>σφραγίσας</strong></span> <span class='ocrx_word' id='word_1_111' title='bbox 1979 1557 2072 1612; x_wconf 84' lang='grc' dir='ltr'><strong>τὸν</strong></span> 
     </span>
    </p>
   </div>
   <div class='ocr_carea' id='block_1_17' title="bbox 420 1645 2077 1728">
    <p class='ocr_par' dir='ltr' id='par_1_17' title="bbox 420 1645 2077 1728">
     <span class='ocr_line' id='line_1_17' title="bbox 420 1645 2077 1728; baseline -0.007 -16"><span class='ocrx_word' id='word_1_112' title='bbox 420 1654 552 1712; x_wconf 81' lang='grc' dir='ltr'>λαὸν</span> <span class='ocrx_word' id='word_1_113' title='bbox 603 1655 668 1709; x_wconf 48' lang='lat' dir='ltr'><strong>is:</strong></span> <span class='ocrx_word' id='word_1_114' title='bbox 720 1651 931 1728; x_wconf 78' lang='grc' dir='ltr'><strong>τρίτου,</strong></span> <span class='ocrx_word' id='word_1_115' title='bbox 987 1650 1293 1720; x_wconf 82' lang='grc' dir='ltr'><strong>καθέζεται,</strong></span> <span class='ocrx_word' id='word_1_116' title='bbox 1325 1651 1414 1704; x_wconf 79' lang='grc' dir='ltr'><strong>καὶ</strong></span> <span class='ocrx_word' id='word_1_117' title='bbox 1480 1649 1614 1724; x_wconf 86' lang='grc' dir='ltr'>μετὰ</span> <span class='ocrx_word' id='word_1_118' title='bbox 1660 1649 1758 1716; x_wconf 71' lang='grc' dir='ltr'><strong>τὴν</strong></span> <span class='ocrx_word' id='word_1_119' title='bbox 1817 1645 2077 1720; x_wconf 74' lang='grc' dir='ltr'><strong>συμπλή-</strong></span> 
     </span>
    </p>
   </div>
   <div class='ocr_carea' id='block_1_18' title="bbox 421 1735 2076 1820">
    <p class='ocr_par' dir='ltr' id='par_1_18' title="bbox 421 1735 2076 1820">
     <span class='ocr_line' id='line_1_18' title="bbox 421 1735 2076 1820; baseline -0.005 -21"><span class='ocrx_word' id='word_1_120' title='bbox 421 1765 588 1820; x_wconf 89' lang='grc' dir='ltr'>ρωσιν</span> <span class='ocrx_word' id='word_1_121' title='bbox 643 1749 744 1812; x_wconf 85' lang='grc' dir='ltr'><strong>τῆς</strong></span> <span class='ocrx_word' id='word_1_122' title='bbox 795 1740 1077 1818; x_wconf 77' lang='grc' dir='ltr'><strong>εὐφημίας</strong></span> <span class='ocrx_word' id='word_1_123' title='bbox 1123 1737 1399 1818; x_wconf 77' lang='grc' dir='ltr'>ἐξέρχεται</span> <span class='ocrx_word' id='word_1_124' title='bbox 1461 1739 1490 1794; x_wconf 93' lang='lat'><strong>6</strong></span> <span class='ocrx_word' id='word_1_125' title='bbox 1537 1737 1900 1813; x_wconf 80' lang='grc' dir='ltr'><strong>πραιπόσιτος</strong></span> <span class='ocrx_word' id='word_1_126' title='bbox 1969 1735 2076 1790; x_wconf 83' lang='grc' dir='ltr'><strong>ἀπὸ</strong></span> 
     </span>
    </p>
   </div>
   <div class='ocr_carea' id='block_1_19' title="bbox 423 1827 2078 1902">
    <p class='ocr_par' dir='ltr' id='par_1_19' title="bbox 423 1827 2078 1902">
     <span class='ocr_line' id='line_1_19' title="bbox 423 1827 2078 1902; baseline -0.006 -13"><span class='ocrx_word' id='word_1_127' title='bbox 423 1831 744 1898; x_wconf 75' lang='grc' dir='ltr'>κελεύσεως,</span> <span class='ocrx_word' id='word_1_128' title='bbox 775 1830 870 1886; x_wconf 80' lang='grc' dir='ltr'>καὶ</span> <span class='ocrx_word' id='word_1_129' title='bbox 925 1829 1064 1884; x_wconf 72' lang='grc' dir='ltr'>νεύει</span> <span class='ocrx_word' id='word_1_130' title='bbox 1120 1835 1239 1891; x_wconf 73' lang='grc' dir='ltr'>τοῖς</span> <span class='ocrx_word' id='word_1_131' title='bbox 1295 1849 1354 1883; x_wconf 86' lang='grc' dir='ltr'>τε</span> <span class='ocrx_word' id='word_1_132' title='bbox 1411 1827 1722 1902; x_wconf 78' lang='grc' dir='ltr'><strong>πατρικίοις</strong></span> <span class='ocrx_word' id='word_1_133' title='bbox 1759 1827 1849 1882; x_wconf 80' lang='grc' dir='ltr'>καὶ</span> <span class='ocrx_word' id='word_1_134' title='bbox 1881 1843 2078 1899; x_wconf 88' lang='grc' dir='ltr'><strong>στρατ-</strong></span> 
     </span>
    </p>
   </div>
   <div class='ocr_carea' id='block_1_20' title="bbox 418 1913 2077 1998">
    <p class='ocr_par' dir='ltr' id='par_1_20' title="bbox 418 1913 2077 1998">
     <span class='ocr_line' id='line_1_20' title="bbox 418 1913 2077 1998; baseline -0.006 -20"><span class='ocrx_word' id='word_1_135' title='bbox 418 1929 604 1998; x_wconf 81' lang='grc' dir='ltr'>ηγοῖς,</span> <span class='ocrx_word' id='word_1_136' title='bbox 681 1918 935 1984; x_wconf 78' lang='grc' dir='ltr'>άπελθεῖν</span> <span class='ocrx_word' id='word_1_137' title='bbox 1012 1915 1237 1974; x_wconf 78' lang='grc' dir='ltr'><strong>’ἑκαστον</strong></span> <span class='ocrx_word' id='word_1_138' title='bbox 1315 1917 1366 1972; x_wconf 83' lang='grc' dir='ltr'>ἐν</span> <span class='ocrx_word' id='word_1_139' title='bbox 1433 1921 1502 1992; x_wconf 78' lang='grc' dir='ltr'><strong>τῇ</strong></span> <span class='ocrx_word' id='word_1_140' title='bbox 1555 1917 1700 1988; x_wconf 79' lang='grc' dir='ltr'>τάξει</span> <span class='ocrx_word' id='word_1_141' title='bbox 1761 1914 1928 1971; x_wconf 71' lang='grc' dir='ltr'>κὺτοῦ</span> <span class='ocrx_word' id='word_1_142' title='bbox 1985 1913 2077 1968; x_wconf 83' lang='grc' dir='ltr'><strong>καὶ</strong></span> 
     </span>
    </p>
   </div>
   <div class='ocr_carea' id='block_1_21' title="bbox 413 2003 2078 2086">
    <p class='ocr_par' dir='ltr' id='par_1_21' title="bbox 413 2003 2078 2086">
     <span class='ocr_line' id='line_1_21' title="bbox 413 2003 2078 2086; baseline -0.006 -19"><span class='ocrx_word' id='word_1_143' title='bbox 413 2009 689 2086; x_wconf 66' lang='grc' dir='ltr'><strong>καθέδρᾳ·</strong></span> <span class='ocrx_word' id='word_1_144' title='bbox 748 2008 1106 2065; x_wconf 79' lang='grc' dir='ltr'><strong>τελεσθέντων</strong></span> <span class='ocrx_word' id='word_1_145' title='bbox 1175 2005 1236 2062; x_wconf 73' lang='grc' dir='ltr'>δὲ</span> <span class='ocrx_word' id='word_1_146' title='bbox 1294 2013 1404 2062; x_wconf 87' lang='grc' dir='ltr'><strong>τῶν</strong></span> <span class='ocrx_word' id='word_1_147' title='bbox 1451 2003 1496 2061; x_wconf 88' lang='grc' dir='ltr'>δ’</span> <span class='ocrx_word' id='word_1_148' title='bbox 1555 2003 1749 2082; x_wconf 76' lang='grc' dir='ltr'><strong>βαΐων,</strong></span> <span class='ocrx_word' id='word_1_149' title='bbox 1797 2004 2078 2058; x_wconf 81' lang='grc' dir='ltr'><strong>ἀνίσταται</strong></span> 
     </span>
    </p>
   </div>
   <div class='ocr_carea' id='block_1_22' title="bbox 3040 575 3083 594">
    <p class='ocr_par' dir='ltr' id='par_1_22' title="bbox 3040 575 3083 594">
     <span class='ocr_line' id='line_1_22' title="bbox 3040 575 3083 594; baseline 0 0"><span class='ocrx_word' id='word_1_150' title='bbox 3040 575 3083 594; x_wconf 60' lang='lat' dir='ltr'><strong>N‘</strong></span> 
     </span>
    </p>
   </div>
   <div class='ocr_carea' id='block_1_23' title="bbox 3649 586 3826 643">
    <p class='ocr_par' dir='ltr' id='par_1_23' title="bbox 3649 586 3826 643">
     <span class='ocr_line' id='line_1_23' title="bbox 3649 586 3826 643; baseline 0.011 -6"><span class='ocrx_word' id='word_1_151' title='bbox 3649 611 3676 638; x_wconf 71' lang='grc' dir='ltr'>ι(</span> <span class='ocrx_word' id='word_1_152' title='bbox 3729 586 3826 643; x_wconf 81' lang='grc' dir='ltr'><strong>Εἰς</strong></span> 
     </span>
    </p>
   </div>
   <div class='ocr_carea' id='block_1_24' title="bbox 3154 579 3593 657">
    <p class='ocr_par' dir='ltr' id='par_1_24' title="bbox 3154 579 3593 657">
     <span class='ocr_line' id='line_1_24' title="bbox 3154 579 3593 657; baseline 0.011 -24"><span class='ocrx_word' id='word_1_153' title='bbox 3154 579 3545 657; x_wconf 73' lang='grc' dir='ltr'>ὑπερεῦχονται</span> <span class='ocrx_word' id='word_1_154' title='bbox 3579 602 3593 615; x_wconf 70' lang='grc'><strong><em>⁵</em></strong></span> 
     </span>
    </p>
   </div>
   <div class='ocr_carea' id='block_1_25' title="bbox 1232 756 2089 834">
    <p class='ocr_par' dir='ltr' id='par_1_25' title="bbox 1232 756 2066 834">
     <span class='ocr_line' id='line_1_25' title="bbox 1232 756 2066 834; baseline -0.006 -20"><span class='ocrx_word' id='word_1_155' title='bbox 1232 759 1528 834; x_wconf 82' lang='grc' dir='ltr'><strong>κατασχὼν</strong></span> <span class='ocrx_word' id='word_1_156' title='bbox 1594 759 1656 814; x_wconf 88' lang='grc' dir='ltr'>τὸ</span> <span class='ocrx_word' id='word_1_157' title='bbox 1731 756 1894 832; x_wconf 75' lang='grc' dir='ltr'>ἄκρον</span> <span class='ocrx_word' id='word_1_158' title='bbox 1967 762 2066 826; x_wconf 78' lang='grc' dir='ltr'><strong>τῆς</strong></span> 
     </span>
    </p>
   </div>
   <div class='ocr_carea' id='block_1_26' title="bbox 2181 756 3826 834">
    <p class='ocr_par' dir='ltr' id='par_1_26' title="bbox 2249 757 3826 826">
     <span class='ocr_line' id='line_1_26' title="bbox 2249 757 3826 826; baseline 0.007 -13"><span class='ocrx_word' id='word_1_159' title='bbox 2249 757 2344 814; x_wconf 87' lang='lat' dir='ltr'><strong>VI.</strong></span> <span class='ocrx_word' id='word_1_160' title='bbox 2377 758 2508 815; x_wconf 84' lang='lat' dir='ltr'><strong>Mox</strong></span> <span class='ocrx_word' id='word_1_161' title='bbox 2545 759 3013 826; x_wconf 88' lang='lat' dir='ltr'><strong>cerimoniarius,</strong></span> <span class='ocrx_word' id='word_1_162' title='bbox 3045 759 3288 818; x_wconf 88' lang='lat' dir='ltr'><strong>collecta</strong></span> <span class='ocrx_word' id='word_1_163' title='bbox 3343 772 3598 822; x_wconf 78' lang='lat' dir='ltr'><strong>extrema</strong></span> <span class='ocrx_word' id='word_1_164' title='bbox 3630 767 3826 824; x_wconf 89' lang='lat' dir='ltr'><strong>tunica</strong></span> 
     </span>
    </p>
   </div>
   <div class='ocr_carea' id='block_1_27' title="bbox 2169 847 3824 926">
    <p class='ocr_par' dir='ltr' id='par_1_27' title="bbox 2169 847 3824 926">
     <span class='ocr_line' id='line_1_27' title="bbox 2169 847 3824 926; baseline 0.006 -23"><span class='ocrx_word' id='word_1_165' title='bbox 2169 847 2561 919; x_wconf 78' lang='lat' dir='ltr'><strong>imperatoris,</strong></span> <span class='ocrx_word' id='word_1_166' title='bbox 2613 848 3002 906; x_wconf 88' lang='lat' dir='ltr'><strong>rhosthelium</strong></span> <span class='ocrx_word' id='word_1_167' title='bbox 3045 849 3200 920; x_wconf 78' lang='lat' dir='ltr'><strong>facit,</strong></span> <span class='ocrx_word' id='word_1_168' title='bbox 3263 852 3436 924; x_wconf 84' lang='lat' dir='ltr'><strong>idque</strong></span> <span class='ocrx_word' id='word_1_169' title='bbox 3489 853 3824 926; x_wconf 84' lang='lat' dir='ltr'><strong>imperatori</strong></span> 
     </span>
    </p>
   </div>
   <div class='ocr_carea' id='block_1_28' title="bbox 2169 937 3824 1013">
    <p class='ocr_par' dir='ltr' id='par_1_28' title="bbox 2169 937 3824 1013">
     <span class='ocr_line' id='line_1_28' title="bbox 2169 937 3824 1013; baseline 0.005 -18"><span class='ocrx_word' id='word_1_170' title='bbox 2169 939 2367 995; x_wconf 80' lang='lat' dir='ltr'><strong>tradit.</strong></span> <span class='ocrx_word' id='word_1_171' title='bbox 2400 937 2509 1004; x_wconf 85' lang='lat' dir='ltr'><strong>Qui</strong></span> <span class='ocrx_word' id='word_1_172' title='bbox 2547 955 2582 994; x_wconf 88' lang='lat' dir='ltr'><strong>a</strong></span> <span class='ocrx_word' id='word_1_173' title='bbox 2615 939 2902 1011; x_wconf 63' lang='lat' dir='ltr'><strong>prafectis</strong></span> <span class='ocrx_word' id='word_1_174' title='bbox 2925 940 3218 1008; x_wconf 90' lang='lat' dir='ltr'><strong>cubiculo,</strong></span> <span class='ocrx_word' id='word_1_175' title='bbox 3244 942 3504 1013; x_wconf 89' lang='lat' dir='ltr'><strong>patriciis</strong></span> <span class='ocrx_word' id='word_1_176' title='bbox 3521 961 3586 1000; x_wconf 87' lang='lat' dir='ltr'><strong>ac</strong></span> <span class='ocrx_word' id='word_1_177' title='bbox 3621 951 3824 1003; x_wconf 87' lang='lat' dir='ltr'><strong>strate-</strong></span> 
     </span>
    </p>
   </div>
   <div class='ocr_carea' id='block_1_29' title="bbox 2170 1027 3824 1105">
    <p class='ocr_par' dir='ltr' id='par_1_29' title="bbox 2170 1027 3824 1105">
     <span class='ocr_line' id='line_1_29' title="bbox 2170 1027 3824 1105; baseline 0.007 -23"><span class='ocrx_word' id='word_1_178' title='bbox 2170 1027 2260 1099; x_wconf 91' lang='lat' dir='ltr'><strong>gis</strong></span> <span class='ocrx_word' id='word_1_179' title='bbox 2293 1027 2566 1096; x_wconf 87' lang='lat' dir='ltr'><strong>stipatus,</strong></span> <span class='ocrx_word' id='word_1_180' title='bbox 2598 1043 2733 1084; x_wconf 89' lang='lat' dir='ltr'><strong>cum</strong></span> <span class='ocrx_word' id='word_1_181' title='bbox 2765 1029 2906 1085; x_wconf 89' lang='lat' dir='ltr'><strong>solis</strong></span> <span class='ocrx_word' id='word_1_182' title='bbox 2939 1029 3211 1088; x_wconf 90' lang='lat' dir='ltr'><strong>cubiculo</strong></span> <span class='ocrx_word' id='word_1_183' title='bbox 3245 1033 3556 1105; x_wconf 67' lang='lat' dir='ltr'><strong>praefectis,</strong></span> <span class='ocrx_word' id='word_1_184' title='bbox 3590 1035 3824 1094; x_wconf 89' lang='lat' dir='ltr'><strong>duobus</strong></span> 
     </span>
    </p>
   </div>
   <div class='ocr_carea' id='block_1_30' title="bbox 2171 1115 3824 1196">
    <p class='ocr_par' dir='ltr' id='par_1_30' title="bbox 2171 1115 3824 1196">
     <span class='ocr_line' id='line_1_30' title="bbox 2171 1115 3824 1196; baseline 0.006 -24"><span class='ocrx_word' id='word_1_185' title='bbox 2171 1115 2544 1174; x_wconf 87' lang='lat' dir='ltr'><strong>manclavitis</strong></span> <span class='ocrx_word' id='word_1_186' title='bbox 2563 1127 2620 1174; x_wconf 86' lang='lat' dir='ltr'><strong>et</strong></span> <span class='ocrx_word' id='word_1_187' title='bbox 2636 1119 2954 1190; x_wconf 87' lang='lat' dir='ltr'><strong>spathariis</strong></span> <span class='ocrx_word' id='word_1_188' title='bbox 2972 1119 3632 1196; x_wconf 81' lang='lat' dir='ltr'><strong>dextraliaspathasque</strong></span> <span class='ocrx_word' id='word_1_189' title='bbox 3657 1142 3824 1194; x_wconf 87' lang='lat' dir='ltr'><strong>suas,</strong></span> 
     </span>
    </p>
   </div>
   <div class='ocr_carea' id='block_1_31' title="bbox 2171 1205 3822 1284">
    <p class='ocr_par' dir='ltr' id='par_1_31' title="bbox 2171 1205 3822 1284">
     <span class='ocr_line' id='line_1_31' title="bbox 2171 1205 3822 1284; baseline 0.006 -22"><span class='ocrx_word' id='word_1_190' title='bbox 2171 1205 2324 1262; x_wconf 84' lang='lat' dir='ltr'><strong>utin</strong></span> <span class='ocrx_word' id='word_1_191' title='bbox 2355 1208 2644 1264; x_wconf 86' lang='lat' dir='ltr'><strong>omnibus</strong></span> <span class='ocrx_word' id='word_1_192' title='bbox 2701 1209 3132 1265; x_wconf 80' lang='lat' dir='ltr'><strong>certaminibus</strong></span> <span class='ocrx_word' id='word_1_193' title='bbox 3191 1211 3564 1282; x_wconf 80' lang='lat' dir='ltr'><strong>equestribus</strong></span> <span class='ocrx_word' id='word_1_194' title='bbox 3610 1214 3822 1284; x_wconf 86' lang='lat' dir='ltr'><strong>solent,</strong></span> 
     </span>
    </p>
   </div>
   <div class='ocr_carea' id='block_1_32' title="bbox 2171 1296 3826 1366">
    <p class='ocr_par' dir='ltr' id='par_1_32' title="bbox 2171 1296 3826 1366">
     <span class='ocr_line' id='line_1_32' title="bbox 2171 1296 3826 1366; baseline 0.008 -17"><span class='ocrx_word' id='word_1_195' title='bbox 2171 1296 2562 1366; x_wconf 83' lang='lat' dir='ltr'><strong>gestantibus,</strong></span> <span class='ocrx_word' id='word_1_196' title='bbox 2620 1298 2690 1353; x_wconf 91' lang='lat' dir='ltr'><strong>ad</strong></span> <span class='ocrx_word' id='word_1_197' title='bbox 2743 1314 3084 1355; x_wconf 87' lang='lat' dir='ltr'><strong>consessum</strong></span> <span class='ocrx_word' id='word_1_198' title='bbox 3119 1315 3292 1355; x_wconf 91' lang='lat' dir='ltr'><strong>suum</strong></span> <span class='ocrx_word' id='word_1_199' title='bbox 3339 1303 3624 1360; x_wconf 87' lang='lat' dir='ltr'><strong>ascendit.</strong></span> <span class='ocrx_word' id='word_1_200' title='bbox 3668 1305 3826 1362; x_wconf 89' lang='lat' dir='ltr'><strong>Con-</strong></span> 
     </span>
    </p>
   </div>
   <div class='ocr_carea' id='block_1_33' title="bbox 2171 1386 3822 1464">
    <p class='ocr_par' dir='ltr' id='par_1_33' title="bbox 2171 1386 3822 1464">
     <span class='ocr_line' id='line_1_33' title="bbox 2171 1386 3822 1464; baseline 0.007 -25"><span class='ocrx_word' id='word_1_201' title='bbox 2171 1399 2378 1440; x_wconf 87' lang='lat' dir='ltr'><strong>scenso</strong></span> <span class='ocrx_word' id='word_1_202' title='bbox 2410 1401 2542 1441; x_wconf 89' lang='lat' dir='ltr'><strong>vero</strong></span> <span class='ocrx_word' id='word_1_203' title='bbox 2593 1386 2828 1454; x_wconf 86' lang='lat' dir='ltr'><strong>throno,</strong></span> <span class='ocrx_word' id='word_1_204' title='bbox 2860 1391 3066 1459; x_wconf 86' lang='lat' dir='ltr'><strong>terque</strong></span> <span class='ocrx_word' id='word_1_205' title='bbox 3100 1389 3315 1461; x_wconf 84' lang='lat' dir='ltr'><strong>papulo</strong></span> <span class='ocrx_word' id='word_1_206' title='bbox 3351 1391 3602 1462; x_wconf 83' lang='lat' dir='ltr'><strong>signato,</strong></span> <span class='ocrx_word' id='word_1_207' title='bbox 3636 1395 3822 1464; x_wconf 86' lang='lat' dir='ltr'><strong>sedet,</strong></span> 
     </span>
    </p>
   </div>
   <div class='ocr_carea' id='block_1_34' title="bbox 2171 1473 3828 1554">
    <p class='ocr_par' dir='ltr' id='par_1_34' title="bbox 2171 1473 3828 1554">
     <span class='ocr_line' id='line_1_34' title="bbox 2171 1473 3828 1554; baseline 0.007 -26"><span class='ocrx_word' id='word_1_208' title='bbox 2171 1477 2250 1542; x_wconf 86' lang='lat' dir='ltr'><strong>et,</strong></span> <span class='ocrx_word' id='word_1_209' title='bbox 2273 1473 2694 1532; x_wconf 79' lang='lat' dir='ltr'><strong>acclamatione</strong></span> <span class='ocrx_word' id='word_1_210' title='bbox 2715 1473 2905 1544; x_wconf 87' lang='lat' dir='ltr'><strong>ﬁnita,</strong></span> <span class='ocrx_word' id='word_1_211' title='bbox 2925 1477 3274 1549; x_wconf 72' lang='lat' dir='ltr'><strong>praepositus</strong></span> <span class='ocrx_word' id='word_1_212' title='bbox 3304 1495 3338 1535; x_wconf 90' lang='lat' dir='ltr'><strong>a</strong></span> <span class='ocrx_word' id='word_1_213' title='bbox 3371 1481 3646 1537; x_wconf 87' lang='lat' dir='ltr'><strong>mandato</strong></span> <span class='ocrx_word' id='word_1_214' title='bbox 3667 1497 3828 1554; x_wconf 81' lang='lat' dir='ltr'><strong>egre-</strong></span> 
     </span>
    </p>
   </div>
   <div class='ocr_carea' id='block_1_35' title="bbox 2175 1563 3826 1639">
    <p class='ocr_par' dir='ltr' id='par_1_35' title="bbox 2175 1563 3826 1639">
     <span class='ocr_line' id='line_1_35' title="bbox 2175 1563 3826 1639; baseline 0.007 -23"><span class='ocrx_word' id='word_1_215' title='bbox 2175 1563 2356 1628; x_wconf 85' lang='lat' dir='ltr'><strong>ditur,</strong></span> <span class='ocrx_word' id='word_1_216' title='bbox 2378 1563 2636 1634; x_wconf 89' lang='lat' dir='ltr'><strong>patriciis</strong></span> <span class='ocrx_word' id='word_1_217' title='bbox 2667 1569 2726 1621; x_wconf 90' lang='lat' dir='ltr'><strong>et</strong></span> <span class='ocrx_word' id='word_1_218' title='bbox 2755 1565 3028 1636; x_wconf 86' lang='lat' dir='ltr'><strong>strategis</strong></span> <span class='ocrx_word' id='word_1_219' title='bbox 3059 1565 3297 1639; x_wconf 89' lang='lat' dir='ltr'><strong>signum</strong></span> <span class='ocrx_word' id='word_1_220' title='bbox 3327 1568 3444 1634; x_wconf 86' lang='lat' dir='ltr'><strong>dat,</strong></span> <span class='ocrx_word' id='word_1_221' title='bbox 3471 1575 3534 1626; x_wconf 87' lang='lat' dir='ltr'><strong>ut</strong></span> <span class='ocrx_word' id='word_1_222' title='bbox 3565 1572 3640 1626; x_wconf 89' lang='lat' dir='ltr'><strong>ad</strong></span> <span class='ocrx_word' id='word_1_223' title='bbox 3664 1573 3826 1630; x_wconf 86' lang='lat' dir='ltr'><strong>ordi-</strong></span> 
     </span>
    </p>
   </div>
   <div class='ocr_carea' id='block_1_36' title="bbox 2171 1649 3827 1728">
    <p class='ocr_par' dir='ltr' id='par_1_36' title="bbox 2171 1649 3827 1728">
     <span class='ocr_line' id='line_1_36' title="bbox 2171 1649 3827 1728; baseline 0.008 -23"><span class='ocrx_word' id='word_1_224' title='bbox 2171 1666 2306 1707; x_wconf 87' lang='lat' dir='ltr'><strong>nem</strong></span> <span class='ocrx_word' id='word_1_225' title='bbox 2336 1649 2648 1724; x_wconf 89' lang='lat' dir='ltr'><strong>locumque</strong></span> <span class='ocrx_word' id='word_1_226' title='bbox 2680 1669 2855 1709; x_wconf 89' lang='lat' dir='ltr'><strong>suum</strong></span> <span class='ocrx_word' id='word_1_227' title='bbox 2889 1653 3108 1726; x_wconf 86' lang='lat' dir='ltr'><strong>singuli</strong></span> <span class='ocrx_word' id='word_1_228' title='bbox 3137 1671 3200 1710; x_wconf 90' lang='lat' dir='ltr'><strong>se</strong></span> <span class='ocrx_word' id='word_1_229' title='bbox 3233 1657 3534 1728; x_wconf 82' lang='lat' dir='ltr'><strong>recipiant.</strong></span> <span class='ocrx_word' id='word_1_230' title='bbox 3567 1661 3827 1724; x_wconf 84' lang='lat' dir='ltr'><strong>Quatuor</strong></span> 
     </span>
    </p>
   </div>
   <div class='ocr_carea' id='block_1_37' title="bbox 2175 1739 3824 1822">
    <p class='ocr_par' dir='ltr' id='par_1_37' title="bbox 2175 1739 3824 1822">
     <span class='ocr_line' id='line_1_37' title="bbox 2175 1739 3824 1822; baseline 0.007 -26"><span class='ocrx_word' id='word_1_231' title='bbox 2175 1739 2386 1811; x_wconf 87' lang='lat' dir='ltr'><strong>palmis</strong></span> <span class='ocrx_word' id='word_1_232' title='bbox 2407 1740 2738 1807; x_wconf 86' lang='lat' dir='ltr'><strong>celebratis,</strong></span> <span class='ocrx_word' id='word_1_233' title='bbox 2761 1741 3082 1814; x_wconf 85' lang='lat' dir='ltr'><strong>imperator</strong></span> <span class='ocrx_word' id='word_1_234' title='bbox 3112 1761 3146 1800; x_wconf 90' lang='lat' dir='ltr'><strong>a</strong></span> <span class='ocrx_word' id='word_1_235' title='bbox 3167 1744 3380 1802; x_wconf 87' lang='lat' dir='ltr'><strong>throno</strong></span> <span class='ocrx_word' id='word_1_236' title='bbox 3404 1748 3613 1819; x_wconf 83' lang='lat' dir='ltr'><strong>surgit,</strong></span> <span class='ocrx_word' id='word_1_237' title='bbox 3641 1759 3696 1806; x_wconf 89' lang='lat' dir='ltr'><strong>et</strong></span> <span class='ocrx_word' id='word_1_238' title='bbox 3719 1768 3824 1822; x_wconf 86' lang='lat' dir='ltr'><strong>pa-</strong></span> 
     </span>
    </p>
   </div>
   <div class='ocr_carea' id='block_1_38' title="bbox 2173 1829 3824 1908">
    <p class='ocr_par' dir='ltr' id='par_1_38' title="bbox 2173 1829 3824 1908">
     <span class='ocr_line' id='line_1_38' title="bbox 2173 1829 3824 1908; baseline 0.007 -24"><span class='ocrx_word' id='word_1_239' title='bbox 2173 1829 2360 1886; x_wconf 88' lang='lat' dir='ltr'><strong>triciis</strong></span> <span class='ocrx_word' id='word_1_240' title='bbox 2389 1829 2447 1884; x_wconf 88' lang='lat' dir='ltr'><strong>in</strong></span> <span class='ocrx_word' id='word_1_241' title='bbox 2481 1829 2756 1897; x_wconf 77' lang='lat' dir='ltr'><strong>triclinio,</strong></span> <span class='ocrx_word' id='word_1_242' title='bbox 2793 1830 2892 1886; x_wconf 89' lang='lat' dir='ltr'><strong>ubi</strong></span> <span class='ocrx_word' id='word_1_243' title='bbox 2939 1834 3266 1889; x_wconf 88' lang='lat' dir='ltr'><strong>convivium</strong></span> <span class='ocrx_word' id='word_1_244' title='bbox 3309 1833 3578 1908; x_wconf 87' lang='lat' dir='ltr'><strong>celebrat,</strong></span> <span class='ocrx_word' id='word_1_245' title='bbox 3610 1840 3824 1896; x_wconf 88' lang='lat' dir='ltr'><strong>consti-</strong></span> 
     </span>
    </p>
   </div>
   <div class='ocr_carea' id='block_1_39' title="bbox 2175 1917 3824 1996">
    <p class='ocr_par' dir='ltr' id='par_1_39' title="bbox 2175 1917 3824 1996">
     <span class='ocr_line' id='line_1_39' title="bbox 2175 1917 3824 1996; baseline 0.008 -24"><span class='ocrx_word' id='word_1_246' title='bbox 2175 1917 2341 1988; x_wconf 88' lang='lat' dir='ltr'><strong>tutis,</strong></span> <span class='ocrx_word' id='word_1_247' title='bbox 2375 1935 2408 1974; x_wconf 89' lang='lat' dir='ltr'><strong>a</strong></span> <span class='ocrx_word' id='word_1_248' title='bbox 2439 1919 2729 1990; x_wconf 81' lang='lat' dir='ltr'><strong>praefectis</strong></span> <span class='ocrx_word' id='word_1_249' title='bbox 2767 1920 3038 1976; x_wconf 87' lang='lat' dir='ltr'><strong>cubiculo</strong></span> <span class='ocrx_word' id='word_1_250' title='bbox 3087 1923 3362 1994; x_wconf 88' lang='lat' dir='ltr'><strong>stipatus,</strong></span> <span class='ocrx_word' id='word_1_251' title='bbox 3416 1941 3518 1996; x_wconf 89' lang='lat' dir='ltr'><strong>per</strong></span> <span class='ocrx_word' id='word_1_252' title='bbox 3569 1929 3824 1984; x_wconf 89' lang='lat' dir='ltr'><strong>medium</strong></span> 
     </span>
    </p>
   </div>
   <div class='ocr_carea' id='block_1_40' title="bbox 2177 2005 3826 2088">
    <p class='ocr_par' dir='ltr' id='par_1_40' title="bbox 2177 2005 3826 2088">
     <span class='ocr_line' id='line_1_40' title="bbox 2177 2005 3826 2088; baseline 0.008 -27"><span class='ocrx_word' id='word_1_253' title='bbox 2177 2005 2413 2062; x_wconf 87' lang='lat' dir='ltr'><strong>illorum</strong></span> <span class='ocrx_word' id='word_1_254' title='bbox 2437 2009 2819 2076; x_wconf 85' lang='lat' dir='ltr'><strong>transit,dum</strong></span> <span class='ocrx_word' id='word_1_255' title='bbox 2837 2009 3150 2081; x_wconf 82' lang='lat' dir='ltr'><strong>feliciaipsi</strong></span> <span class='ocrx_word' id='word_1_256' title='bbox 3173 2027 3240 2066; x_wconf 89' lang='lat' dir='ltr'><strong>ac</strong></span> <span class='ocrx_word' id='word_1_257' title='bbox 3269 2011 3554 2071; x_wconf 88' lang='lat' dir='ltr'><strong>diuturna</strong></span> <span class='ocrx_word' id='word_1_258' title='bbox 3568 2021 3826 2088; x_wconf 87' lang='lat' dir='ltr'><strong>tempora</strong></span> 
     </span>
    </p>
   </div>
   <div class='ocr_carea' id='block_1_41' title="bbox 417 2094 2089 2190">
    <p class='ocr_par' dir='ltr' id='par_1_41' title="bbox 417 2094 2070 2176">
     <span class='ocr_line' id='line_1_41' title="bbox 417 2094 2070 2176; baseline -0.006 -21"><span class='ocrx_word' id='word_1_259' title='bbox 417 2103 446 2156; x_wconf 89' lang='lat'><strong>6</strong></span> <span class='ocrx_word' id='word_1_260' title='bbox 479 2098 738 2176; x_wconf 67' lang='grc' dir='ltr'>βασιλεὺς</span> <span class='ocrx_word' id='word_1_261' title='bbox 787 2097 896 2153; x_wconf 80' lang='grc' dir='ltr'><strong>ἀπὸ</strong></span> <span class='ocrx_word' id='word_1_262' title='bbox 931 2101 1030 2152; x_wconf 81' lang='grc' dir='ltr'>τοῦ</span> <span class='ocrx_word' id='word_1_263' title='bbox 1077 2097 1428 2170; x_wconf 86' lang='grc' dir='ltr'>καθίσματος,</span> <span class='ocrx_word' id='word_1_264' title='bbox 1469 2095 1560 2149; x_wconf 78' lang='grc' dir='ltr'>καὶ</span> <span class='ocrx_word' id='word_1_265' title='bbox 1608 2094 1912 2166; x_wconf 75' lang='grc' dir='ltr'><strong>ἱσταμένων</strong></span> <span class='ocrx_word' id='word_1_266' title='bbox 1961 2095 2070 2146; x_wconf 87' lang='grc' dir='ltr'>τῶν</span> 
     </span>
    </p>
   </div>
   <div class='ocr_carea' id='block_1_42' title="bbox 2181 2094 3826 2190">
    <p class='ocr_par' dir='ltr' id='par_1_42' title="bbox 2181 2098 3826 2190">
     <span class='ocr_line' id='line_1_42' title="bbox 2181 2098 3826 2190; baseline 0.008 -40"><span class='ocrx_word' id='word_1_267' title='bbox 2181 2101 2594 2190; x_wconf 74' lang='lat' dir='ltr'><strong>apprecantur.</strong></span> <span class='ocrx_word' id='word_1_268' title='bbox 2627 2098 2766 2190; x_wconf 81' lang='lat' dir='ltr'><strong>Inde</strong></span> <span class='ocrx_word' id='word_1_269' title='bbox 2793 2113 2894 2168; x_wconf 88' lang='lat' dir='ltr'><strong>per</strong></span> <span class='ocrx_word' id='word_1_270' title='bbox 2923 2103 3238 2170; x_wconf 88' lang='lat' dir='ltr'><strong>angustum</strong></span> <span class='ocrx_word' id='word_1_271' title='bbox 3267 2101 3592 2160; x_wconf 85' lang='lat' dir='ltr'><strong>triclinium</strong></span> <span class='ocrx_word' id='word_1_272' title='bbox 3623 2107 3696 2161; x_wconf 88' lang='lat' dir='ltr'><strong>ad</strong></span> <span class='ocrx_word' id='word_1_273' title='bbox 3719 2122 3826 2164; x_wconf 84' lang='lat' dir='ltr'><strong>cu-</strong></span> 
     </span>
    </p>
   </div>
   <div class='ocr_carea' id='block_1_43' title="bbox 421 2182 2070 2266">
    <p class='ocr_par' dir='ltr' id='par_1_43' title="bbox 421 2182 2070 2266">
     <span class='ocr_line' id='line_1_43' title="bbox 421 2182 2070 2266; baseline -0.005 -21"><span class='ocrx_word' id='word_1_274' title='bbox 421 2188 716 2266; x_wconf 81' lang='grc' dir='ltr'>πατρικίων</span> <span class='ocrx_word' id='word_1_275' title='bbox 755 2186 808 2242; x_wconf 79' lang='grc' dir='ltr'><strong>ἒν</strong></span> <span class='ocrx_word' id='word_1_276' title='bbox 859 2187 906 2260; x_wconf 83' lang='grc' dir='ltr'>ᾦ</span> <span class='ocrx_word' id='word_1_277' title='bbox 954 2186 1148 2262; x_wconf 78' lang='grc' dir='ltr'>ἀριστᾷ</span> <span class='ocrx_word' id='word_1_278' title='bbox 1191 2187 1220 2240; x_wconf 97' lang='lat'><strong>6</strong></span> <span class='ocrx_word' id='word_1_279' title='bbox 1275 2185 1532 2262; x_wconf 73' lang='grc' dir='ltr'>βασιλεὺς</span> <span class='ocrx_word' id='word_1_280' title='bbox 1580 2183 1866 2260; x_wconf 78' lang='grc' dir='ltr'><strong>τρικλίνῳ,</strong></span> <span class='ocrx_word' id='word_1_281' title='bbox 1897 2182 1987 2237; x_wconf 84' lang='grc' dir='ltr'><strong>καὶ</strong></span> <span class='ocrx_word' id='word_1_282' title='bbox 2024 2183 2070 2218; x_wconf 69' lang='grc'><strong>⁸⁸</strong></span> 
     </span>
    </p>
   </div>
   <div class='ocr_carea' id='block_1_44' title="bbox 427 2271 2069 2356">
    <p class='ocr_par' dir='ltr' id='par_1_44' title="bbox 427 2271 2069 2356">
     <span class='ocr_line' id='line_1_44' title="bbox 427 2271 2069 2356; baseline -0.005 -19"><span class='ocrx_word' id='word_1_283' title='bbox 427 2279 848 2356; x_wconf 77' lang='grc' dir='ltr'>δηριγευόμενος</span> <span class='ocrx_word' id='word_1_284' title='bbox 900 2279 1004 2334; x_wconf 83' lang='grc' dir='ltr'><strong>ὑπὸ</strong></span> <span class='ocrx_word' id='word_1_285' title='bbox 1051 2283 1162 2334; x_wconf 87' lang='grc' dir='ltr'><strong>τῶν</strong></span> <span class='ocrx_word' id='word_1_286' title='bbox 1209 2277 1491 2354; x_wconf 80' lang='grc' dir='ltr'>ἀρχόντων</span> <span class='ocrx_word' id='word_1_287' title='bbox 1521 2280 1618 2331; x_wconf 78' lang='grc' dir='ltr'><strong>τοῦ</strong></span> <span class='ocrx_word' id='word_1_288' title='bbox 1647 2271 2069 2342; x_wconf 74' lang='grc' dir='ltr'>κοοϐουκλείου,</span> 
     </span>
    </p>
   </div>
   <div class='ocr_carea' id='block_1_45' title="bbox 427 2363 2071 2448">
    <p class='ocr_par' dir='ltr' id='par_1_45' title="bbox 427 2363 2071 2448">
     <span class='ocr_line' id='line_1_45' title="bbox 427 2363 2071 2448; baseline -0.005 -24"><span class='ocrx_word' id='word_1_289' title='bbox 427 2367 698 2448; x_wconf 80' lang='grc' dir='ltr'>διέρχεται</span> <span class='ocrx_word' id='word_1_290' title='bbox 766 2367 930 2442; x_wconf 76' lang='grc' dir='ltr'>μέσον</span> <span class='ocrx_word' id='word_1_291' title='bbox 1007 2365 1207 2436; x_wconf 77' lang='grc' dir='ltr'>αὐτῶν,</span> <span class='ocrx_word' id='word_1_292' title='bbox 1271 2364 1422 2421; x_wconf 74' lang='grc' dir='ltr'>αὐτοὶ</span> <span class='ocrx_word' id='word_1_293' title='bbox 1510 2363 1566 2420; x_wconf 75' lang='grc' dir='ltr'>δὲ</span> <span class='ocrx_word' id='word_1_294' title='bbox 1635 2363 2071 2438; x_wconf 78' lang='grc' dir='ltr'>ὑπερεῦχονται·</span> 
     </span>
    </p>
   </div>
   <div class='ocr_carea' id='block_1_46' title="bbox 424 2450 2076 2534">
    <p class='ocr_par' dir='ltr' id='par_1_46' title="bbox 424 2450 2076 2534">
     <span class='ocr_line' id='line_1_46' title="bbox 424 2450 2076 2534; baseline -0.003 -22"><span class='ocrx_word' id='word_1_295' title='bbox 424 2483 452 2512; x_wconf 87' lang='grc'><strong>‹‹</strong></span> <span class='ocrx_word' id='word_1_296' title='bbox 491 2461 578 2520; x_wconf 79' lang='grc' dir='ltr'><strong>Εἰς</strong></span> <span class='ocrx_word' id='word_1_297' title='bbox 625 2457 874 2520; x_wconf 81' lang='grc' dir='ltr'>πολλοὺς</span> <span class='ocrx_word' id='word_1_298' title='bbox 922 2459 1015 2512; x_wconf 84' lang='grc' dir='ltr'><strong>καὶ</strong></span> <span class='ocrx_word' id='word_1_299' title='bbox 1064 2457 1298 2532; x_wconf 66' lang='grc' dir='ltr'>ἀγαθοὺς</span> <span class='ocrx_word' id='word_1_300' title='bbox 1344 2455 1606 2534; x_wconf 86' lang='grc' dir='ltr'>χρόνους.</span> <span class='ocrx_word' id='word_1_301' title='bbox 1639 2477 1668 2506; x_wconf 81' lang='grc'><strong>››</strong></span> <span class='ocrx_word' id='word_1_302' title='bbox 1701 2454 1803 2510; x_wconf 82' lang='grc' dir='ltr'><strong>Καὶ</strong></span> <span class='ocrx_word' id='word_1_303' title='bbox 1843 2450 2076 2508; x_wconf 83' lang='grc' dir='ltr'>διελθὼν</span> 
     </span>
    </p>
   </div>
   <div class='ocr_carea' id='block_1_47' title="bbox 421 2541 2078 2622">
    <p class='ocr_par' dir='ltr' id='par_1_47' title="bbox 421 2541 2078 2622">
     <span class='ocr_line' id='line_1_47' title="bbox 421 2541 2078 2622; baseline -0.004 -18"><span class='ocrx_word' id='word_1_304' title='bbox 421 2545 514 2604; x_wconf 80' lang='grc' dir='ltr'><strong>διά</strong></span> <span class='ocrx_word' id='word_1_305' title='bbox 557 2553 656 2604; x_wconf 76' lang='grc' dir='ltr'><strong>τοῦ</strong></span> <span class='ocrx_word' id='word_1_306' title='bbox 706 2551 896 2603; x_wconf 86' lang='grc' dir='ltr'>στενοῦ</span> <span class='ocrx_word' id='word_1_307' title='bbox 943 2543 1246 2622; x_wconf 81' lang='grc' dir='ltr'><strong>τρικλίνου,</strong></span> <span class='ocrx_word' id='word_1_308' title='bbox 1293 2543 1598 2618; x_wconf 71' lang='grc' dir='ltr'>εΐσὲρχεται</span> <span class='ocrx_word' id='word_1_309' title='bbox 1645 2541 1698 2597; x_wconf 69' lang='grc' dir='ltr'><strong>εν</strong></span> <span class='ocrx_word' id='word_1_310' title='bbox 1747 2547 1826 2615; x_wconf 76' lang='grc' dir='ltr'><strong>τῷ</strong></span> <span class='ocrx_word' id='word_1_311' title='bbox 1871 2549 2078 2599; x_wconf 71' lang='grc' dir='ltr'>κοιτῶςο</span> 
     </span>
    </p>
   </div>
   <div class='ocr_carea' id='block_1_48' title="bbox 423 2630 2078 2709">
    <p class='ocr_par' dir='ltr' id='par_1_48' title="bbox 423 2630 2078 2709">
     <span class='ocr_line' id='line_1_48' title="bbox 423 2630 2078 2709; baseline -0.003 -17"><span class='ocrx_word' id='word_1_312' title='bbox 423 2660 498 2708; x_wconf 86' lang='grc' dir='ltr'><strong>νι,</strong></span> <span class='ocrx_word' id='word_1_313' title='bbox 543 2639 636 2692; x_wconf 80' lang='grc' dir='ltr'>καὶ</span> <span class='ocrx_word' id='word_1_314' title='bbox 685 2634 1002 2709; x_wconf 80' lang='grc' dir='ltr'><strong>ἀπαλλάξας</strong></span> <span class='ocrx_word' id='word_1_315' title='bbox 1053 2633 1116 2689; x_wconf 90' lang='grc' dir='ltr'><strong>τό</strong></span> <span class='ocrx_word' id='word_1_316' title='bbox 1168 2655 1226 2688; x_wconf 87' lang='grc' dir='ltr'>τε</span> <span class='ocrx_word' id='word_1_317' title='bbox 1276 2634 1492 2708; x_wconf 73' lang='grc' dir='ltr'><strong>στέμμα</strong></span> <span class='ocrx_word' id='word_1_318' title='bbox 1531 2632 1620 2688; x_wconf 83' lang='grc' dir='ltr'>καὶ</span> <span class='ocrx_word' id='word_1_319' title='bbox 1677 2633 1776 2700; x_wconf 69' lang='grc' dir='ltr'><strong>τὴν</strong></span> <span class='ocrx_word' id='word_1_320' title='bbox 1835 2630 2078 2707; x_wconf 81' lang='grc' dir='ltr'>χλανίδα</span> 
     </span>
    </p>
   </div>
   <div class='ocr_carea' id='block_1_49' title="bbox 435 2719 2080 2802">
    <p class='ocr_par' dir='ltr' id='par_1_49' title="bbox 435 2719 2080 2802">
     <span class='ocr_line' id='line_1_49' title="bbox 435 2719 2080 2802; baseline -0.002 -22"><span class='ocrx_word' id='word_1_321' title='bbox 435 2726 622 2794; x_wconf 74' lang='grc' dir='ltr'>αὐτοῦ,</span> <span class='ocrx_word' id='word_1_322' title='bbox 651 2723 1080 2802; x_wconf 54' lang='grc' dir='ltr'>περιιβάλλεται</span> <span class='ocrx_word' id='word_1_323' title='bbox 1119 2723 1326 2796; x_wconf 86' lang='grc' dir='ltr'>σαγίον,</span> <span class='ocrx_word' id='word_1_324' title='bbox 1357 2723 1446 2777; x_wconf 82' lang='grc' dir='ltr'>καὶ</span> <span class='ocrx_word' id='word_1_325' title='bbox 1477 2721 1801 2798; x_wconf 73' lang='grc' dir='ltr'><strong>κατέρχεται</strong></span> <span class='ocrx_word' id='word_1_326' title='bbox 1845 2719 1934 2776; x_wconf 78' lang='grc' dir='ltr'>διὰ</span> <span class='ocrx_word' id='word_1_327' title='bbox 1979 2725 2080 2777; x_wconf 78' lang='grc' dir='ltr'><strong>τοῦ</strong></span> 
     </span>
    </p>
   </div>
   <div class='ocr_carea' id='block_1_50' title="bbox 448 2806 2076 2888">
    <p class='ocr_par' dir='ltr' id='par_1_50' title="bbox 448 2806 2076 2888">
     <span class='ocr_line' id='line_1_50' title="bbox 448 2806 2076 2888; baseline -0.001 -20"><span class='ocrx_word' id='word_1_328' title='bbox 448 2817 708 2888; x_wconf 67' lang='grc' dir='ltr'><strong>μυστικοῦ</strong></span> <span class='ocrx_word' id='word_1_329' title='bbox 749 2812 1000 2888; x_wconf 81' lang='grc' dir='ltr'>κοχλιοῦ,</span> <span class='ocrx_word' id='word_1_330' title='bbox 1053 2813 1148 2868; x_wconf 87' lang='grc' dir='ltr'><strong>καὶ</strong></span> <span class='ocrx_word' id='word_1_331' title='bbox 1205 2806 1630 2888; x_wconf 51' lang='grc' dir='ltr'>δηριγεώμενος</span> <span class='ocrx_word' id='word_1_332' title='bbox 1687 2811 1791 2866; x_wconf 83' lang='grc' dir='ltr'><strong>ὑπὸ</strong></span> <span class='ocrx_word' id='word_1_333' title='bbox 1866 2811 2076 2866; x_wconf 81' lang='grc' dir='ltr'>πάντων</span> 
     </span>
    </p>
   </div>
   <div class='ocr_carea' id='block_1_51' title="bbox 2178 2182 3824 2264">
    <p class='ocr_par' dir='ltr' id='par_1_51' title="bbox 2178 2182 3824 2264">
     <span class='ocr_line' id='line_1_51' title="bbox 2178 2182 3824 2264; baseline 0.007 -26"><span class='ocrx_word' id='word_1_334' title='bbox 2178 2183 2440 2239; x_wconf 88' lang='lat' dir='ltr'><strong>biculum</strong></span> <span class='ocrx_word' id='word_1_335' title='bbox 2473 2182 2614 2252; x_wconf 89' lang='lat' dir='ltr'><strong>abit,</strong></span> <span class='ocrx_word' id='word_1_336' title='bbox 2673 2184 2770 2240; x_wconf 88' lang='lat' dir='ltr'><strong>ubi</strong></span> <span class='ocrx_word' id='word_1_337' title='bbox 2823 2201 3037 2242; x_wconf 87' lang='lat' dir='ltr'><strong>corona</strong></span> <span class='ocrx_word' id='word_1_338' title='bbox 3066 2203 3178 2242; x_wconf 89' lang='lat' dir='ltr'><strong>sua</strong></span> <span class='ocrx_word' id='word_1_339' title='bbox 3219 2191 3278 2244; x_wconf 90' lang='lat' dir='ltr'><strong>et</strong></span> <span class='ocrx_word' id='word_1_340' title='bbox 3309 2193 3506 2246; x_wconf 88' lang='lat' dir='ltr'><strong>tunica</strong></span> <span class='ocrx_word' id='word_1_341' title='bbox 3540 2192 3824 2264; x_wconf 82' lang='lat' dir='ltr'><strong>deposita,</strong></span> 
     </span>
    </p>
   </div>
   <div class='ocr_carea' id='block_1_52' title="bbox 2179 2273 3827 2352">
    <p class='ocr_par' dir='ltr' id='par_1_52' title="bbox 2179 2273 3827 2352">
     <span class='ocr_line' id='line_1_52' title="bbox 2179 2273 3827 2352; baseline 0.008 -23"><span class='ocrx_word' id='word_1_342' title='bbox 2179 2289 2388 2346; x_wconf 84' lang='lat' dir='ltr'><strong>sagum</strong></span> <span class='ocrx_word' id='word_1_343' title='bbox 2413 2273 2625 2340; x_wconf 81' lang='lat' dir='ltr'><strong>induit,</strong></span> <span class='ocrx_word' id='word_1_344' title='bbox 2657 2291 2874 2347; x_wconf 88' lang='lat' dir='ltr'><strong>perque</strong></span> <span class='ocrx_word' id='word_1_345' title='bbox 2895 2281 3178 2334; x_wconf 87' lang='lat' dir='ltr'><strong>secretam</strong></span> <span class='ocrx_word' id='word_1_346' title='bbox 3221 2279 3539 2352; x_wconf 86' lang='lat' dir='ltr'><strong>cochleam,</strong></span> <span class='ocrx_word' id='word_1_347' title='bbox 3587 2284 3827 2342; x_wconf 91' lang='lat' dir='ltr'><strong>cubicu-</strong></span> 
     </span>
    </p>
   </div>
   <div class='ocr_carea' id='block_1_53' title="bbox 2187 2362 3832 2445">
    <p class='ocr_par' dir='ltr' id='par_1_53' title="bbox 2187 2362 3832 2445">
     <span class='ocr_line' id='line_1_53' title="bbox 2187 2362 3832 2445; baseline 0.005 -26"><span class='ocrx_word' id='word_1_348' title='bbox 2187 2362 2350 2419; x_wconf 90' lang='lat' dir='ltr'><strong>lariis</strong></span> <span class='ocrx_word' id='word_1_349' title='bbox 2370 2363 2648 2420; x_wconf 89' lang='lat' dir='ltr'><strong>omnibus</strong></span> <span class='ocrx_word' id='word_1_350' title='bbox 2677 2364 3118 2434; x_wconf 89' lang='lat' dir='ltr'><strong>comitanlibus,</strong></span> <span class='ocrx_word' id='word_1_351' title='bbox 3141 2383 3244 2438; x_wconf 89' lang='lat' dir='ltr'><strong>per</strong></span> <span class='ocrx_word' id='word_1_352' title='bbox 3271 2375 3648 2442; x_wconf 86' lang='lat' dir='ltr'><strong>augusteum,</strong></span> <span class='ocrx_word' id='word_1_353' title='bbox 3677 2375 3832 2445; x_wconf 84' lang='lat' dir='ltr'><strong>apsi-</strong></span> 
     </span>
    </p>
   </div>
   <div class='ocr_carea' id='block_1_54' title="bbox 2183 2453 3830 2533">
    <p class='ocr_par' dir='ltr' id='par_1_54' title="bbox 2183 2453 3830 2533">
     <span class='ocr_line' id='line_1_54' title="bbox 2183 2453 3830 2533; baseline 0.007 -23"><span class='ocrx_word' id='word_1_354' title='bbox 2183 2453 2340 2521; x_wconf 88' lang='lat' dir='ltr'><strong>dem,</strong></span> <span class='ocrx_word' id='word_1_355' title='bbox 2371 2453 2756 2521; x_wconf 87' lang='lat' dir='ltr'><strong>triconchum,</strong></span> <span class='ocrx_word' id='word_1_356' title='bbox 2793 2470 3012 2526; x_wconf 88' lang='lat' dir='ltr'><strong>perque</strong></span> <span class='ocrx_word' id='word_1_357' title='bbox 3043 2458 3454 2530; x_wconf 83' lang='lat' dir='ltr'><strong>monothyrum</strong></span> <span class='ocrx_word' id='word_1_358' title='bbox 3485 2469 3538 2518; x_wconf 92' lang='lat' dir='ltr'><strong>et</strong></span> <span class='ocrx_word' id='word_1_359' title='bbox 3571 2465 3830 2533; x_wconf 87' lang='lat' dir='ltr'><strong>porticus</strong></span> 
     </span>
    </p>
   </div>
   <div class='ocr_carea' id='block_1_55' title="bbox 2184 2543 3832 2620">
    <p class='ocr_par' dir='ltr' id='par_1_55' title="bbox 2184 2543 3832 2620">
     <span class='ocr_line' id='line_1_55' title="bbox 2184 2543 3832 2620; baseline 0.007 -20"><span class='ocrx_word' id='word_1_360' title='bbox 2184 2547 2529 2600; x_wconf 82' lang='lat' dir='ltr'><strong>Sanctorum</strong></span> <span class='ocrx_word' id='word_1_361' title='bbox 2552 2543 2640 2598; x_wconf 83' lang='lat' dir='ltr'><strong>XL</strong></span> <span class='ocrx_word' id='word_1_362' title='bbox 2659 2559 2900 2600; x_wconf 88' lang='lat' dir='ltr'><strong>aureum</strong></span> <span class='ocrx_word' id='word_1_363' title='bbox 2923 2545 3246 2602; x_wconf 85' lang='lat' dir='ltr'><strong>triclinium</strong></span> <span class='ocrx_word' id='word_1_364' title='bbox 3273 2548 3636 2620; x_wconf 83' lang='lat' dir='ltr'><strong>ingreditur:</strong></span> <span class='ocrx_word' id='word_1_365' title='bbox 3661 2554 3832 2610; x_wconf 86' lang='lat' dir='ltr'><strong>cubi-</strong></span> 
     </span>
    </p>
   </div>
   <div class='ocr_carea' id='block_1_56' title="bbox 2187 2631 3832 2706">
    <p class='ocr_par' dir='ltr' id='par_1_56' title="bbox 2187 2631 3832 2706">
     <span class='ocr_line' id='line_1_56' title="bbox 2187 2631 3832 2706; baseline 0.009 -20"><span class='ocrx_word' id='word_1_366' title='bbox 2187 2631 2396 2688; x_wconf 88' lang='lat' dir='ltr'><strong>cularii</strong></span> <span class='ocrx_word' id='word_1_367' title='bbox 2477 2647 2612 2688; x_wconf 88' lang='lat' dir='ltr'><strong>vero</strong></span> <span class='ocrx_word' id='word_1_368' title='bbox 2668 2635 2880 2700; x_wconf 83' lang='lat' dir='ltr'><strong>astant,</strong></span> <span class='ocrx_word' id='word_1_369' title='bbox 2937 2637 2996 2688; x_wconf 93' lang='lat' dir='ltr'><strong>et</strong></span> <span class='ocrx_word' id='word_1_370' title='bbox 3051 2633 3384 2706; x_wconf 86' lang='lat' dir='ltr'><strong>imperatori</strong></span> <span class='ocrx_word' id='word_1_371' title='bbox 3470 2640 3689 2702; x_wconf 84' lang='lat' dir='ltr'><strong>multos</strong></span> <span class='ocrx_word' id='word_1_372' title='bbox 3765 2657 3832 2700; x_wconf 89' lang='lat' dir='ltr'><strong>ac</strong></span> 
     </span>
    </p>
   </div>
   <div class='ocr_carea' id='block_1_57' title="bbox 2189 2719 3832 2804">
    <p class='ocr_par' dir='ltr' id='par_1_57' title="bbox 2189 2719 3832 2804">
     <span class='ocr_line' id='line_1_57' title="bbox 2189 2719 3832 2804; baseline 0.009 -28"><span class='ocrx_word' id='word_1_373' title='bbox 2189 2719 2384 2776; x_wconf 81' lang='lat' dir='ltr'><strong>felices</strong></span> <span class='ocrx_word' id='word_1_374' title='bbox 2467 2737 2652 2776; x_wconf 87' lang='lat' dir='ltr'><strong>annos</strong></span> <span class='ocrx_word' id='word_1_375' title='bbox 2720 2721 3040 2794; x_wconf 87' lang='lat' dir='ltr'><strong>apprecati,</strong></span> <span class='ocrx_word' id='word_1_376' title='bbox 3097 2722 3410 2786; x_wconf 78' lang='lat' dir='ltr'><strong>discedunt</strong></span> <span class='ocrx_word' id='word_1_377' title='bbox 3475 2729 3832 2804; x_wconf 80' lang='lat' dir='ltr'><strong>domumque</strong></span> 
     </span>
    </p>
   </div>
   <div class='ocr_carea' id='block_1_58' title="bbox 2190 2811 2428 2866">
    <p class='ocr_par' dir='ltr' id='par_1_58' title="bbox 2190 2811 2428 2866">
     <span class='ocr_line' id='line_1_58' title="bbox 2190 2811 2428 2866; baseline 0.004 -1"><span class='ocrx_word' id='word_1_378' title='bbox 2190 2811 2428 2866; x_wconf 86' lang='lat' dir='ltr'><strong>abeunt.</strong></span> 
     </span>
    </p>
   </div>
   <div class='ocr_carea' id='block_1_59' title="bbox 443 2895 3832 2980">
    <p class='ocr_par' dir='ltr' id='par_1_59' title="bbox 443 2895 3832 2980">
     <span class='ocr_line' id='line_1_59' title="bbox 443 2895 3832 2980; baseline 0.006 -35"><span class='ocrx_word' id='word_1_379' title='bbox 443 2907 542 2958; x_wconf 66' lang='grc' dir='ltr'><strong>τοῦ</strong></span> <span class='ocrx_word' id='word_1_380' title='bbox 601 2897 1006 2974; x_wconf 72' lang='grc' dir='ltr'>κουϐουκλείου,</span> <span class='ocrx_word' id='word_1_381' title='bbox 1066 2900 1341 2978; x_wconf 76' lang='grc' dir='ltr'>διέρχεται</span> <span class='ocrx_word' id='word_1_382' title='bbox 1400 2897 1488 2956; x_wconf 75' lang='grc' dir='ltr'>διὰ</span> <span class='ocrx_word' id='word_1_383' title='bbox 1545 2904 1642 2956; x_wconf 76' lang='grc' dir='ltr'><strong>τοῦ</strong></span> <span class='ocrx_word' id='word_1_384' title='bbox 1699 2897 2058 2973; x_wconf 79' lang='grc' dir='ltr'>αὐγουστὲως,</span> <span class='ocrx_word' id='word_1_385' title='bbox 2109 2895 2302 2973; x_wconf 77' lang='grc' dir='ltr'>ἀψίόος</span> <span class='ocrx_word' id='word_1_386' title='bbox 2354 2918 2412 2952; x_wconf 89' lang='grc' dir='ltr'>τε</span> <span class='ocrx_word' id='word_1_387' title='bbox 2483 2896 2574 2951; x_wconf 84' lang='grc' dir='ltr'><strong>καὶ</strong></span> <span class='ocrx_word' id='word_1_388' title='bbox 2642 2901 2738 2952; x_wconf 79' lang='grc' dir='ltr'>τοῦ</span> <span class='ocrx_word' id='word_1_389' title='bbox 2811 2897 3133 2975; x_wconf 83' lang='grc' dir='ltr'>τρικόγχου,</span> <span class='ocrx_word' id='word_1_390' title='bbox 3192 2897 3280 2956; x_wconf 83' lang='grc' dir='ltr'><strong>διὰ</strong></span> <span class='ocrx_word' id='word_1_391' title='bbox 3355 2907 3450 2958; x_wconf 74' lang='grc' dir='ltr'>τοῦ</span> <span class='ocrx_word' id='word_1_392' title='bbox 3527 2907 3832 2980; x_wconf 77' lang='grc' dir='ltr'>μονοθύρου</span> 
     </span>
    </p>
   </div>
   <div class='ocr_carea' id='block_1_60' title="bbox 427 2985 3834 3064">
    <p class='ocr_par' dir='ltr' id='par_1_60' title="bbox 427 2985 3834 3064">
     <span class='ocr_line' id='line_1_60' title="bbox 427 2985 3834 3064; baseline -0.002 -18"><span class='ocrx_word' id='word_1_393' title='bbox 427 2993 518 3046; x_wconf 76' lang='grc' dir='ltr'>καὶ</span> <span class='ocrx_word' id='word_1_394' title='bbox 570 2993 678 3044; x_wconf 87' lang='grc' dir='ltr'>τῶν</span> <span class='ocrx_word' id='word_1_395' title='bbox 740 2985 1062 3046; x_wconf 75' lang='grc' dir='ltr'>διαϐατικῶν</span> <span class='ocrx_word' id='word_1_396' title='bbox 1121 2993 1230 3045; x_wconf 87' lang='grc' dir='ltr'><strong>τῶν</strong></span> <span class='ocrx_word' id='word_1_397' title='bbox 1273 2989 1476 3064; x_wconf 84' lang='grc' dir='ltr'><strong>’Λγίων</strong></span> <span class='ocrx_word' id='word_1_398' title='bbox 1532 2990 1606 3062; x_wconf 90' lang='grc' dir='ltr'><strong>μ’,</strong></span> <span class='ocrx_word' id='word_1_399' title='bbox 1666 2989 1754 3044; x_wconf 80' lang='grc' dir='ltr'>καὶ</span> <span class='ocrx_word' id='word_1_400' title='bbox 1819 2987 2123 3064; x_wconf 79' lang='grc' dir='ltr'>εἰσέρχεται</span> <span class='ocrx_word' id='word_1_401' title='bbox 2177 2985 2228 3043; x_wconf 77' lang='grc' dir='ltr'><strong>ἒν</strong></span> <span class='ocrx_word' id='word_1_402' title='bbox 2283 2991 2362 3058; x_wconf 83' lang='grc' dir='ltr'>τῷ</span> <span class='ocrx_word' id='word_1_403' title='bbox 2413 2987 2898 3062; x_wconf 72' lang='grc' dir='ltr'>χρυσοτρικλίνῳ·</span> <span class='ocrx_word' id='word_1_404' title='bbox 2953 2992 3170 3052; x_wconf 75' lang='grc' dir='ltr'><strong>στάντες</strong></span> <span class='ocrx_word' id='word_1_405' title='bbox 3221 2991 3278 3046; x_wconf 75' lang='grc' dir='ltr'>δὲ</span> <span class='ocrx_word' id='word_1_406' title='bbox 3343 2993 3396 3048; x_wconf 79' lang='grc' dir='ltr'>οἱ</span> <span class='ocrx_word' id='word_1_407' title='bbox 3446 2997 3543 3049; x_wconf 73' lang='grc' dir='ltr'><strong>τοῦ</strong></span> <span class='ocrx_word' id='word_1_408' title='bbox 3597 2993 3834 3053; x_wconf 78' lang='grc' dir='ltr'>κουὸου-</span> 
     </span>
    </p>
   </div>
   <div class='ocr_carea' id='block_1_61' title="bbox 417 3075 3828 3163">
    <p class='ocr_par' dir='ltr' id='par_1_61' title="bbox 417 3075 3828 3163">
     <span class='ocr_line' id='line_1_61' title="bbox 417 3075 3828 3163; baseline -0.002 -27"><span class='ocrx_word' id='word_1_409' title='bbox 417 3079 608 3136; x_wconf 74' lang='grc' dir='ltr'>κλείου</span> <span class='ocrx_word' id='word_1_410' title='bbox 645 3081 732 3134; x_wconf 78' lang='grc' dir='ltr'>καὶ</span> <span class='ocrx_word' id='word_1_411' title='bbox 801 3075 1224 3156; x_wconf 75' lang='grc' dir='ltr'>ὑπερευξάμενοι</span> <span class='ocrx_word' id='word_1_412' title='bbox 1280 3080 1371 3134; x_wconf 84' lang='grc' dir='ltr'>τὸν</span> <span class='ocrx_word' id='word_1_413' title='bbox 1431 3077 1678 3154; x_wconf 74' lang='grc' dir='ltr'><strong>βασιλέα,</strong></span> <span class='ocrx_word' id='word_1_414' title='bbox 1745 3103 1766 3130; x_wconf 79' lang='grc' dir='ltr'><strong>ιι</strong></span> <span class='ocrx_word' id='word_1_415' title='bbox 1827 3075 1923 3138; x_wconf 65' lang='grc' dir='ltr'><strong>Εἷς</strong></span> <span class='ocrx_word' id='word_1_416' title='bbox 1971 3076 2220 3141; x_wconf 76' lang='grc' dir='ltr'>πολλοὺς</span> <span class='ocrx_word' id='word_1_417' title='bbox 2285 3076 2376 3132; x_wconf 80' lang='grc' dir='ltr'>καὶ</span> <span class='ocrx_word' id='word_1_418' title='bbox 2440 3075 2678 3152; x_wconf 73' lang='grc' dir='ltr'>ἀγαθοὺς</span> <span class='ocrx_word' id='word_1_419' title='bbox 2745 3075 3006 3155; x_wconf 73' lang='grc' dir='ltr'>χρόνους,</span> <span class='ocrx_word' id='word_1_420' title='bbox 3049 3103 3077 3128; x_wconf 89' lang='grc'><strong>››</strong></span> <span class='ocrx_word' id='word_1_421' title='bbox 3146 3077 3456 3156; x_wconf 75' lang='grc' dir='ltr'>ἐξέρχονται</span> <span class='ocrx_word' id='word_1_422' title='bbox 3519 3086 3611 3140; x_wconf 70' lang='grc' dir='ltr'>καὶ</span> <span class='ocrx_word' id='word_1_423' title='bbox 3661 3086 3828 3163; x_wconf 66' lang='grc' dir='ltr'><strong>ἀπὲρ..</strong></span> 
     </span>
    </p>
   </div>
   <div class='ocr_carea' id='block_1_62' title="bbox 421 3165 846 3243">
    <p class='ocr_par' dir='ltr' id='par_1_62' title="bbox 421 3165 846 3243">
     <span class='ocr_line' id='line_1_62' title="bbox 421 3165 846 3243; baseline 0.002 -19"><span class='ocrx_word' id='word_1_424' title='bbox 421 3187 615 3243; x_wconf 86' lang='grc' dir='ltr'>χονται</span> <span class='ocrx_word' id='word_1_425' title='bbox 643 3165 846 3226; x_wconf 72' lang='grc' dir='ltr'>οἴκαδε.</span> 
     </span>
    </p>
   </div>
   <div class='ocr_carea' id='block_1_63' title="bbox 409 3291 1158 3370">
    <p class='ocr_par' dir='ltr' id='par_1_63' title="bbox 409 3291 1158 3370">
     <span class='ocr_line' id='line_1_63' title="bbox 409 3291 1158 3370; baseline -0.005 -16"><span class='ocrx_word' id='word_1_426' title='bbox 409 3299 552 3370; x_wconf 73' lang='lat' dir='ltr'><strong>&quot;Om</strong></span> <span class='ocrx_word' id='word_1_427' title='bbox 608 3291 690 3370; x_wconf 76' lang='grc' dir='ltr'>δεῖ</span> <span class='ocrx_word' id='word_1_428' title='bbox 755 3293 1030 3370; x_wconf 61' lang='grc' dir='ltr'>τελεῖσθαι</span> <span class='ocrx_word' id='word_1_429' title='bbox 1088 3299 1158 3370; x_wconf 80' lang='grc' dir='ltr'><strong>τῇ</strong></span> 
     </span>
    </p>
   </div>
   <div class='ocr_carea' id='block_1_64' title="bbox 482 3364 2070 3442">
    <p class='ocr_par' dir='ltr' id='par_1_64' title="bbox 482 3364 2070 3442">
     <span class='ocr_line' id='line_1_64' title="bbox 482 3364 2070 3442; baseline -0.001 -20"><span class='ocrx_word' id='word_1_430' title='bbox 482 3364 882 3442; x_wconf 77' lang='grc' dir='ltr'>ἱπποδρομίου,</span> <span class='ocrx_word' id='word_1_431' title='bbox 935 3364 1272 3442; x_wconf 40' lang='grc' dir='ltr'>ἤγουνξτρῦ</span> <span class='ocrx_word' id='word_1_432' title='bbox 1331 3364 1632 3442; x_wconf 46' lang='grc' dir='ltr'>’γενεθλίου</span> <span class='ocrx_word' id='word_1_433' title='bbox 1697 3364 1903 3436; x_wconf 65' lang='grc' dir='ltr'>ταύτῆς</span> <span class='ocrx_word' id='word_1_434' title='bbox 1967 3369 2070 3430; x_wconf 79' lang='grc' dir='ltr'><strong>τῆς</strong></span> 
     </span>
    </p>
   </div>
   <div class='ocr_carea' id='block_1_65' title="bbox 481 3435 1568 3516">
    <p class='ocr_par' dir='ltr' id='par_1_65' title="bbox 481 3435 1568 3516">
     <span class='ocr_line' id='line_1_65' title="bbox 481 3435 1568 3516; baseline -0.001 -21"><span class='ocrx_word' id='word_1_435' title='bbox 481 3435 846 3516; x_wconf 75' lang='grc' dir='ltr'>θεοφυλάκτοι</span> <span class='ocrx_word' id='word_1_436' title='bbox 878 3437 968 3493; x_wconf 81' lang='grc' dir='ltr'><strong>καί</strong></span> <span class='ocrx_word' id='word_1_437' title='bbox 991 3435 1296 3514; x_wconf 80' lang='grc' dir='ltr'>’βασιλίδος</span> <span class='ocrx_word' id='word_1_438' title='bbox 1326 3435 1568 3500; x_wconf 69' lang='grc' dir='ltr'><strong>πτόλεως.</strong></span> 
     </span>
    </p>
   </div>
   <div class='ocr_carea' id='block_1_66' title="bbox 485 3523 2070 3602">
    <p class='ocr_par' dir='ltr' id='par_1_66' title="bbox 485 3523 2070 3602">
     <span class='ocr_line' id='line_1_66' title="bbox 485 3523 2070 3602; baseline -0.004 -17"><span class='ocrx_word' id='word_1_439' title='bbox 485 3528 682 3586; x_wconf 77' lang='grc' dir='ltr'><strong>Ἰστέον</strong></span> <span class='ocrx_word' id='word_1_440' title='bbox 730 3525 953 3597; x_wconf 77' lang='grc' dir='ltr'>εῗδέναι,</span> <span class='ocrx_word' id='word_1_441' title='bbox 1000 3527 1084 3582; x_wconf 80' lang='grc' dir='ltr'><strong>ὅτι</strong></span> <span class='ocrx_word' id='word_1_442' title='bbox 1141 3527 1194 3582; x_wconf 81' lang='lat' dir='ltr'><strong>o&#39;:</strong></span> <span class='ocrx_word' id='word_1_443' title='bbox 1237 3531 1348 3582; x_wconf 88' lang='grc' dir='ltr'>τῶν</span> <span class='ocrx_word' id='word_1_444' title='bbox 1397 3523 1494 3582; x_wconf 77' lang='grc' dir='ltr'><strong>δύο</strong></span> <span class='ocrx_word' id='word_1_445' title='bbox 1547 3529 1725 3602; x_wconf 89' lang='grc' dir='ltr'>μερῶν</span> <span class='ocrx_word' id='word_1_446' title='bbox 1785 3523 2070 3600; x_wconf 80' lang='grc' dir='ltr'>δήμαρχοι</span> 
     </span>
    </p>
   </div>
   <div class='ocr_carea' id='block_1_67' title="bbox 413 3613 2072 3692">
    <p class='ocr_par' dir='ltr' id='par_1_67' title="bbox 413 3613 2072 3692">
     <span class='ocr_line' id='line_1_67' title="bbox 413 3613 2072 3692; baseline -0.003 -19"><span class='ocrx_word' id='word_1_447' title='bbox 413 3617 554 3692; x_wconf 84' lang='grc' dir='ltr'>μετά</span> <span class='ocrx_word' id='word_1_448' title='bbox 599 3637 660 3672; x_wconf 84' lang='grc' dir='ltr'>τε</span> <span class='ocrx_word' id='word_1_449' title='bbox 708 3621 816 3672; x_wconf 85' lang='grc' dir='ltr'>τῶν</span> <span class='ocrx_word' id='word_1_450' title='bbox 851 3613 1270 3690; x_wconf 77' lang='grc' dir='ltr'>δευτερευόντων</span> <span class='ocrx_word' id='word_1_451' title='bbox 1320 3615 1412 3671; x_wconf 80' lang='grc' dir='ltr'>καὶ</span> <span class='ocrx_word' id='word_1_452' title='bbox 1449 3620 1557 3670; x_wconf 85' lang='grc' dir='ltr'>τῶν</span> <span class='ocrx_word' id='word_1_453' title='bbox 1610 3614 1824 3670; x_wconf 83' lang='grc' dir='ltr'>λοιπῶν</span> <span class='ocrx_word' id='word_1_454' title='bbox 1871 3613 2072 3688; x_wconf 80' lang='grc' dir='ltr'>ἀρχόν-</span> 
     </span>
    </p>
   </div>
   <div class='ocr_carea' id='block_1_68' title="bbox 409 3701 2066 3780">
    <p class='ocr_par' dir='ltr' id='par_1_68' title="bbox 409 3701 2066 3780">
     <span class='ocr_line' id='line_1_68' title="bbox 409 3701 2066 3780; baseline -0.004 -17"><span class='ocrx_word' id='word_1_455' title='bbox 409 3729 522 3763; x_wconf 86' lang='grc' dir='ltr'><strong>των</strong></span> <span class='ocrx_word' id='word_1_456' title='bbox 552 3711 662 3762; x_wconf 88' lang='grc' dir='ltr'><strong>τῶν</strong></span> <span class='ocrx_word' id='word_1_457' title='bbox 695 3709 876 3780; x_wconf 85' lang='grc' dir='ltr'>μερῶν</span> <span class='ocrx_word' id='word_1_458' title='bbox 908 3705 999 3760; x_wconf 70' lang='grc' dir='ltr'><strong>καῖ</strong></span> <span class='ocrx_word' id='word_1_459' title='bbox 1040 3709 1150 3761; x_wconf 84' lang='grc' dir='ltr'><strong>τῶν</strong></span> <span class='ocrx_word' id='word_1_460' title='bbox 1179 3702 1439 3779; x_wconf 77' lang='grc' dir='ltr'>δημοτῶν</span> <span class='ocrx_word' id='word_1_461' title='bbox 1490 3703 1673 3760; x_wconf 76' lang='grc' dir='ltr'><strong>ἀπίασι</strong></span> <span class='ocrx_word' id='word_1_462' title='bbox 1713 3703 1778 3759; x_wconf 89' lang='grc' dir='ltr'>τὸ</span> <span class='ocrx_word' id='word_1_463' title='bbox 1805 3701 2066 3772; x_wconf 77' lang='grc' dir='ltr'>δειλινὸν,</span> 
     </span>
    </p>
   </div>
   <div class='ocr_carea' id='block_1_69' title="bbox 405 3790 2066 3867">
    <p class='ocr_par' dir='ltr' id='par_1_69' title="bbox 405 3790 2066 3867">
     <span class='ocr_line' id='line_1_69' title="bbox 405 3790 2066 3867; baseline -0.002 -15"><span class='ocrx_word' id='word_1_464' title='bbox 405 3793 634 3859; x_wconf 73' lang='grc' dir='ltr'>ἕκαστος</span> <span class='ocrx_word' id='word_1_465' title='bbox 668 3795 744 3858; x_wconf 83' lang='grc' dir='ltr'><strong>εἷς</strong></span> <span class='ocrx_word' id='word_1_466' title='bbox 773 3795 836 3851; x_wconf 71' lang='grc' dir='ltr'><strong>τὰ</strong></span> <span class='ocrx_word' id='word_1_467' title='bbox 869 3793 1010 3850; x_wconf 70' lang='grc' dir='ltr'>ἴδιον</span> <span class='ocrx_word' id='word_1_468' title='bbox 1043 3790 1302 3864; x_wconf 76' lang='grc' dir='ltr'>στάὸλον,</span> <span class='ocrx_word' id='word_1_469' title='bbox 1329 3795 1420 3850; x_wconf 81' lang='grc' dir='ltr'><strong>καὶ</strong></span> <span class='ocrx_word' id='word_1_470' title='bbox 1460 3794 1658 3859; x_wconf 67' lang='grc' dir='ltr'>εὐθέως</span> <span class='ocrx_word' id='word_1_471' title='bbox 1705 3794 1734 3849; x_wconf 90' lang='lat'><strong>6</strong></span> <span class='ocrx_word' id='word_1_472' title='bbox 1783 3793 2066 3867; x_wconf 81' lang='grc' dir='ltr'>Θεωρητής</span> 
     </span>
    </p>
   </div>
   <div class='ocr_carea' id='block_1_70' title="bbox 407 3879 2070 3961">
    <p class='ocr_par' dir='ltr' id='par_1_70' title="bbox 407 3879 2070 3961">
     <span class='ocr_line' id='line_1_70' title="bbox 407 3879 2070 3961; baseline -0.003 -20"><span class='ocrx_word' id='word_1_473' title='bbox 407 3886 640 3942; x_wconf 75' lang='grc' dir='ltr'>ἱκάστου</span> <span class='ocrx_word' id='word_1_474' title='bbox 695 3883 896 3961; x_wconf 66' lang='grc' dir='ltr'>μέρους</span> <span class='ocrx_word' id='word_1_475' title='bbox 941 3879 1182 3961; x_wconf 71' lang='grc' dir='ltr'>ταόρίζει</span> <span class='ocrx_word' id='word_1_476' title='bbox 1243 3886 1308 3940; x_wconf 87' lang='grc' dir='ltr'><strong>τὸ</strong></span> <span class='ocrx_word' id='word_1_477' title='bbox 1353 3881 1672 3960; x_wconf 81' lang='grc' dir='ltr'>τρίπλοκον,</span> <span class='ocrx_word' id='word_1_478' title='bbox 1702 3883 1792 3937; x_wconf 78' lang='grc' dir='ltr'>καὶ</span> <span class='ocrx_word' id='word_1_479' title='bbox 1844 3881 1993 3958; x_wconf 80' lang='grc' dir='ltr'>λέγει</span> <span class='ocrx_word' id='word_1_480' title='bbox 2040 3883 2070 3936; x_wconf 90' lang='lat'><strong>6</strong></span> 
     </span>
    </p>
   </div>
   <div class='ocr_carea' id='block_1_71' title="bbox 411 3971 2066 4052">
    <p class='ocr_par' dir='ltr' id='par_1_71' title="bbox 411 3971 2066 4052">
     <span class='ocr_line' id='line_1_71' title="bbox 411 3971 2066 4052; baseline -0.004 -21"><span class='ocrx_word' id='word_1_481' title='bbox 411 3973 546 4038; x_wconf 83' lang='grc' dir='ltr'>λαὸς</span> <span class='ocrx_word' id='word_1_482' title='bbox 603 3974 666 4029; x_wconf 79' lang='grc' dir='ltr'><strong>ἐκ</strong></span> <span class='ocrx_word' id='word_1_483' title='bbox 703 3976 752 4052; x_wconf 73' lang='grc' dir='ltr'>γ’</span> <span class='ocrx_word' id='word_1_484' title='bbox 775 3993 789 4007; x_wconf 91' lang='grc'><strong>·</strong></span> <span class='ocrx_word' id='word_1_485' title='bbox 829 3999 850 4024; x_wconf 75' lang='grc' dir='ltr'>ι</span> <span class='ocrx_word' id='word_1_486' title='bbox 886 3975 1046 4046; x_wconf 81' lang='grc' dir='ltr'>Νίκα,</span> <span class='ocrx_word' id='word_1_487' title='bbox 1079 3974 1264 4031; x_wconf 70' lang='grc' dir='ltr'>Βενετε</span> <span class='ocrx_word' id='word_1_488' title='bbox 1287 3991 1300 4005; x_wconf 79' lang='grc'><strong><em>⁸</em></strong></span> <span class='ocrx_word' id='word_1_489' title='bbox 1337 3997 1366 4024; x_wconf 76' lang='grc' dir='ltr'><strong>ιο</strong></span> <span class='ocrx_word' id='word_1_490' title='bbox 1423 3972 1633 4046; x_wconf 68' lang='grc' dir='ltr'>ὁμοίως</span> <span class='ocrx_word' id='word_1_491' title='bbox 1671 3972 1760 4028; x_wconf 77' lang='grc' dir='ltr'><strong>καὶ</strong></span> <span class='ocrx_word' id='word_1_492' title='bbox 1819 3971 1872 4026; x_wconf 76' lang='grc' dir='ltr'>οἱ</span> <span class='ocrx_word' id='word_1_493' title='bbox 1921 3971 2066 4043; x_wconf 77' lang='grc' dir='ltr'>Ιῐράο</span> 
     </span>
    </p>
   </div>
   <div class='ocr_carea' id='block_1_72' title="bbox 416 4055 2068 4138">
    <p class='ocr_par' dir='ltr' id='par_1_72' title="bbox 416 4055 2068 4138">
     <span class='ocr_line' id='line_1_72' title="bbox 416 4055 2068 4138; baseline -0.004 -19"><span class='ocrx_word' id='word_1_494' title='bbox 416 4086 582 4132; x_wconf 86' lang='grc' dir='ltr'>σινοι,</span> <span class='ocrx_word' id='word_1_495' title='bbox 614 4087 644 4115; x_wconf 88' lang='grc'><strong>‹‹</strong></span> <span class='ocrx_word' id='word_1_496' title='bbox 679 4062 927 4137; x_wconf 76' lang='grc' dir='ltr'>Πράτινε.</span> <span class='ocrx_word' id='word_1_497' title='bbox 958 4085 983 4116; x_wconf 71' lang='grc' dir='ltr'>ι</span> <span class='ocrx_word' id='word_1_498' title='bbox 1021 4063 1118 4118; x_wconf 81' lang='grc' dir='ltr'><strong>Καὶ</strong></span> <span class='ocrx_word' id='word_1_499' title='bbox 1177 4058 1394 4138; x_wconf 71' lang='grc' dir='ltr'>δέχεται</span> <span class='ocrx_word' id='word_1_500' title='bbox 1441 4063 1470 4116; x_wconf 91' lang='lat'><strong>6</strong></span> <span class='ocrx_word' id='word_1_501' title='bbox 1521 4055 1842 4138; x_wconf 73' lang='grc' dir='ltr'>φωνοϐόλος</span> <span class='ocrx_word' id='word_1_502' title='bbox 1891 4057 2068 4136; x_wconf 69' lang='grc' dir='ltr'>λέγων</span> 
     </span>
    </p>
   </div>
   <div class='ocr_carea' id='block_1_73' title="bbox 415 4149 2068 4230">
    <p class='ocr_par' dir='ltr' id='par_1_73' title="bbox 415 4149 2068 4230">
     <span class='ocr_line' id='line_1_73' title="bbox 415 4149 2068 4230; baseline -0.004 -20"><span class='ocrx_word' id='word_1_503' title='bbox 415 4152 632 4229; x_wconf 75' lang='grc' dir='ltr'>μεγάλῃ</span> <span class='ocrx_word' id='word_1_504' title='bbox 689 4155 762 4226; x_wconf 74' lang='grc' dir='ltr'>τῇ</span> <span class='ocrx_word' id='word_1_505' title='bbox 803 4156 996 4230; x_wconf 77' lang='grc' dir='ltr'>φωνῇ’</span> <span class='ocrx_word' id='word_1_506' title='bbox 1051 4175 1080 4204; x_wconf 77' lang='grc' dir='ltr'>ι(</span> <span class='ocrx_word' id='word_1_507' title='bbox 1141 4153 1364 4227; x_wconf 87' lang='grc' dir='ltr'><strong>Ἕχεται</strong></span> <span class='ocrx_word' id='word_1_508' title='bbox 1412 4151 1442 4206; x_wconf 92' lang='lat'><strong>6</strong></span> <span class='ocrx_word' id='word_1_509' title='bbox 1499 4151 1718 4226; x_wconf 76' lang='grc' dir='ltr'>βοηθῶν</span> <span class='ocrx_word' id='word_1_510' title='bbox 1763 4151 1898 4222; x_wconf 78' lang='grc' dir='ltr'><strong>ἡμῖν</strong></span> <span class='ocrx_word' id='word_1_511' title='bbox 1948 4149 2068 4220; x_wconf 81' lang='grc' dir='ltr'><strong>’1η-</strong></span> 
     </span>
    </p>
   </div>
   <div class='ocr_carea' id='block_1_74' title="bbox 409 4237 2064 4315">
    <p class='ocr_par' dir='ltr' id='par_1_74' title="bbox 409 4237 2064 4315">
     <span class='ocr_line' id='line_1_74' title="bbox 409 4237 2064 4315; baseline -0.005 -15"><span class='ocrx_word' id='word_1_512' title='bbox 409 4247 538 4306; x_wconf 81' lang='grc' dir='ltr'><strong>σοῦς</strong></span> <span class='ocrx_word' id='word_1_513' title='bbox 599 4245 680 4280; x_wconf 69' lang='grc' dir='ltr'><strong>ἰδ’</strong></span> <span class='ocrx_word' id='word_1_514' title='bbox 731 4264 762 4294; x_wconf 87' lang='grc'><strong>››</strong></span> <span class='ocrx_word' id='word_1_515' title='bbox 811 4241 840 4296; x_wconf 88' lang='lat'><strong>6</strong></span> <span class='ocrx_word' id='word_1_516' title='bbox 888 4239 1060 4305; x_wconf 86' lang='grc' dir='ltr'><strong>λαός·</strong></span> <span class='ocrx_word' id='word_1_517' title='bbox 1118 4264 1140 4292; x_wconf 76' lang='grc' dir='ltr'>ι</span> <span class='ocrx_word' id='word_1_518' title='bbox 1194 4241 1304 4298; x_wconf 83' lang='grc' dir='ltr'><strong>Ἀεὶ</strong></span> <span class='ocrx_word' id='word_1_519' title='bbox 1373 4239 1515 4298; x_wconf 88' lang='grc' dir='ltr'>νίκα.</span> <span class='ocrx_word' id='word_1_520' title='bbox 1565 4263 1595 4292; x_wconf 90' lang='grc'><strong>››</strong></span> <span class='ocrx_word' id='word_1_521' title='bbox 1647 4239 1714 4296; x_wconf 81' lang='grc' dir='ltr'><strong>Οἱ</strong></span> <span class='ocrx_word' id='word_1_522' title='bbox 1787 4237 2018 4315; x_wconf 87' lang='grc' dir='ltr'>κράκται</span> <span class='ocrx_word' id='word_1_523' title='bbox 2051 4257 2064 4270; x_wconf 90' lang='grc'>·</span> 
     </span>
    </p>
   </div>
   <div class='ocr_carea' id='block_1_75' title="bbox 413 4325 2066 4400">
    <p class='ocr_par' dir='ltr' id='par_1_75' title="bbox 413 4325 2066 4400">
     <span class='ocr_line' id='line_1_75' title="bbox 413 4325 2066 4400; baseline -0.008 -9"><span class='ocrx_word' id='word_1_524' title='bbox 413 4359 442 4384; x_wconf 78' lang='grc' dir='ltr'><strong>α</strong></span> <span class='ocrx_word' id='word_1_525' title='bbox 477 4332 572 4396; x_wconf 74' lang='grc' dir='ltr'><strong>Εἷς</strong></span> <span class='ocrx_word' id='word_1_526' title='bbox 603 4332 653 4368; x_wconf 80' lang='grc'><strong>⁴⁵</strong></span> <span class='ocrx_word' id='word_1_527' title='bbox 683 4331 712 4386; x_wconf 97' lang='lat'><strong>6</strong></span> <span class='ocrx_word' id='word_1_528' title='bbox 745 4331 898 4400; x_wconf 87' lang='grc' dir='ltr'>Θεὸς,</span> <span class='ocrx_word' id='word_1_529' title='bbox 931 4331 993 4385; x_wconf 76' lang='grc' dir='ltr'><strong>σὺ</strong></span> <span class='ocrx_word' id='word_1_530' title='bbox 1041 4327 1244 4391; x_wconf 74' lang='grc' dir='ltr'>αὐτοὺς</span> <span class='ocrx_word' id='word_1_531' title='bbox 1297 4333 1474 4385; x_wconf 89' lang='grc' dir='ltr'>σῶσον</span> <span class='ocrx_word' id='word_1_532' title='bbox 1497 4347 1510 4362; x_wconf 89' lang='grc'><strong>·</strong></span> <span class='ocrx_word' id='word_1_533' title='bbox 1547 4352 1575 4382; x_wconf 85' lang='grc'>››</span> <span class='ocrx_word' id='word_1_534' title='bbox 1611 4329 1638 4383; x_wconf 92' lang='lat'><strong>6</strong></span> <span class='ocrx_word' id='word_1_535' title='bbox 1672 4325 1802 4390; x_wconf 81' lang='grc' dir='ltr'>λαός</span> <span class='ocrx_word' id='word_1_536' title='bbox 1831 4346 1844 4361; x_wconf 88' lang='grc'><strong>·</strong></span> <span class='ocrx_word' id='word_1_537' title='bbox 1879 4351 1906 4380; x_wconf 88' lang='grc'><strong>‹‹</strong></span> <span class='ocrx_word' id='word_1_538' title='bbox 1939 4327 2066 4393; x_wconf 69' lang='lat' dir='ltr'><strong>Nai,</strong></span> 
     </span>
    </p>
   </div>
   <div class='ocr_carea' id='block_1_76' title="bbox 423 4414 2064 4494">
    <p class='ocr_par' dir='ltr' id='par_1_76' title="bbox 423 4414 2064 4494">
     <span class='ocr_line' id='line_1_76' title="bbox 423 4414 2064 4494; baseline -0.005 -16"><span class='ocrx_word' id='word_1_539' title='bbox 423 4421 603 4494; x_wconf 72' lang='grc' dir='ltr'><strong>Κύριε.</strong></span> <span class='ocrx_word' id='word_1_540' title='bbox 639 4444 666 4472; x_wconf 80' lang='lat'><strong>»</strong></span> <span class='ocrx_word' id='word_1_541' title='bbox 727 4420 826 4478; x_wconf 81' lang='grc' dir='ltr'><strong>Καὶ</strong></span> <span class='ocrx_word' id='word_1_542' title='bbox 868 4419 958 4476; x_wconf 74' lang='grc' dir='ltr'><strong>ὅτι</strong></span> <span class='ocrx_word' id='word_1_543' title='bbox 1006 4417 1293 4489; x_wconf 76' lang='grc' dir='ltr'><strong>ἐξέλθωσιν</strong></span> <span class='ocrx_word' id='word_1_544' title='bbox 1339 4416 1428 4473; x_wconf 80' lang='grc' dir='ltr'><strong>ἐπὶ</strong></span> <span class='ocrx_word' id='word_1_545' title='bbox 1475 4419 1538 4473; x_wconf 82' lang='grc' dir='ltr'><strong>τὸ</strong></span> <span class='ocrx_word' id='word_1_546' title='bbox 1604 4417 1838 4491; x_wconf 75' lang='grc' dir='ltr'>ὲξάερον,</span> <span class='ocrx_word' id='word_1_547' title='bbox 1880 4414 2064 4491; x_wconf 72' lang='grc' dir='ltr'>κρούει</span> 
     </span>
    </p>
   </div>
   <div class='ocr_carea' id='block_1_77' title="bbox 425 4503 2064 4584">
    <p class='ocr_par' dir='ltr' id='par_1_77' title="bbox 425 4503 2064 4584">
     <span class='ocr_line' id='line_1_77' title="bbox 425 4503 2064 4584; baseline -0.002 -22"><span class='ocrx_word' id='word_1_548' title='bbox 425 4509 456 4562; x_wconf 89' lang='lat'><strong>6</strong></span> <span class='ocrx_word' id='word_1_549' title='bbox 516 4509 792 4584; x_wconf 74' lang='grc' dir='ltr'>θεωρητής</span> <span class='ocrx_word' id='word_1_550' title='bbox 859 4509 962 4578; x_wconf 76' lang='grc' dir='ltr'><strong>τὴν</strong></span> <span class='ocrx_word' id='word_1_551' title='bbox 1036 4503 1298 4584; x_wconf 73' lang='grc' dir='ltr'><strong>ταϐραίαν</strong></span> <span class='ocrx_word' id='word_1_552' title='bbox 1347 4513 1416 4584; x_wconf 85' lang='grc' dir='ltr'>γ’,</span> <span class='ocrx_word' id='word_1_553' title='bbox 1472 4506 1562 4562; x_wconf 76' lang='grc' dir='ltr'><strong>καὶ</strong></span> <span class='ocrx_word' id='word_1_554' title='bbox 1613 4503 1758 4582; x_wconf 64' lang='grc' dir='ltr'>λέγει</span> <span class='ocrx_word' id='word_1_555' title='bbox 1808 4506 1836 4560; x_wconf 90' lang='lat'><strong>6</strong></span> <span class='ocrx_word' id='word_1_556' title='bbox 1889 4503 2022 4565; x_wconf 84' lang='grc' dir='ltr'>λαός</span> <span class='ocrx_word' id='word_1_557' title='bbox 2053 4523 2064 4536; x_wconf 92' lang='grc'><strong>·</strong></span> 
     </span>
    </p>
   </div>
   <div class='ocr_carea' id='block_1_78' title="bbox 431 4593 2066 4672">
    <p class='ocr_par' dir='ltr' id='par_1_78' title="bbox 431 4593 2066 4672">
     <span class='ocr_line' id='line_1_78' title="bbox 431 4593 2066 4672; baseline -0.002 -22"><span class='ocrx_word' id='word_1_558' title='bbox 431 4619 462 4650; x_wconf 74' lang='grc' dir='ltr'><strong><em>κ</em></strong></span> <span class='ocrx_word' id='word_1_559' title='bbox 495 4598 638 4668; x_wconf 73' lang='grc' dir='ltr'>Νικᾷ</span> <span class='ocrx_word' id='word_1_560' title='bbox 677 4601 712 4669; x_wconf 78' lang='grc' dir='ltr'>ἡ</span> <span class='ocrx_word' id='word_1_561' title='bbox 761 4598 940 4662; x_wconf 82' lang='grc' dir='ltr'><strong>πίστις</strong></span> <span class='ocrx_word' id='word_1_562' title='bbox 968 4602 1080 4654; x_wconf 86' lang='grc' dir='ltr'><strong>τῶν</strong></span> <span class='ocrx_word' id='word_1_563' title='bbox 1132 4595 1424 4672; x_wconf 78' lang='grc' dir='ltr'><strong>βασιλέων,</strong></span> <span class='ocrx_word' id='word_1_564' title='bbox 1475 4599 1598 4667; x_wconf 83' lang='grc' dir='ltr'>νικᾷ</span> <span class='ocrx_word' id='word_1_565' title='bbox 1651 4597 1686 4666; x_wconf 75' lang='grc' dir='ltr'><strong>ἡ</strong></span> <span class='ocrx_word' id='word_1_566' title='bbox 1737 4593 1916 4656; x_wconf 81' lang='grc' dir='ltr'><strong>πίστις</strong></span> <span class='ocrx_word' id='word_1_567' title='bbox 1956 4599 2066 4650; x_wconf 84' lang='grc' dir='ltr'><strong>τῶν</strong></span> 
     </span>
    </p>
   </div>
   <div class='ocr_carea' id='block_1_79' title="bbox 415 4667 2145 4762">
    <p class='ocr_par' dir='ltr' id='par_1_79' title="bbox 415 4667 2145 4762">
     <span class='ocr_line' id='line_1_79' title="bbox 415 4667 2145 4762; baseline -0.008 -16"><span class='ocrx_word' id='word_1_568' title='bbox 415 4686 770 4762; x_wconf 70' lang='grc' dir='ltr'>Αὖγοοστῶν,</span> <span class='ocrx_word' id='word_1_569' title='bbox 810 4691 934 4759; x_wconf 82' lang='grc' dir='ltr'>νικᾷ</span> <span class='ocrx_word' id='word_1_570' title='bbox 994 4689 1031 4756; x_wconf 78' lang='grc' dir='ltr'><strong>ἡ</strong></span> <span class='ocrx_word' id='word_1_571' title='bbox 1099 4688 1280 4749; x_wconf 86' lang='grc' dir='ltr'><strong>πίστις</strong></span> <span class='ocrx_word' id='word_1_572' title='bbox 1341 4693 1443 4756; x_wconf 75' lang='grc' dir='ltr'><strong>τῆς</strong></span> <span class='ocrx_word' id='word_1_573' title='bbox 1526 4684 1744 4748; x_wconf 84' lang='grc' dir='ltr'>πόλεως</span> <span class='ocrx_word' id='word_1_574' title='bbox 1810 4683 1900 4738; x_wconf 83' lang='grc' dir='ltr'>καὶ</span> <span class='ocrx_word' id='word_1_575' title='bbox 1957 4685 2064 4738; x_wconf 83' lang='grc' dir='ltr'>τῶν</span> <span class='ocrx_word' id='word_1_576' title='bbox 2099 4667 2145 4733; x_wconf 81' lang='grc' dir='ltr'><strong>Ι)</strong></span> 
     </span>
    </p>
   </div>
   <div class='ocr_carea' id='block_1_80' title="bbox 409 4772 2065 4854">
    <p class='ocr_par' dir='ltr' id='par_1_80' title="bbox 409 4772 2065 4854">
     <span class='ocr_line' id='line_1_80' title="bbox 409 4772 2065 4854; baseline -0.004 -20"><span class='ocrx_word' id='word_1_577' title='bbox 409 4779 646 4834; x_wconf 82' lang='grc' dir='ltr'>Βενέτων</span> <span class='ocrx_word' id='word_1_578' title='bbox 707 4799 734 4832; x_wconf 65' lang='grc' dir='ltr'><strong><em>ι</em></strong></span> <span class='ocrx_word' id='word_1_579' title='bbox 795 4779 870 4852; x_wconf 76' lang='grc' dir='ltr'>(οἱ</span> <span class='ocrx_word' id='word_1_580' title='bbox 929 4777 1214 4854; x_wconf 86' lang='grc' dir='ltr'>Πράσινοι,</span> <span class='ocrx_word' id='word_1_581' title='bbox 1273 4801 1296 4828; x_wconf 75' lang='grc' dir='ltr'><strong><em>ο</em></strong></span> <span class='ocrx_word' id='word_1_582' title='bbox 1359 4775 1637 4851; x_wconf 82' lang='grc' dir='ltr'><strong>πρασίνων</strong></span> <span class='ocrx_word' id='word_1_583' title='bbox 1703 4777 1770 4848; x_wconf 79' lang='grc' dir='ltr'><strong>ι).</strong></span> <span class='ocrx_word' id='word_1_584' title='bbox 1825 4773 1924 4828; x_wconf 79' lang='grc' dir='ltr'>Καὶ</span> <span class='ocrx_word' id='word_1_585' title='bbox 1971 4772 2065 4829; x_wconf 83' lang='grc' dir='ltr'><strong>λέ-</strong></span> 
     </span>
    </p>
   </div>
   <div class='ocr_carea' id='block_1_81' title="bbox 403 4861 2064 4945">
    <p class='ocr_par' dir='ltr' id='par_1_81' title="bbox 403 4861 2064 4945">
     <span class='ocr_line' id='line_1_81' title="bbox 403 4861 2064 4945; baseline -0.004 -21"><span class='ocrx_word' id='word_1_586' title='bbox 403 4889 596 4945; x_wconf 81' lang='grc' dir='ltr'>γουσιν</span> <span class='ocrx_word' id='word_1_587' title='bbox 634 4869 689 4924; x_wconf 75' lang='grc' dir='ltr'>οἱ</span> <span class='ocrx_word' id='word_1_588' title='bbox 719 4865 946 4942; x_wconf 83' lang='grc' dir='ltr'>κράκται</span> <span class='ocrx_word' id='word_1_589' title='bbox 971 4886 985 4900; x_wconf 76' lang='grc'><strong><em>⁸</em></strong></span> <span class='ocrx_word' id='word_1_590' title='bbox 1020 4891 1048 4920; x_wconf 88' lang='grc'>‹‹</span> <span class='ocrx_word' id='word_1_591' title='bbox 1079 4869 1142 4925; x_wconf 92' lang='grc' dir='ltr'>Ὁ</span> <span class='ocrx_word' id='word_1_592' title='bbox 1191 4864 1340 4922; x_wconf 85' lang='grc' dir='ltr'>δεῖνα</span> <span class='ocrx_word' id='word_1_593' title='bbox 1386 4865 1478 4922; x_wconf 82' lang='grc' dir='ltr'><strong>καὶ</strong></span> <span class='ocrx_word' id='word_1_594' title='bbox 1537 4866 1566 4920; x_wconf 93' lang='lat'><strong>6</strong></span> <span class='ocrx_word' id='word_1_595' title='bbox 1605 4863 1754 4920; x_wconf 86' lang='grc' dir='ltr'>δεῖνα</span> <span class='ocrx_word' id='word_1_596' title='bbox 1809 4861 2064 4938; x_wconf 78' lang='grc' dir='ltr'>μεγάλων</span> 
     </span>
    </p>
   </div>
   <div class='ocr_carea' id='block_1_82' title="bbox 407 4951 2066 5032">
    <p class='ocr_par' dir='ltr' id='par_1_82' title="bbox 407 4951 2066 5032">
     <span class='ocr_line' id='line_1_82' title="bbox 407 4951 2066 5032; baseline -0.002 -22"><span class='ocrx_word' id='word_1_597' title='bbox 407 4955 708 5032; x_wconf 67' lang='grc' dir='ltr'>βασιλέων,</span> <span class='ocrx_word' id='word_1_598' title='bbox 730 4955 818 5012; x_wconf 83' lang='grc' dir='ltr'><strong>ναὶ</strong></span> <span class='ocrx_word' id='word_1_599' title='bbox 850 4955 968 5012; x_wconf 74' lang='grc' dir='ltr'>εἰπε</span> <span class='ocrx_word' id='word_1_600' title='bbox 1019 4957 1048 5011; x_wconf 94' lang='lat'><strong>6</strong></span> <span class='ocrx_word' id='word_1_601' title='bbox 1078 4953 1222 5010; x_wconf 84' lang='grc' dir='ltr'>δεῖνα</span> <span class='ocrx_word' id='word_1_602' title='bbox 1259 4955 1350 5010; x_wconf 84' lang='grc' dir='ltr'><strong>καὶ</strong></span> <span class='ocrx_word' id='word_1_603' title='bbox 1402 4955 1432 5010; x_wconf 89' lang='lat'><strong>6</strong></span> <span class='ocrx_word' id='word_1_604' title='bbox 1476 4951 1626 5010; x_wconf 75' lang='grc' dir='ltr'>δεῖνα</span> <span class='ocrx_word' id='word_1_605' title='bbox 1668 4951 1922 5029; x_wconf 79' lang='grc' dir='ltr'>μεγάλων</span> <span class='ocrx_word' id='word_1_606' title='bbox 1967 4953 2066 5028; x_wconf 84' lang='grc' dir='ltr'><strong>βα-</strong></span> 
     </span>
    </p>
   </div>
   <div class='ocr_carea' id='block_1_83' title="bbox 407 5039 2067 5120">
    <p class='ocr_par' dir='ltr' id='par_1_83' title="bbox 407 5039 2067 5120">
     <span class='ocr_line' id='line_1_83' title="bbox 407 5039 2067 5120; baseline -0.004 -19"><span class='ocrx_word' id='word_1_607' title='bbox 407 5044 606 5101; x_wconf 75' lang='grc' dir='ltr'>σιλέων</span> <span class='ocrx_word' id='word_1_608' title='bbox 631 5065 643 5078; x_wconf 93' lang='grc'><strong>·</strong></span> <span class='ocrx_word' id='word_1_609' title='bbox 677 5066 705 5100; x_wconf 74' lang='grc' dir='ltr'>ι</span> <span class='ocrx_word' id='word_1_610' title='bbox 757 5045 852 5102; x_wconf 84' lang='grc' dir='ltr'>καὶ</span> <span class='ocrx_word' id='word_1_611' title='bbox 894 5046 922 5100; x_wconf 91' lang='lat'><strong>6</strong></span> <span class='ocrx_word' id='word_1_612' title='bbox 976 5043 1110 5107; x_wconf 87' lang='grc' dir='ltr'>λαός</span> <span class='ocrx_word' id='word_1_613' title='bbox 1137 5064 1150 5078; x_wconf 89' lang='grc'><strong>·</strong></span> <span class='ocrx_word' id='word_1_614' title='bbox 1193 5067 1223 5096; x_wconf 86' lang='grc'><strong>‹‹</strong></span> <span class='ocrx_word' id='word_1_615' title='bbox 1276 5042 1466 5120; x_wconf 74' lang='grc' dir='ltr'>Κύριε,</span> <span class='ocrx_word' id='word_1_616' title='bbox 1501 5043 1716 5118; x_wconf 72' lang='grc' dir='ltr'>βοήθει.</span> <span class='ocrx_word' id='word_1_617' title='bbox 1747 5063 1780 5097; x_wconf 69' lang='grc' dir='ltr'>π</span> <span class='ocrx_word' id='word_1_618' title='bbox 1821 5041 1888 5100; x_wconf 72' lang='grc' dir='ltr'><strong>Οἱ</strong></span> <span class='ocrx_word' id='word_1_619' title='bbox 1935 5039 2067 5117; x_wconf 85' lang='grc' dir='ltr'>κρά-</span> 
     </span>
    </p>
   </div>
   <div class='ocr_carea' id='block_1_84' title="bbox 401 5129 2068 5202">
    <p class='ocr_par' dir='ltr' id='par_1_84' title="bbox 401 5129 2068 5202">
     <span class='ocr_line' id='line_1_84' title="bbox 401 5129 2068 5202; baseline -0.005 -12"><span class='ocrx_word' id='word_1_620' title='bbox 401 5153 562 5190; x_wconf 84' lang='grc' dir='ltr'>κται·</span> <span class='ocrx_word' id='word_1_621' title='bbox 616 5155 650 5190; x_wconf 76' lang='grc' dir='ltr'><strong>ι(</strong></span> <span class='ocrx_word' id='word_1_622' title='bbox 680 5135 776 5198; x_wconf 79' lang='grc' dir='ltr'><strong>Εἷς</strong></span> <span class='ocrx_word' id='word_1_623' title='bbox 828 5134 978 5202; x_wconf 76' lang='grc' dir='ltr'>Θεὸς,</span> <span class='ocrx_word' id='word_1_624' title='bbox 1017 5131 1082 5187; x_wconf 65' lang='grc' dir='ltr'><strong>σὺ</strong></span> <span class='ocrx_word' id='word_1_625' title='bbox 1115 5132 1311 5194; x_wconf 69' lang='grc' dir='ltr'>αὐτοὺς</span> <span class='ocrx_word' id='word_1_626' title='bbox 1359 5137 1556 5188; x_wconf 84' lang='grc' dir='ltr'><strong>σῶσον·</strong></span> <span class='ocrx_word' id='word_1_627' title='bbox 1614 5129 1821 5193; x_wconf 82' lang='grc' dir='ltr'>ὁλαὸς·</span> <span class='ocrx_word' id='word_1_628' title='bbox 1856 5153 1886 5182; x_wconf 88' lang='grc'><em>‹‹</em></span> <span class='ocrx_word' id='word_1_629' title='bbox 1937 5131 2068 5200; x_wconf 83' lang='grc' dir='ltr'>Ναὶ,</span> 
     </span>
    </p>
   </div>
   <div class='ocr_carea' id='block_1_85' title="bbox 409 5219 2069 5314">
    <p class='ocr_par' dir='ltr' id='par_1_85' title="bbox 409 5219 2069 5314">
     <span class='ocr_line' id='line_1_85' title="bbox 409 5219 2069 5314; baseline -0.004 -32"><span class='ocrx_word' id='word_1_630' title='bbox 409 5226 598 5314; x_wconf 47' lang='grc' dir='ltr'>Κήριε.</span> <span class='ocrx_word' id='word_1_631' title='bbox 637 5249 664 5274; x_wconf 89' lang='grc'><strong>››</strong></span> <span class='ocrx_word' id='word_1_632' title='bbox 697 5225 796 5280; x_wconf 78' lang='grc' dir='ltr'><strong>Καὶ</strong></span> <span class='ocrx_word' id='word_1_633' title='bbox 849 5226 946 5282; x_wconf 79' lang='grc' dir='ltr'>εἶθ’</span> <span class='ocrx_word' id='word_1_634' title='bbox 999 5222 1172 5286; x_wconf 70' lang='grc' dir='ltr'>οὕτως</span> <span class='ocrx_word' id='word_1_635' title='bbox 1215 5222 1434 5298; x_wconf 65' lang='grc' dir='ltr'>λέγεται</span> <span class='ocrx_word' id='word_1_636' title='bbox 1480 5223 1544 5278; x_wconf 86' lang='grc' dir='ltr'><strong>τὸ</strong></span> <span class='ocrx_word' id='word_1_637' title='bbox 1589 5219 1852 5296; x_wconf 78' lang='grc' dir='ltr'>δρομικὸν</span> <span class='ocrx_word' id='word_1_638' title='bbox 1903 5219 2069 5292; x_wconf 85' lang='grc' dir='ltr'>ποίη-</span> 
     </span>
    </p>
   </div>
   <div class='ocr_carea' id='block_1_86' title="bbox 412 5307 2068 5392">
    <p class='ocr_par' dir='ltr' id='par_1_86' title="bbox 412 5307 2068 5392">
     <span class='ocr_line' id='line_1_86' title="bbox 412 5307 2068 5392; baseline -0.005 -22"><span class='ocrx_word' id='word_1_639' title='bbox 412 5307 500 5388; x_wconf 62' lang='grc' dir='ltr'><strong>μα’</strong></span> <span class='ocrx_word' id='word_1_640' title='bbox 539 5309 846 5392; x_wconf 75' lang='grc' dir='ltr'>ἔμπροσθεν</span> <span class='ocrx_word' id='word_1_641' title='bbox 899 5317 998 5371; x_wconf 77' lang='grc' dir='ltr'>τοῦ</span> <span class='ocrx_word' id='word_1_642' title='bbox 1055 5309 1432 5389; x_wconf 75' lang='grc' dir='ltr'>ἱπποδρομίου</span> <span class='ocrx_word' id='word_1_643' title='bbox 1458 5333 1470 5346; x_wconf 93' lang='grc'><strong>·</strong></span> <span class='ocrx_word' id='word_1_644' title='bbox 1506 5335 1536 5365; x_wconf 74' lang='grc' dir='ltr'>ι(</span> <span class='ocrx_word' id='word_1_645' title='bbox 1597 5312 1664 5370; x_wconf 75' lang='grc' dir='ltr'><strong>Οἱ</strong></span> <span class='ocrx_word' id='word_1_646' title='bbox 1705 5315 1809 5366; x_wconf 88' lang='grc' dir='ltr'>τῶν</span> <span class='ocrx_word' id='word_1_647' title='bbox 1841 5307 2068 5386; x_wconf 71' lang='grc' dir='ltr'>ἆγώνων</span> 
     </span>
    </p>
   </div>
   <div class='ocr_carea' id='block_1_87' title="bbox 409 5401 2068 5478">
    <p class='ocr_par' dir='ltr' id='par_1_87' title="bbox 409 5401 2068 5478">
     <span class='ocr_line' id='line_1_87' title="bbox 409 5401 2068 5478; baseline -0.003 -20"><span class='ocrx_word' id='word_1_648' title='bbox 409 5405 470 5458; x_wconf 70' lang='grc' dir='ltr'><strong>σὲ</strong></span> <span class='ocrx_word' id='word_1_649' title='bbox 526 5401 884 5478; x_wconf 55' lang='grc' dir='ltr'>διασωποῦμεν</span> <span class='ocrx_word' id='word_1_650' title='bbox 941 5401 1036 5460; x_wconf 81' lang='grc' dir='ltr'><strong>τὸν</strong></span> <span class='ocrx_word' id='word_1_651' title='bbox 1088 5403 1216 5460; x_wconf 81' lang='grc' dir='ltr'>Θεὸν</span> <span class='ocrx_word' id='word_1_652' title='bbox 1246 5403 1409 5475; x_wconf 74' lang='grc' dir='ltr'>ἡμῶν</span> <span class='ocrx_word' id='word_1_653' title='bbox 1459 5402 1547 5458; x_wconf 85' lang='grc' dir='ltr'><strong>καὶ</strong></span> <span class='ocrx_word' id='word_1_654' title='bbox 1601 5405 1864 5475; x_wconf 83' lang='grc' dir='ltr'><strong>Σωτῆρα·</strong></span> <span class='ocrx_word' id='word_1_655' title='bbox 1912 5401 2068 5459; x_wconf 84' lang='grc' dir='ltr'><strong>νίκας</strong></span> 
     </span>
    </p>
   </div>
   <div class='ocr_carea' id='block_1_88' title="bbox 1250 3293 2089 3369">
    <p class='ocr_par' dir='ltr' id='par_1_88' title="bbox 1250 3293 2070 3369">
     <span class='ocr_line' id='line_1_88' title="bbox 1250 3293 2070 3369; baseline -0.005 -19"><span class='ocrx_word' id='word_1_656' title='bbox 1250 3297 1560 3369; x_wconf 27' lang='grc' dir='ltr'>παραμονλῇ</span> <span class='ocrx_word' id='word_1_657' title='bbox 1607 3298 1704 3350; x_wconf 83' lang='grc' dir='ltr'>τοῦ</span> <span class='ocrx_word' id='word_1_658' title='bbox 1762 3293 2070 3369; x_wconf 76' lang='grc' dir='ltr'>λαχανικοῦ</span> 
     </span>
    </p>
   </div>
   <div class='ocr_carea' id='block_1_89' title="bbox 2181 3293 3834 3369">
    <p class='ocr_par' dir='ltr' id='par_1_89' title="bbox 2184 3293 3834 3369">
     <span class='ocr_line' id='line_1_89' title="bbox 2184 3293 3834 3369; baseline 0.004 -18"><span class='ocrx_word' id='word_1_659' title='bbox 2184 3295 2560 3369; x_wconf 32' lang='grc' dir='ltr'><strong>Οὐδενυαηάτι-</strong></span> <span class='ocrx_word' id='word_1_660' title='bbox 2607 3295 2668 3369; x_wconf 63' lang='lat' dir='ltr'><strong>in</strong></span> <span class='ocrx_word' id='word_1_661' title='bbox 2707 3367 2714 3369; x_wconf 79' lang='lat'><strong><em>_</em></strong></span> <span class='ocrx_word' id='word_1_662' title='bbox 2749 3293 2944 3364; x_wconf 79' lang='lat' dir='ltr'><strong>vigilia</strong></span> <span class='ocrx_word' id='word_1_663' title='bbox 2987 3295 3330 3367; x_wconf 76' lang='lat' dir='ltr'><strong>hippodromi</strong></span> <span class='ocrx_word' id='word_1_664' title='bbox 3403 3301 3686 3358; x_wconf 64' lang='lat' dir='ltr'><strong>lachanini</strong></span> <span class='ocrx_word' id='word_1_665' title='bbox 3735 3317 3834 3360; x_wconf 76' lang='lat' dir='ltr'><strong>seu</strong></span> 
     </span>
    </p>
   </div>
   <div class='ocr_carea' id='block_1_90' title="bbox 2253 3365 3834 3494">
    <p class='ocr_par' dir='ltr' id='par_1_90' title="bbox 2253 3365 3834 3494">
     <span class='ocr_line' id='line_1_90' title="bbox 2253 3365 3834 3494; baseline 0.006 -73"><span class='ocrx_word' id='word_1_666' title='bbox 2253 3365 2560 3494; x_wconf 53' lang='grc' dir='ltr'>εοεαιί</span> <span class='ocrx_word' id='word_1_667' title='bbox 2613 3367 2784 3437; x_wconf 74' lang='lat' dir='ltr'><strong>hujus</strong></span> <span class='ocrx_word' id='word_1_668' title='bbox 2821 3385 2856 3422; x_wconf 88' lang='lat' dir='ltr'><strong>a</strong></span> <span class='ocrx_word' id='word_1_669' title='bbox 2890 3373 3004 3424; x_wconf 81' lang='lat' dir='ltr'><strong>Dea</strong></span> <span class='ocrx_word' id='word_1_670' title='bbox 3039 3365 3314 3426; x_wconf 76' lang='lat' dir='ltr'><strong>custodms</strong></span> <span class='ocrx_word' id='word_1_671' title='bbox 3370 3382 3428 3428; x_wconf 76' lang='lat' dir='ltr'><strong>et</strong></span> <span class='ocrx_word' id='word_1_672' title='bbox 3465 3375 3834 3447; x_wconf 74' lang='lat' dir='ltr'><strong>imperatoria:</strong></span> 
     </span>
    </p>
   </div>
   <div class='ocr_carea' id='block_1_91' title="bbox 2252 3527 3828 3608">
    <p class='ocr_par' dir='ltr' id='par_1_91' title="bbox 2252 3527 3828 3608">
     <span class='ocr_line' id='line_1_91' title="bbox 2252 3527 3828 3608; baseline 0.006 -25"><span class='ocrx_word' id='word_1_673' title='bbox 2252 3527 2504 3584; x_wconf 87' lang='lat' dir='ltr'><strong>Duarum</strong></span> <span class='ocrx_word' id='word_1_674' title='bbox 2523 3527 2841 3584; x_wconf 79' lang='lat' dir='ltr'><strong>factionum</strong></span> <span class='ocrx_word' id='word_1_675' title='bbox 2875 3529 3190 3601; x_wconf 86' lang='lat' dir='ltr'><strong>principes,</strong></span> <span class='ocrx_word' id='word_1_676' title='bbox 3214 3531 3436 3602; x_wconf 85' lang='lat' dir='ltr'><strong>vicarii,</strong></span> <span class='ocrx_word' id='word_1_677' title='bbox 3471 3533 3676 3608; x_wconf 88' lang='lat' dir='ltr'><strong>reliqui</strong></span> <span class='ocrx_word' id='word_1_678' title='bbox 3709 3535 3828 3593; x_wconf 81' lang='lat' dir='ltr'><strong>fac-</strong></span> 
     </span>
    </p>
   </div>
   <div class='ocr_carea' id='block_1_92' title="bbox 2181 3615 3836 3691">
    <p class='ocr_par' dir='ltr' id='par_1_92' title="bbox 2181 3615 3836 3691">
     <span class='ocr_line' id='line_1_92' title="bbox 2181 3615 3836 3691; baseline 0.008 -22"><span class='ocrx_word' id='word_1_679' title='bbox 2181 3615 2409 3673; x_wconf 84' lang='lat' dir='ltr'><strong>tionum</strong></span> <span class='ocrx_word' id='word_1_680' title='bbox 2443 3617 2694 3688; x_wconf 66' lang='lat' dir='ltr'><strong>praefecti</strong></span> <span class='ocrx_word' id='word_1_681' title='bbox 2727 3622 2784 3672; x_wconf 92' lang='lat' dir='ltr'><strong>et</strong></span> <span class='ocrx_word' id='word_1_682' title='bbox 2815 3619 3068 3690; x_wconf 79' lang='lat' dir='ltr'><strong>pupulas</strong></span> <span class='ocrx_word' id='word_1_683' title='bbox 3099 3621 3324 3691; x_wconf 87' lang='lat' dir='ltr'><strong>vesperi</strong></span> <span class='ocrx_word' id='word_1_684' title='bbox 3356 3623 3426 3678; x_wconf 83' lang='lat' dir='ltr'><strong>ad</strong></span> <span class='ocrx_word' id='word_1_685' title='bbox 3460 3625 3694 3681; x_wconf 76' lang='lat' dir='ltr'><strong>stabula</strong></span> <span class='ocrx_word' id='word_1_686' title='bbox 3726 3643 3836 3682; x_wconf 88' lang='lat' dir='ltr'><strong>sua</strong></span> 
     </span>
    </p>
   </div>
   <div class='ocr_carea' id='block_1_93' title="bbox 2181 3705 3832 3782">
    <p class='ocr_par' dir='ltr' id='par_1_93' title="bbox 2181 3705 3832 3782">
     <span class='ocr_line' id='line_1_93' title="bbox 2181 3705 3832 3782; baseline 0.006 -20"><span class='ocrx_word' id='word_1_687' title='bbox 2181 3705 2420 3780; x_wconf 87' lang='lat' dir='ltr'><strong>abeunt,</strong></span> <span class='ocrx_word' id='word_1_688' title='bbox 2445 3705 2542 3762; x_wconf 92' lang='lat' dir='ltr'><strong>ubi</strong></span> <span class='ocrx_word' id='word_1_689' title='bbox 2565 3706 2861 3778; x_wconf 86' lang='lat' dir='ltr'><strong>inspector</strong></span> <span class='ocrx_word' id='word_1_690' title='bbox 2884 3707 3348 3782; x_wconf 88' lang='lat' dir='ltr'><strong>uniuscujusque</strong></span> <span class='ocrx_word' id='word_1_691' title='bbox 3379 3711 3650 3769; x_wconf 79' lang='lat' dir='ltr'><strong>factionis</strong></span> <span class='ocrx_word' id='word_1_692' title='bbox 3677 3715 3832 3772; x_wconf 69' lang='lat'><strong>208</strong></span> 
     </span>
    </p>
   </div>
   <div class='ocr_carea' id='block_1_94' title="bbox 2179 3795 3828 3871">
    <p class='ocr_par' dir='ltr' id='par_1_94' title="bbox 2179 3795 3828 3871">
     <span class='ocr_line' id='line_1_94' title="bbox 2179 3795 3828 3871; baseline 0.005 -21"><span class='ocrx_word' id='word_1_693' title='bbox 2179 3795 2467 3868; x_wconf 86' lang='lat' dir='ltr'><strong>triplicem</strong></span> <span class='ocrx_word' id='word_1_694' title='bbox 2500 3796 2779 3852; x_wconf 89' lang='lat' dir='ltr'><strong>scuticam</strong></span> <span class='ocrx_word' id='word_1_695' title='bbox 2812 3797 3018 3865; x_wconf 86' lang='lat' dir='ltr'><strong>sumit,</strong></span> <span class='ocrx_word' id='word_1_696' title='bbox 3053 3801 3264 3871; x_wconf 86' lang='lat' dir='ltr'><strong>papulo</strong></span> <span class='ocrx_word' id='word_1_697' title='bbox 3287 3805 3377 3856; x_wconf 89' lang='lat' dir='ltr'><strong>ter</strong></span> <span class='ocrx_word' id='word_1_698' title='bbox 3425 3801 3782 3860; x_wconf 84' lang='lat' dir='ltr'><strong>acclamante</strong></span> <span class='ocrx_word' id='word_1_699' title='bbox 3814 3819 3828 3858; x_wconf 90' lang='lat'><strong>:</strong></span> 
     </span>
    </p>
   </div>
   <div class='ocr_carea' id='block_1_95' title="bbox 2180 3883 3830 3954">
    <p class='ocr_par' dir='ltr' id='par_1_95' title="bbox 2180 3883 3830 3954">
     <span class='ocr_line' id='line_1_95' title="bbox 2180 3883 3830 3954; baseline 0.005 -20"><span class='ocrx_word' id='word_1_700' title='bbox 2180 3907 2210 3936; x_wconf 85' lang='grc'><strong>‹‹</strong></span> <span class='ocrx_word' id='word_1_701' title='bbox 2245 3885 2441 3954; x_wconf 83' lang='lat' dir='ltr'><strong>Vince,</strong></span> <span class='ocrx_word' id='word_1_702' title='bbox 2463 3883 2684 3941; x_wconf 82' lang='lat' dir='ltr'><strong>Veneto</strong></span> <span class='ocrx_word' id='word_1_703' title='bbox 2715 3883 2728 3938; x_wconf 78' lang='grc' dir='ltr'>Ξ</span> <span class='ocrx_word' id='word_1_704' title='bbox 2767 3885 3099 3942; x_wconf 73' lang='lat' dir='ltr'><strong>«similiter</strong></span> <span class='ocrx_word' id='word_1_705' title='bbox 3129 3887 3353 3944; x_wconf 87' lang='lat' dir='ltr'><strong>Prasini</strong></span> <span class='ocrx_word' id='word_1_706' title='bbox 3383 3905 3396 3944; x_wconf 90' lang='lat'><strong>:</strong></span> <span class='ocrx_word' id='word_1_707' title='bbox 3430 3912 3459 3942; x_wconf 83' lang='lat'>«</span> <span class='ocrx_word' id='word_1_708' title='bbox 3485 3891 3726 3948; x_wconf 89' lang='lat' dir='ltr'><strong>Prasine</strong></span> <span class='ocrx_word' id='word_1_709' title='bbox 3753 3891 3765 3947; x_wconf 75' lang='grc' dir='ltr'><em>Ξ</em></span> <span class='ocrx_word' id='word_1_710' title='bbox 3803 3915 3830 3942; x_wconf 84' lang='grc'><strong>››</strong></span> 
     </span>
    </p>
   </div>
   <div class='ocr_carea' id='block_1_96' title="bbox 2177 3971 3832 4048">
    <p class='ocr_par' dir='ltr' id='par_1_96' title="bbox 2177 3971 3832 4048">
     <span class='ocr_line' id='line_1_96' title="bbox 2177 3971 3832 4048; baseline 0.005 -20"><span class='ocrx_word' id='word_1_711' title='bbox 2177 3973 2505 4028; x_wconf 76' lang='lat' dir='ltr'><strong>Praecentor</strong></span> <span class='ocrx_word' id='word_1_712' title='bbox 2550 3989 2688 4029; x_wconf 88' lang='lat' dir='ltr'><strong>voce</strong></span> <span class='ocrx_word' id='word_1_713' title='bbox 2735 3971 2888 4029; x_wconf 89' lang='lat' dir='ltr'><strong>elata</strong></span> <span class='ocrx_word' id='word_1_714' title='bbox 2944 3974 3132 4030; x_wconf 89' lang='lat' dir='ltr'><strong>canit:</strong></span> <span class='ocrx_word' id='word_1_715' title='bbox 3167 3997 3195 4024; x_wconf 80' lang='grc'>››</span> <span class='ocrx_word' id='word_1_716' title='bbox 3253 3975 3550 4034; x_wconf 82' lang='lat' dir='ltr'><strong>Habemus</strong></span> <span class='ocrx_word' id='word_1_717' title='bbox 3605 3979 3832 4048; x_wconf 84' lang='lat' dir='ltr'><strong>Jesum,</strong></span> 
     </span>
    </p>
   </div>
   <div class='ocr_carea' id='block_1_97' title="bbox 2180 4063 3826 4139">
    <p class='ocr_par' dir='ltr' id='par_1_97' title="bbox 2180 4063 3826 4139">
     <span class='ocr_line' id='line_1_97' title="bbox 2180 4063 3826 4139; baseline 0.004 -21"><span class='ocrx_word' id='word_1_718' title='bbox 2180 4063 2507 4134; x_wconf 86' lang='lat' dir='ltr'><strong>adjutorern</strong></span> <span class='ocrx_word' id='word_1_719' title='bbox 2543 4067 2842 4130; x_wconf 86' lang='lat' dir='ltr'><strong>nostrum;</strong></span> <span class='ocrx_word' id='word_1_720' title='bbox 2878 4083 2906 4112; x_wconf 82' lang='lat'><strong>»</strong></span> <span class='ocrx_word' id='word_1_721' title='bbox 2939 4063 3190 4135; x_wconf 81' lang='lat' dir='ltr'><strong>papulas</strong></span> <span class='ocrx_word' id='word_1_722' title='bbox 3224 4081 3236 4118; x_wconf 92' lang='lat'><strong>:</strong></span> <span class='ocrx_word' id='word_1_723' title='bbox 3265 4088 3286 4115; x_wconf 76' lang='grc' dir='ltr'><strong>ι</strong></span> <span class='ocrx_word' id='word_1_724' title='bbox 3322 4065 3566 4139; x_wconf 90' lang='lat' dir='ltr'><strong>Semper</strong></span> <span class='ocrx_word' id='word_1_725' title='bbox 3595 4069 3826 4126; x_wconf 80' lang='lat' dir='ltr'><strong>vince.»</strong></span> 
     </span>
    </p>
   </div>
   <div class='ocr_carea' id='block_1_98' title="bbox 2181 4151 3824 4230">
    <p class='ocr_par' dir='ltr' id='par_1_98' title="bbox 2181 4151 3824 4230">
     <span class='ocr_line' id='line_1_98' title="bbox 2181 4151 3824 4230; baseline 0.004 -22"><span class='ocrx_word' id='word_1_726' title='bbox 2181 4151 2461 4208; x_wconf 88' lang='lat' dir='ltr'><strong>Cantores</strong></span> <span class='ocrx_word' id='word_1_727' title='bbox 2507 4167 2520 4205; x_wconf 90' lang='lat'><strong>:</strong></span> <span class='ocrx_word' id='word_1_728' title='bbox 2554 4171 2580 4200; x_wconf 84' lang='lat'>«</span> <span class='ocrx_word' id='word_1_729' title='bbox 2619 4155 2765 4206; x_wconf 87' lang='lat' dir='ltr'><strong>Deus</strong></span> <span class='ocrx_word' id='word_1_730' title='bbox 2795 4167 2880 4216; x_wconf 89' lang='lat' dir='ltr'><strong>es,</strong></span> <span class='ocrx_word' id='word_1_731' title='bbox 2913 4157 2973 4207; x_wconf 89' lang='lat' dir='ltr'><strong>tu</strong></span> <span class='ocrx_word' id='word_1_732' title='bbox 3035 4152 3188 4225; x_wconf 89' lang='lat' dir='ltr'><strong>ipsos</strong></span> <span class='ocrx_word' id='word_1_733' title='bbox 3219 4171 3412 4224; x_wconf 88' lang='lat' dir='ltr'><strong>serva;</strong></span> <span class='ocrx_word' id='word_1_734' title='bbox 3477 4177 3504 4210; x_wconf 77' lang='grc' dir='ltr'><strong>α</strong></span> <span class='ocrx_word' id='word_1_735' title='bbox 3535 4157 3824 4230; x_wconf 87' lang='lat' dir='ltr'><strong>populus;</strong></span> 
     </span>
    </p>
   </div>
   <div class='ocr_carea' id='block_1_99' title="bbox 2181 4239 3827 4317">
    <p class='ocr_par' dir='ltr' id='par_1_99' title="bbox 2181 4239 3827 4317">
     <span class='ocr_line' id='line_1_99' title="bbox 2181 4239 3827 4317; baseline 0.007 -27"><span class='ocrx_word' id='word_1_736' title='bbox 2181 4261 2210 4290; x_wconf 85' lang='grc'>‹‹</span> <span class='ocrx_word' id='word_1_737' title='bbox 2239 4239 2342 4306; x_wconf 91' lang='lat' dir='ltr'><strong>Ila,</strong></span> <span class='ocrx_word' id='word_1_738' title='bbox 2376 4239 2624 4296; x_wconf 85' lang='lat' dir='ltr'><strong>Domino</strong></span> <span class='ocrx_word' id='word_1_739' title='bbox 2657 4239 2669 4294; x_wconf 75' lang='grc' dir='ltr'><em>Ξ</em></span> <span class='ocrx_word' id='word_1_740' title='bbox 2697 4261 2724 4290; x_wconf 85' lang='grc'>››</span> <span class='ocrx_word' id='word_1_741' title='bbox 2758 4241 3000 4306; x_wconf 88' lang='lat' dir='ltr'><strong>Quando</strong></span> <span class='ocrx_word' id='word_1_742' title='bbox 3029 4242 3086 4296; x_wconf 91' lang='lat' dir='ltr'><strong>in</strong></span> <span class='ocrx_word' id='word_1_743' title='bbox 3119 4243 3332 4300; x_wconf 88' lang='lat' dir='ltr'><strong>atrium</strong></span> <span class='ocrx_word' id='word_1_744' title='bbox 3353 4261 3708 4317; x_wconf 86' lang='lat' dir='ltr'><strong>processere,</strong></span> <span class='ocrx_word' id='word_1_745' title='bbox 3735 4247 3827 4302; x_wconf 86' lang='lat' dir='ltr'><strong>in-</strong></span> 
     </span>
    </p>
   </div>
   <div class='ocr_carea' id='block_1_100' title="bbox 2180 4329 3826 4403">
    <p class='ocr_par' dir='ltr' id='par_1_100' title="bbox 2180 4329 3826 4403">
     <span class='ocr_line' id='line_1_100' title="bbox 2180 4329 3826 4403; baseline 0.003 -18"><span class='ocrx_word' id='word_1_746' title='bbox 2180 4335 2408 4402; x_wconf 88' lang='lat' dir='ltr'><strong>spector</strong></span> <span class='ocrx_word' id='word_1_747' title='bbox 2427 4329 2653 4386; x_wconf 87' lang='lat' dir='ltr'><strong>scutica</strong></span> <span class='ocrx_word' id='word_1_748' title='bbox 2682 4334 2771 4384; x_wconf 88' lang='lat' dir='ltr'><strong>ter</strong></span> <span class='ocrx_word' id='word_1_749' title='bbox 2801 4331 3052 4397; x_wconf 86' lang='lat' dir='ltr'><strong>insonat,</strong></span> <span class='ocrx_word' id='word_1_750' title='bbox 3087 4331 3300 4403; x_wconf 89' lang='lat' dir='ltr'><strong>populo</strong></span> <span class='ocrx_word' id='word_1_751' title='bbox 3325 4334 3554 4391; x_wconf 91' lang='lat' dir='ltr'><strong>dicente</strong></span> <span class='ocrx_word' id='word_1_752' title='bbox 3587 4351 3601 4389; x_wconf 88' lang='lat'><strong>:</strong></span> <span class='ocrx_word' id='word_1_753' title='bbox 3632 4355 3655 4383; x_wconf 77' lang='grc' dir='ltr'><strong>α</strong></span> <span class='ocrx_word' id='word_1_754' title='bbox 3684 4333 3826 4390; x_wconf 86' lang='lat' dir='ltr'><strong>Vin—</strong></span> 
     </span>
    </p>
   </div>
   <div class='ocr_carea' id='block_1_101' title="bbox 2181 4421 3825 4493">
    <p class='ocr_par' dir='ltr' id='par_1_101' title="bbox 2181 4421 3825 4493">
     <span class='ocr_line' id='line_1_101' title="bbox 2181 4421 3825 4493; baseline 0.002 -16"><span class='ocrx_word' id='word_1_755' title='bbox 2181 4421 2262 4477; x_wconf 88' lang='lat' dir='ltr'><strong>cit</strong></span> <span class='ocrx_word' id='word_1_756' title='bbox 2280 4421 2675 4490; x_wconf 83' lang='lat' dir='ltr'><strong>Augustorum</strong></span> <span class='ocrx_word' id='word_1_757' title='bbox 2705 4423 3224 4493; x_wconf 84' lang='lat' dir='ltr'><strong>Augustarumque</strong></span> <span class='ocrx_word' id='word_1_758' title='bbox 3253 4423 3421 4490; x_wconf 85' lang='lat' dir='ltr'><strong>ﬁdes,</strong></span> <span class='ocrx_word' id='word_1_759' title='bbox 3455 4423 3633 4480; x_wconf 89' lang='lat' dir='ltr'><strong>vincit</strong></span> <span class='ocrx_word' id='word_1_760' title='bbox 3664 4424 3825 4481; x_wconf 88' lang='lat' dir='ltr'><strong>urbis</strong></span> 
     </span>
    </p>
   </div>
   <div class='ocr_carea' id='block_1_102' title="bbox 2180 4506 3828 4584">
    <p class='ocr_par' dir='ltr' id='par_1_102' title="bbox 2180 4506 3828 4584">
     <span class='ocr_line' id='line_1_102' title="bbox 2180 4506 3828 4584; baseline 0.002 -20"><span class='ocrx_word' id='word_1_761' title='bbox 2180 4525 2248 4564; x_wconf 89' lang='lat' dir='ltr'><strong>ac</strong></span> <span class='ocrx_word' id='word_1_762' title='bbox 2275 4507 2632 4564; x_wconf 87' lang='lat' dir='ltr'><strong>Venetorum</strong></span> <span class='ocrx_word' id='word_1_763' title='bbox 2679 4506 2856 4564; x_wconf 85' lang='lat' dir='ltr'><strong>ﬁdesl</strong></span> <span class='ocrx_word' id='word_1_764' title='bbox 2885 4531 2906 4560; x_wconf 75' lang='grc' dir='ltr'><strong>ι</strong></span> <span class='ocrx_word' id='word_1_765' title='bbox 2943 4509 3193 4579; x_wconf 88' lang='lat' dir='ltr'><strong>(Prasini</strong></span> <span class='ocrx_word' id='word_1_766' title='bbox 3221 4529 3242 4565; x_wconf 88' lang='lat'><strong><em>:</em></strong></span> <span class='ocrx_word' id='word_1_767' title='bbox 3271 4533 3300 4562; x_wconf 88' lang='grc'><strong>‹‹</strong></span> <span class='ocrx_word' id='word_1_768' title='bbox 3342 4511 3740 4570; x_wconf 88' lang='lat' dir='ltr'><strong>Prasinorum.</strong></span> <span class='ocrx_word' id='word_1_769' title='bbox 3777 4515 3828 4584; x_wconf 82' lang='lat'><strong>»)</strong></span> 
     </span>
    </p>
   </div>
   <div class='ocr_carea' id='block_1_103' title="bbox 2180 4594 3826 4671">
    <p class='ocr_par' dir='ltr' id='par_1_103' title="bbox 2180 4594 3826 4671">
     <span class='ocr_line' id='line_1_103' title="bbox 2180 4594 3826 4671; baseline 0.002 -17"><span class='ocrx_word' id='word_1_770' title='bbox 2180 4598 2458 4654; x_wconf 85' lang='lat' dir='ltr'><strong>Cantores</strong></span> <span class='ocrx_word' id='word_1_771' title='bbox 2489 4612 2502 4648; x_wconf 90' lang='lat'><em>:</em></span> <span class='ocrx_word' id='word_1_772' title='bbox 2529 4615 2561 4648; x_wconf 81' lang='grc' dir='ltr'><strong>ιι</strong></span> <span class='ocrx_word' id='word_1_773' title='bbox 2593 4594 2662 4650; x_wconf 86' lang='grc' dir='ltr'><strong>Ν.</strong></span> <span class='ocrx_word' id='word_1_774' title='bbox 2695 4600 2752 4652; x_wconf 88' lang='lat' dir='ltr'><strong>et</strong></span> <span class='ocrx_word' id='word_1_775' title='bbox 2773 4595 2843 4650; x_wconf 91' lang='lat' dir='ltr'><strong>N.</strong></span> <span class='ocrx_word' id='word_1_776' title='bbox 2871 4611 3218 4669; x_wconf 88' lang='lat' dir='ltr'><strong>magnorum</strong></span> <span class='ocrx_word' id='word_1_777' title='bbox 3239 4598 3664 4671; x_wconf 84' lang='lat' dir='ltr'><strong>imperatorum</strong></span> <span class='ocrx_word' id='word_1_778' title='bbox 3691 4600 3704 4655; x_wconf 84' lang='grc' dir='ltr'><strong>Ι</strong></span> <span class='ocrx_word' id='word_1_779' title='bbox 3731 4601 3826 4657; x_wconf 92' lang='lat' dir='ltr'><strong>dic</strong></span> 
     </span>
    </p>
   </div>
   <div class='ocr_carea' id='block_1_104' title="bbox 2176 4685 3827 4760">
    <p class='ocr_par' dir='ltr' id='par_1_104' title="bbox 2176 4685 3827 4760">
     <span class='ocr_line' id='line_1_104' title="bbox 2176 4685 3827 4760; baseline 0.002 -17"><span class='ocrx_word' id='word_1_780' title='bbox 2176 4686 2440 4752; x_wconf 91' lang='lat' dir='ltr'><strong>omnino,</strong></span> <span class='ocrx_word' id='word_1_781' title='bbox 2462 4700 2809 4757; x_wconf 84' lang='lat' dir='ltr'><strong>magnorum</strong></span> <span class='ocrx_word' id='word_1_782' title='bbox 2831 4685 3244 4756; x_wconf 85' lang='lat' dir='ltr'><strong>imperatorum</strong></span> <span class='ocrx_word' id='word_1_783' title='bbox 3279 4707 3344 4758; x_wconf 76' lang='grc' dir='ltr'><strong>ς»</strong></span> <span class='ocrx_word' id='word_1_784' title='bbox 3366 4688 3642 4760; x_wconf 82' lang='lat' dir='ltr'><strong>populus:</strong></span> <span class='ocrx_word' id='word_1_785' title='bbox 3667 4711 3696 4740; x_wconf 77' lang='grc' dir='ltr'>ι(</span> <span class='ocrx_word' id='word_1_786' title='bbox 3720 4695 3827 4747; x_wconf 90' lang='lat' dir='ltr'><strong>Do-</strong></span> 
     </span>
    </p>
   </div>
   <div class='ocr_carea' id='block_1_105' title="bbox 2183 4774 3828 4852">
    <p class='ocr_par' dir='ltr' id='par_1_105' title="bbox 2183 4774 3828 4852">
     <span class='ocr_line' id='line_1_105' title="bbox 2183 4774 3828 4852; baseline 0.004 -22"><span class='ocrx_word' id='word_1_787' title='bbox 2183 4774 2363 4842; x_wconf 88' lang='lat' dir='ltr'><strong>mine,</strong></span> <span class='ocrx_word' id='word_1_788' title='bbox 2422 4775 2656 4846; x_wconf 85' lang='lat' dir='ltr'><strong>adjuva.</strong></span> <span class='ocrx_word' id='word_1_789' title='bbox 2699 4799 2720 4824; x_wconf 77' lang='lat' dir='ltr'><strong><em>n</em></strong></span> <span class='ocrx_word' id='word_1_790' title='bbox 2811 4779 3126 4834; x_wconf 83' lang='lat' dir='ltr'><strong>Cantores:</strong></span> <span class='ocrx_word' id='word_1_791' title='bbox 3186 4777 3272 4834; x_wconf 87' lang='lat' dir='ltr'><strong>Tu</strong></span> <span class='ocrx_word' id='word_1_792' title='bbox 3335 4780 3482 4836; x_wconf 85' lang='lat' dir='ltr'><strong>Deus</strong></span> <span class='ocrx_word' id='word_1_793' title='bbox 3530 4795 3612 4846; x_wconf 89' lang='lat' dir='ltr'><strong>es,</strong></span> <span class='ocrx_word' id='word_1_794' title='bbox 3671 4779 3828 4852; x_wconf 88' lang='lat' dir='ltr'><strong>ipsos</strong></span> 
     </span>
    </p>
   </div>
   <div class='ocr_carea' id='block_1_106' title="bbox 2175 4865 3826 4942">
    <p class='ocr_par' dir='ltr' id='par_1_106' title="bbox 2175 4865 3826 4942">
     <span class='ocr_line' id='line_1_106' title="bbox 2175 4865 3826 4942; baseline 0.003 -21"><span class='ocrx_word' id='word_1_795' title='bbox 2175 4881 2374 4934; x_wconf 87' lang='lat' dir='ltr'><strong>serva;</strong></span> <span class='ocrx_word' id='word_1_796' title='bbox 2409 4887 2437 4914; x_wconf 84' lang='lat'>»</span> <span class='ocrx_word' id='word_1_797' title='bbox 2464 4865 2756 4937; x_wconf 82' lang='lat' dir='ltr'><strong>pepulus:</strong></span> <span class='ocrx_word' id='word_1_798' title='bbox 2791 4865 2946 4934; x_wconf 80' lang='lat' dir='ltr'><strong>«Ita,</strong></span> <span class='ocrx_word' id='word_1_799' title='bbox 2977 4865 3254 4922; x_wconf 86' lang='lat' dir='ltr'><strong>Domine!</strong></span> <span class='ocrx_word' id='word_1_800' title='bbox 3292 4888 3318 4920; x_wconf 75' lang='grc' dir='ltr'><strong><em>ι</em></strong></span> <span class='ocrx_word' id='word_1_801' title='bbox 3352 4868 3449 4926; x_wconf 90' lang='lat' dir='ltr'><strong>Sic</strong></span> <span class='ocrx_word' id='word_1_802' title='bbox 3471 4873 3670 4942; x_wconf 88' lang='lat' dir='ltr'><strong>postea</strong></span> <span class='ocrx_word' id='word_1_803' title='bbox 3694 4871 3826 4926; x_wconf 89' lang='lat' dir='ltr'><strong>dro-</strong></span> 
     </span>
    </p>
   </div>
   <div class='ocr_carea' id='block_1_107' title="bbox 2177 4951 3825 5018">
    <p class='ocr_par' dir='ltr' id='par_1_107' title="bbox 2177 4951 3825 5018">
     <span class='ocr_line' id='line_1_107' title="bbox 2177 4951 3825 5018; baseline 0.005 -12"><span class='ocrx_word' id='word_1_804' title='bbox 2177 4951 2397 5006; x_wconf 88' lang='lat' dir='ltr'><strong>micum</strong></span> <span class='ocrx_word' id='word_1_805' title='bbox 2439 4967 2672 5006; x_wconf 83' lang='lat' dir='ltr'><strong>carmen</strong></span> <span class='ocrx_word' id='word_1_806' title='bbox 2695 4955 2832 5018; x_wconf 84' lang='lat' dir='ltr'><strong>ante</strong></span> <span class='ocrx_word' id='word_1_807' title='bbox 2863 4951 3080 5008; x_wconf 88' lang='lat' dir='ltr'><strong>circum</strong></span> <span class='ocrx_word' id='word_1_808' title='bbox 3113 4954 3394 5011; x_wconf 87' lang='lat' dir='ltr'><strong>recitatur</strong></span> <span class='ocrx_word' id='word_1_809' title='bbox 3425 4973 3438 5010; x_wconf 91' lang='lat'>:</span> <span class='ocrx_word' id='word_1_810' title='bbox 3471 4979 3500 5008; x_wconf 88' lang='grc'><strong>‹‹</strong></span> <span class='ocrx_word' id='word_1_811' title='bbox 3551 4956 3670 5014; x_wconf 88' lang='lat' dir='ltr'><strong>Nos</strong></span> <span class='ocrx_word' id='word_1_812' title='bbox 3697 4957 3825 5015; x_wconf 77' lang='lat' dir='ltr'><strong>fac-</strong></span> 
     </span>
    </p>
   </div>
   <div class='ocr_carea' id='block_1_108' title="bbox 2176 5039 3824 5104">
    <p class='ocr_par' dir='ltr' id='par_1_108' title="bbox 2176 5039 3824 5104">
     <span class='ocr_line' id='line_1_108' title="bbox 2176 5039 3824 5104; baseline 0.005 -8"><span class='ocrx_word' id='word_1_813' title='bbox 2176 5039 2412 5096; x_wconf 84' lang='lat' dir='ltr'><strong>tionarii</strong></span> <span class='ocrx_word' id='word_1_814' title='bbox 2443 5048 2501 5097; x_wconf 90' lang='lat' dir='ltr'><strong>te</strong></span> <span class='ocrx_word' id='word_1_815' title='bbox 2549 5044 2732 5096; x_wconf 88' lang='lat' dir='ltr'><strong>Deum</strong></span> <span class='ocrx_word' id='word_1_816' title='bbox 2767 5056 2832 5096; x_wconf 90' lang='lat' dir='ltr'><strong>ac</strong></span> <span class='ocrx_word' id='word_1_817' title='bbox 2884 5047 3240 5100; x_wconf 88' lang='lat' dir='ltr'><strong>servatorem</strong></span> <span class='ocrx_word' id='word_1_818' title='bbox 3285 5049 3550 5103; x_wconf 88' lang='lat' dir='ltr'><strong>nostrum</strong></span> <span class='ocrx_word' id='word_1_819' title='bbox 3581 5063 3824 5104; x_wconf 86' lang='lat' dir='ltr'><strong>venera-</strong></span> 
     </span>
    </p>
   </div>
   <div class='ocr_carea' id='block_1_109' title="bbox 2179 5129 3824 5207">
    <p class='ocr_par' dir='ltr' id='par_1_109' title="bbox 2179 5129 3824 5207">
     <span class='ocr_line' id='line_1_109' title="bbox 2179 5129 3824 5207; baseline 0.005 -21"><span class='ocrx_word' id='word_1_820' title='bbox 2179 5145 2310 5186; x_wconf 93' lang='lat' dir='ltr'><strong>mur</strong></span> <span class='ocrx_word' id='word_1_821' title='bbox 2332 5131 2345 5186; x_wconf 85' lang='grc' dir='ltr'><strong>ι</strong></span> <span class='ocrx_word' id='word_1_822' title='bbox 2371 5129 2654 5186; x_wconf 88' lang='lat' dir='ltr'><strong>Victorias</strong></span> <span class='ocrx_word' id='word_1_823' title='bbox 2673 5129 2910 5187; x_wconf 86' lang='lat' dir='ltr'><strong>Venetis</strong></span> <span class='ocrx_word' id='word_1_824' title='bbox 2925 5133 3177 5189; x_wconf 91' lang='lat' dir='ltr'><strong>concede</strong></span> <span class='ocrx_word' id='word_1_825' title='bbox 3209 5133 3222 5188; x_wconf 90' lang='lat' dir='ltr'><strong>l</strong></span> <span class='ocrx_word' id='word_1_826' title='bbox 3250 5156 3279 5185; x_wconf 84' lang='lat'><strong>»</strong></span> <span class='ocrx_word' id='word_1_827' title='bbox 3312 5135 3596 5207; x_wconf 88' lang='lat' dir='ltr'><strong>(Prasini:</strong></span> <span class='ocrx_word' id='word_1_828' title='bbox 3627 5158 3655 5187; x_wconf 76' lang='grc' dir='ltr'>(ι</span> <span class='ocrx_word' id='word_1_829' title='bbox 3685 5137 3824 5194; x_wconf 87' lang='lat' dir='ltr'><strong>Pra-</strong></span> 
     </span>
    </p>
   </div>
   <div class='ocr_carea' id='block_1_110' title="bbox 2178 5217 3827 5299">
    <p class='ocr_par' dir='ltr' id='par_1_110' title="bbox 2178 5217 3827 5299">
     <span class='ocr_line' id='line_1_110' title="bbox 2178 5217 3827 5299; baseline 0.005 -25"><span class='ocrx_word' id='word_1_830' title='bbox 2178 5217 2366 5276; x_wconf 91' lang='lat' dir='ltr'><strong>sinis!</strong></span> <span class='ocrx_word' id='word_1_831' title='bbox 2405 5221 2457 5288; x_wconf 85' lang='lat'><strong>»)</strong></span> <span class='ocrx_word' id='word_1_832' title='bbox 2482 5219 2652 5275; x_wconf 89' lang='lat' dir='ltr'><strong>Adsis</strong></span> <span class='ocrx_word' id='word_1_833' title='bbox 2683 5220 2972 5293; x_wconf 86' lang='lat' dir='ltr'><strong>benignus</strong></span> <span class='ocrx_word' id='word_1_834' title='bbox 2989 5221 3199 5280; x_wconf 89' lang='lat' dir='ltr'><strong>Uranio</strong></span> <span class='ocrx_word' id='word_1_835' title='bbox 3224 5223 3236 5278; x_wconf 92' lang='lat' dir='ltr'><strong>l</strong></span> <span class='ocrx_word' id='word_1_836' title='bbox 3263 5225 3548 5296; x_wconf 88' lang='lat' dir='ltr'><strong>(Prasini:</strong></span> <span class='ocrx_word' id='word_1_837' title='bbox 3585 5227 3827 5299; x_wconf 81' lang='lat' dir='ltr'><strong>«Olym-</strong></span> 
     </span>
    </p>
   </div>
   <div class='ocr_carea' id='block_1_111' title="bbox 2180 5305 3823 5387">
    <p class='ocr_par' dir='ltr' id='par_1_111' title="bbox 2180 5305 3823 5387">
     <span class='ocr_line' id='line_1_111' title="bbox 2180 5305 3823 5387; baseline 0.004 -23"><span class='ocrx_word' id='word_1_838' title='bbox 2180 5307 2306 5380; x_wconf 86' lang='lat' dir='ltr'><strong>pio!</strong></span> <span class='ocrx_word' id='word_1_839' title='bbox 2333 5305 2692 5380; x_wconf 81' lang='lat' dir='ltr'><strong>»)utiterum</strong></span> <span class='ocrx_word' id='word_1_840' title='bbox 2714 5309 3150 5381; x_wconf 86' lang='lat' dir='ltr'><strong>postvictoriam</strong></span> <span class='ocrx_word' id='word_1_841' title='bbox 3171 5313 3580 5387; x_wconf 88' lang='lat' dir='ltr'><strong>tripudiemus.</strong></span> <span class='ocrx_word' id='word_1_842' title='bbox 3603 5335 3629 5367; x_wconf 75' lang='grc' dir='ltr'><strong>ι</strong></span> <span class='ocrx_word' id='word_1_843' title='bbox 3652 5315 3823 5372; x_wconf 85' lang='lat' dir='ltr'><strong>Aliud</strong></span> 
     </span>
    </p>
   </div>
   <div class='ocr_carea' id='block_1_112' title="bbox 2183 5395 3826 5476">
    <p class='ocr_par' dir='ltr' id='par_1_112' title="bbox 2183 5395 3826 5476">
     <span class='ocr_line' id='line_1_112' title="bbox 2183 5395 3826 5476; baseline 0.002 -20"><span class='ocrx_word' id='word_1_844' title='bbox 2183 5413 2416 5456; x_wconf 87' lang='lat' dir='ltr'><strong>carmen</strong></span> <span class='ocrx_word' id='word_1_845' title='bbox 2465 5395 2610 5452; x_wconf 67' lang='lat' dir='ltr'><strong>alba:</strong></span> <span class='ocrx_word' id='word_1_846' title='bbox 2643 5415 2657 5452; x_wconf 86' lang='lat'><strong>:</strong></span> <span class='ocrx_word' id='word_1_847' title='bbox 2691 5419 2720 5448; x_wconf 88' lang='lat'><strong>«</strong></span> <span class='ocrx_word' id='word_1_848' title='bbox 2753 5398 3020 5472; x_wconf 87' lang='lat' dir='ltr'><strong>Deipara,</strong></span> <span class='ocrx_word' id='word_1_849' title='bbox 3053 5419 3185 5474; x_wconf 69' lang='lat' dir='ltr'><strong>quas</strong></span> <span class='ocrx_word' id='word_1_850' title='bbox 3215 5403 3452 5461; x_wconf 85' lang='lat' dir='ltr'><strong>ﬁrmum</strong></span> <span class='ocrx_word' id='word_1_851' title='bbox 3503 5403 3676 5476; x_wconf 87' lang='lat' dir='ltr'><strong>quasi</strong></span> <span class='ocrx_word' id='word_1_852' title='bbox 3707 5409 3826 5476; x_wconf 82' lang='lat' dir='ltr'><strong>teg-</strong></span> 
     </span>
    </p>
   </div>
   <div class='ocr_carea' id='block_1_113' title="bbox 1751 5543 2458 5604">
    <p class='ocr_par' dir='ltr' id='par_1_113' title="bbox 1751 5543 2458 5604">
     <span class='ocr_line' id='line_1_113' title="bbox 1751 5543 2458 5604; baseline 0 -2"><span class='ocrx_word' id='word_1_853' title='bbox 1751 5545 2002 5603; x_wconf 72' lang='lat' dir='ltr'><strong>VARIIE</strong></span> <span class='ocrx_word' id='word_1_854' title='bbox 2041 5543 2458 5604; x_wconf 82' lang='lat' dir='ltr'><strong>LECTIONES.</strong></span> 
     </span>
    </p>
   </div>
   <div class='ocr_carea' id='block_1_114' title="bbox 475 5697 3205 5781">
    <p class='ocr_par' dir='ltr' id='par_1_114' title="bbox 475 5697 3205 5781">
     <span class='ocr_line' id='line_1_114' title="bbox 475 5697 3205 5781; baseline 0.001 -18"><span class='ocrx_word' id='word_1_855' title='bbox 475 5707 524 5744; x_wconf 74' lang='lat'><strong>‘3</strong></span> <span class='ocrx_word' id='word_1_856' title='bbox 561 5707 654 5763; x_wconf 82' lang='grc' dir='ltr'>καὶ</span> <span class='ocrx_word' id='word_1_857' title='bbox 704 5723 820 5764; x_wconf 90' lang='lat' dir='ltr'><strong>om.</strong></span> <span class='ocrx_word' id='word_1_858' title='bbox 853 5709 940 5766; x_wconf 89' lang='lat' dir='ltr'><strong>cd.</strong></span> <span class='ocrx_word' id='word_1_859' title='bbox 1022 5707 1068 5744; x_wconf 78' lang='lat'><strong>“</strong></span> <span class='ocrx_word' id='word_1_860' title='bbox 1093 5697 1250 5781; x_wconf 71' lang='grc' dir='ltr'>ἔχετε</span> <span class='ocrx_word' id='word_1_861' title='bbox 1276 5703 1366 5760; x_wconf 85' lang='grc' dir='ltr'><strong>τὸν</strong></span> <span class='ocrx_word' id='word_1_862' title='bbox 1395 5705 1424 5759; x_wconf 89' lang='lat'><strong>6</strong></span> <span class='ocrx_word' id='word_1_863' title='bbox 1461 5705 1770 5778; x_wconf 80' lang='grc' dir='ltr'><strong>βοηθοῦντα</strong></span> <span class='ocrx_word' id='word_1_864' title='bbox 1803 5701 1936 5778; x_wconf 81' lang='grc' dir='ltr'>ὑμὶν</span> <span class='ocrx_word' id='word_1_865' title='bbox 1964 5701 2176 5773; x_wconf 79' lang='grc' dir='ltr'><strong>Ἰησοῦν</strong></span> <span class='ocrx_word' id='word_1_866' title='bbox 2204 5703 2296 5760; x_wconf 77' lang='lat' dir='ltr'><strong>ad.</strong></span> <span class='ocrx_word' id='word_1_867' title='bbox 2373 5700 2422 5736; x_wconf 65' lang='lat'><strong>‘5</strong></span> <span class='ocrx_word' id='word_1_868' title='bbox 2451 5699 2532 5762; x_wconf 80' lang='grc' dir='ltr'><strong>εἷς</strong></span> <span class='ocrx_word' id='word_1_869' title='bbox 2571 5701 2664 5757; x_wconf 83' lang='lat' dir='ltr'><strong>ed.</strong></span> <span class='ocrx_word' id='word_1_870' title='bbox 2699 5701 2920 5776; x_wconf 85' lang='lat' dir='ltr'><strong>ubique</strong></span> <span class='ocrx_word' id='word_1_871' title='bbox 2951 5705 3011 5763; x_wconf 87' lang='lat' dir='ltr'><strong>in</strong></span> <span class='ocrx_word' id='word_1_872' title='bbox 3045 5723 3205 5780; x_wconf 83' lang='lat' dir='ltr'><strong>seqq.</strong></span> 
     </span>
    </p>
   </div>
  </div>
