4134 6386
399 332 520 395 645

1241 332 1345 390 DE
1389 328 1849 392 CERIMONIIS
1893 331 2127 394 AULE
2169 331 2637 398 ΒῩΖΑΝἸῚΝιΕ
2678 339 2828 401 LIB.
2875 343 2922 403 Ι.

3705 353 3824 417 646

400 465 650 541 κράκται·
687 484 718 513 ‹‹
743 458 1006 515 Δέσποινα
1036 460 1318 515 Θεοτόκεοι
1357 461 1385 515 6
1417 458 1570 524 λαός·
1599 462 1758 530 «Nai,
1789 460 2054 517 Δέσποινα
2087 521 2090 530 ι

2183 464 2346 535 cuius
2377 483 2392 522 :
2427 488 2457 517 «
2485 469 2631 538 Imo,
2662 471 2900 530 domina
2934 476 3195 549 Dcipara,
3225 481 3464 540 victoria
3491 484 3755 544 Venetis!
3792 510 3821 541 »

411 550 655 622 Θεοτὸκε,
685 548 813 620 νίκη
847 546 923 610 εἲς
961 549 1025 603 τὸ
1077 549 1350 605 Bévs10v»
1385 550 1464 621 (0':
1497 549 1780 625 Πράσινοι·
1803 575 1831 603 ‹‹
1865 549 1959 612 Εἷς
2007 551 2068 606 τὸ

416 642 668 718 Ηράσινον
713 643 789 712 ››).
842 639 910 695 Οἱ
977 639 1228 709 κράκται·
1289 659 1311 690 ι
1361 641 1474 695 T06
1535 643 1768 713 σταυροῦ
1826 639 1862 708 ἡ
1909 636 2072 693 δύνα-

420 749 530 806 μις·
564 756 592 784 ››
617 731 645 786 6
677 728 834 793 λαός·
870 752 900 779 (ι
932 729 1038 785 Ναὶ
1068 732 1166 784 106
1198 732 1433 804 σταυροῦ
1493 732 1528 798 ἠ
1580 727 1828 802 δύναμις,
1869 727 1990 798 νίκη
2022 729 2069 764 ⁵⁸

412 817 525 897 ἕχει
575 820 638 877 τὸ
695 819 912 875 Βὲνετον
948 842 976 868 ››
1037 817 1089 872 οὶ
1120 817 1400 892 Πράσινοιο
1446 841 1475 869 ››
1507 819 1668 895 Ἔχει
1699 819 1744 854 ⁵³
1773 817 1835 872 τὸ
1867 816 2069 892 “psic:-

403 932 491 966 vov
544 913 624 985 ιι),
686 910 754 966 Οἱ
812 909 1062 982 κράκται·
1125 931 1153 959 ι(
1196 912 1336 963 θεοῦ
1382 908 1483 977 τὴν
1539 907 1696 977 νίκην
1727 905 1880 985 ἔχεις
1909 909 1972 942 ⁵³’
2006 905 2069 960 τό

404 999 701 1078 πρόσωπόν
761 1020 880 1069 σου,
930 997 1158 1072 Οὐράνιε
1213 1022 1235 1050 ι
1297 998 1373 1071 (οἱ
1445 1000 1722 1072 ιΙράσινοιο
1781 1018 1804 1047 α
1859 995 2068 1070 Ὀλύμ-

394 1113 491 1149 πιε
522 1105 598 1165 η).
629 1089 699 1148 Οἱ
727 1088 977 1164 κρέκται·
1020 1112 1048 1140 ‹‹
1081 1085 1239 1158 ’Όλη
1275 1084 1465 1159 δείλης
1495 1090 1758 1162 σήμερονο
1792 1108 1819 1141 ι
1857 1087 1884 1141 6
1935 1083 2068 1149 λαὸς

401 1179 484 1237 ἔσο
521 1204 550 1233 α
585 1177 740 1250 ’Όλη
775 1176 963 1250 δείλης
996 1180 1259 1254 σήμερον·
1313 1175 1457 1248 καλή
1519 1197 1615 1232 σου
1669 1174 1858 1247 δείλης
1919 1175 2068 1251 γίνε-

396 1291 514 1327 ται.
549 1293 578 1322 »
609 1269 678 1327 Oi
707 1265 956 1343 κράκτίιι·
992 1287 1018 1320 ι
1052 1266 1271 1340 Κύριοι,
1303 1263 1511 1320 πολλοὶ
1567 1265 1694 1340 ὑμῖν
1730 1263 1948 1340 χρόνοι⁶
1983 1287 2012 1316 ››
2037 1264 2068 1318 6

406 1358 563 1422 λαός·
599 1382 628 1412 κ
661 1355 874 1413 Πολλοὶ
895 1356 1024 1430 ὑμῖν
1046 1356 1240 1430 χρόνοι
1272 1379 1303 1407 ››
1327 1355 1405 1428 (οἱ
1433 1356 1718 1430 Ιίράσινοι·
1756 1376 1784 1410 α
1810 1355 1968 1430 Ἀγια
1991 1356 2067 1424 ››).

413 1451 517 1506 Καὶ
559 1445 1072 1524 εἲςὲρχεταιὲτερος
1121 1445 1363 1521 κρέκτης
1395 1444 1486 1500 καὶ
1548 1443 1718 1522 λέγει·
1766 1468 1795 1498 ‹‹
1830 1445 1886 1499 Ὀ
1918 1441 2064 1501 δεῖνα

413 1539 504 1595 καὶ
535 1539 564 1594 6
594 1535 738 1593 δεῖνα
791 1533 1042 1611 μεγάλων
1077 1533 1346 1610 βασιλέων
1401 1534 1493 1590 καὶ
1560 1535 1998 1610 αὐτοκρατόρων·
2032 1559 2056 1588 ι

407 1631 438 1686 6
482 1629 635 1694 λαόςο
685 1652 714 1682 ‹‹
781 1625 1028 1696 Θεοτόκε,
1093 1627 1304 1702 βοήθει.
1361 1649 1391 1680 ν»
1439 1625 1507 1684 Οἱ
1563 1626 1810 1700 κράκται·
1846 1650 1874 1679 ‹‹
1910 1625 2001 1687 Εἷς
2032 1625 2062 1680 6

410 1721 564 1790 Θεὸς,
620 1720 682 1774 σὺ
743 1716 939 1780 αὐτοὺς
998 1721 1193 1772 σῶσον·
1256 1741 1286 1770 ››
1317 1717 1346 1772 6
1396 1715 1550 1780 λαός·
1586 1741 1614 1770 ‹‹
1648 1716 1772 1785 Ναὶ,
1807 1715 1994 1792 Κύριε.
2029 1737 2058 1766 η

2185 555 2431 625 (Prasini
2466 575 2481 614 :
2517 581 2546 610 ‹‹
2581 561 2838 620 Prasinis
2860 563 2872 618 l
2896 566 2946 638 »)
2977 571 3250 628 Cantores
3281 589 3294 628 :
3331 596 3359 624 ‹‹
3392 576 3594 633 Crucis
3629 587 3824 650 poten-

2181 643 2293 714 tia;
2325 667 2353 695 »
2388 647 2677 718 populus:
2713 673 2741 701 «
2774 656 2896 710 lmo
2915 657 3102 712 crucis
3127 662 3418 729 potentia!
3447 643 3682 722 victoria
3707 667 3824 723 Ve-

2180 739 2375 791 netam
2421 737 2729 795 factionem
2782 740 2958 798 habet
2988 765 3003 814 ;
3037 767 3066 796 »
3107 751 3358 820 (Prasini
3443 773 3468 804 η
3519 755 3822 814 Prasinam

2181 821 2377 880 habet.
2399 827 2457 917 ἒξ)
2489 826 2764 886 Cantores
2796 849 2809 886 :
2845 855 2873 883 «
2905 833 3010 890 Dei
3042 836 3342 896 victoriam
3375 841 3546 898 habet
3576 861 3826 917 persona

2182 917 2302 983 tua,
2334 931 2366 970 ο
2399 915 2606 975 Uranie
2639 921 2650 975 l
2699 943 2727 970 »
2775 922 3029 994 (Prasini
3063 944 3076 980 :
3133 949 3162 978 «
3196 929 3502 1002 Olympiet
3537 915 3822 991 »—Canto-

2181 1019 2273 1060 res
2303 1019 2318 1058 :
2343 1028 2389 1095 7<<
2421 1007 2566 1064 Tota
2593 1009 2832 1068 victoria
2879 1013 2988 1071 hac
3029 1032 3263 1089 vespera
3294 1019 3402 1076 tibi
3432 1023 3714 1095 contingit
3745 1043 3761 1094 ;
3795 1047 3824 1078 »

2181 1094 2434 1164 populus
2467 1113 2482 1153 :
2517 1121 2544 1148 «
2585 1099 2786 1158 Omnis
2825 1103 2928 1160 tibi
2975 1104 3147 1164 hodie
3196 1126 3263 1165 ac
3302 1110 3548 1183 pulchra
3584 1094 3827 1173 victoria

2180 1184 2487 1276 contingit.
2516 1211 2544 1238 »
2577 1189 2854 1249 Cantores
2887 1211 2905 1248 :
2940 1216 2968 1245 «
3005 1196 3183 1254 Multa
3211 1200 3380 1256 vobis
3407 1207 3690 1276 tempore,
3722 1205 3829 1262 do-

2178 1274 2320 1363 mini
2356 1274 2370 1331 i
2405 1297 2434 1325 »
2466 1279 2714 1350 populus
2749 1298 2763 1337 :
2811 1304 2840 1334 «
2870 1282 3057 1342 Multa
3093 1288 3256 1345 vobis
3286 1274 3550 1363 tempore
3580 1293 3594 1349 i
3629 1274 3829 1354 »Ρη-

2177 1362 2293 1418 sini
2328 1378 2344 1420 :
2381 1383 2409 1417 α
2451 1369 2661 1425 Sancte
2693 1368 2708 1424 ι
2743 1391 2774 1420 ››
2819 1373 2986 1430 Alius
3019 1376 3230 1434 deinde
3280 1362 3486 1437 cantor
3538 1384 3741 1452 intrat,
3782 1390 3839 1443 et

2177 1452 2320 1508 dicit
2351 1470 2366 1510 :
2400 1477 2429 1505 «
2463 1455 2531 1512 Ν.
2563 1465 2621 1512 et
2650 1458 2718 1514 Ν.
2753 1476 3101 1534 magnorum
3132 1469 3470 1541 principum
3495 1476 3552 1528 et
3582 1473 3833 1546 impera-

2172 1559 2368 1616 torum
2404 1563 2418 1615 ;
2455 1546 2706 1620 pepulus
2758 1565 2772 1604 :
2826 1571 2851 1603 ι
2895 1552 3163 1628 Deipara,
3204 1555 3314 1615 hos
3357 1560 3590 1632 adjuva.
3624 1584 3653 1613 »
3684 1567 3838 1620 Cau-

2176 1644 2368 1695 tores:
2401 1662 2430 1690 ‹‹
2459 1641 2608 1696 Deus
2629 1657 2714 1706 ee,
2739 1648 2796 1696 tu
2823 1643 2983 1715 ipsos
3015 1663 3176 1704 serva
3204 1666 3218 1712 ;
3246 1672 3276 1702 ››
3312 1653 3606 1722 populus:
3632 1675 3660 1704 «
3687 1655 3832 1726 imo,

2173 1727 2440 1787 Domine.
2480 1752 2507 1780 »
2551 1731 2847 1789 Postremo
2895 1742 3219 1806 praecentor
3251 1755 3266 1795 :
3311 1761 3341 1791 (ς
3376 1740 3462 1798 Ita
3498 1743 3593 1799 dic
3622 1748 3680 1800 et
3718 1746 3829 1817 fac,

415 1812 556 1866 Εἶτα
597 1809 746 1884 λέγει
777 1809 805 1862 6
845 1807 1105 1882 κράκτης·
1155 1831 1176 1858 ι
1233 1806 1338 1864 Ναὶ
1369 1806 1487 1862 εἰπὲ
1516 1807 1608 1862 καὶ
1638 1806 1784 1911 ποίει
1812 1807 1875 1861 τὸ
1907 1805 2060 1881 ἀγω-

2183 1819 2427 1877 Uranius
2458 1820 2626 1888 agat!
2667 1841 2692 1873 ιι
2726 1805 2950 1879 Prasini
2979 1841 2992 1878 :
3025 1848 3053 1877 «
3085 1826 3426 1902 Olympius!
3463 1833 3516 1904 »)
3549 1832 3669 1890 imo
3698 1805 3832 1907 agat

411 1906 530 1976 γεῖν
563 1899 609 1936 ⁵⁴
635 1903 714 1966 τῷ
745 1896 997 1972 Οὗρανίῳ
1028 1921 1056 1949 ››
1096 1898 1173 1970 (οἱ
1198 1897 1480 1971 Πράσινοι’
1515 1921 1544 1949 ‹‹
1566 1900 1656 1968 Τῷ
1687 1894 2060 1969 Ὀλυμπίῳ››)·

411 2015 441 2042 ‹‹
473 1989 557 2044 ναὶ
616 1988 735 2043 εἷ’πέ
784 1987 875 2042 καὶ
933 1985 1076 2042 ποίει
1126 1987 1190 2042 τὸ
1249 1987 1482 2064 ἀγωγεῖν
1542 1991 1622 2058 τῷ
1655 1985 1892 2058 Ε’κασίῳ
1940 1985 2068 2058 «(οὶ

411 2079 694 2155 Πράσινοι·
734 2102 761 2130 ‹‹
786 2079 884 2149 Τῷ
919 2074 1390 2150 Ἀνατὲλλοντιι)ο
1425 2076 1454 2129 6
1486 2074 1676 2137 λαός·‹‹
1711 2074 1892 2133 Καλὸν
1935 2075 2071 2149 ἀγῶο

415 2186 497 2224 να⁶
531 2193 559 2221 ››
589 2169 659 2226 Οἱ
690 2167 945 2231 κράκται.
982 2190 1011 2220 ιι
1073 2165 1165 2230 Εἷς
1194 2166 1223 2222 6
1255 2166 1408 2233 Θεὸς,
1469 2166 1530 2219 σὺ
1571 2163 1768 2227 αὐτοὺς
1812 2168 2003 2219 σῶσον.
2038 2186 2068 2216 ››

417 2261 445 2314 6
477 2257 627 2321 λαός·
665 2283 692 2309 ι(
727 2259 862 2326 Ναὶ,
915 2255 1096 2332 Κύριε·
1137 2281 1158 2308 ι
1220 2255 1440 2323 Ἰστὲον,
1483 2255 1566 2310 6'1:
1623 2255 1689 2310 τὰ
1754 2255 1890 2310 αὐτὰ
1936 2253 2070 2311 ἄκτα

421 2347 735 2418 καὶὴαύτὴ
796 2345 1048 2420 εὐφημία
1098 2343 1349 2422 λέγονται
1405 2345 1496 2400 καὶ
1544 2343 1631 2400 ἐπὶ
1686 2349 1783 2399 τοῦ
1804 2343 2066 2420 ἳπποὸρο.

417 2438 550 2510 μίου
588 2435 666 2499 εἷς
704 2435 770 2490 τὸ
831 2433 1032 2508 στάμα,
1081 2431 1250 2510 ἤγουν
1302 2433 1378 2495 εἷς
1406 2433 1470 2488 τὸ
1501 2439 1546 2488 Π
1576 2435 1644 2503 δδ,
1679 2430 1941 2504 δηλονότι
1970 2435 2070 2487 106

419 2525 674 2602 ὑπάρχου
738 2521 1102 2597 καθεζομένου
1161 2521 1237 2586 εἷς
1265 2523 1327 2577 16
1377 2522 1636 2596 κάθισμα,
1677 2518 1801 2576 ἔνθα
1851 2521 1994 2576 ὁκαὶ
2024 2522 2071 2557 ⁸⁸

415 2615 743 2688 ἄκτουάριος
763 2614 998 2671 ἱσταται.

533 2704 664 2777 Περὶ
697 2707 796 2758 106
824 2701 989 2760 αὐτοῦ
1019 2699 1421 2778 ἱπποδρομίου,
1455 2698 1680 2765 πῶςδεῖ
1718 2699 1948 2758 κυλίεινο

501 2862 614 2938 Πρὸ
664 2866 761 2919 106
809 2864 1030 2921 ἱππικοῦ
1103 2862 1311 2940 γίνεται
1359 2865 1395 2932 ἡ
1453 2885 1654 2937 πομπη
1714 2868 1820 2919 τῶν
1859 2861 2067 2932 ἵππων,

423 2955 517 3009 καὶ
547 2957 626 3024 τῷ
675 2951 822 3028 πρώΐ
871 2952 1069 3018 τίθεται
1135 2956 1170 3023 ἡ
1214 2951 1344 3029 ὅρνα
1398 2952 1473 3015 εἷς
1533 2954 1624 3009 τὸν
1683 2954 1932 3026 καμπτὸν
1971 2957 2069 3008 106

425 3042 672 3112 Βενέτου,
706 3043 794 3098 καί
859 3042 1217 3120 κατέρχονται
1251 3045 1302 3100 0i.
1358 3048 1467 3100 τῶν
1505 3041 1603 3098 δύο
1630 3048 1809 3120 μερῶν
1841 3045 2068 3119 ἡνίοχοι

418 3132 534 3206 ἅμα
589 3137 698 3188 τῶν
770 3127 1246 3212 κουϐινογράφων,
1320 3133 1634 3212 φορούντων
1723 3134 1896 3190 αὐτῶν
1959 3138 2066 3188 τῶν

2183 1907 2440 1963 Icasius!
2477 1909 2767 1980 »(Prasin1
2800 1927 2814 1966 :
2855 1929 2878 1961 ο
2903 1914 3209 1970 ΑηωθΙΙοη
3241 1916 3414 1990 agat!
3445 1923 3501 1989 ν)
3534 1921 3782 1992 populus
3816 1927 3832 1968 2

2181 2020 2209 2049 ‹‹
2257 1999 2564 2071 Egregium
2625 2005 2939 2058 certamen.
2973 2025 3002 2054 »
3041 2003 3318 2064 Cantores
3354 2025 3367 2064 :
3405 2031 3434 2060 ‹‹
3469 2009 3622 2067 Deus
3652 2027 3733 2081 es,
3769 2016 3833 2068 tu

2180 2089 2342 2160 ipsos
2372 2087 2572 2146 serva!
2608 2112 2637 2141 ››
2672 2091 2925 2164 populus
2958 2111 2972 2148 :
3006 2115 3035 2144 ‹‹
3065 2095 3210 2167 Imo,
3248 2098 3486 2156 Domine
3520 2099 3534 2156 ι
3568 2121 3598 2152 ››
3631 2101 3834 2158 Scien-

2182 2177 2322 2232 dum
2353 2183 2462 2246 est,
2495 2179 2701 2235 eadem
2730 2187 2858 2237 acta
2889 2183 3039 2240 205
3076 2186 3432 2260 easdemque
3463 2188 3836 2248 acclamatio-

2181 2283 2282 2322 nes
2312 2268 2486 2324 etiam
2519 2267 2581 2324 in
2616 2269 2963 2328 decursione
2993 2272 3051 2329 in
3084 2275 3339 2333 statione
3363 2293 3465 2334 seu
3495 2278 3547 2335 II
3578 2263 3838 2350 recitari,

2181 2357 2452 2427 praefecto
2476 2358 2534 2413 in
2565 2361 2974 2430 consessu,ubi
3007 2365 3306 2422 actuarius
3336 2383 3566 2442 quoque
3583 2373 3714 2440 stat,
3739 2386 3833 2430 se-

2180 2447 2374 2504 dente.

2297 2693 2380 2748 De
2407 2691 2608 2749 eadem
2634 2696 2977 2822 accursiqineb,
3010 2696 3273 2767 quomodo
3300 2706 3469 2755 sortes
3495 2696 3720 2757 misceri

2907 2786 2938 2821 ε
2975 2776 3122 2822 cant.

2907 2776 3122 2824 abeant.

2251 2859 2400 2912 Ante
2423 2855 2828 2914 decursionem
2848 2858 3140 2929 processio
3161 2876 3446 2933 equorum
3473 2863 3824 2937 instituitur,

2181 2960 2445 3017 Urnaque
2473 2946 2533 3002 in
2565 2955 2718 3002 meta
2742 2952 2967 3003 Venetis
2991 2949 3258 3006 factionis
3289 2967 3458 3008 mane
3490 2953 3701 3025 posita,
3725 2969 3827 3008 an-

2180 3034 2320 3107 rigie
2350 3037 2658 3108 utriusque
2689 3037 2882 3108 gregis
2901 3053 3037 3093 cum
3067 3039 3604 3113 combinogrsphis,
3638 3059 3833 3099 arme-

2181 3124 2369 3181 lausia
2419 3125 2696 3181 Venatum
2743 3126 3060 3199 albumque
3089 3132 3148 3184 et
3180 3131 3398 3185 massia
3437 3131 3831 3202 gestantibus,

415 3217 884 3300 κομϐινοφράφων
921 3222 1262 3299 ἁρμελαύσια
1311 3226 1421 3298 (26)
1475 3223 1684 3298 βὲνετον
1719 3223 1810 3280 καὶ
1871 3223 2064 3280 λευκόν

2183 3215 2544 3272 discalceatis
2566 3223 2836 3288 praeterea
2853 3221 2909 3272 et
2930 3218 3453 3276 cbartocalamaria
3479 3221 3832 3287 ferentibus,

412 3311 502 3367 καὶ
535 3311 602 3366 τὰ
653 3311 853 3384 μασσία
884 3314 1018 3383 (27),
1087 3309 1256 3368 ὄντων
1313 3312 1488 3369 αὐτῶν
1546 3315 1638 3368 καὶ
1684 3311 2064 3385 ἀνυποδήτων,

420 3400 774 3476 βαστάζοντες
829 3399 920 3456 καὶ
1007 3400 1526 3479 χαρτογαλαμάρια,
1597 3401 1688 3456 καὶ
1769 3400 2070 3473 κυλιούσης

426 3497 530 3559 τῆς
563 3486 748 3564 ὅρνας,
781 3492 897 3546 οἷον
931 3489 1193 3566 ἐκβάλλει
1225 3491 1497 3570 σφαιρίον,
1531 3489 1782 3561 ὀνολάζει
1810 3492 1904 3546 τὸν
1940 3513 2076 3566 μεσ-

416 3580 724 3656 αρίστερον.
796 3580 903 3639 Καὶ
943 3581 1033 3636 '61s
1083 3579 1426 3654 πληρώσωσι
1485 3583 1554 3636 τὰ
1613 3579 1655 3635 δ’
1716 3583 1864 3656 βαὶα,
1913 3581 2075 3657 ἀπέρ-

422 3689 620 3745 χονται
650 3669 728 3734 εἰς
755 3673 822 3726 τὰ
862 3670 1207 3746 ὀρνατούρια,
1237 3671 1328 3726 καὶ
1382 3675 1600 3728 ποιοῦσι
1629 3671 1692 3726 τὸ
1750 3670 1916 3745 πέρας
1970 3679 2073 3742 τῆς

421 3755 718 3832 κομὸίνασ,
750 3759 841 3815 καὶ
870 3759 1245 3834 ἆνερχομᾶνου
1263 3765 1362 3816 106
1415 3759 1709 3836 βασιλέως,
1769 3760 2074 3816 ἀπολύουσι

420 3850 494 3906 15:
515 3847 756 3920 διίππια,
789 3850 879 3906 καὶ
913 3847 1127 3906 ἵσταται
1187 3851 1215 3905 6
1251 3849 1613 3926 μαξιλλάριος
1673 3851 1750 3912 εἷς
1780 3851 1870 3906 τὸν
1905 3850 2076 3907 τόπον

407 3938 586 3994 αὐτοῦ
643 3938 737 3994 καὶ
795 3939 847 3993 οἱ
893 3935 987 3995 δύο
1043 3939 1340 4014 θεωρηταὶ,
1412 3939 1490 4001 εἷς
1548 3937 1608 3994 ἐκ
1664 3935 1851 4010 δεξιῶν
1883 3939 2076 4019 αὐτοῦ,

405 4029 504 4086 καὶ
559 4029 632 4091 εἷς
682 4027 734 4099 ἐξ
785 4029 1104 4102 εὐωνύμων,
1182 4030 1544 4106 βαστάζοντες
1600 4029 1670 4084 τὰ
1733 4027 2072 4104 καλαμάρια,

405 4119 520 4180 ἓως
554 4118 616 4174 οὗ
653 4119 860 4192 πετάσῃ
889 4120 1022 4192 (28).
1061 4117 1166 4175 Καὶ
1224 4122 1322 4174 106
1381 4123 1516 4174 Θεοῦ
1564 4119 1944 4194 παρασχόντος
1975 4120 2074 4188 τὴν

405 4208 596 4279 νίκην,
668 4207 802 4282 μετὰ
866 4208 931 4264 τὸ
981 4202 1168 4264 λαϐεῖν
1209 4208 1278 4263 τὰ
1324 4203 1535 4273 ἔπαθλα
1591 4208 1927 4283 ἀπέρχονται
1996 4207 2071 4270 εἰς

407 4299 511 4361 τὰς
545 4298 732 4373 θύρας,
775 4298 866 4354 καὶ
917 4297 1056 4371 με.τὰ
1109 4298 1210 4366 τὴν
1262 4295 1663 4372 συμπλήρωσιν
1683 4302 1790 4353 τῶν
1824 4295 1867 4352 δ’
1902 4295 2071 4373 βαΐων

417 4382 729 4444 ἐκϐαίνουσι
787 4389 856 4443 τὰ
911 4385 1128 4462 ἅρματα
1180 4391 1290 4443 τῶν
1348 4387 1716 4459 νικησάντων,
1757 4387 2074 4468 φορούντων

2176 3306 2556 3373 descendunt,
2615 3310 2690 3376 et,
2725 3322 2869 3362 urna
2909 3307 3148 3378 agitata,
3190 3308 3524 3381 quicunque
3553 3310 3829 3383 globulus

2185 3395 2406 3463 exierit,
2465 3395 2516 3450 is
2570 3397 2984 3450 mesaristerum
3057 3397 3276 3469 (quasi
3343 3399 3604 3456 medium
3671 3401 3829 3456 sini-

2183 3487 2392 3552 strum)
2411 3485 2735 3542 constituit.
2760 3487 3019 3549 Quatuor
3048 3487 3259 3557 palmis
3289 3489 3611 3560 completis,
3635 3491 3706 3546 ad
3740 3506 3835 3546 ur-

2185 3573 2407 3631 naloria
2430 3573 2666 3640 abeunt,
2688 3575 3008 3630 terminum
3040 3576 3328 3633 combinie
3360 3578 3600 3644 faciunt,
3623 3586 3701 3645 et,
3726 3580 3836 3636 im-

2185 3667 2451 3735 peratore
2467 3665 2795 3733 accedente,
2829 3663 3050 3736 diippia
3065 3664 3300 3722 solvunt
3333 3683 3346 3722 :
3380 3667 3746 3726 maxillarius
3776 3670 3837 3725 in

2185 3754 2311 3811 loco
2340 3769 2472 3824 suo,
2493 3770 2524 3809 e
2555 3753 2784 3810 duobus
2807 3753 3236 3824 inspectoribus
3269 3772 3421 3812 unus
3450 3759 3522 3812 ad
3544 3758 3832 3826 dextram,

2185 3840 2332 3898 alter
2359 3843 2426 3898 ad
2469 3841 2766 3898 sinistram
2799 3847 2977 3908 stant,
3011 3847 3068 3897 et
3105 3843 3441 3913 calamaria,
3495 3846 3832 3917 usquedum

2182 3933 2376 3989 velum
2419 3931 2807 3999 extenderint,
2853 3935 3106 4000 gestant.
3151 3933 3462 4003 Postquam
3495 3951 3632 3992 vero
3683 3935 3835 3992 Deus

2184 4021 2482 4078 victoriam
2514 4018 2821 4086 concessit,
2854 4022 2913 4074 et
2940 4020 3161 4092 aurigae
3193 4037 3428 4093 premis.
3451 4023 3702 4081 victoriae
3733 4042 3832 4084 ac-

2186 4129 2408 4183 cepere,
2441 4112 2511 4167 ad
2544 4113 2764 4183 januas
2792 4111 3030 4174 abeunt,
3081 4113 3386 4185 completis
3425 4131 3555 4174 vero
3585 4123 3838 4189 quatuor

2186 4203 2416 4274 palmis,
2464 4217 2674 4257 currus
2728 4198 3019 4256 victorum
3088 4203 3562 4274 progrediuntur,
3620 4208 3835 4281 aurigas

2186 4293 2425 4366 premis
2453 4290 2686 4363 publica
2705 4289 2920 4360 ferunt,
2943 4290 3016 4348 ad
3042 4297 3259 4347 metam
3287 4294 3543 4349 Prasinas
3571 4295 3834 4354 Veneta-

2185 4403 2296 4460 que
2325 4381 2592 4440 factionis
2631 4379 2966 4448 deﬂectunt,
3002 4380 3213 4439 deinde
3242 4385 3314 4439 ad
3348 4386 3648 4460 proprium
3693 4405 3825 4462 gre-

1787 4515 2031 4572 VARI/E
2061 4510 2474 4573 LECTIONES.

501 4625 543 4659 ⁵¹
572 4622 712 4699 νίκην
738 4621 888 4708 ἔχεις
920 4629 1012 4687 ed.
1091 4628 1137 4664 ⁸³
1163 4619 1310 4702 ἔχεις
1341 4626 1433 4684 ed.
1510 4625 1554 4661 ⁵³
1593 4623 1710 4701 ἔχει
1743 4625 1897 4697 conj.
1940 4625 2004 4682 Β.
2079 4624 2130 4659 ⁵⁸
2153 4621 2377 4698 ἀγωγὴν
2423 4617 2552 4676 cod.
2597 4616 2652 4674 ι).
2685 4615 2725 4671 l.
2759 4618 2818 4672 et
2843 4630 2995 4673 mox.
3072 4615 3118 4650 ⁵⁵
3148 4614 3224 4679 εἷς
3248 4619 3404 4676 Ued.
3479 4619 3526 4658 ⁵⁸
3572 4621 3662 4680 καὶ
3711 4641 3830 4684 om-

421 4698 551 4754 cod.

1444 4824 1642 4884 JOAN.
1682 4823 1827 4882 JAC.
1870 4822 2129 4882 REISKII
2169 4815 2757 4881 COMMENTARIUS.

486 4943 602 5032 (.26)
635 4942 820 5032 ῐοειὶεξ
847 4944 1060 5032 breue.
1091 4943 1252 5032 velat
1281 4958 1514 5032 ansam,
1539 4943 1759 5032 ebsque
1792 4942 2062 5032 ξηεηίοῖε·
2103 4945 2146 5010 D
2183 4940 2468 5032 E°"9““"'
2499 4929 2833 5032 522.233?
2866 4932 3617 5032 239‘3'39993393‘361
3649 4940 3828 5032 {eius

416 5013 547 5070 Vid.
579 5016 735 5071 infra
762 5016 1095 5086 dicendap.
1127 5017 1252 5073 387.
1284 5013 1433 5080 Quid
1471 5013 1814 5071 autem'sint
1846 5013 2062 5086 μασσία,

408 5102 531 5143 non
575 5085 1262 5162 υρνίηΧᾳρτοιιαλαμάρια
1290 5092 1433 5162 sunt
1474 5086 1654 5162 thecis
1685 5085 1906 5146 chartis
1939 5103 2065 5159 per-

409 5159 678 5234 gamenis
733 5157 949 5234 (xaptq
995 5157 1268 5234 eniin'in
1316 5158 1426 5234 hoc
1475 5157 2069 5234 lib‘ropergameham

410 5227 621 5302 notat),
654 5227 988 5303 etr‘cal'amis
1009 5232 1212 5303 plenas.
1236 5231 1384 5296 Quid
1421 5227 1909 5303 paginai'pzoesit,
1934 5231 2070 5303 edo-

412 5303 530 5356 ceri
570 5298 644 5356 ab
685 5302 819 5358 aliis
849 5298 1042 5373 cupid.
1080 5304 1248 5359 Forte
1286 5298 1431 5374 erat,
1461 5303 1559 5374 qui
1597 5298 1676 5354 16'
1709 5298 2064 5374 μαξιλλάρια,

411 5375 728 5436 ceruicalia.
758 5377 1102 5446 pulvinaria,
1136 5375 1348 5447 populo
1379 5373 1626 5447 idcirco
1658 5373 1885 5430 sedenti
1931 5374 2069 5447 sub:

411 5443 864 5518 sternebat,aut
897 5463 998 5518 pro
1033 5443 1563 5510 mercedelocabat,
1588 5451 1709 5518 aut,
1732 5447 1888 5518 quod
1923 5443 2068 5500 mihi

409 5516 648 5587 quidem
687 5516 1045 5588 probabilius
1080 5520 1330 5585 videtur,
1364 5517 1462 5588 qui
1491 5516 2070 5588 maxillis'equorum

407 5588 770 5660 circensium
819 5589 894 5647 ad
933 5591 1212 5647 factiones
1265 5591 1681 5660 pertinentium
1733 5589 1882 5660 ferro
1915 5604 2072 5644 .can-

406 5659 588 5717 dente
627 5667 830 5719 notam
861 5664 1150 5734 cujusque
1179 5657 1450 5734 fac—tionis
1480 5659 1802 5734 inut-ebat;
1834 5657 1950 5717 vid.
1981 5661 2071 5716 Du

407 5735 605 5805 Gange
652 5749 710 5790 ν.
761 5732 1006 5792 maxilla
1048 5732 1105 5793 et
1151 5732 1470 5802 maxillare,
1501 5733 1602 5790 ubi
1643 5733 1906 5791 redditur
1944 5750 2071 5786 a10-

2179 5004 2438 5085 δημίους,
2497 5004 2967 5085 carn_i_ﬁces,_.qui
3026 5009 3536 5085 sontesnaribus
3563 5016 3621 5068 et
3650 5011 3841 5085 labiis

2179 5075 2515 5158 mutilarent
2531 5075 2976 5158 .etstigmatibus
2997 5082 3574 5158 notaren_t,_quamvis
3591 5084 3825 5158 suppli-

2180 5157 2270 5215 cia
2292 5157 2362 5208 de
2391 5150 2660 5208 sontibus
2686 5151 2747 5202 in
2779 5150 2931 5204 circo
2961 5159 3197 5212 sumpta
3225 5150 3408 5210 fuisse
3436 5150 3712 5214 constest.

2249 5224 2364 5298 (27)
2398 5223 2567 5298 Forte
2641 5219 2884 5298 clavas,“
2925 5219 3242 5298 signiﬁcat,
3304 5218 3541 5298 ῥόπαλα,
3603 5235 3664 5282 ut
3721 5244 3830 5285 vox

2180 5289 2614 5367 Francogallica
2629 5305 2823 5345 massa.
2845 5289 2933 5345 Du
2956 5289 3148 5364 Cange
3168 5289 3355 5352 Glos's.
3385 5297 3510 5353 Lat.
3529 5289 3828 5357 servientes

2179 5372 2248 5428 ad
2277 5371 2492 5424 clavam
2520 5367 2958 5434 intrepretatur,
2988 5380 3247 5434 εει-αδοπτ
3278 5371 3318 5423 ὰ
3336 5385 3540 5425 massa.

2250 5437 2620 5514 (28),Nempe
2656 5451 2761 5498 τις.
2793 5433 2965 5490 donec
3002 5433 3258 5506 mappam
3305 5441 3512 5514 aliquis
3540 5443 3824 5513 extendat,

2180 5511 2532 5583 explicitam,
2574 5521 2888 5583 expensam
2924 5515 3230 5583 monstret.
3264 5511 3365 5583 Vel
3396 5511 3590 5583 potest
3616 5514 3752 5570 πετά

2181 5576 2551 5660 intransitive
2596 5576 3264 5660 accipibsubintellscto
3309 5576 3466 5660 ἑαυτό
3506 5586 3738 5660 (nempe
3763 5605 3792 5642 τ

2178 5654 2388 5786 ﬂag")
2439 5669 2542 5727 Pro
2597 5648 2842 5727 πετασθῇ
2902 5666 2919 5712 ε
2979 5654 3137 5726 quod
3196 5671 3314 5716 non
3380 5648 3831 5718 insolens’huic
