4134 6396
369 342 485 403 647

1418 324 1973 395 CONSTANTINI
2016 320 2708 385 POBPHYROGENITI

3658 319 3779 381 648

366 489 498 547 gem
522 471 787 535 redeunt,
819 465 1189 524 factionarios
1226 468 1489 533 sumunt,
1512 481 1579 521 ac
1618 462 1903 521 saltantes
1940 460 2012 515 ad

2152 456 2235 508 γῶν
2278 450 2521 529 ἡνιόχων
2572 448 2641 505 τὰ
2706 446 2971 523 δημόσια,
3003 450 3095 504 καὶ
3146 451 3458 523 κάμπτουσι
3522 453 3778 524 καμπτὸν

366 570 578 617 metam
612 557 886 624 Prasinm,
920 562 986 613 ut
1020 573 1199 630 supra
1235 554 1510 624 diximus,
1555 553 1867 610 divertunt.
1902 552 2010 608 Po-

366 655 587 717 stremo
611 649 682 705 ad
706 648 1013 703 stationem
1033 664 1096 703 se
1127 645 1457 713 conferunt,
1489 643 1792 701 descendit
1820 646 2013 697 actua-

364 738 507 809 rius,
530 754 631 793 eos
661 735 931 804 dimittit,
950 735 1036 793 sic
1066 741 1124 791 et
1144 735 1201 791 in
1233 732 1532 807 publicum
1564 732 1849 789 saltantes
1880 746 2011 803 pro-

365 825 599 882 cedunt.

632 1082 705 1137 De
735 1081 900 1152 bigis,
933 1078 1201 1152 quomodo
1228 1077 1486 1136 ordinari
1512 1077 1766 1161 debeant.

440 1170 500 1227 Si
543 1176 841 1227 certamen
892 1174 1184 1241 equestre,
1218 1168 1317 1224 ubi
1367 1167 1684 1240 imperator
1720 1167 2019 1232 adoratur,

371 1259 717 1327 instituitur,
738 1258 889 1331 bigae
917 1259 975 1314 in
1010 1259 1199 1330 primo
1230 1256 1487 1325 critario,
1512 1257 1714 1328 bigarii
1744 1259 1804 1314 in
1835 1256 2020 1313 curri-

2122 542 2393 619 Πρασίνου
2441 540 2531 597 καὶ
2595 537 2973 611 Βενέτου,καί
3032 537 3291 615 ἔρχονται
3342 539 3420 602 εἷς
3475 539 3567 595 τὸν
3641 538 3778 598 ἴδιον

2123 633 2329 710 δῆμον,
2359 637 2447 691 καὶ
2499 634 2782 710 ἐπαίρουσι
2833 632 2961 696 τοὺς
3012 630 3283 708 δημότας,
3335 631 3429 688 καὶ
3488 633 3780 698 σάσσοντες

2122 728 2489 799 κάμπτουσιν,
2574 725 2651 789 ὡς
2732 723 3080 799 προείρηται,
3138 722 3387 796 καμπτὸν
3478 722 3772 798 Πρασίνου.

2125 813 2226 872 Καὶ
2296 811 2555 890 ἔρχονται
2615 811 2691 874 εἰς
2762 812 2826 867 τὸ
2900 813 3097 884 στάμα,
3173 809 3264 865 καὶ
3347 808 3670 887 κατέρχεται
3752 813 3782 868 6

2125 902 2469 978 ἀκτουάριος,
2538 903 2629 958 καὶ
2705 900 2936 958 ἀπολύεῖ
2993 900 3213 972 αὐτοὺς,
3266 902 3357 956 καὶ
3416 900 3779 977 κατέρχονται

2128 993 2464 1069 χομεύοντες
2496 993 2573 1055 εἷς
2602 993 2667 1048 τὸ
2689 989 2984 1066 δημόσιον.

2308 1082 2443 1157 Ηερὶ
2466 1086 2574 1137 νῶν
2607 1083 2821 1158 βηγῶν,
2863 1085 2982 1143 πῶς
3003 1077 3087 1136 δεῖ
3109 1078 3274 1142 αὐτὰς
3304 1082 3597 1139 τελεῖσθαι.

2200 1174 2454 1230 Ἱππικοῦ
2545 1169 2816 1248 ἆγομένου
2918 1169 3395 1246 προσκυνησίμου,
3484 1170 3538 1226 αἱ
3613 1171 3786 1246 βῆγες

2128 1259 2380 1318 ἵστανται
2430 1261 2507 1324 εἰς
2563 1261 2629 1315 τὸ
2667 1264 2885 1336 πρῶτον
2945 1260 3244 1337 κριτάριον,
3305 1260 3397 1315 καὶ
3429 1260 3482 1315 οἱ
3514 1260 3786 1336 βηγάριοι

370 1350 503 1416 bus,
541 1352 715 1416 stant,
741 1354 799 1405 et
824 1348 1180 1420 imperatore
1208 1347 1496 1415 veniente,
1518 1352 1772 1418 quatuor
1791 1347 2025 1430 aurigae

2152 1351 2316 1419 ιπάνω
2344 1354 2452 1405 τῶν
2483 1350 2765 1427 ἁρμάτων,
2797 1349 2891 1405 καὶ
2948 1348 3324 1425 ἀνερχομένου
3361 1352 3460 1405 τοῦ
3492 1347 3794 1424 βασιλέως,

376 1437 687 1505 accedunt,
712 1452 921 1493 aureas
947 1435 1096 1508 pilas
1118 1438 1429 1508 occupant,
1454 1436 1667 1491 etinde
1690 1434 1931 1515 reversi,
1951 1436 2023 1490 ad

2152 1434 2482 1514 ἐμϐαίνουσιν
2521 1439 2573 1494 οἱ
2605 1435 2649 1494 δ’
2679 1439 2909 1515 ἡνίοχοι
2954 1438 3047 1495 καὶ
3102 1434 3448 1511 λαμϐάνουσι
3499 1438 3567 1494 τὰ
3607 1442 3800 1514 χρυσᾶ

373 1544 512 1583 suas
542 1525 731 1582 lineas
750 1525 1016 1581 redeunt.
1053 1524 1279 1595 Postea,
1304 1524 1469 1595 signo
1493 1522 1565 1580 ab
1587 1512 2026 1591 actuario'dato,

378 1626 584 1672 rursus
632 1615 871 1681 intrant,
923 1614 1216 1669 armillam
1261 1630 1499 1669 auream
1530 1621 1793 1685 sumunt,
1823 1630 1889 1670 ac
1937 1631 2028 1671 re-

2137 1528 2342 1585 πισσία⁶
2394 1529 2485 1585 καὶ
2545 1529 2886 1605 στρέφονται,
2944 1528 3035 1584 καὶ
3077 1526 3323 1584 ἵστανται
3375 1527 3581 1592 εἰςτὰς
3637 1525 3791 1591 ἰδίας

2141 1616 2462 1694 διασφαγιὶς.
2533 1617 2631 1673 Καὶ
2691 1616 2789 1673 εἶθ’
2858 1616 3033 1679 οὕτως
3114 1615 3256 1674 νεύει
3335 1618 3363 1672 6
3442 1617 3800 1693 ἀκτουάριος,

375 1705 625 1761 deuntes
659 1719 791 1760 cum
834 1700 1056 1759 facibus
1095 1702 1167 1759 ad
1211 1701 1490 1759 factiones
1528 1704 1834 1773 accedunt,
1867 1703 2032 1775 bigae

2152 1710 2230 1764 mi
2289 1706 2455 1763 πάλιν
2508 1706 2851 1782 εῗσέρχονται
2912 1705 3002 1762 καὶ
3064 1700 3438 1779 λαμϐάνουσιν
3497 1704 3603 1761 ἀπὸ
3649 1703 3798 1780 ψελ-

371 1810 505 1850 vero
552 1793 790 1849 abeunt.
826 1791 1037 1864 Bigarii
1092 1794 1298 1859 vestes,
1347 1794 1628 1848 Venetam
1680 1809 1854 1860 unus,
1889 1795 2033 1850 alter

374 1882 674 1902 1‘-AA:4___
728 1880 833 1902 ,η-
870 1880 1034 1902 ..-__-!
1070 1879 1391 1902 2..-a___-l-_
1443 1895 1465 1902 _
1505 1886 1744 1902 ..-ι....Δ
1778 1882 1867 1902 ,‘I!_
1910 1899 1959 1902 --

2152 1797 2271 1853 λίου
2298 1798 2346 1832 ⁵⁷
2378 1799 2491 1871 (29)
2546 1793 2778 1871 χρυσοῦ,
2826 1796 2918 1850 καὶ
2981 1792 3410 1871 ὑποστρέφοντες
3456 1793 3805 1870 ἐκφωτὶζου-

2272 1889 2378 1902 ιηηι
2425 1885 2439 1902 9
2490 1888 2504 1902 ι
2624 1886 2637 1902 \
2736 1883 2761 1902 Ἀ
2788 1887 2800 1902 ο
3093 1885 3108 1902 ο
3159 1883 3173 1902 9
3218 1879 3249 1902 ρ
3296 1884 3307 1902 Ι
3557 1885 3571 1902 ι
3611 1886 3687 1902 Α-

374 1882 704 1965 Prasinam,
724 1880 835 1938 alis
866 1880 1036 1953 quasi
1070 1879 1415 1952 instructas,
1439 1895 1469 1936 e
1499 1882 1871 1939 centunculis
1901 1899 2034 1939 con-

2147 1909 2229 1943 σιν
2263 1889 2384 1961 (30)
2421 1885 2507 1944 ἐπὶ
2555 1886 2682 1949 τοὺς
2733 1883 2968 1957 δήμους,
3022 1885 3112 1940 καὶ
3156 1879 3490 1941 ἐκϐαίνουσιν
3523 1885 3578 1940 αἱ
3611 1886 3789 1962 βῇγες

372 1972 578 2041 fectas,
612 1972 766 2029 206
813 1988 865 2053 a_
890 1976 1045 2041 tergo
1089 1971 1160 2027 ad
1207 1971 1439 2027 lumbos
1472 1988 1679 2044 usque,
1714 1989 1818 2046 pro
1848 1972 2032 2047 galeis

2152 1980 2395 2055 Φοφοῦσι
2428 1972 2485 2031 δὲ
2542 1976 2594 2031 οἱ
2646 1974 2908 2052 βηγάριοι
2940 1974 3155 2048 ἱμάτια,
3189 1974 3217 2028 6
3253 1974 3346 2049 μὲν
3375 1975 3449 2037 εἷς
3479 1975 3730 2044 Βὲνετον,
3764 1976 3795 2031 6

368 2076 504 2118 vero
536 2050 900 2117 cametaucia
930 2076 961 2117 e
988 2059 1353 2116 centunculis
1384 2065 1636 2133 gestant.

2143 2063 2201 2123 δὲ
2228 2063 2411 2140 ἕτερος
2443 2065 2736 2141 Πράσινον,
2792 2059 2992 2138 ἔχοντα
3039 2061 3223 2139 ὥσπερ
3283 2064 3474 2137 πτερὰ,
3521 2064 3628 2141 ἄπο
3687 2085 3809 2120 κεν-

373 2147 702 2206 τοῦκλωνδδ
756 2146 1096 2225 ἒρῥαμμένα,
1159 2144 1380 2203 ὄπισθεν
1429 2148 1507 2211 εἷς
1555 2150 1651 2211 τὰς
1701 2151 1840 2225 ψύας
1889 2153 2090 2228 αὐτῶν,
2144 2156 2259 2211 ἀντὶ
2317 2153 2374 2211 6‘s
2437 2151 2732 2211 κασσιδίων
2793 2157 3022 2231 φοροῦσι
3070 2149 3414 2227 καμελαύκια
3440 2152 3802 2210 κεντουκλέἷ-

374 2259 442 2297 να
468 2240 536 2298 5’.

386 2332 518 2388 Acta
545 2339 664 2404 post
689 2332 982 2388 victoriam
1020 2330 1081 2386 in
1121 2328 1304 2386 eodem
1343 2332 1649 2388 certamine
1676 2341 2040 2405 reportatum.

467 2422 510 2479 1.
551 2423 686 2479 Post
732 2420 991 2494 palmam
1024 2422 1343 2478 secundam
1376 2426 1648 2480 cantores
1682 2442 1694 2478 :
1731 2446 1759 2475 (ι
1794 2425 2031 2497 Multos,

395 2510 633 2581 multos,
679 2510 937 2568 multos!
992 2532 1021 2561 »
1076 2511 1376 2583 populus:
1412 2534 1439 2562 »
1484 2511 1694 2570 Multos
1742 2532 1928 2572 annos
1977 2516 2037 2572 in

387 2603 641 2660 multos!
683 2623 711 2653 η
744 2602 1063 2658 Cantores:
1101 2624 1123 2650 ι
1151 2600 1335 2657 Multa
1351 2602 1515 2659 vobis
1544 2604 2037 2676 tempora,divina

390 2694 667 2764 majestas
688 2691 701 2747 l
726 2690 972 2761 (Prasini
995 2707 1007 2743 :
1034 2712 1062 2742 «
1087 2690 1597 2765 Propugnaculum
1621 2694 1924 2751 Trinitatis
1946 2695 1959 2751 l
1985 2695 2040 2767 ι)

392 2782 645 2855 populus
694 2787 781 2837 ter
820 2800 832 2836 :
880 2803 901 2831 ι
942 2780 1120 2837 Multa
1149 2780 1311 2837 vobis
1339 2785 1609 2855 tempora
1641 2807 1662 2835 ι
1695 2785 1706 2839 !
1739 2782 1989 2855 (Prasini
2018 2803 2031 2839 :

394 2894 423 2923 ‹‹
480 2876 692 2928 Sancte
720 2893 750 2922 ››
794 2869 834 2943 l)
884 2870 1209 2927 Cantores:
1262 2892 1290 2922 «
1333 2869 1514 2928 Multa
1557 2872 1724 2929 vobis
1754 2881 2038 2946 tempora,

392 2959 462 3017 N.
515 2960 585 3017 N.
638 2961 1032 3017 Romanorum
1083 2959 1469 3033 imperatores
1501 2961 1514 3016 l
1549 2982 1579 3012 »
1611 2961 1863 3033 populus
1905 2969 1993 3019 ter
2024 2982 2037 3018 :

399 3070 421 3099 ο
458 3048 644 3105 Multa
678 3048 842 3105 vobis
878 3047 1190 3122 tempora!
1230 3071 1254 3099 ι
1295 3048 1548 3120 (Prasini
1580 3068 1593 3106 :
1631 3072 1660 3101 ιι
1691 3052 1902 3109 Sancte
1928 3073 1957 3103 »
1998 3052 2039 3122 ι)

397 3137 675 3193 Cantores
700 3153 713 3193 :
739 3158 767 3187 «
790 3134 975 3192 Multa
992 3137 1159 3192 vobis
1178 3143 1458 3207 tempora,
1482 3137 1686 3194 famuli
1718 3138 1952 3195 Domini
1977 3139 2042 3194 ι»

393 3224 645 3299 populus
683 3229 772 3281 ter
811 3241 825 3279 :
862 3248 891 3277 «
924 3224 1109 3281 Multa
1138 3224 1303 3281 vobis
1334 3230 1599 3298 tempora
1630 3225 1643 3281 ι
1678 3248 1705 3278 ››
1741 3228 1990 3300 (Prasini
2027 3245 2041 3284 :

396 3339 418 3365 ι
454 3314 706 3372 Sancte!
755 3314 812 3385 ι)
850 3314 1131 3372 Cantores
1180 3329 1195 3369 :
1249 3335 1279 3364 «
1320 3313 1501 3371 Multa
1547 3315 1712 3372 vobis
1754 3321 2038 3390 tempora,

390 3404 459 3462 Ν.
518 3404 588 3460 Ν.
650 3405 923 3476 Augustae
969 3401 1418 3460 Romanoruml
1479 3426 1510 3454 ››
1568 3404 1819 3478 populus
1878 3410 1969 3463 ter
2024 3424 2045 3462 :

397 3515 427 3544 α
460 3492 637 3549 Multa
660 3492 828 3549 vobis
861 3497 1123 3565 tempora
1154 3493 1168 3549 ι
1206 3516 1234 3544 ››
1265 3496 1286 3564 (
1316 3493 1541 3550 Prasini
1574 3512 1588 3552 :
1622 3517 1651 3546 «
1684 3496 1895 3553 Sancte
1927 3518 1957 3547 »
2009 3496 2051 3558 li

395 3583 678 3641 Cantores
705 3599 719 3637 :
756 3603 785 3633 ‹‹
817 3582 1050 3639 Domini
1081 3582 1242 3639 orbis
1274 3592 1584 3652 terrarum,
1618 3585 1902 3658 suscipite
1932 3589 2053 3643 Ve—

398 3680 565 3728 netos
596 3672 936 3745 precantes!
975 3694 1003 3722 »
1037 3674 1056 3743 (
1086 3673 1317 3729 Prasini
1344 3689 1358 3727 :
1391 3694 1420 3723 ‹‹
1446 3673 1721 3732 Prasinos
1754 3674 1768 3729 Ι
1794 3675 1845 3746 ››)
1869 3691 2053 3748 popu-

395 3761 493 3818 lus
521 3766 608 3817 ter
639 3780 652 3817 :
705 3783 732 3812 ‹‹
761 3762 967 3818 Sancte
1000 3760 1014 3817 l
1048 3782 1077 3812 »
1128 3761 1408 3820 Cantores
1440 3778 1455 3818 :
1494 3786 1514 3812 ι
1552 3762 1625 3820 Ut
1663 3764 1813 3820 servi
1848 3780 2054 3837 rogare

395 3851 729 3908 audemus!
791 3872 820 3901 ν
868 3850 1120 3924 populus
1180 3856 1268 3907 ter
1310 3869 1323 3907 :
1388 3874 1409 3902 α
1446 3852 1697 3921 Sancte;
1752 3875 1773 3903 ι
1823 3852 2050 3910 Prasini

396 3939 687 3996 similiter.
737 3944 1014 3998 Cantores
1065 3958 1142 4007 ;«
1196 3940 1341 3998 Cum
1385 3941 1595 3998 timore
1650 3943 1922 3999 dominos
1953 3944 2047 3999 in-

395 4029 543 4086 tueri
573 4030 853 4086 audemus
886 4047 900 4099 ;
944 4031 1197 4103 populus
1223 4035 1312 4088 ter
1341 4047 1355 4087 :
1390 4053 1419 4081 «
1459 4031 1673 4089 Sancte
1704 4031 1719 4086 ι
1756 4053 1786 4082 ››
1822 4032 2050 4088 Prasini

398 4118 689 4177 similiter.
738 4120 1019 4178 Cantores
1051 4146 1066 4179 :
1099 4144 1128 4172 ‹‹
1167 4121 1369 4178 Merito
1410 4121 1772 4179 invocamini
1805 4123 2051 4179 beneﬁci

398 4207 733 4282 principes!
794 4231 824 4260 »
870 4209 1124 4282 populus
1168 4217 1305 4267 ter:
1358 4233 1388 4262 «
1435 4210 1691 4268 Sancte!
1750 4233 1780 4262 ››
1826 4211 2054 4268 Prasini

393 4298 687 4354 similiter.
719 4301 995 4354 Cantores
1037 4314 1051 4354 :
1086 4320 1114 4350 «
1148 4300 1231 4354 Ad
1266 4315 1466 4372 preces
1500 4316 1800 4358 servorum
1829 4308 2056 4357 vestro-

400 4386 934 4456 rumVenetorum;
964 4409 993 4439 ››
1018 4388 1264 4461 populus
1286 4393 1376 4444 ter
1404 4405 1418 4444 :
1447 4409 1477 4439 «
1504 4389 1718 4447 Sancte
1740 4387 1754 4445 ι
1780 4411 1807 4439 ››
1829 4390 2055 4446 Prasini

398 4476 688 4534 similiter.
745 4480 1022 4534 Cantores
1074 4494 1087 4535 :
1128 4499 1157 4530 α
1190 4477 1432 4535 Praemia
1488 4480 1670 4536 servis
1726 4478 1963 4550 vestris,
2003 4478 2054 4535 si

393 4566 643 4638 jubetis,
678 4587 708 4618 »
753 4566 1006 4639 populus
1039 4570 1127 4623 ter
1158 4582 1171 4622 :
1207 4590 1235 4617 ‹‹
1269 4567 1517 4624 Sancte!
1555 4590 1582 4618 »
1626 4568 1842 4625 Prasini
1892 4566 2054 4624 simi-

402 4657 562 4714 liter.
595 4657 875 4715 Cantores
908 4675 921 4712 :
971 4679 999 4707 u
1044 4658 1305 4725 Domine,
1343 4675 1506 4716 serva
1544 4658 1815 4715 dominos
1845 4659 2057 4715 Roma-

2300 2339 2475 2392 "Amat
2505 2334 2611 2390 ἀπὸ
2641 2334 2799 2405 νίκης
2841 2333 2917 2395 εἰς
2938 2333 3000 2389 τὸ
3029 2331 3164 2389 αὐτὸ
3185 2334 3232 2370 ⁶⁰
3261 2329 3658 2408 ἱπποδρόμιον.

2155 2426 2230 2483 Α’.
2272 2425 2410 2482 Ἀπὸ
2468 2426 2566 2479 τοῦ
2625 2419 2878 2499 δευτέρου
2931 2422 3092 2497 βαῖου
3151 2420 3399 2499 λέγουσιν
3452 2423 3505 2477 οἱ
3550 2422 3797 2496 κράκταν

2149 2539 2179 2568 ‹‹
2213 2513 2427 2583 Πολλὰ,
2459 2511 2668 2583 πολλὰ,
2701 2510 2907 2569 πολλά·
2939 2535 2969 2565 ››
2997 2513 3026 2569 6
3054 2511 3206 2574 λαός·
3260 2537 3289 2566 ι(
3340 2510 3535 2569 Πολλᾶ
3578 2507 3667 2582 ἔτη
3708 2512 3782 2573 εἰς

2147 2601 2354 2660 πολλά.
2389 2628 2418 2656 ››
2449 2604 2516 2661 Οἱ
2546 2603 2797 2678 κράκταιο
2837 2622 2859 2652 ι
2895 2599 3109 2659 Ηολλοί
3142 2603 3269 2675 ὑμῖν
3300 2603 3515 2679 χρόνοι,
3542 2604 3574 2670 ἡ
3613 2598 3785 2666 ἔνθεος

2152 2690 2460 2767 βασιλεία»
2494 2692 2568 2766 (οἱ
2621 2690 2899 2764 Πράσινοι.
2957 2713 2986 2743 ι(
3016 2690 3091 2748 Τὸ
3146 2686 3457 2765 πρόϐλημα
3507 2691 3604 2759 τῆς
3627 2688 3793 2763 Τριά-

2154 2778 2267 2843 δος’
2306 2782 2356 2853 n)
2388 2778 2477 2835 καὶ
2510 2780 2538 2836 6
2570 2777 2705 2841 λαὸς
2736 2778 2797 2835 ἐκ
2823 2780 2887 2855 γ’·
2932 2802 2960 2831 ‹‹
3010 2775 3221 2835 Πολλοὶ
3254 2778 3382 2851 ὑμῖν
3428 2777 3628 2854 χρόνοι
3662 2800 3690 2829 ››
3722 2778 3801 2850 (οἳ

2150 2870 2435 2945 Πράσινοι·
2475 2890 2503 2923 α
2529 2870 2690 2945 Ἃγυε
2724 2873 2793 2940 ι).
2817 2868 2880 2922 0i.
2901 2867 3149 2943 κράκται.
3183 2891 3212 2922 ››
3245 2865 3461 2925 Πολλοί
3503 2868 3636 2942 ὑμῖν
3668 2865 3803 2946 χρό-

2149 2979 2254 3015 νοι.
2307 2959 2336 3014 6
2397 2955 2542 3014 δεῖνα
2581 2956 2672 3013 καί
2721 2957 2749 3012 6
2798 2953 2947 3013 δεῖνα
2996 2955 3394 3033 αὐτοκράτορες
3424 2955 3741 3030 Ῥωμαίων·
3777 2980 3804 3007 ι)

2148 3049 2240 3105 καὶ
2264 3049 2292 3104 6
2318 3046 2451 3112 λαὸς
2481 3047 2543 3103 ἐκ
2577 3048 2644 3124 γ”
2685 3069 2708 3099 ι
2752 3044 2968 3102 Πολλοὶ
3012 3047 3140 3120 ὑμῖν
3171 3047 3368 3123 χρόνοι
3401 3070 3429 3097 ››
3478 3046 3558 3119 (οἱ
3599 3047 3805 3121 Πρασι-

2148 3156 2255 3195 νοισ
2280 3162 2308 3190 ‹‹
2335 3139 2493 3211 Ἃγιε
2515 3139 2588 3208 ν).
2616 3137 2683 3195 Οἱ
2713 3135 2962 3210 κράκται.
2997 3160 3027 3188 ί(
3061 3132 3272 3191 ὶιολλοὶ
3324 3135 3453 3209 ὑμῖν
3507 3135 3724 3214 χρόνοι,
3757 3136 3813 3190 οἰ

2155 3227 2479 3303 θεράποντες
2500 3223 2850 3303 τοῦγΚυρίου·
2879 3247 2902 3279 ι
2939 3225 2967 3280 6
3000 3223 3134 3288 λαὸς
3163 3222 3225 3279 ἐκ
3250 3225 3318 3300 γ’·
3358 3247 3389 3277 ι(
3425 3223 3641 3281 Πολλοὶ
3674 3224 3807 3297 ὑμῖν

2158 3315 2355 3393 χρόνοι
2379 3338 2407 3367 υ
2431 3315 2508 3389 (οἱ
2540 3315 2822 3390 Πράσινοι·
2846 3315 3050 3391 «Ἅγιε
3073 3317 3148 3388 ι).
3181 3314 3251 3371 Οἱ
3275 3313 3525 3389 κράκταυ
3562 3312 3817 3369 ιΠολλοὶ

2158 3405 2289 3479 ὑμῖν
2318 3405 2535 3481 χρόνοι,
2566 3404 2596 3459 6
2628 3400 2772 3459 δεῖνα
2799 3403 2891 3458 καὶ
2933 3403 2962 3458 6
3003 3400 3151 3458 δεῖνα
3197 3403 3504 3479 Αὐγοῦσται
3530 3405 3638 3457 τῶν
3670 3401 3811 3457 Ῥω-

2163 3494 2358 3569 μαίων·
2384 3518 2412 3546 n
2471 3493 2563 3548 καὶ
2616 3493 2644 3548 6
2676 3492 2808 3555 λαὸς
2866 3491 2927 3548 ἐκ
2955 3493 3026 3567 γ”
3070 3515 3100 3545 ‹‹
3144 3490 3356 3548 Πολλοὶ
3387 3492 3514 3564 ὑμῖν
3545 3491 3739 3566 χρόνοι
3777 3513 3807 3543 »

2157 3585 2232 3658 (οἱ
2254 3583 2531 3661 Πράσινοι·
2566 3607 2594 3635 ‹‹
2636 3583 2792 3658 ’Ἄγιε
2823 3605 2852 3634 ››
2882 3585 2924 3652 ).
2956 3581 3024 3640 Οἱ
3052 3580 3299 3657 κράκται·
3339 3604 3366 3635 ι(
3413 3581 3675 3637 Δεσπόται
3704 3585 3816 3651 τῆς

2157 3673 2509 3747 οἷκουμένης,
2570 3669 2788 3746 δέξασθε
2828 3672 3084 3733 Βενὲτους
3149 3670 3596 3746 παρακαλοῦντας
3643 3694 3664 3721 ι
3727 3669 3813 3741 (οἱ

2157 3764 2437 3837 Πράσινοι.
2472 3786 2501 3813 ››
2534 3760 2835 3837 Πρασίνους
2870 3763 2945 3834 ››)’
2977 3759 3066 3815 καὶ
3098 3761 3127 3817 6
3158 3759 3291 3822 λαὸς
3322 3757 3383 3816 ἐκ
3410 3760 3476 3835 γ“·
3512 3783 3541 3814 ‹‹
3579 3765 3814 3836 νΑγιι.»

2158 3853 2226 3910 Οἱ
2264 3865 2511 3929 κρακται·
2574 3874 2596 3903 ο
2630 3850 2719 3913 Ὠς
2771 3846 2966 3906 δοῦλοι
3008 3847 3312 3923 τολμῶμεν
3341 3846 3741 3925 παρακαλέσαι·
3795 3872 3817 3900 ι

2161 3943 2188 3997 ὁ
2232 3939 2363 4003 λαὸς
2421 3938 2482 3996 ἐκ
2509 3941 2577 4018 γ’·
2630 3964 2660 3992 κ
2714 3943 2892 4016 Ἄγιν
2954 3964 2982 3993 (ι
3026 3939 3078 3994 oi.
3129 3940 3389 4014 Πράσινοι
3443 3940 3677 4013 ὁμοίως.
3753 3940 3825 3998 Oi.

2158 4030 2406 4108 κράκται·
2468 4053 2498 4084 ‹‹
2546 4029 2697 4086 Μετᾶ
2744 4024 2923 4105 φόϐου
2977 4025 3335 4102 ὃυσωποῦμεν
3405 4029 3535 4093 τοὺς
3606 4025 3822 4085 δεσπό-

2157 4139 2274 4186 τας⁶
2300 4144 2329 4173 ››
2379 4120 2408 4175 6
2471 4119 2601 4182 λαὸς
2648 4117 2708 4173 ἐκ
2734 4119 2799 4195 γ’·
2858 4142 2880 4170 ι
2933 4119 3110 4195 Ἀγιε·
3138 4142 3168 4171 ››
3202 4117 3255 4172 οἱ
3294 4117 3556 4193 Πράσινοι
3580 4116 3823 4192 ὁμοίως.

2159 4210 2228 4269 Oi.
2295 4209 2545 4284 κράκται·
2595 4231 2624 4259 ‹‹
2702 4208 3062 4279 Ἀνεξικάχως
3123 4205 3521 4283 παρακλήθητε
3592 4208 3825 4285 εὔεργέ-

2159 4316 2268 4356 ται’
2304 4322 2332 4351 »
2364 4299 2392 4354 6
2441 4298 2576 4363 λαὸς
2612 4296 2672 4353 ἐκ
2715 4303 2782 4373 γ”
2843 4319 2872 4350 ιι
2914 4299 3099 4373 ’Ἄγιν
3136 4320 3165 4350 »
3208 4298 3262 4352 οἱ
3293 4298 3554 4371 Πράσινοι
3577 4296 3822 4370 ὁμοίως.

2162 4387 2231 4447 Οἱ
2260 4388 2509 4465 κράκταυ
2544 4410 2573 4439 ‹‹
2607 4388 2702 4448 Εἰς
2733 4385 2833 4454 τὴν
2861 4382 3047 4455 δέησιν
3075 4388 3184 4442 τῶν
3220 4382 3435 4442 δούλῶν
3488 4387 3643 4460 ὑμῶν
3703 4387 3823 4443 Bs-

2162 4477 2350 4534 vé-rwv'
2394 4500 2423 4529 »
2461 4476 2490 4531 6
2521 4473 2656 4539 λαὸς
2677 4473 2736 4530 ἐκ
2767 4474 2835 4552 γ’.
2870 4497 2899 4527 ‹‹
2936 4475 3110 4551 ’Λγιε·
3133 4497 3162 4527 ››
3186 4475 3239 4530 οἱ
3275 4474 3532 4550 Πράσινοι
3591 4473 3832 4548 ὁμοίως.

2166 4569 2234 4627 Οἱ
2289 4564 2540 4643 κράκται·
2590 4588 2620 4617 ‹‹
2686 4563 2937 4638 Δημόσιοι
2975 4569 3093 4626 τοῖς
3153 4561 3376 4629 δούλοις
3429 4564 3607 4639 ὑμῶν,
3641 4563 3687 4620 εἰ
3730 4585 3831 4620 κε-

2163 4656 2367 4715 λεύετε·
2404 4679 2431 4708 ››
2466 4656 2494 4711 6
2515 4652 2650 4716 λαὸς
2681 4652 2740 4709 ἐκ
2763 4654 2831 4729 γ”
2867 4676 2897 4707 ‹‹
2926 4654 3105 4729 Ἀγιε·
3133 4678 3160 4707 ››
3192 4655 3249 4708 οἱ
3281 4655 3539 4730 [Ipsis-won
3573 4653 3816 4727 ὁμοίως.

405 4764 616 4805 norum
650 4745 665 4803 !
702 4770 730 4798 »
775 4749 1027 4822 populus
1067 4752 1156 4805 ter
1186 4765 1200 4803 :
1248 4769 1277 4799 «
1314 4746 1579 4814 Domine,
1624 4764 1813 4805 serva.
1848 4769 1876 4799 »
1908 4747 2040 4804 Cant

2172 4746 2239 4805 Oi.
2260 4744 2507 4821 κράκται·
2544 4767 2573 4796 ‹‹
2598 4743 2782 4815 Κύριε,
2816 4747 2991 4799 σῶσον
3030 4743 3159 4805 τοὺς
3208 4743 3475 4806 δεσπότας
3539 4748 3647 4799 τῶν
3680 4748 3828 4802 ’Λωη

404 4841 562 4895 tores
594 4855 664 4892 :«
696 4839 962 4906 Domine,
999 4854 1169 4895 serva
1199 4842 1318 4894 ate
1358 4846 1664 4894 coronatos
1698 4837 1709 4893 l
1746 4859 1776 4888 »
1810 4837 2040 4910 popula:

2176 4835 2371 4911 μαίων*
2408 4860 2436 4888 ››
2469 4835 2498 4890 6
2530 4833 2666 4897 λαὸς
2696 4831 2759 4888 ἐκ
2787 4834 2855 4911 γ’.
2883 4856 2911 4884 ‹‹
2944 4832 3135 4909 Κύριε,
3170 4836 3363 4891 σῶσον.
3401 4858 3422 4886 ι
3452 4834 3520 4892 Oi
3566 4834 3823 4908 κράκται·

406 4932 494 4982 ter
535 4944 549 4983 :
608 4948 638 4976 «
699 4928 962 4997 Domine,
1007 4926 1211 4984 serva!
1256 4948 1284 4978 »
1332 4927 1660 4985 Cantores:
1712 4948 1741 4977 ‹‹
1792 4926 2062 4995 Domine,

412 5026 583 5067 serva
635 5013 929 5087 principes
970 5015 1131 5071 orbis
1169 5020 1456 5072 terrarum
1491 5012 1504 5069 l
1560 5036 1587 5064 ι»
1627 5013 1876 5087 populus
1914 5020 2000 5070 ter
2037 5032 2053 5083 ;

411 5122 441 5151 «
468 5100 737 5175 Domine,
768 5120 950 5161 serva.
987 5128 1016 5156 ››
1041 5105 1319 5163 Cantores
1351 5123 1364 5160 :
1399 5128 1427 5157 ‹‹
1463 5108 1528 5161 Et
1564 5121 1698 5161 cum
1732 5106 1879 5179 ipsis
1910 5109 2040 5163 Deu:

2177 5123 2266 5158 σον
2326 5101 2454 5165 τοὺς
2505 5097 2767 5163 δεσπότας
2825 5106 2927 5170 τῆς
2962 5100 3313 5176 οἰκουμένης
3366 5126 3394 5153 υ

1719 5218 1748 5247 ‹‹
1796 5197 2065 5261 Domine,

408 5188 468 5246 in
516 5190 691 5247 nobis
749 5197 1067 5264 operetur!
1113 5219 1140 5246 ››
1202 5195 1459 5268 populus
1517 5200 1606 5253 ter
1652 5211 1667 5251 :

2176 4949 2205 4977 ‹‹
2241 4923 2423 5001 Κύριε,
2471 4926 2643 4978 σῶσον
2691 4923 2819 4983 τοὺς
2864 4920 2923 4977 ἐκ
2965 4925 3063 4977 σοῦ
3111 4920 3496 4997 ἐστεμμένους·
3549 4946 3577 4975 ››
3619 4923 3649 4977 6
3696 4921 3831 4985 λαὸς

2174 5014 2233 5070 ἐκ
2251 5015 2321 5089 γ’.
2359 5037 2387 5065 ‹‹
2438 5010 2625 5088 Κύριε,
2674 5016 2871 5067 σῶσον.
2914 5034 2945 5064 ››
2987 5012 3054 5069 Oi
3106 5012 3355 5086 κράκται·
3399 5036 3427 5063 (ι
3471 5012 3663 5088 Κύριε,
3715 5016 3833 5066 σῶ-

3440 5102 3469 5156 ὁ
3503 5100 3635 5163 λαὸς
3666 5100 3728 5157 ἐκ
3763 5103 3832 5177 γ’·

2182 5192 2422 5267 ιΚύριε,
2479 5194 2670 5245 σῶσον.
2734 5213 2762 5243 ››
2824 5189 2891 5248 Οἱ
2949 5188 3196 5264 κράκται·
3230 5213 3262 5245 α
3318 5192 3539 5247 Καίσὺν
3600 5190 3834 5251 αὖτοῖςὸ

1773 5283 1861 5340 VA
1873 5284 2012 5341 ΡιΙιΕ
2053 5281 2427 5340 LETIONES.

478 5374 523 5413 ⁵⁷
566 5372 664 5430 ἂνᾶ
694 5373 928 5451 ψελλίου
954 5383 1106 5453 conj.
1141 5381 1210 5438 Η.
1284 5384 1329 5419 ⁸⁸
1359 5378 1690 5439 κενδούκλου
1706 5383 1835 5440 cod.
1911 5381 1960 5417 δί’
1988 5402 2040 5436 κε

2152 5378 2334 5436 υλεινᾶ
2363 5381 2452 5437 ed.
2531 5378 2578 5414 ⁸ο
2609 5376 2685 5432 εἰς
2718 5376 2850 5432 αὐτὸ
2878 5377 2973 5435 ed.

1461 5492 1661 5549 JOAN.
1700 5491 1854 5547 JAC.
1896 5490 2160 5548 REISKII
2199 5485 2791 5548 COMMENTARIUS.

482 5595 592 5667 (29)
627 5593 796 5652 Forte
827 5593 938 5670 leg.
971 5593 1072 5651 ἀνὰ
1099 5594 1357 5670 ψελλίου,
1388 5601 1762 5672 unusquisque
1789 5598 2040 5655 armilla,

2152 5614 2329 5654 aream
2337 5637 2354 5657 ο

442 5730 445 5733 λ
480 5684 594 5757 (30)
613 5686 681 5741 1η
711 5684 888 5740 altum
918 5685 1208 5741 subtevant
1226 5693 1283 5742 et
1306 5686 1613 5745 attendant.
