4134 6390
270 313 391 373 649

1147 303 1250 363 DE
1295 300 1750 364 CEBIMONIIS
1795 303 2034 363 AULIE
2072 305 2566 372 BYZANTINE
2606 313 2757 374 LIB.
2804 317 2854 376 Ι.

3570 324 3691 388 650

268 446 398 507 θεὸς
457 444 610 517 ἡμᾶς
667 439 1006 514 συνεργήσει·
1049 458 1082 493 ι»
1225 434 1474 532 λαὸςῌίκ
1529 441 1598 510 γ’,
1631 459 1688 532 ἰ(
1743 434 1977 532 lidius“

2072 441 2288 496 serva!»
2318 443 2596 501 Cantores
2630 462 2693 501 :«
2752 446 3014 515 Domine,
3073 468 3241 509 serva
3287 455 3688 532 imperatores,

272 539 470 592 σῶσον.
522 553 549 584 ι
599 531 670 588 Οἱ
699 529 964 602 κράκταιο
1018 548 1048 579 ιι
1096 525 1286 601 Κύριε,
1337 529 1509 580 σῶσον
1563 525 1689 587 τοὺς
1739 520 1935 580 δεσπό-

2072 536 2326 602 .ugustas
2346 537 2404 588 et
2437 535 2954 609 porphyrogenitos
2982 537 2994 592 l
3032 520 3446 614 »popu1uster
3476 563 3541 603 ιιι
3573 520 3692 606 Do:-

273 643 370 683 τας
401 623 490 676 σὺν
526 624 651 681 ταῖς
682 616 1011 694 αὖγοόσταις
1041 615 1130 670 καὶ
1162 619 1279 677 τοῖς
1311 615 1868 692 πορφυρογεννήτοις·
1904 637 1933 666 ››

284 714 314 768 6
344 712 470 772 λαὸς
500 708 561 765 ἐκ
590 710 659 786 γ’·
700 732 729 760 ((
764 707 944 782 Κύριε,
977 709 1172 761 σῶσον.
1211 730 1238 757 υ

350 802 420 859 Β“.
456 799 554 854 Καὶ
585 797 694 853 ἀπὸ
743 801 843 852 τοῦ
879 795 1140 868 τετάρτου
1189 792 1346 870 βαΐου
1379 795 1700 870 γατὲρχεται
1731 796 1758 848 6
1809 795 1938 867 μαί-

285 909 424 962 στωρ
495 887 636 962 μετᾶ
693 889 792 942 τοῦ
849 883 1010 950 λαοῦ,
1074 883 1164 938 καὶ
1217 881 1434 939 ’ίσταται
1486 879 1786 958 ἔμπροσθεν
1839 886 1938 938 τοῦ

280 978 486 1050 δήμου.
539 977 601 1033 Ὀ
661 973 720 1031 δὲ
776 971 1070 1052 δήμαρχος
1119 972 1380 1044 ἀπομένει
1433 974 1567 1045 μετὰ
1620 977 1728 1028 τῶν
1785 991 1938 1046 πρω-

275 1066 436 1122 τείων
496 1065 606 1120 ἅνω
675 1063 752 1126 εἰς
817 1063 910 1118 τὸν
970 1059 1172 1135 δῆμον.
1215 1061 1349 1118 Εἶτα
1388 1058 1640 1135 λέγουσιν
1699 1061 1754 1115 οἱ
1789 1061 1938 1116 κάτω

275 1155 566 1228 ἱστάμενοι
623 1153 872 1228 κράκται·
912 1174 933 1202 ι
977 1149 1040 1206 Ε⁹ί
1067 1172 1122 1206 τι
1169 1153 1280 1224 (3!)
1340 1150 1368 1205 6
1419 1150 1548 1212 Θεὸς
1601 1150 1872 1222 ὠνόμασε·
1910 1174 1938 1201 ››

278 1245 368 1304 καὶ
397 1243 789 1318 ἀποκρίνονται
817 1238 930 1296 ἄνω
973 1240 1050 1304 εἷς
1096 1239 1189 1295 τὸν
1232 1237 1430 1311 δῆμον
1471 1262 1500 1292 ιι
1530 1240 1724 1311 Τίμιον
1751 1239 1814 1294 τὸ
1846 1239 1941 1294 Bs-

277 1359 428 1394 νετον
463 1360 491 1388 ››
542 1334 618 1407 (οἱ
665 1333 954 1405 Πράσινοι,
1007 1353 1034 1385 ι
1075 1331 1140 1386 τὸ
1188 1330 1499 1401 Πράσινον).
1535 1354 1564 1381 ››
1596 1331 1659 1384 0i.
1691 1329 1936 1404 xpaixtat'

287 1451 318 1480 ιι
341 1429 402 1484 Ὁ
435 1426 656 1501 βοηθῶν
684 1421 815 1485 τοὺς
866 1418 1128 1482 δεσπότὰς
1151 1421 1222 1478 σί.
1257 1442 1286 1472 ››
1316 1452 1386 1462 -
1417 1443 1445 1471 ιι
1479 1421 1571 1481 Εἷς
1604 1420 1632 1474 6
1664 1419 1815 1488 Θεὸς,
1851 1441 1879 1468 ››
1912 1417 1941 1472 ὁ

289 1515 442 1582 λαὸς,
481 1512 568 1569 καὶ
612 1511 684 1568 τὰ
730 1510 920 1568 λοιπά.
972 1510 1107 1567 Εἶτα
1144 1508 1466 1584 ἀνὲρχονται
1513 1509 1565 1564 οἱ
1613 1506 1836 1583 ἡνίοχοι
1886 1505 1939 1561 ἐν

285 1610 403 1667 τοῖς
450 1604 675 1678 ἅρμασι,
723 1605 1018 1680 φοροῦντες
1064 1619 1133 1654 τα
1181 1595 1448 1672 δημόσια,
1503 1597 1594 1653 καὶ
1660 1597 1940 1670 σάσσουσι,

285 1694 376 1749 καὶ
405 1694 434 1748 6
471 1690 649 1764 δῆμος
707 1688 1010 1763 ἔμπροσθεν
1070 1686 1248 1744 αὐτῶν
1316 1686 1583 1763 λεγόντων
1638 1688 1702 1742 τὸ
1751 1682 1943 1759 δρομι-

286 1783 406 1839 κόνο
467 1806 488 1832 ι
550 1777 852 1857 Ἀγάλλου,
911 1777 1116 1850 Βένετε,
1176 1777 1228 1831 o't.
1286 1773 1539 1832 δεσπόται
1599 1775 1848 1847 ἐνίκησαν
1905 1795 1934 1828 ι

295 1874 373 1947 (οἱ
434 1871 687 1947 Ηράσινοι
749 1894 779 1922 ιι
815 1869 1087 1944 Προὶσινε).
1121 1890 1152 1920 »
1212 1866 1308 1922 Καὶ
1357 1867 1448 1923 ὅτε
1494 1864 1725 1931 ἔλθωσιν
1774 1865 1849 1927 εἷς
1879 1865 1942 1920 τὸ

289 1965 358 2033 Η,
415 1955 716 2034 ἔμπροσθεν
769 1961 876 2013 τῶν
935 1955 1205 2032 βασιλέων
1257 1953 1503 2012 ’ίστανται
1558 1956 1647 2011 καὶ
1698 1953 1944 2029 λέγουσιν

285 2051 338 2106 οἱ
365 2050 620 2127 κράκται,
654 2072 684 2101 ι(
709 2045 925 2116 Πολλὰ,
957 2043 1167 2115 πολλὰ,
1188 2044 1395 2102 πολλὰ·
1421 2069 1448 2098 ››
1473 2047 1502 2100 6
1524 2045 1679 2114 λαὸς,
1703 2069 1730 2097 ι)
1755 2041 1948 2100 Πολλᾶ

291 2134 382 2208 ἔτη
425 2139 501 2204 εἰς
532 2136 746 2195 πολλά.
781 2161 805 2192 ι
841 2137 907 2194 Οἱ
958 2138 1204 2210 κράκταιο
1247 2159 1277 2187 ‹‹
1329 2133 1538 2192 Ηολλοὶ
1572 2135 1696 2208 ὑμῖν
1728 2135 1945 2210 χρόνοι,

294 2230 330 2298 ἡ
362 2224 537 2292 ἔνθεος
598 2223 873 2304 βασιλεία,
919 2247 948 2278 η
997 2225 1075 2297 (οἱ
1125 2225 1407 2298 Πράσινοι,
1457 2247 1487 2275 ‹‹
1527 2225 1562 2292 ἡ
1613 2221 1820 2300 ἐκλογὴ
1851 2221 1947 2288 τῆς

289 2312 541 2390 τριάδος)
591 2339 618 2366 n
645 2315 708 2372 Ὁ
730 2313 862 2376 λαὸς
895 2311 956 2369 ἔκ
983 2312 1192 2389 τρίτου,
1225 2337 1254 2365 (ι
1280 2311 1494 2368 Πολλοὶ
1523 2313 1651 2386 ὑμῖν
1677 2313 1892 2387 χρόνοι,
1919 2337 1946 2364 ››

288 2407 363 2479 (οἱ
388 2406 638 2480 Πράσινοι
663 2426 689 2458 ι
711 2403 1024 2478 νΑγιε).››Οἱ
1044 2401 1294 2478 κράκταιο
1309 2423 1332 2452 tt
1353 2400 1561 2458 Πολλοὶ
1589 2403 1716 2474 ὑμῖν
1734 2402 1949 2478 χρόνοι,

287 2497 316 2554 6
351 2493 501 2551 δεῖνα
533 2495 626 2550 καὶ
664 2495 692 2550 6
733 2491 883 2549 δεῖνα
919 2493 1317 2566 αὐτοκράτορες
1347 2491 1666 2565 Ῥωμαίων·
1701 2515 1729 2545 ››
1759 2493 1787 2548 6
1819 2491 1951 2553 λαὸς

293 2584 354 2641 ἐκ
411 2584 622 2660 τρίτου,
686 2607 714 2635 ιι
758 2579 972 2638 Πολλοὶ
1012 2583 1142 2655 ὑμῖν
1183 2581 1399 2657 χρόνοι,
1452 2607 1481 2634 η
1543 2581 1619 2655 (οἱ
1677 2580 1954 2662 Πράσινοι,

299 2699 328 2728 ιι
358 2677 568 2750 ⁶Αγιε).
605 2697 633 2728 ι
665 2674 727 2728 Οἱ
757 2674 1008 2746 κράκται·
1044 2695 1072 2723 ‹‹
1105 2669 1278 2727 Πολοὶ
1311 2673 1440 2744 ὑμῖν
1472 2671 1690 2745 χρόνοι,
1723 2669 1775 2725 οἱ
1802 2669 1956 2742 θερά-

310 2783 505 2826 ποντες
531 2766 629 2817 τοῦ
659 2762 880 2838 Κυρίουο
934 2785 963 2814 ››
1023 2761 1051 2815 6
1119 2758 1253 2822 λαὸς
1319 2758 1380 2814 ἐκ
1441 2759 1651 2832 τρίτου,
1685 2782 1713 2811 ιι
1747 2756 1956 2814 Πολλοὶ

321 2852 453 2924 ὑμῖν
494 2849 703 2926 χρόνοι.
750 2851 872 2908 »Οἱ
919 2849 1168 2923 κράκται·
1227 2872 1254 2901 (ι
1301 2847 1514 2904 Πολλοὶ
1562 2849 1689 2921 ὑμῖν
1739 2847 1959 2926 χρόνοι,

319 2941 348 2996 6
411 2937 562 2995 δεῖνα
605 2938 696 2994 καὶ
753 2940 780 2993 6
828 2936 970 2995 δεῖνα
1026 2938 1320 3012 αὖγοῦσται
1370 2943 1480 2992 τῶν
1515 2936 1830 3010 Ῥωμαίων·
1875 2960 1904 2988 ››
1936 2935 1965 2990 6

317 3027 452 3091 λαός
482 3029 548 3102 γ’,
574 3051 603 3079 ‹‹
633 3026 838 3083 Πολλοὶ
861 3028 988 3102 ὑμῖν
1015 3027 1232 3103 χρόνοι,
1256 3048 1284 3078 »
1309 3027 1382 3098 (οἱ
1411 3026 1696 3101 Πράσινοι,
1719 3049 1749 3077 ιι
1770 3025 1963 3098 Ἃγιε).

305 3119 373 3177 Οἱ
433 3117 681 3192 κράκται·
746 3141 768 3170 ι
828 3115 1044 3174 Ηολλοί
1106 3117 1236 3189 ὑμῖν
1295 3116 1512 3191 χρόνοι,
1562 3112 1837 3185 δεσπόται,
1872 3114 1963 3168 σὺν

2046 622 2224 687 mine,
2291 637 2454 678 serva
2486 623 2499 678 l
2537 645 2559 674 ι

2118 798 2189 853 Ii.
2223 800 2361 855 Post
2381 808 2651 872 quartam
2685 803 2936 874 palmam
2971 810 3251 879 magister
3286 827 3419 869 cum
3480 816 3693 886 populo

2047 886 2371 956 descendit,
2393 898 2448 945 et
2470 904 2602 946 ante
2653 892 2964 950 factionem
2997 896 3308 954 subsistit:
3342 902 3696 961 demarchus

2047 974 2106 1030 in
2139 976 2264 1032 loco
2282 978 2562 1049 superiori
2595 996 2728 1038 cum
2752 983 3114 1052 principibus
3139 986 3194 1041 in
3229 987 3476 1046 factione
3505 1007 3698 1048 rema-

2050 1069 2166 1119 net.
2191 1065 2407 1123 Deinde
2445 1074 2714 1125 cantores
2751 1070 2905 1127 infra
2960 1076 3267 1130 constituti
3299 1076 3503 1134 dicunt
3533 1095 3548 1134 :
3583 1103 3611 1130 ‹‹
3639 1080 3702 1136 Si

2054 1153 2204 1210 Deus
2251 1157 2504 1225 vocavit;
2542 1181 2566 1206 υ
2603 1161 2953 1232 respondent
2989 1179 3167 1234 supra
3196 1164 3255 1221 in
3287 1165 3537 1224 factione
3557 1186 3702 1226 con-

2050 1243 2277 1300 stituti:
2305 1244 2635 1302 «Venatum
2659 1265 2890 1321 gregem
2914 1253 3312 1310 venerandum
3336 1253 3349 1311 !
3379 1258 3700 1328 «((Prasini,

2052 1332 2448 1406 «Prasinum).
2480 1357 2507 1384 »
2532 1337 2850 1394 Cantores:
2885 1361 2912 1389 «
2947 1340 3055 1406 Qui
3091 1342 3365 1400 dominos
3381 1346 3700 1416 adjuvat!»

2051 1422 2346 1492 papulas:
2380 1430 2588 1482 «Deus
2637 1443 2696 1482 es
2727 1449 2756 1478 »
2814 1432 2872 1484 et
2927 1435 3150 1487 cratera.
3211 1433 3434 1490 Deinde
3461 1436 3702 1509 aurigae,

2051 1511 2200 1568 ποτ
2237 1513 2468 1582 publica
2499 1515 2738 1586 premis
2759 1518 3254 1586 ferentes,currns
3275 1529 3705 1594 conscendunt,

2051 1599 2297 1656 factione
2351 1609 2486 1659 ante
2543 1604 2704 1675 ipsos
2726 1605 3053 1664 dromicum
3107 1625 3339 1668 carmen
3382 1614 3700 1672 recitante:

2056 1707 2085 1740 ιι
2140 1689 2398 1757 Exsulta,
2443 1690 2673 1762 Venete,
2731 1694 2949 1750 domini
3008 1697 3306 1766 vicerunt;
3340 1723 3363 1753 ι
3432 1702 3705 1774 (Prasini,

1971 1806 2021 1872 B
2053 1797 2082 1872 ιι
2131 1777 2415 1872 Prasiae).
2453 1803 2474 1831 ι
2539 1782 2606 1837 Et
2635 1787 2874 1855 quando
2902 1787 2973 1841 ad
3025 1787 3072 1842 II
3107 1804 3440 1859 pervenere,
3492 1808 3693 1848 coram

2053 1867 2502 1938 imperatoribus
2544 1879 2724 1940 stant,
2784 1884 3052 1932 cantores
3083 1877 3289 1935 dicunt
3339 1896 3412 1936 τι
3467 1881 3704 1950 Multos,

2055 1956 2294 2024 multos,
2315 1958 2559 2028 multos;
2588 1983 2611 2010 ι
2639 1962 2893 2033 populus
2926 1980 2985 2020 ιιι
3019 1966 3232 2023 Multos
3255 1970 3514 2026 annosin
3548 1970 3705 2027 mul-

2056 2051 2166 2100 tos.
2200 2067 2231 2095 »
2271 2048 2548 2105 Cantores
2579 2065 2592 2103 :
2621 2069 2651 2100 «
2709 2049 2893 2107 Multa
2940 2053 3101 2110 vobis
3155 2059 3446 2127 tempore,
3505 2058 3706 2114 divina

2058 2136 2376 2207 majestas!
2416 2159 2444 2188 »
2466 2139 2721 2210 (Prasini
2755 2157 2768 2195 :
2799 2163 2828 2191 ‹‹
2858 2141 3074 2199 Electio
3106 2144 3439 2218 trinitatis!)
3463 2169 3492 2198 ››
3525 2164 3708 2220 popu-

2061 2225 2154 2282 lus
2211 2234 2329 2282 ter:
2382 2249 2411 2278 ιι
2491 2229 2676 2285 Multa
2727 2231 2894 2287 vobis
2958 2233 3257 2303 tempora!
3332 2257 3362 2287 »
3414 2237 3704 2308 (Prasini:

2062 2337 2089 2365 «
2124 2316 2396 2384 Sancte!)
2455 2337 2485 2367 ι»
2525 2319 2854 2376 Cantores:
2888 2343 2917 2371 ιι
2973 2321 3155 2378 Multa
3201 2324 3363 2380 vobis
3418 2329 3712 2398 tempora,

2062 2405 2132 2462 N.
2183 2405 2249 2460 Ν.
2312 2407 2696 2478 imperatores
2744 2413 3140 2467 Romanorum
3175 2431 3190 2481 ;
3224 2435 3253 2464 »
3298 2413 3553 2487 populus
3586 2425 3706 2473 ter:

2065 2515 2092 2544 ι‹
2128 2494 2312 2550 Multa
2348 2495 2512 2551 vobis
2557 2498 2904 2568 tempora!»
2945 2499 3234 2570 (Prasini:
3269 2523 3298 2551 ‹‹
3353 2502 3628 2576 Sancte!)
3680 2527 3711 2556 ››

2066 2581 2380 2639 Cantores:
2415 2585 2641 2640 «Multa
2662 2586 2829 2641 vobis
2857 2596 3138 2659 tempora,
3159 2589 3362 2644 famuli
3397 2590 3627 2648 Domini
3656 2593 3714 2648 ι.

2070 2671 2325 2742 ρίιρυΙυε
2357 2678 2477 2728 ter:
2513 2693 2542 2723 ιι
2583 2672 2763 2728 Multa
2790 2675 2956 2730 vobis
3007 2676 3355 2747 tempora!»
3389 2678 3668 2736 Cantores
3702 2695 3718 2735 :

2073 2781 2102 2810 «
2135 2758 2311 2815 Multa
2343 2762 2506 2816 vobis
2530 2770 2812 2832 tempora,
2862 2762 2931 2818 N.
2964 2763 3030 2819 N.
3092 2767 3365 2837 Augustae
3421 2769 3720 2824 Romano-

2075 2865 2204 2903 rum
2233 2865 2249 2915 ;
2275 2870 2304 2900 ››
2335 2849 2590 2921 populus
2613 2856 2738 2906 ter:
2763 2874 2784 2899 ι
2814 2851 2994 2908 Multa
3015 2853 3457 2926 vobistempora
3482 2855 3545 2910 in
3565 2856 3726 2929 (Pra-

2075 2937 2183 2992 sini
2219 2954 2232 2993 :
2268 2959 2296 2990 ι(
2345 2940 2584 2996 Sancte!
2613 2938 2630 3010 )
2659 2960 2687 2988 »
2744 2939 3060 2997 Cantores:
3094 2964 3124 2992 «
3166 2943 3348 2998 Multa
3380 2945 3545 3000 vobis
3575 2951 3728 3000 tem-

2079 3042 2240 3097 pora,
2264 3027 2506 3093 domini,
2539 3043 2669 3082 curn
2701 3032 2971 3099 angustis
2993 3031 3342 3101 conjugibus
3375 3037 3433 3088 et
3463 3034 3727 3107 porphy-

2081 3113 2397 3186 rogenitis!
2455 3137 2484 3165 »
2519 3115 2768 3186 populus
2804 3134 2816 3172 :
2854 3139 2881 3168 ‹‹
2913 3117 3098 3174 Multa
3144 3121 3311 3178 Vobis
3367 3123 3724 3194 tempora!»

303 3213 424 3272 ταῖς
496 3205 826 3281 αὖγούσταις
883 3206 975 3262 καὶ
1050 3211 1168 3266 τοῖς
1239 3206 1792 3282 πορφυρογεννήτοις·
1851 3227 1880 3256 ››
1935 3203 1965 3258 6

2082 3179 2366 3275 (Prasini:
2401 3226 2429 3254 ‹‹
2463 3179 2745 3278 sancte!)
2776 3227 2804 3256 »
2841 3207 3121 3264 Cantores
3145 3226 3203 3264 εκ
3219 3209 3450 3281 Multos,
3483 3179 3724 3280 multos,

303 3295 438 3359 λαὸς
494 3298 563 3373 γ’,
622 3320 652 3350 ιι
713 3294 933 3354 Πολλοὶ
991 3294 1119 3368 ὑμῖν
1185 3292 1401 3369 χρόνοι,
1458 3316 1487 3346 ›ι
1548 3293 1624 3366 (οἱ
1683 3293 1965 3367 Πράσινοι,

305 3388 510 3460 ⁸Αγιε).
545 3407 572 3440 ι
635 3386 700 3439 Ol.
755 3383 1007 3458 κράκται,
1067 3406 1097 3435 ιι
1157 3379 1372 3453 Πολλὰ,
1421 3379 1628 3439 πολλὰ.
1679 3379 1885 3437 πολλὰ·
1939 3403 1966 3434 ι

307 3476 335 3530 6
414 3474 576 3542 λαὸς,
651 3498 680 3527 ιι
758 3470 953 3529 Πολλὰ
1026 3467 1120 3544 ἔτη
1199 3470 1276 3534 εἰς
1352 3468 1560 3526 πολλά.
1625 3491 1651 3522 ν
1724 3471 1792 3528 Οἱ
1839 3469 1970 3544 κρά-

309 3583 453 3620 κται·
530 3586 551 3614 ι
607 3561 872 3618 Δεσπόται
944 3567 1046 3631 τῆς
1115 3558 1466 3632 οἰκουμένης,
1537 3555 1750 3627 δέξασθε
1814 3555 1970 3613 Βενὲ-

309 3674 439 3716 τους
493 3653 964 3726 παρακαλοῦντας,
1043 3673 1072 3702 ›)
1147 3649 1224 3718 (οἱ
1303 3647 1588 3722 Πράσινοι,
1663 3670 1692 3699 (‹
1769 3649 1973 3720 Πρασί-

313 3744 482 3812 νους)·
529 3765 558 3793 υ
602 3742 631 3797 6
663 3739 798 3803 λαὸς
845 3738 904 3795 ἐκ
946 3745 1015 3815 γ’.
1067 3763 1108 3802 «_
1141 3741 1323 3816 "Avis.
1378 3760 1406 3789 »
1451 3737 1520 3795 Οἱ
1547 3734 1798 3812 κράκταιο
1834 3758 1860 3789 α
1886 3737 1977 3800 Ὦς

317 3829 511 3888 δοῦλοι
540 3829 842 3904 τολμῶμεν
875 3826 1269 3902 παρακαλέσαι·
1297 3850 1327 3879 ››
1359 3826 1388 3881 6
1420 3824 1551 3886 λαὸς
1577 3825 1644 3901 γ’,
1676 3851 1702 3878 ιι
1738 3826 1914 3900 Ἀγιε.
1944 3847 1974 3876 ››

316 3922 385 3980 O't
452 3922 703 3996 κράκται’
771 3941 800 3971 ιι
857 3918 1006 3976 Μετὰ
1058 3911 1233 3997 φόϐου
1293 3913 1648 3988 δυσωποῦμεν
1705 3914 1833 3978 τοὺς
1892 3912 1976 3970 δε-

323 4009 551 4072 σπότας·
589 4033 612 4060 ι
665 4008 695 4063 6
745 4005 880 4068 λαὸς
911 4007 980 4081 γ’,
1032 4029 1061 4058 ‹‹
1093 4007 1269 4080 Ἃγιε.
1306 4027 1335 4056 ››
1384 4005 1449 4063 Οἱ
1487 4005 1736 4079 κράκται·
1769 4027 1796 4056 ιι
1830 4003 1979 4060 Ἀνε-

317 4099 554 4172 ξικάκως
631 4094 1046 4170 παρακλήθητε,
1123 4093 1417 4170 εὐεργέταν
1496 4117 1525 4145 ››
1603 4094 1631 4148 6
1708 4091 1840 4156 λαὸς
1911 4093 1980 4168 γ’,

319 4212 349 4241 ιι
380 4191 555 4264 Ἀγιε.
590 4210 621 4240 ιι
669 4185 738 4244 Οἱ
775 4183 1022 4259 κράκται·
1072 4205 1099 4236 α
1146 4182 1243 4246 Εἰς
1279 4184 1379 4252 τήν
1409 4179 1592 4252 δέησιν
1622 4186 1733 4237 τῶν
1765 4179 1979 4237 δούλων

2076 3293 2315 3360 multos,
2341 3315 2370 3345 ››
2404 3294 2652 3367 pepulus
2685 3311 2698 3350 :
2734 3317 2762 3346 «
2787 3296 3000 3352 Multos
3045 3315 3232 3354 annos
3280 3297 3343 3357 in
3402 3300 3657 3357 multos!
3696 3323 3718 3351 ι

2072 3387 2381 3440 Cantores:
2408 3403 2432 3434 ν
2464 3383 2690 3439 Domini
2723 3386 2881 3441 orbis
2920 3392 3108 3457 terra,
3151 3389 3436 3460 suscipite
3477 3393 3726 3447 Venetos

2077 3476 2383 3543 precantes
2417 3473 2430 3528 l
2465 3472 2757 3544 »(Prasini
2782 3474 3127 3532 :«Prasinos
3159 3475 3172 3532 !
3206 3478 3227 3549 )
3258 3498 3287 3528 »
3323 3478 3575 3549 populus
3607 3485 3732 3535 ter:

2082 3581 2106 3612 ιι
2141 3561 2385 3617 Sancte!
2423 3585 2446 3614 ι
2477 3562 2756 3619 Cantores
2781 3583 2842 3632 ;‹‹
2875 3563 3108 3620 Utservi
3129 3569 3730 3639 precariaudemus;»

2082 3651 2334 3722 populus
2364 3657 2488 3706 ter:
2521 3673 2550 3702 ιι
2598 3652 2843 3708 Sancte!
2881 3674 2909 3702 »
2966 3655 3245 3712 Cantores
3279 3671 3345 3712 ει
3388 3655 3732 3712 Verecunde

2080 3739 2382 3795 intuemur
2410 3744 2467 3794 et
2495 3757 2630 3796 eum
2674 3743 2887 3798 timore
2920 3744 3230 3812 dominos;
3255 3766 3283 3794 ››
3308 3744 3561 3816 populus
3593 3753 3681 3801 ter
3713 3761 3728 3803 :

2083 3849 2114 3877 ιι
2145 3833 2372 3886 Sancte.
2413 3850 2442 3878 υ
2496 3829 2806 3885 Cantores:
2847 3851 2870 3878 σ
2907 3832 3068 3886 Haud
3105 3831 3254 3888 male
3285 3833 3527 3889 benefici
3573 3834 3736 3904 prin-

2084 3919 2243 3989 cipes
2299 3918 2687 3975 invocamiui!
2765 3942 2794 3970 ››
2849 3921 3096 3992 populus
3154 3926 3241 3977 ter
3301 3939 3379 3978 τι
3445 3923 3735 3982 Sanete.»

2086 4008 2367 4063 Cantores
2401 4024 2414 4063 :
2449 4029 2477 4057 ‹‹
2515 4010 2573 4063 ln
2609 4024 2808 4079 preces
2833 4026 3130 4065 servorum
3163 4017 3516 4079 vestrorum,
3553 4013 3738 4070 Vene-

2086 4093 2318 4148 torum!
2351 4115 2379 4144 »
2404 4094 2684 4163 (Prasini:
2720 4116 2750 4145 «
2793 4095 3164 4154 Prasinorum
3198 4099 3242 4170 ,-)
3272 4120 3300 4148 »
3327 4101 3579 4172 populus
3609 4107 3735 4158 ter:

2089 4203 2117 4232 «
2151 4183 2362 4238 Sancte
2396 4181 2409 4236 l
2441 4201 2468 4233 ιι
2496 4182 2772 4240 Cantores
2800 4202 2814 4242 :
2849 4207 2879 4235 ι(
2915 4185 3202 4244 Coronate
3239 4205 3434 4246 servos
3489 4197 3736 4259 vestros,

317 4278 475 4352 ὑμῶν
511 4276 775 4347 Βενέτων,
815 4274 1097 4350 (Πράσινοι
1147 4273 1216 4342 δε,
1283 4295 1314 4325 ιι
1371 4271 1690 4347 Πρασίνων).
1727 4294 1752 4325 ι
1795 4272 1824 4326 6
1851 4271 1977 4338 λαὸς

2090 4271 2136 4327 si
2172 4269 2398 4343 placet;
2424 4292 2452 4322 ν»
2476 4272 2728 4344 populus
2755 4281 2877 4331 ter:
2912 4295 2941 4325 ‹‹
2971 4275 3214 4334 Sancte!
3250 4299 3280 4328 ››
3318 4277 3542 4335 Prasini
3573 4277 3739 4334 simi-

316 4369 389 4442 γ’,
438 4393 466 4420 ιι
497 4369 676 4442 Ἀγιε.
715 4387 744 4419 »
787 4365 850 4420 Οἱ
888 4363 1136 4438 κράκται·
1193 4386 1216 4415 ιι
1271 4361 1660 4439 Στεφανώσατε
1695 4359 1824 4425 τοὺς
1855 4358 1981 4416 δού-

325 4455 462 4519 λους
492 4457 662 4528 ὑμῶν,
695 4454 740 4510 εἰ
769 4452 1038 4511 κελεύετε·
1067 4475 1098 4504 ››
1131 4452 1159 4508 6
1188 4451 1322 4514 λαὸς
1351 4450 1411 4506 ἐκ
1437 4449 1650 4526 τρίτου,
1685 4473 1716 4505 ιι
1745 4453 1927 4526 ’Ἃγιεο
1954 4474 1983 4503 ››

332 4545 390 4600 οἱ
435 4543 688 4617 Πράσινοι
721 4541 950 4618 ὁμοίως.

408 4633 480 4687 Γ.
540 4633 604 4690 Οἱ
658 4632 909 4710 κράκται·
975 4655 1002 4684 ιι
1061 4630 1244 4706 Κύριε,
1301 4633 1476 4685 σῶσον
1539 4630 1667 4692 τοὺς
1720 4627 1983 4692 δεσπότας

333 4722 642 4797 Ῥωμαίων·
700 4747 729 4775 ››
797 4723 826 4777 6
901 4720 1034 4782 λαὸς
1111 4718 1171 4775 ἐκ
1231 4720 1299 4795 γ’,
1378 4743 1406 4771 ιι
1467 4717 1654 4789 Κύριε,
1716 4724 1915 4777 σῶιον.
1959 4743 1986 4775 ι

327 4811 403 4871 Οἱ
468 4811 716 4886 κράκται·
791 4832 816 4865 ε
867 4809 1057 4881 Κύριε,
1123 4811 1299 4863 σῶσον
1336 4805 1466 4868 τοὺς
1531 4805 1591 4862 ἐκ
1641 4810 1739 4862 σοῦ
1798 4805 1991 4880 ἐστεμ-

330 4903 560 4976 μιὲνους⁹
619 4923 646 4956 ι
716 4901 744 4956 6
812 4898 945 4962 λαὸς
1009 4896 1070 4954 ἐκ
1132 4897 1200 4972 γ’,
1265 4919 1293 4949 ιι
1360 4894 1548 4969 Κύριε,
1614 4916 1810 4954 σωσον.
1853 4920 1883 4950 ››
1923 4899 1992 4955 Οἱ

2093 4359 2244 4418 liter.

2022 4528 2070 4593 D

2170 4637 2268 4690 III.
2291 4635 2572 4692 Cantores
2594 4651 2609 4692 :
2630 4659 2658 4685 ‹‹
2675 4638 2940 4708 Domine,
2964 4655 3126 4696 serva
3157 4640 3426 4698 dominos
3447 4641 3743 4698 Romano-

2100 4740 2162 4779 ru
2175 4741 2228 4780 m
2245 4724 2258 4779 !
2277 4746 2304 4772 ››
2322 4725 2571 4796 populus
2585 4731 2673 4780 ter
2691 4742 2704 4780 :
2720 4747 2748 4777 «
2768 4727 3207 4798 Domine,serva.
3225 4752 3253 4779 »
3267 4733 3572 4787 Cantores:
3589 4753 3618 4782 «
3639 4736 3753 4788 Do-

2103 4813 2284 4894 mine,
2311 4829 2476 4869 serva
2497 4832 2528 4869 a
2551 4820 2604 4868 te
2618 4817 2958 4873 coronatos!
2981 4839 3010 4868 »
3037 4818 3280 4890 populus
3307 4825 3420 4876 ter:
3457 4843 3485 4871 ιι
3509 4821 3756 4877 Domine

2102 4919 2326 4960 serva.»
2340 4902 2648 4972 Cantores;
2669 4927 2690 4954 ι
2716 4905 3754 4984 Domine,servaimperatores,augn-

325 4990 582 5066 κράκταισ
643 5014 673 5043 ιι
734 4989 922 5067 Κύριε,
983 4991 1157 5044 σῶσον
1205 4986 1333 5050 τοὺς
1405 4982 1665 5049 δεσπότας
1725 4988 1818 5043 σὺν
1873 4992 1977 5044 ταῖς

2104 4997 2309 5063 stas,et
2322 4991 2837 5066 porphyrogenitos
2858 4994 2872 5051 l
2891 5015 2916 5049 ι
2932 4996 3187 5070 populus
3199 5004 3288 5055 ter
3304 5015 3318 5055 :
3333 5021 3362 5050 «
3377 4982 3750 5073 Domine,sﬁer-

1702 5138 1948 5195 ἾΑΗΙᾹΞ
1988 5138 2402 5197 LECTIONES.

405 5267 457 5302 σί
489 5262 757 5327 δεσπότας
787 5266 871 5328 εἷς
911 5264 941 5319 6
971 5263 1122 5332 Θιός,
1153 5262 1182 5317 6
1208 5260 1344 5324 λαός
1371 5261 1462 5317 καὶ
1487 5283 1540 5322 τ.
1575 5275 1627 5319 Α.
1661 5264 1752 5320 ed.
1829 5264 1877 5300 ⁸³
1907 5263 2188 5340 Πράτινοι,
2225 5289 2254 5317 ‹‹
2287 5266 2572 5339 Πρασίνων
2607 5290 2636 5319 »
2676 5285 2793 5327 om.
2827 5272 2918 5328 ed.

1394 5416 1592 5473 JOAN.
1632 5417 1758 5473 JAC
1800 5418 2068 5476 REISKII
2108 5419 2711 5480 COMMENTARIUM.

411 5569 531 5643 (31)
561 5572 778 5624 Sensus
805 5571 864 5623 et
915 5563 1496 5650 constructioghujus
1542 5563 1836 5650 dictionis
1883 5563 2006 5624 btsc
2118 5564 2344 5622 Βὲνετον
2379 5569 2432 5624 si
2478 5569 2621 5624 Deus
2677 5569 2894 5642 aliquid
2940 5572 3269 5633 honorabile
3313 5575 3634 5650 appellarit,
3692 5579 3770 5634 est

351 5661 447 5716 est
483 5674 497 5712 :
529 5651 730 5712 Εἴτιὸ
770 5653 903 5718 Θεὸς
956 5651 1141 5726 τίμιον
1201 5648 1477 5725 ὠνόμασεν
1541 5647 1653 5706 ﬁeri
1718 5655 1879 5708 τοῦτο
1944 5652 2008 5706 τὸ

676 5783 940 5844 ΡΑτειοι.
991 5782 1101 5842 Ga.
1149 5775 1331 5838 CXII.

2122 5655 2281 5713 illud
2301 5662 2564 5726 Venetus,
2605 5658 2689 5714 vel
2721 5659 2892 5729 factio
2916 5661 3134 5720 Veneta.

3376 5789 3442 5846 2i
