  <div class='ocr_page' id='page_1' title='image "/cluster/home/n/w/nwhite01/storage/ocr_20150623/112:no.1/coo.31924054870161/336.png"; bbox 0 0 4134 6410; ppageno 0'>
   <div class='ocr_carea' id='block_1_1' title="bbox 433 443 564 521">
    <p class='ocr_par' dir='ltr' id='par_1_1' title="bbox 433 443 564 521">
     <span class='ocr_line' id='line_1_1' title="bbox 433 443 564 521; baseline -0.038 -21"><span class='ocrx_word' id='word_1_1' title='bbox 433 443 564 521; x_wconf 68' lang='grc' dir='ltr'><strong>ὖῖΠ,</strong></span> 
     </span>
    </p>
   </div>
   <div class='ocr_carea' id='block_1_2' title="bbox 1313 443 3010 506">
    <p class='ocr_par' dir='ltr' id='par_1_2' title="bbox 1313 443 3010 506">
     <span class='ocr_line' id='line_1_2' title="bbox 1313 443 3010 506; baseline -0.001 -4"><span class='ocrx_word' id='word_1_2' title='bbox 1313 444 1410 502; x_wconf 80' lang='lat' dir='ltr'><strong>DE</strong></span> <span class='ocrx_word' id='word_1_3' title='bbox 1457 443 1924 506; x_wconf 79' lang='lat' dir='ltr'><strong>CERIMONIIS</strong></span> <span class='ocrx_word' id='word_1_4' title='bbox 1972 444 2205 505; x_wconf 59' lang='lat' dir='ltr'><strong>AULA‘]</strong></span> <span class='ocrx_word' id='word_1_5' title='bbox 2251 443 2729 504; x_wconf 63' lang='grc' dir='ltr'><strong>ΒΥΖΑΝΤΙΝΑΞ</strong></span> <span class='ocrx_word' id='word_1_6' title='bbox 2773 443 2916 502; x_wconf 86' lang='lat' dir='ltr'><strong>LIB.</strong></span> <span class='ocrx_word' id='word_1_7' title='bbox 2967 444 3010 501; x_wconf 91' lang='lat' dir='ltr'><strong>l.</strong></span> 
     </span>
    </p>
   </div>
   <div class='ocr_carea' id='block_1_3' title="bbox 3751 441 3869 500">
    <p class='ocr_par' dir='ltr' id='par_1_3' title="bbox 3751 441 3869 500">
     <span class='ocr_line' id='line_1_3' title="bbox 3751 441 3869 500; baseline -0.017 0"><span class='ocrx_word' id='word_1_8' title='bbox 3751 441 3869 500; x_wconf 72' lang='lat'><strong>658</strong></span> 
     </span>
    </p>
   </div>
   <div class='ocr_carea' id='block_1_4' title="bbox 439 567 2115 648">
    <p class='ocr_par' dir='ltr' id='par_1_4' title="bbox 439 567 2094 648">
     <span class='ocr_line' id='line_1_4' title="bbox 439 567 2094 648; baseline -0.001 -18"><span class='ocrx_word' id='word_1_9' title='bbox 439 574 736 630; x_wconf 74' lang='grc' dir='ltr'>πίπτουσιν</span> <span class='ocrx_word' id='word_1_10' title='bbox 769 573 824 627; x_wconf 74' lang='grc' dir='ltr'><strong>οἱ</strong></span> <span class='ocrx_word' id='word_1_11' title='bbox 862 570 1163 648; x_wconf 85' lang='grc' dir='ltr'>πατρίκιοι,</span> <span class='ocrx_word' id='word_1_12' title='bbox 1193 571 1284 627; x_wconf 84' lang='grc' dir='ltr'><strong>καὶ</strong></span> <span class='ocrx_word' id='word_1_13' title='bbox 1318 567 1505 628; x_wconf 73' lang='grc' dir='ltr'>λαϐὼν</span> <span class='ocrx_word' id='word_1_14' title='bbox 1553 578 1723 646; x_wconf 73' lang='grc' dir='ltr'>νεῦμα</span> <span class='ocrx_word' id='word_1_15' title='bbox 1771 576 1799 629; x_wconf 89' lang='lat'><strong>6</strong></span> <span class='ocrx_word' id='word_1_16' title='bbox 1849 574 2094 648; x_wconf 82' lang='grc' dir='ltr'>πραιπό-</span> 
     </span>
    </p>
   </div>
   <div class='ocr_carea' id='block_1_5' title="bbox 2207 567 3864 648">
    <p class='ocr_par' dir='ltr' id='par_1_5' title="bbox 2210 573 3864 646">
     <span class='ocr_line' id='line_1_5' title="bbox 2210 573 3864 646; baseline 0 -16"><span class='ocrx_word' id='word_1_17' title='bbox 2210 574 2400 630; x_wconf 88' lang='lat' dir='ltr'><strong>biculo</strong></span> <span class='ocrx_word' id='word_1_18' title='bbox 2434 591 2502 630; x_wconf 89' lang='lat' dir='ltr'><strong>ac</strong></span> <span class='ocrx_word' id='word_1_19' title='bbox 2524 573 2755 630; x_wconf 84' lang='lat' dir='ltr'><strong>duobus</strong></span> <span class='ocrx_word' id='word_1_20' title='bbox 2786 574 3134 646; x_wconf 86' lang='lat' dir='ltr'><strong>spathariis,</strong></span> <span class='ocrx_word' id='word_1_21' title='bbox 3157 589 3288 629; x_wconf 90' lang='lat' dir='ltr'><strong>cum</strong></span> <span class='ocrx_word' id='word_1_22' title='bbox 3321 573 3442 630; x_wconf 89' lang='lat' dir='ltr'><strong>suis</strong></span> <span class='ocrx_word' id='word_1_23' title='bbox 3475 574 3864 639; x_wconf 85' lang='lat' dir='ltr'><strong>dextralibus,</strong></span> 
     </span>
    </p>
   </div>
   <div class='ocr_carea' id='block_1_6' title="bbox 448 661 2088 740">
    <p class='ocr_par' dir='ltr' id='par_1_6' title="bbox 448 661 2088 740">
     <span class='ocr_line' id='line_1_6' title="bbox 448 661 2088 740; baseline 0 -21"><span class='ocrx_word' id='word_1_24' title='bbox 448 685 619 732; x_wconf 90' lang='grc' dir='ltr'>σιτος,</span> <span class='ocrx_word' id='word_1_25' title='bbox 673 661 816 718; x_wconf 83' lang='grc' dir='ltr'>νεύει</span> <span class='ocrx_word' id='word_1_26' title='bbox 875 666 957 734; x_wconf 81' lang='grc' dir='ltr'>τῷ</span> <span class='ocrx_word' id='word_1_27' title='bbox 1011 668 1112 731; x_wconf 72' lang='grc' dir='ltr'>τῆς</span> <span class='ocrx_word' id='word_1_28' title='bbox 1173 663 1550 727; x_wconf 71' lang='grc' dir='ltr'><strong>καταστάσεως</strong></span> <span class='ocrx_word' id='word_1_29' title='bbox 1595 664 1840 727; x_wconf 78' lang='grc' dir='ltr'>κάκεῖνος</span> <span class='ocrx_word' id='word_1_30' title='bbox 1901 663 2088 740; x_wconf 82' lang='grc' dir='ltr'>λέγει’</span> 
     </span>
    </p>
   </div>
   <div class='ocr_carea' id='block_1_7' title="bbox 455 751 2092 830">
    <p class='ocr_par' dir='ltr' id='par_1_7' title="bbox 455 751 2092 830">
     <span class='ocr_line' id='line_1_7' title="bbox 455 751 2092 830; baseline -0.001 -21"><span class='ocrx_word' id='word_1_31' title='bbox 455 776 480 804; x_wconf 71' lang='grc' dir='ltr'>ι</span> <span class='ocrx_word' id='word_1_32' title='bbox 516 752 824 818; x_wconf 78' lang='grc' dir='ltr'>Κελεύσατε,</span> <span class='ocrx_word' id='word_1_33' title='bbox 880 774 908 803; x_wconf 85' lang='grc'>››</span> <span class='ocrx_word' id='word_1_34' title='bbox 955 753 1046 806; x_wconf 85' lang='grc' dir='ltr'>καὶ</span> <span class='ocrx_word' id='word_1_35' title='bbox 1086 751 1401 830; x_wconf 69' lang='grc' dir='ltr'><strong>ἐξέρχονται</strong></span> <span class='ocrx_word' id='word_1_36' title='bbox 1451 752 1793 827; x_wconf 82' lang='grc' dir='ltr'>ὀψικεύοντες</span> <span class='ocrx_word' id='word_1_37' title='bbox 1848 754 1942 809; x_wconf 89' lang='grc' dir='ltr'><strong>τὸν</strong></span> <span class='ocrx_word' id='word_1_38' title='bbox 1991 755 2092 829; x_wconf 81' lang='grc' dir='ltr'><strong>βα-</strong></span> 
     </span>
    </p>
   </div>
   <div class='ocr_carea' id='block_1_8' title="bbox 444 837 2092 917">
    <p class='ocr_par' dir='ltr' id='par_1_8' title="bbox 444 837 2092 917">
     <span class='ocr_line' id='line_1_8' title="bbox 444 837 2092 917; baseline 0 -21"><span class='ocrx_word' id='word_1_39' title='bbox 444 840 600 897; x_wconf 80' lang='grc' dir='ltr'>σιλέα</span> <span class='ocrx_word' id='word_1_40' title='bbox 631 841 800 916; x_wconf 87' lang='grc' dir='ltr'>μέχρι</span> <span class='ocrx_word' id='word_1_41' title='bbox 829 846 931 909; x_wconf 80' lang='grc' dir='ltr'>τῆς</span> <span class='ocrx_word' id='word_1_42' title='bbox 960 837 1143 910; x_wconf 94' lang='grc' dir='ltr'>πύλης</span> <span class='ocrx_word' id='word_1_43' title='bbox 1175 839 1252 902; x_wconf 74' lang='grc' dir='ltr'>εἲς</span> <span class='ocrx_word' id='word_1_44' title='bbox 1283 841 1350 894; x_wconf 76' lang='grc' dir='ltr'>τά</span> <span class='ocrx_word' id='word_1_45' title='bbox 1381 841 1576 917; x_wconf 84' lang='grc' dir='ltr'>βάθρα,</span> <span class='ocrx_word' id='word_1_46' title='bbox 1607 841 1696 896; x_wconf 81' lang='grc' dir='ltr'>καὶ</span> <span class='ocrx_word' id='word_1_47' title='bbox 1727 841 2010 917; x_wconf 77' lang='grc' dir='ltr'>ἀνέρχεται</span> <span class='ocrx_word' id='word_1_48' title='bbox 2063 843 2092 896; x_wconf 94' lang='lat'><strong>6</strong></span> 
     </span>
    </p>
   </div>
   <div class='ocr_carea' id='block_1_9' title="bbox 439 927 2094 1006">
    <p class='ocr_par' dir='ltr' id='par_1_9' title="bbox 439 927 2094 1006">
     <span class='ocr_line' id='line_1_9' title="bbox 439 927 2094 1006; baseline -0.001 -21"><span class='ocrx_word' id='word_1_49' title='bbox 439 927 703 1006; x_wconf 79' lang='grc' dir='ltr'>βασιλεὺς</span> <span class='ocrx_word' id='word_1_50' title='bbox 752 928 842 984; x_wconf 81' lang='grc' dir='ltr'>ἐπὶ</span> <span class='ocrx_word' id='word_1_51' title='bbox 884 931 981 984; x_wconf 75' lang='grc' dir='ltr'>τοῦ</span> <span class='ocrx_word' id='word_1_52' title='bbox 1031 933 1252 998; x_wconf 82' lang='grc' dir='ltr'>σέντζου</span> <span class='ocrx_word' id='word_1_53' title='bbox 1295 927 1483 996; x_wconf 78' lang='grc' dir='ltr'>αὐτοῦ,</span> <span class='ocrx_word' id='word_1_54' title='bbox 1515 934 1622 985; x_wconf 79' lang='grc' dir='ltr'>τῶν</span> <span class='ocrx_word' id='word_1_55' title='bbox 1672 929 1951 1006; x_wconf 79' lang='grc' dir='ltr'><strong>ἀρχόντων</strong></span> <span class='ocrx_word' id='word_1_56' title='bbox 1996 935 2094 986; x_wconf 75' lang='grc' dir='ltr'>τοῦ</span> 
     </span>
    </p>
   </div>
   <div class='ocr_carea' id='block_1_10' title="bbox 434 1014 2096 1095">
    <p class='ocr_par' dir='ltr' id='par_1_10' title="bbox 434 1014 2096 1095">
     <span class='ocr_line' id='line_1_10' title="bbox 434 1014 2096 1095; baseline -0.001 -20"><span class='ocrx_word' id='word_1_57' title='bbox 434 1014 842 1076; x_wconf 75' lang='grc' dir='ltr'>κουεουκλείου</span> <span class='ocrx_word' id='word_1_58' title='bbox 917 1018 1166 1072; x_wconf 73' lang='grc' dir='ltr'>ἑστώτων</span> <span class='ocrx_word' id='word_1_59' title='bbox 1225 1018 1314 1073; x_wconf 85' lang='grc' dir='ltr'><strong>καὶ</strong></span> <span class='ocrx_word' id='word_1_60' title='bbox 1401 1016 1496 1074; x_wconf 77' lang='grc' dir='ltr'><strong>δύο</strong></span> <span class='ocrx_word' id='word_1_61' title='bbox 1573 1019 1881 1095; x_wconf 85' lang='grc' dir='ltr'>σπαθαρίων</span> <span class='ocrx_word' id='word_1_62' title='bbox 1950 1016 2096 1076; x_wconf 78' lang='grc' dir='ltr'>ἔνθεν</span> 
     </span>
    </p>
   </div>
   <div class='ocr_carea' id='block_1_11' title="bbox 433 1105 2096 1183">
    <p class='ocr_par' dir='ltr' id='par_1_11' title="bbox 433 1105 2096 1183">
     <span class='ocr_line' id='line_1_11' title="bbox 433 1105 2096 1183; baseline 0.001 -19"><span class='ocrx_word' id='word_1_63' title='bbox 433 1112 685 1178; x_wconf 68' lang='grc' dir='ltr'>κάκεῖσε,</span> <span class='ocrx_word' id='word_1_64' title='bbox 742 1109 1118 1183; x_wconf 79' lang='grc' dir='ltr'><strong>βασταζόντων</strong></span> <span class='ocrx_word' id='word_1_65' title='bbox 1187 1107 1255 1163; x_wconf 80' lang='grc' dir='ltr'><strong>τά</strong></span> <span class='ocrx_word' id='word_1_66' title='bbox 1313 1105 1601 1183; x_wconf 86' lang='grc' dir='ltr'>διστράλια</span> <span class='ocrx_word' id='word_1_67' title='bbox 1656 1108 1873 1165; x_wconf 68' lang='grc' dir='ltr'>αὐτῶνθ</span> <span class='ocrx_word' id='word_1_68' title='bbox 1933 1112 1990 1164; x_wconf 70' lang='grc' dir='ltr'><strong>οἱ</strong></span> <span class='ocrx_word' id='word_1_69' title='bbox 2039 1109 2096 1166; x_wconf 79' lang='lat' dir='ltr'><strong>6‘s</strong></span> 
     </span>
    </p>
   </div>
   <div class='ocr_carea' id='block_1_12' title="bbox 436 1194 2097 1277">
    <p class='ocr_par' dir='ltr' id='par_1_12' title="bbox 436 1194 2097 1277">
     <span class='ocr_line' id='line_1_12' title="bbox 436 1194 2097 1277; baseline -0.001 -21"><span class='ocrx_word' id='word_1_70' title='bbox 436 1199 707 1277; x_wconf 69' lang='grc' dir='ltr'>εὐνοῦχοι</span> <span class='ocrx_word' id='word_1_71' title='bbox 755 1196 1239 1272; x_wconf 88' lang='grc' dir='ltr'>πρωτοσπαθάριοι</span> <span class='ocrx_word' id='word_1_72' title='bbox 1285 1194 1528 1253; x_wconf 79' lang='grc' dir='ltr'>’ἱστανται</span> <span class='ocrx_word' id='word_1_73' title='bbox 1587 1197 1764 1253; x_wconf 79' lang='grc' dir='ltr'>ἐπάνω</span> <span class='ocrx_word' id='word_1_74' title='bbox 1821 1203 1918 1255; x_wconf 78' lang='grc' dir='ltr'><strong>τοῦ</strong></span> <span class='ocrx_word' id='word_1_75' title='bbox 1964 1201 2097 1254; x_wconf 88' lang='grc' dir='ltr'>σκά-</span> 
     </span>
    </p>
   </div>
   <div class='ocr_carea' id='block_1_13' title="bbox 2205 662 3862 736">
    <p class='ocr_par' dir='ltr' id='par_1_13' title="bbox 2205 662 3862 736">
     <span class='ocr_line' id='line_1_13' title="bbox 2205 662 3862 736; baseline -0.001 -16"><span class='ocrx_word' id='word_1_76' title='bbox 2205 665 2282 720; x_wconf 86' lang='lat' dir='ltr'><strong>ub</strong></span> <span class='ocrx_word' id='word_1_77' title='bbox 2309 674 2552 735; x_wconf 90' lang='lat' dir='ltr'><strong>utroque</strong></span> <span class='ocrx_word' id='word_1_78' title='bbox 2576 662 2754 718; x_wconf 83' lang='lat' dir='ltr'><strong>latere</strong></span> <span class='ocrx_word' id='word_1_79' title='bbox 2776 663 3144 719; x_wconf 85' lang='lat' dir='ltr'><strong>constitutis:</strong></span> <span class='ocrx_word' id='word_1_80' title='bbox 3171 663 3426 718; x_wconf 81' lang='lat' dir='ltr'><strong>eunuchi</strong></span> <span class='ocrx_word' id='word_1_81' title='bbox 3455 664 3862 736; x_wconf 89' lang='lat' dir='ltr'><strong>protospatha-</strong></span> 
     </span>
    </p>
   </div>
   <div class='ocr_carea' id='block_1_14' title="bbox 2202 751 3862 824">
    <p class='ocr_par' dir='ltr' id='par_1_14' title="bbox 2202 751 3862 824">
     <span class='ocr_line' id='line_1_14' title="bbox 2202 751 3862 824; baseline 0.001 -18"><span class='ocrx_word' id='word_1_82' title='bbox 2202 753 2272 808; x_wconf 81' lang='lat' dir='ltr'><strong>rit</strong></span> <span class='ocrx_word' id='word_1_83' title='bbox 2297 769 2473 824; x_wconf 78' lang='lat' dir='ltr'><strong>super</strong></span> <span class='ocrx_word' id='word_1_84' title='bbox 2493 768 2735 808; x_wconf 88' lang='lat' dir='ltr'><strong>scamno</strong></span> <span class='ocrx_word' id='word_1_85' title='bbox 2768 769 2916 824; x_wconf 91' lang='lat' dir='ltr'><strong>pone</strong></span> <span class='ocrx_word' id='word_1_86' title='bbox 2940 751 3220 807; x_wconf 83' lang='lat' dir='ltr'><strong>thronum</strong></span> <span class='ocrx_word' id='word_1_87' title='bbox 3243 758 3424 816; x_wconf 82' lang='lat' dir='ltr'><strong>stant,</strong></span> <span class='ocrx_word' id='word_1_88' title='bbox 3454 753 3508 806; x_wconf 90' lang='lat' dir='ltr'><strong>in</strong></span> <span class='ocrx_word' id='word_1_89' title='bbox 3534 769 3649 824; x_wconf 91' lang='lat' dir='ltr'><strong>quo</strong></span> <span class='ocrx_word' id='word_1_90' title='bbox 3680 753 3862 823; x_wconf 88' lang='lat' dir='ltr'><strong>impe-</strong></span> 
     </span>
    </p>
   </div>
   <div class='ocr_carea' id='block_1_15' title="bbox 2203 840 3862 912">
    <p class='ocr_par' dir='ltr' id='par_1_15' title="bbox 2203 840 3862 912">
     <span class='ocr_line' id='line_1_15' title="bbox 2203 840 3862 912; baseline 0.001 -16"><span class='ocrx_word' id='word_1_91' title='bbox 2203 849 2382 910; x_wconf 80' lang='lat' dir='ltr'><strong>ratOr,</strong></span> <span class='ocrx_word' id='word_1_92' title='bbox 2435 847 2525 898; x_wconf 90' lang='lat' dir='ltr'><strong>ter</strong></span> <span class='ocrx_word' id='word_1_93' title='bbox 2569 840 2780 912; x_wconf 89' lang='lat' dir='ltr'><strong>populo</strong></span> <span class='ocrx_word' id='word_1_94' title='bbox 2845 841 3098 911; x_wconf 84' lang='lat' dir='ltr'><strong>signato,</strong></span> <span class='ocrx_word' id='word_1_95' title='bbox 3148 841 3384 896; x_wconf 87' lang='lat' dir='ltr'><strong>assidet.</strong></span> <span class='ocrx_word' id='word_1_96' title='bbox 3433 841 3862 897; x_wconf 85' lang='lat' dir='ltr'><strong>Acclamatione</strong></span> 
     </span>
    </p>
   </div>
   <div class='ocr_carea' id='block_1_16' title="bbox 2205 917 3864 1003">
    <p class='ocr_par' dir='ltr' id='par_1_16' title="bbox 2205 917 3864 1003">
     <span class='ocr_line' id='line_1_16' title="bbox 2205 917 3864 1003; baseline 0 -18"><span class='ocrx_word' id='word_1_97' title='bbox 2205 931 2389 995; x_wconf 78' lang='lat' dir='ltr'><strong>ﬁnita,</strong></span> <span class='ocrx_word' id='word_1_98' title='bbox 2419 931 2764 1003; x_wconf 64' lang='lat' dir='ltr'><strong>praepositus</strong></span> <span class='ocrx_word' id='word_1_99' title='bbox 2805 931 3044 1003; x_wconf 83' lang='lat' dir='ltr'><strong>signum</strong></span> <span class='ocrx_word' id='word_1_100' title='bbox 3075 929 3305 1002; x_wconf 88' lang='lat' dir='ltr'><strong>accipit,</strong></span> <span class='ocrx_word' id='word_1_101' title='bbox 3340 945 3724 1001; x_wconf 82' lang='lat' dir='ltr'><strong>egressusque</strong></span> <span class='ocrx_word' id='word_1_102' title='bbox 3758 917 3864 1000; x_wconf 50' lang='lat' dir='ltr'><strong>pa?</strong></span> 
     </span>
    </p>
   </div>
   <div class='ocr_carea' id='block_1_17' title="bbox 2204 1020 3861 1094">
    <p class='ocr_par' dir='ltr' id='par_1_17' title="bbox 2204 1020 3861 1094">
     <span class='ocr_line' id='line_1_17' title="bbox 2204 1020 3861 1094; baseline -0.002 -18"><span class='ocrx_word' id='word_1_103' title='bbox 2204 1021 2406 1077; x_wconf 90' lang='lat' dir='ltr'><strong>tricios</strong></span> <span class='ocrx_word' id='word_1_104' title='bbox 2435 1026 2493 1076; x_wconf 87' lang='lat' dir='ltr'><strong>et</strong></span> <span class='ocrx_word' id='word_1_105' title='bbox 2520 1025 2807 1093; x_wconf 87' lang='lat' dir='ltr'><strong>strategos</strong></span> <span class='ocrx_word' id='word_1_106' title='bbox 2841 1020 2913 1075; x_wconf 88' lang='lat' dir='ltr'><strong>ad</strong></span> <span class='ocrx_word' id='word_1_107' title='bbox 2939 1035 3214 1084; x_wconf 72' lang='lat' dir='ltr'><strong>magnam</strong></span> <span class='ocrx_word' id='word_1_108' title='bbox 3248 1023 3477 1091; x_wconf 88' lang='lat' dir='ltr'><strong>portam</strong></span> <span class='ocrx_word' id='word_1_109' title='bbox 3508 1020 3861 1094; x_wconf 75' lang='lat' dir='ltr'><strong>constitutos</strong></span> 
     </span>
    </p>
   </div>
   <div class='ocr_carea' id='block_1_18' title="bbox 2206 1107 3863 1186">
    <p class='ocr_par' dir='ltr' id='par_1_18' title="bbox 2206 1107 3863 1186">
     <span class='ocr_line' id='line_1_18' title="bbox 2206 1107 3863 1186; baseline -0.004 -20"><span class='ocrx_word' id='word_1_110' title='bbox 2206 1111 2441 1181; x_wconf 88' lang='lat' dir='ltr'><strong>reperit,</strong></span> <span class='ocrx_word' id='word_1_111' title='bbox 2474 1110 2575 1181; x_wconf 86' lang='lat' dir='ltr'><strong>qui</strong></span> <span class='ocrx_word' id='word_1_112' title='bbox 2625 1112 2794 1183; x_wconf 85' lang='lat' dir='ltr'><strong>signo</strong></span> <span class='ocrx_word' id='word_1_113' title='bbox 2827 1109 2967 1181; x_wconf 90' lang='lat' dir='ltr'><strong>ipsis</strong></span> <span class='ocrx_word' id='word_1_114' title='bbox 2991 1111 3150 1176; x_wconf 88' lang='lat' dir='ltr'><strong>dato,</strong></span> <span class='ocrx_word' id='word_1_115' title='bbox 3199 1109 3272 1164; x_wconf 90' lang='lat' dir='ltr'><strong>ad</strong></span> <span class='ocrx_word' id='word_1_116' title='bbox 3304 1125 3442 1164; x_wconf 87' lang='lat' dir='ltr'><strong>suos</strong></span> <span class='ocrx_word' id='word_1_117' title='bbox 3466 1107 3702 1165; x_wconf 80' lang='lat' dir='ltr'><strong>ordines</strong></span> <span class='ocrx_word' id='word_1_118' title='bbox 3739 1107 3863 1186; x_wconf 30' lang='lat' dir='ltr'><strong>sin:</strong></span> 
     </span>
    </p>
   </div>
   <div class='ocr_carea' id='block_1_19' title="bbox 2206 1203 2601 1275">
    <p class='ocr_par' dir='ltr' id='par_1_19' title="bbox 2206 1203 2601 1275">
     <span class='ocr_line' id='line_1_19' title="bbox 2206 1203 2601 1275; baseline 0.005 -17"><span class='ocrx_word' id='word_1_119' title='bbox 2206 1203 2328 1275; x_wconf 88' lang='lat' dir='ltr'><strong>guli</strong></span> <span class='ocrx_word' id='word_1_120' title='bbox 2360 1205 2601 1260; x_wconf 83' lang='lat' dir='ltr'><strong>abeunt.</strong></span> 
     </span>
    </p>
   </div>
   <div class='ocr_carea' id='block_1_20' title="bbox 441 1288 3860 1370">
    <p class='ocr_par' dir='ltr' id='par_1_20' title="bbox 441 1288 3860 1370">
     <span class='ocr_line' id='line_1_20' title="bbox 441 1288 3860 1370; baseline -0 -27"><span class='ocrx_word' id='word_1_121' title='bbox 441 1311 586 1364; x_wconf 79' lang='grc' dir='ltr'>μνου</span> <span class='ocrx_word' id='word_1_122' title='bbox 626 1289 847 1352; x_wconf 75' lang='grc' dir='ltr'>ὄπισθεν</span> <span class='ocrx_word' id='word_1_123' title='bbox 887 1291 984 1343; x_wconf 81' lang='grc' dir='ltr'>τοῦ</span> <span class='ocrx_word' id='word_1_124' title='bbox 1023 1290 1266 1359; x_wconf 85' lang='grc' dir='ltr'>σέντζου,</span> <span class='ocrx_word' id='word_1_125' title='bbox 1290 1290 1377 1344; x_wconf 87' lang='grc' dir='ltr'><strong>καὶ</strong></span> <span class='ocrx_word' id='word_1_126' title='bbox 1419 1289 1511 1344; x_wconf 84' lang='grc' dir='ltr'><strong>τὸν</strong></span> <span class='ocrx_word' id='word_1_127' title='bbox 1555 1289 1686 1345; x_wconf 84' lang='grc' dir='ltr'>λαὸν</span> <span class='ocrx_word' id='word_1_128' title='bbox 1725 1289 1785 1345; x_wconf 80' lang='grc' dir='ltr'>ἐκ</span> <span class='ocrx_word' id='word_1_129' title='bbox 1823 1290 2009 1366; x_wconf 84' lang='grc' dir='ltr'><strong>τρίτου</strong></span> <span class='ocrx_word' id='word_1_130' title='bbox 2049 1291 2485 1370; x_wconf 81' lang='grc' dir='ltr'>κατασφραγίσας</span> <span class='ocrx_word' id='word_1_131' title='bbox 2527 1293 2828 1362; x_wconf 80' lang='grc' dir='ltr'>καθέζεται.</span> <span class='ocrx_word' id='word_1_132' title='bbox 2852 1292 2956 1349; x_wconf 83' lang='grc' dir='ltr'><strong>Καὶ</strong></span> <span class='ocrx_word' id='word_1_133' title='bbox 2995 1290 3386 1364; x_wconf 76' lang='grc' dir='ltr'><strong>πληρωθείσης</strong></span> <span class='ocrx_word' id='word_1_134' title='bbox 3421 1297 3524 1360; x_wconf 80' lang='grc' dir='ltr'>τῆς</span> <span class='ocrx_word' id='word_1_135' title='bbox 3565 1288 3860 1367; x_wconf 73' lang='grc' dir='ltr'>εὐφημίας,</span> 
     </span>
    </p>
   </div>
   <div class='ocr_carea' id='block_1_21' title="bbox 437 1375 3859 1457">
    <p class='ocr_par' dir='ltr' id='par_1_21' title="bbox 437 1375 3859 1457">
     <span class='ocr_line' id='line_1_21' title="bbox 437 1375 3859 1457; baseline -0.001 -21"><span class='ocrx_word' id='word_1_136' title='bbox 437 1375 629 1436; x_wconf 74' lang='grc' dir='ltr'><strong>λαϐὼν</strong></span> <span class='ocrx_word' id='word_1_137' title='bbox 669 1381 841 1450; x_wconf 76' lang='grc' dir='ltr'>νεῦμα</span> <span class='ocrx_word' id='word_1_138' title='bbox 881 1378 909 1432; x_wconf 89' lang='lat'><strong>6</strong></span> <span class='ocrx_word' id='word_1_139' title='bbox 950 1377 1310 1451; x_wconf 86' lang='grc' dir='ltr'>πραιπόσιτος</span> <span class='ocrx_word' id='word_1_140' title='bbox 1347 1378 1437 1434; x_wconf 85' lang='grc' dir='ltr'><strong>καὶ</strong></span> <span class='ocrx_word' id='word_1_141' title='bbox 1478 1377 1980 1451; x_wconf 81' lang='grc' dir='ltr'>έξελθὼν,εύρίσκει</span> <span class='ocrx_word' id='word_1_142' title='bbox 2019 1379 2073 1436; x_wconf 88' lang='grc' dir='ltr'><strong>ἐν</strong></span> <span class='ocrx_word' id='word_1_143' title='bbox 2111 1381 2181 1455; x_wconf 75' lang='grc' dir='ltr'>τῇ</span> <span class='ocrx_word' id='word_1_144' title='bbox 2221 1381 2434 1457; x_wconf 75' lang='grc' dir='ltr'>μεγάλῃ</span> <span class='ocrx_word' id='word_1_145' title='bbox 2466 1381 2614 1456; x_wconf 74' lang='grc' dir='ltr'>πύλῃ</span> <span class='ocrx_word' id='word_1_146' title='bbox 2644 1383 2880 1443; x_wconf 76' lang='grc' dir='ltr'><strong>ἑστῶτας</strong></span> <span class='ocrx_word' id='word_1_147' title='bbox 2901 1381 3027 1436; x_wconf 79' lang='grc' dir='ltr'>τοὺς</span> <span class='ocrx_word' id='word_1_148' title='bbox 3050 1379 3370 1455; x_wconf 83' lang='grc' dir='ltr'><strong>πατρικίους</strong></span> <span class='ocrx_word' id='word_1_149' title='bbox 3389 1379 3478 1434; x_wconf 83' lang='grc' dir='ltr'>καὶ</span> <span class='ocrx_word' id='word_1_150' title='bbox 3501 1375 3859 1454; x_wconf 68' lang='grc' dir='ltr'>στρατηγοὺς,</span> 
     </span>
    </p>
   </div>
   <div class='ocr_carea' id='block_1_22' title="bbox 448 1465 2677 1544">
    <p class='ocr_par' dir='ltr' id='par_1_22' title="bbox 448 1465 2677 1544">
     <span class='ocr_line' id='line_1_22' title="bbox 448 1465 2677 1544; baseline 0.001 -20"><span class='ocrx_word' id='word_1_151' title='bbox 448 1472 540 1524; x_wconf 82' lang='grc' dir='ltr'><strong>καὶ</strong></span> <span class='ocrx_word' id='word_1_152' title='bbox 576 1465 797 1524; x_wconf 75' lang='grc' dir='ltr'>δίδωσιν</span> <span class='ocrx_word' id='word_1_153' title='bbox 838 1467 1024 1529; x_wconf 82' lang='grc' dir='ltr'>αὐτοῖς</span> <span class='ocrx_word' id='word_1_154' title='bbox 1065 1471 1256 1540; x_wconf 77' lang='grc' dir='ltr'>νεῦμα,</span> <span class='ocrx_word' id='word_1_155' title='bbox 1298 1468 1387 1522; x_wconf 82' lang='grc' dir='ltr'><strong>καὶ</strong></span> <span class='ocrx_word' id='word_1_156' title='bbox 1427 1467 1722 1544; x_wconf 72' lang='grc' dir='ltr'><strong>ἀπέρχεται</strong></span> <span class='ocrx_word' id='word_1_157' title='bbox 1763 1466 1978 1532; x_wconf 79' lang='grc' dir='ltr'>ἱίκαστες</span> <span class='ocrx_word' id='word_1_158' title='bbox 2019 1469 2094 1532; x_wconf 84' lang='grc' dir='ltr'><strong>εἰς</strong></span> <span class='ocrx_word' id='word_1_159' title='bbox 2129 1471 2228 1532; x_wconf 79' lang='grc' dir='ltr'><strong>τὰς</strong></span> <span class='ocrx_word' id='word_1_160' title='bbox 2265 1471 2440 1541; x_wconf 80' lang='grc' dir='ltr'>τάξεις</span> <span class='ocrx_word' id='word_1_161' title='bbox 2479 1470 2677 1527; x_wconf 82' lang='grc' dir='ltr'><strong>αὐτῶν.</strong></span> 
     </span>
    </p>
   </div>
   <div class='ocr_carea' id='block_1_23' title="bbox 522 1553 2093 1632">
    <p class='ocr_par' dir='ltr' id='par_1_23' title="bbox 522 1553 2093 1632">
     <span class='ocr_line' id='line_1_23' title="bbox 522 1553 2093 1632; baseline -0.001 -18"><span class='ocrx_word' id='word_1_162' title='bbox 522 1564 588 1614; x_wconf 73' lang='grc' dir='ltr'><strong>Γ.</strong></span> <span class='ocrx_word' id='word_1_163' title='bbox 621 1557 739 1631; x_wconf 79' lang='grc' dir='ltr'><strong>Χρὴ</strong></span> <span class='ocrx_word' id='word_1_164' title='bbox 789 1553 849 1611; x_wconf 67' lang='grc' dir='ltr'>δὲ</span> <span class='ocrx_word' id='word_1_165' title='bbox 905 1553 1128 1622; x_wconf 76' lang='grc' dir='ltr'>εἰδέναι,</span> <span class='ocrx_word' id='word_1_166' title='bbox 1161 1555 1244 1610; x_wconf 78' lang='grc' dir='ltr'>ὅτι</span> <span class='ocrx_word' id='word_1_167' title='bbox 1294 1553 1345 1610; x_wconf 82' lang='grc' dir='ltr'><strong>έν</strong></span> <span class='ocrx_word' id='word_1_168' title='bbox 1401 1559 1584 1632; x_wconf 79' lang='grc' dir='ltr'>ἡμέρᾳ</span> <span class='ocrx_word' id='word_1_169' title='bbox 1611 1561 1712 1612; x_wconf 80' lang='grc' dir='ltr'><strong>τοῦ</strong></span> <span class='ocrx_word' id='word_1_170' title='bbox 1763 1561 1934 1614; x_wconf 81' lang='grc' dir='ltr'><strong>Βοτοῦ</strong></span> <span class='ocrx_word' id='word_1_171' title='bbox 1992 1556 2093 1612; x_wconf 81' lang='grc' dir='ltr'><strong>οὐκ</strong></span> 
     </span>
    </p>
   </div>
   <div class='ocr_carea' id='block_1_24' title="bbox 441 1643 2092 1725">
    <p class='ocr_par' dir='ltr' id='par_1_24' title="bbox 441 1643 2092 1725">
     <span class='ocr_line' id='line_1_24' title="bbox 441 1643 2092 1725; baseline 0 -22"><span class='ocrx_word' id='word_1_172' title='bbox 441 1646 784 1725; x_wconf 78' lang='grc' dir='ltr'><strong>εἰσέρχονται</strong></span> <span class='ocrx_word' id='word_1_173' title='bbox 845 1643 896 1700; x_wconf 84' lang='grc' dir='ltr'><strong>ἐν</strong></span> <span class='ocrx_word' id='word_1_174' title='bbox 945 1648 1023 1715; x_wconf 80' lang='grc' dir='ltr'>τῷ</span> <span class='ocrx_word' id='word_1_175' title='bbox 1079 1645 1370 1718; x_wconf 78' lang='grc' dir='ltr'>καθίσματι</span> <span class='ocrx_word' id='word_1_176' title='bbox 1438 1647 1514 1708; x_wconf 81' lang='grc' dir='ltr'><strong>εἰς</strong></span> <span class='ocrx_word' id='word_1_177' title='bbox 1571 1648 1939 1722; x_wconf 78' lang='grc' dir='ltr'>προσκύνησιν</span> <span class='ocrx_word' id='word_1_178' title='bbox 1993 1653 2092 1703; x_wconf 80' lang='grc' dir='ltr'>τοῦ</span> 
     </span>
    </p>
   </div>
   <div class='ocr_carea' id='block_1_25' title="bbox 447 1731 2091 1810">
    <p class='ocr_par' dir='ltr' id='par_1_25' title="bbox 447 1731 2091 1810">
     <span class='ocr_line' id='line_1_25' title="bbox 447 1731 2091 1810; baseline 0.001 -19"><span class='ocrx_word' id='word_1_179' title='bbox 447 1735 744 1807; x_wconf 78' lang='grc' dir='ltr'><strong>βασιλέως⁹</strong></span> <span class='ocrx_word' id='word_1_180' title='bbox 803 1731 950 1790; x_wconf 87' lang='grc' dir='ltr'>άλλὰ</span> <span class='ocrx_word' id='word_1_181' title='bbox 986 1731 1248 1804; x_wconf 81' lang='grc' dir='ltr'>τελεῖται,</span> <span class='ocrx_word' id='word_1_182' title='bbox 1289 1735 1366 1796; x_wconf 84' lang='grc' dir='ltr'>ὡς</span> <span class='ocrx_word' id='word_1_183' title='bbox 1417 1737 1780 1810; x_wconf 83' lang='grc' dir='ltr'>προείρηται·</span> <span class='ocrx_word' id='word_1_184' title='bbox 1835 1737 1926 1792; x_wconf 83' lang='grc' dir='ltr'><strong>καὶ</strong></span> <span class='ocrx_word' id='word_1_185' title='bbox 1982 1743 2091 1792; x_wconf 81' lang='grc' dir='ltr'>τῶν</span> 
     </span>
    </p>
   </div>
   <div class='ocr_carea' id='block_1_26' title="bbox 451 1821 2093 1893">
    <p class='ocr_par' dir='ltr' id='par_1_26' title="bbox 451 1821 2093 1893">
     <span class='ocr_line' id='line_1_26' title="bbox 451 1821 2093 1893; baseline 0.001 -13"><span class='ocrx_word' id='word_1_186' title='bbox 451 1822 496 1880; x_wconf 85' lang='grc' dir='ltr'>δ’</span> <span class='ocrx_word' id='word_1_187' title='bbox 557 1823 720 1893; x_wconf 72' lang='grc' dir='ltr'>βαίων</span> <span class='ocrx_word' id='word_1_188' title='bbox 757 1821 1143 1888; x_wconf 78' lang='grc' dir='ltr'>τελεσθέντων.</span> <span class='ocrx_word' id='word_1_189' title='bbox 1177 1823 1402 1886; x_wconf 78' lang='grc' dir='ltr'>ἀναστάς</span> <span class='ocrx_word' id='word_1_190' title='bbox 1457 1825 1484 1879; x_wconf 98' lang='lat'><strong>6</strong></span> <span class='ocrx_word' id='word_1_191' title='bbox 1521 1824 1775 1892; x_wconf 72' lang='grc' dir='ltr'>βασιλεὺς</span> <span class='ocrx_word' id='word_1_192' title='bbox 1833 1826 1939 1881; x_wconf 82' lang='grc' dir='ltr'>ἀπὸ</span> <span class='ocrx_word' id='word_1_193' title='bbox 1995 1831 2093 1881; x_wconf 79' lang='grc' dir='ltr'>τοῦ</span> 
     </span>
    </p>
   </div>
   <div class='ocr_carea' id='block_1_27' title="bbox 2277 1559 3855 1631">
    <p class='ocr_par' dir='ltr' id='par_1_27' title="bbox 2277 1559 3855 1631">
     <span class='ocr_line' id='line_1_27' title="bbox 2277 1559 3855 1631; baseline -0.003 -15"><span class='ocrx_word' id='word_1_194' title='bbox 2277 1560 2375 1616; x_wconf 88' lang='lat' dir='ltr'><strong>Ill.</strong></span> <span class='ocrx_word' id='word_1_195' title='bbox 2427 1561 2524 1617; x_wconf 92' lang='lat' dir='ltr'><strong>Die</strong></span> <span class='ocrx_word' id='word_1_196' title='bbox 2557 1560 2681 1617; x_wconf 85' lang='lat' dir='ltr'><strong>Voti</strong></span> <span class='ocrx_word' id='word_1_197' title='bbox 2729 1560 2800 1617; x_wconf 89' lang='lat' dir='ltr'><strong>ad</strong></span> <span class='ocrx_word' id='word_1_198' title='bbox 2843 1560 3124 1616; x_wconf 89' lang='lat' dir='ltr'><strong>thronum</strong></span> <span class='ocrx_word' id='word_1_199' title='bbox 3181 1559 3571 1631; x_wconf 75' lang='lat' dir='ltr'><strong>imperatoris,</strong></span> <span class='ocrx_word' id='word_1_200' title='bbox 3607 1563 3672 1614; x_wconf 89' lang='lat' dir='ltr'><strong>ut</strong></span> <span class='ocrx_word' id='word_1_201' title='bbox 3719 1573 3855 1612; x_wconf 89' lang='lat' dir='ltr'><strong>eum</strong></span> 
     </span>
    </p>
   </div>
   <div class='ocr_carea' id='block_1_28' title="bbox 2204 1647 3850 1718">
    <p class='ocr_par' dir='ltr' id='par_1_28' title="bbox 2204 1647 3850 1718">
     <span class='ocr_line' id='line_1_28' title="bbox 2204 1647 3850 1718; baseline -0.002 -14"><span class='ocrx_word' id='word_1_202' title='bbox 2204 1650 2470 1715; x_wconf 87' lang='lat' dir='ltr'><strong>adorent,</strong></span> <span class='ocrx_word' id='word_1_203' title='bbox 2523 1665 2640 1706; x_wconf 90' lang='lat' dir='ltr'><strong>non</strong></span> <span class='ocrx_word' id='word_1_204' title='bbox 2687 1649 2991 1715; x_wconf 84' lang='lat' dir='ltr'><strong>accedunt,</strong></span> <span class='ocrx_word' id='word_1_205' title='bbox 3044 1650 3168 1718; x_wconf 87' lang='lat' dir='ltr'><strong>sed,</strong></span> <span class='ocrx_word' id='word_1_206' title='bbox 3230 1653 3295 1703; x_wconf 92' lang='lat' dir='ltr'><strong>ut</strong></span> <span class='ocrx_word' id='word_1_207' title='bbox 3363 1648 3639 1712; x_wconf 83' lang='lat' dir='ltr'><strong>diximus,</strong></span> <span class='ocrx_word' id='word_1_208' title='bbox 3697 1647 3850 1701; x_wconf 90' lang='lat' dir='ltr'><strong>diem</strong></span> 
     </span>
    </p>
   </div>
   <div class='ocr_carea' id='block_1_29' title="bbox 2205 1735 3850 1808">
    <p class='ocr_par' dir='ltr' id='par_1_29' title="bbox 2205 1735 3850 1808">
     <span class='ocr_line' id='line_1_29' title="bbox 2205 1735 3850 1808; baseline -0.002 -15"><span class='ocrx_word' id='word_1_209' title='bbox 2205 1738 2369 1794; x_wconf 89' lang='lat' dir='ltr'><strong>illum</strong></span> <span class='ocrx_word' id='word_1_210' title='bbox 2401 1737 2717 1800; x_wconf 89' lang='lat' dir='ltr'><strong>celebrant,</strong></span> <span class='ocrx_word' id='word_1_211' title='bbox 2753 1743 2810 1793; x_wconf 81' lang='lat' dir='ltr'><strong>et</strong></span> <span class='ocrx_word' id='word_1_212' title='bbox 2841 1735 3054 1808; x_wconf 78' lang='lat' dir='ltr'><strong>palmis</strong></span> <span class='ocrx_word' id='word_1_213' title='bbox 3085 1743 3338 1808; x_wconf 83' lang='lat' dir='ltr'><strong>quatuor</strong></span> <span class='ocrx_word' id='word_1_214' title='bbox 3369 1735 3568 1804; x_wconf 84' lang='lat' dir='ltr'><strong>ﬁnitis,</strong></span> <span class='ocrx_word' id='word_1_215' title='bbox 3602 1737 3850 1806; x_wconf 83' lang='lat' dir='ltr'><strong>impera-</strong></span> 
     </span>
    </p>
   </div>
   <div class='ocr_carea' id='block_1_30' title="bbox 2204 1823 3850 1897">
    <p class='ocr_par' dir='ltr' id='par_1_30' title="bbox 2204 1823 3850 1897">
     <span class='ocr_line' id='line_1_30' title="bbox 2204 1823 3850 1897; baseline -0.002 -15"><span class='ocrx_word' id='word_1_216' title='bbox 2204 1832 2296 1882; x_wconf 91' lang='lat' dir='ltr'><strong>tor</strong></span> <span class='ocrx_word' id='word_1_217' title='bbox 2325 1845 2359 1882; x_wconf 91' lang='lat' dir='ltr'><strong>a</strong></span> <span class='ocrx_word' id='word_1_218' title='bbox 2407 1825 2612 1882; x_wconf 89' lang='lat' dir='ltr'><strong>throno</strong></span> <span class='ocrx_word' id='word_1_219' title='bbox 2653 1825 2858 1894; x_wconf 85' lang='lat' dir='ltr'><strong>surgit,</strong></span> <span class='ocrx_word' id='word_1_220' title='bbox 2893 1842 3110 1897; x_wconf 88' lang='lat' dir='ltr'><strong>perque</strong></span> <span class='ocrx_word' id='word_1_221' title='bbox 3140 1825 3488 1893; x_wconf 88' lang='lat' dir='ltr'><strong>triclinium,</strong></span> <span class='ocrx_word' id='word_1_222' title='bbox 3520 1823 3578 1878; x_wconf 91' lang='lat' dir='ltr'><strong>in</strong></span> <span class='ocrx_word' id='word_1_223' title='bbox 3611 1839 3726 1895; x_wconf 89' lang='lat' dir='ltr'><strong>quo</strong></span> <span class='ocrx_word' id='word_1_224' title='bbox 3756 1840 3850 1878; x_wconf 86' lang='lat' dir='ltr'><strong>so-</strong></span> 
     </span>
    </p>
   </div>
   <div class='ocr_carea' id='block_1_31' title="bbox 447 1887 2115 1991">
    <p class='ocr_par' dir='ltr' id='par_1_31' title="bbox 447 1909 2093 1991">
     <span class='ocr_line' id='line_1_31' title="bbox 447 1909 2093 1991; baseline 0.001 -21"><span class='ocrx_word' id='word_1_225' title='bbox 447 1914 687 1984; x_wconf 82' lang='grc' dir='ltr'><strong>σέντζου,</strong></span> <span class='ocrx_word' id='word_1_226' title='bbox 747 1909 1028 1991; x_wconf 70' lang='grc' dir='ltr'>διέρχεται</span> <span class='ocrx_word' id='word_1_227' title='bbox 1076 1909 1167 1968; x_wconf 80' lang='grc' dir='ltr'><strong>διὰ</strong></span> <span class='ocrx_word' id='word_1_228' title='bbox 1220 1917 1316 1968; x_wconf 78' lang='grc' dir='ltr'><strong>τοῦ</strong></span> <span class='ocrx_word' id='word_1_229' title='bbox 1372 1912 1679 1990; x_wconf 79' lang='grc' dir='ltr'><strong>τρικλίνου,</strong></span> <span class='ocrx_word' id='word_1_230' title='bbox 1739 1916 1800 1970; x_wconf 82' lang='grc' dir='ltr'>οὗ</span> <span class='ocrx_word' id='word_1_231' title='bbox 1867 1915 2093 1971; x_wconf 75' lang='grc' dir='ltr'>εἷ’θισται</span> 
     </span>
    </p>
   </div>
   <div class='ocr_carea' id='block_1_32' title="bbox 2207 1887 3852 1991">
    <p class='ocr_par' dir='ltr' id='par_1_32' title="bbox 2207 1913 3852 1985">
     <span class='ocr_line' id='line_1_32' title="bbox 2207 1913 3852 1985; baseline -0.002 -14"><span class='ocrx_word' id='word_1_232' title='bbox 2207 1916 2396 1973; x_wconf 88' lang='lat' dir='ltr'><strong>lemne</strong></span> <span class='ocrx_word' id='word_1_233' title='bbox 2415 1916 2741 1972; x_wconf 80' lang='lat' dir='ltr'><strong>convivium</strong></span> <span class='ocrx_word' id='word_1_234' title='bbox 2765 1914 3108 1982; x_wconf 74' lang='lat' dir='ltr'><strong>instituitur,</strong></span> <span class='ocrx_word' id='word_1_235' title='bbox 3132 1915 3222 1970; x_wconf 69' lang='grc'><strong>21</strong></span> <span class='ocrx_word' id='word_1_236' title='bbox 3238 1915 3277 1970; x_wconf 87' lang='grc'><strong>1</strong></span> <span class='ocrx_word' id='word_1_237' title='bbox 3297 1913 3555 1985; x_wconf 81' lang='lat' dir='ltr'><strong>patriciis</strong></span> <span class='ocrx_word' id='word_1_238' title='bbox 3578 1915 3852 1984; x_wconf 89' lang='lat' dir='ltr'><strong>utrinque</strong></span> 
     </span>
    </p>
   </div>
   <div class='ocr_carea' id='block_1_33' title="bbox 441 2001 2096 2080">
    <p class='ocr_par' dir='ltr' id='par_1_33' title="bbox 441 2001 2096 2080">
     <span class='ocr_line' id='line_1_33' title="bbox 441 2001 2096 2080; baseline 0 -20"><span class='ocrx_word' id='word_1_239' title='bbox 441 2005 691 2080; x_wconf 79' lang='grc' dir='ltr'>ἆριστᾷν,</span> <span class='ocrx_word' id='word_1_240' title='bbox 727 2007 837 2058; x_wconf 84' lang='grc' dir='ltr'><strong>τῶν</strong></span> <span class='ocrx_word' id='word_1_241' title='bbox 887 2001 1186 2078; x_wconf 80' lang='grc' dir='ltr'>πατρικίων</span> <span class='ocrx_word' id='word_1_242' title='bbox 1237 2003 1486 2058; x_wconf 71' lang='grc' dir='ltr'><strong>ἑστώτων</strong></span> <span class='ocrx_word' id='word_1_243' title='bbox 1539 2002 1684 2060; x_wconf 85' lang='grc' dir='ltr'>ἔνθεν</span> <span class='ocrx_word' id='word_1_244' title='bbox 1736 2006 1971 2072; x_wconf 78' lang='grc' dir='ltr'>κάκεῖσε,</span> <span class='ocrx_word' id='word_1_245' title='bbox 2003 2004 2096 2061; x_wconf 82' lang='grc' dir='ltr'><strong>καὶ</strong></span> 
     </span>
    </p>
   </div>
   <div class='ocr_carea' id='block_1_34' title="bbox 445 2090 2097 2169">
    <p class='ocr_par' dir='ltr' id='par_1_34' title="bbox 445 2090 2097 2169">
     <span class='ocr_line' id='line_1_34' title="bbox 445 2090 2097 2169; baseline 0.001 -21"><span class='ocrx_word' id='word_1_246' title='bbox 445 2091 874 2169; x_wconf 80' lang='grc' dir='ltr'>δηριγευόμενος</span> <span class='ocrx_word' id='word_1_247' title='bbox 935 2092 962 2146; x_wconf 90' lang='lat'><strong>6</strong></span> <span class='ocrx_word' id='word_1_248' title='bbox 1015 2090 1274 2165; x_wconf 81' lang='grc' dir='ltr'>βασιλεὺς</span> <span class='ocrx_word' id='word_1_249' title='bbox 1333 2091 1436 2147; x_wconf 85' lang='grc' dir='ltr'>ὑπὸ</span> <span class='ocrx_word' id='word_1_250' title='bbox 1495 2098 1601 2148; x_wconf 80' lang='grc' dir='ltr'><strong>τῶν</strong></span> <span class='ocrx_word' id='word_1_251' title='bbox 1657 2095 1944 2169; x_wconf 83' lang='grc' dir='ltr'>ἀρχόντων</span> <span class='ocrx_word' id='word_1_252' title='bbox 1997 2099 2097 2150; x_wconf 78' lang='grc' dir='ltr'><strong>τοῦ</strong></span> 
     </span>
    </p>
   </div>
   <div class='ocr_carea' id='block_1_35' title="bbox 447 2177 2092 2256">
    <p class='ocr_par' dir='ltr' id='par_1_35' title="bbox 447 2177 2092 2256">
     <span class='ocr_line' id='line_1_35' title="bbox 447 2177 2092 2256; baseline 0.001 -18"><span class='ocrx_word' id='word_1_253' title='bbox 447 2179 869 2250; x_wconf 66' lang='grc' dir='ltr'>κουςουκλείου,</span> <span class='ocrx_word' id='word_1_254' title='bbox 899 2179 1205 2256; x_wconf 77' lang='grc' dir='ltr'>εἰσέρχεται</span> <span class='ocrx_word' id='word_1_255' title='bbox 1246 2177 1337 2236; x_wconf 78' lang='grc' dir='ltr'><strong>διὰ</strong></span> <span class='ocrx_word' id='word_1_256' title='bbox 1363 2187 1460 2238; x_wconf 76' lang='grc' dir='ltr'>τού</span> <span class='ocrx_word' id='word_1_257' title='bbox 1503 2183 1672 2256; x_wconf 85' lang='grc' dir='ltr'>μέσου</span> <span class='ocrx_word' id='word_1_258' title='bbox 1711 2183 1906 2252; x_wconf 72' lang='grc' dir='ltr'>αὐτῶν,</span> <span class='ocrx_word' id='word_1_259' title='bbox 1939 2184 2092 2240; x_wconf 77' lang='grc' dir='ltr'>αὐτοὶ</span> 
     </span>
    </p>
   </div>
   <div class='ocr_carea' id='block_1_36' title="bbox 453 2269 2094 2346">
    <p class='ocr_par' dir='ltr' id='par_1_36' title="bbox 453 2269 2094 2346">
     <span class='ocr_line' id='line_1_36' title="bbox 453 2269 2094 2346; baseline 0.001 -19"><span class='ocrx_word' id='word_1_260' title='bbox 453 2271 510 2327; x_wconf 75' lang='grc' dir='ltr'>δὲ</span> <span class='ocrx_word' id='word_1_261' title='bbox 559 2270 950 2346; x_wconf 79' lang='grc' dir='ltr'>ὑπερεύχονται</span> <span class='ocrx_word' id='word_1_262' title='bbox 979 2270 1070 2325; x_wconf 84' lang='grc' dir='ltr'><strong>τὸν</strong></span> <span class='ocrx_word' id='word_1_263' title='bbox 1112 2269 1365 2345; x_wconf 77' lang='grc' dir='ltr'><strong>βασιλέα.</strong></span> <span class='ocrx_word' id='word_1_264' title='bbox 1401 2272 1498 2328; x_wconf 79' lang='grc' dir='ltr'><strong>Καὶ</strong></span> <span class='ocrx_word' id='word_1_265' title='bbox 1539 2271 1876 2334; x_wconf 75' lang='grc' dir='ltr'>εἰσελθόντος</span> <span class='ocrx_word' id='word_1_266' title='bbox 1930 2275 2094 2329; x_wconf 79' lang='grc' dir='ltr'>αύτοῢ</span> 
     </span>
    </p>
   </div>
   <div class='ocr_carea' id='block_1_37' title="bbox 449 2354 2096 2437">
    <p class='ocr_par' dir='ltr' id='par_1_37' title="bbox 449 2354 2096 2437">
     <span class='ocr_line' id='line_1_37' title="bbox 449 2354 2096 2437; baseline 0 -19"><span class='ocrx_word' id='word_1_267' title='bbox 449 2361 526 2424; x_wconf 84' lang='grc' dir='ltr'>εἷς</span> <span class='ocrx_word' id='word_1_268' title='bbox 571 2362 662 2416; x_wconf 77' lang='grc' dir='ltr'>τὸν</span> <span class='ocrx_word' id='word_1_269' title='bbox 709 2364 970 2429; x_wconf 77' lang='grc' dir='ltr'><strong>κοιτῶνα,</strong></span> <span class='ocrx_word' id='word_1_270' title='bbox 1003 2354 1271 2432; x_wconf 68' lang='grc' dir='ltr'>λαμϐάνει</span> <span class='ocrx_word' id='word_1_271' title='bbox 1310 2361 1338 2415; x_wconf 94' lang='lat'><strong>6</strong></span> <span class='ocrx_word' id='word_1_272' title='bbox 1370 2362 1728 2435; x_wconf 84' lang='grc' dir='ltr'>πραιπόσιτος</span> <span class='ocrx_word' id='word_1_273' title='bbox 1756 2363 1818 2418; x_wconf 88' lang='grc' dir='ltr'><strong>τὸ</strong></span> <span class='ocrx_word' id='word_1_274' title='bbox 1877 2365 2096 2437; x_wconf 83' lang='grc' dir='ltr'>στέμμα</span> 
     </span>
    </p>
   </div>
   <div class='ocr_carea' id='block_1_38' title="bbox 446 2447 2097 2528">
    <p class='ocr_par' dir='ltr' id='par_1_38' title="bbox 446 2447 2097 2528">
     <span class='ocr_line' id='line_1_38' title="bbox 446 2447 2097 2528; baseline 0.001 -22"><span class='ocrx_word' id='word_1_275' title='bbox 446 2449 554 2506; x_wconf 80' lang='grc' dir='ltr'><strong>ἂπό</strong></span> <span class='ocrx_word' id='word_1_276' title='bbox 589 2457 689 2520; x_wconf 81' lang='grc' dir='ltr'>τῆς</span> <span class='ocrx_word' id='word_1_277' title='bbox 726 2447 977 2528; x_wconf 67' lang='grc' dir='ltr'>κεφαλῆς</span> <span class='ocrx_word' id='word_1_278' title='bbox 1026 2447 1216 2516; x_wconf 78' lang='grc' dir='ltr'>αὐτοῦ,</span> <span class='ocrx_word' id='word_1_279' title='bbox 1263 2449 1352 2504; x_wconf 82' lang='grc' dir='ltr'>καὶ</span> <span class='ocrx_word' id='word_1_280' title='bbox 1403 2449 1742 2526; x_wconf 81' lang='grc' dir='ltr'><strong>εἰσέρχονται</strong></span> <span class='ocrx_word' id='word_1_281' title='bbox 1792 2453 1843 2506; x_wconf 79' lang='grc' dir='ltr'><strong>οί</strong></span> <span class='ocrx_word' id='word_1_282' title='bbox 1895 2453 2097 2526; x_wconf 77' lang='grc' dir='ltr'>βεστή-</span> 
     </span>
    </p>
   </div>
   <div class='ocr_carea' id='block_1_39' title="bbox 439 2536 2095 2615">
    <p class='ocr_par' dir='ltr' id='par_1_39' title="bbox 439 2536 2095 2615">
     <span class='ocr_line' id='line_1_39' title="bbox 439 2536 2095 2615; baseline 0 -19"><span class='ocrx_word' id='word_1_283' title='bbox 439 2560 619 2615; x_wconf 84' lang='grc' dir='ltr'>τορες,</span> <span class='ocrx_word' id='word_1_284' title='bbox 667 2541 756 2594; x_wconf 82' lang='grc' dir='ltr'>καὶ</span> <span class='ocrx_word' id='word_1_285' title='bbox 835 2536 1250 2594; x_wconf 75' lang='grc' dir='ltr'><strong>ἀπαλλάσσουσι</strong></span> <span class='ocrx_word' id='word_1_286' title='bbox 1319 2540 1420 2608; x_wconf 68' lang='grc' dir='ltr'><strong>τὴν</strong></span> <span class='ocrx_word' id='word_1_287' title='bbox 1477 2537 1711 2614; x_wconf 83' lang='grc' dir='ltr'>χλανίδα</span> <span class='ocrx_word' id='word_1_288' title='bbox 1768 2540 1955 2610; x_wconf 78' lang='grc' dir='ltr'>αὐτοῦ,</span> <span class='ocrx_word' id='word_1_289' title='bbox 2004 2541 2095 2596; x_wconf 85' lang='grc' dir='ltr'>καὶ</span> 
     </span>
    </p>
   </div>
   <div class='ocr_carea' id='block_1_40' title="bbox 443 2625 2098 2706">
    <p class='ocr_par' dir='ltr' id='par_1_40' title="bbox 443 2625 2098 2706">
     <span class='ocr_line' id='line_1_40' title="bbox 443 2625 2098 2706; baseline 0.001 -21"><span class='ocrx_word' id='word_1_290' title='bbox 443 2625 923 2704; x_wconf 76' lang='grc' dir='ltr'>περιϐαΛλόμενος</span> <span class='ocrx_word' id='word_1_291' title='bbox 959 2628 1022 2682; x_wconf 87' lang='grc' dir='ltr'><strong>τὸ</strong></span> <span class='ocrx_word' id='word_1_292' title='bbox 1053 2626 1247 2702; x_wconf 89' lang='grc' dir='ltr'>σαγίον</span> <span class='ocrx_word' id='word_1_293' title='bbox 1287 2629 1478 2697; x_wconf 80' lang='grc' dir='ltr'>αὐτοῦ,</span> <span class='ocrx_word' id='word_1_294' title='bbox 1511 2631 1837 2706; x_wconf 68' lang='grc' dir='ltr'>κατέρχεται</span> <span class='ocrx_word' id='word_1_295' title='bbox 1867 2627 1956 2685; x_wconf 75' lang='grc' dir='ltr'><strong>διὰ</strong></span> <span class='ocrx_word' id='word_1_296' title='bbox 2000 2635 2098 2686; x_wconf 80' lang='grc' dir='ltr'>τοῦ</span> 
     </span>
    </p>
   </div>
   <div class='ocr_carea' id='block_1_41' title="bbox 459 2715 2099 2792">
    <p class='ocr_par' dir='ltr' id='par_1_41' title="bbox 459 2715 2099 2792">
     <span class='ocr_line' id='line_1_41' title="bbox 459 2715 2099 2792; baseline 0.001 -22"><span class='ocrx_word' id='word_1_297' title='bbox 459 2721 722 2789; x_wconf 84' lang='grc' dir='ltr'>μυστικοῦ</span> <span class='ocrx_word' id='word_1_298' title='bbox 750 2715 1012 2792; x_wconf 81' lang='grc' dir='ltr'>κοχλιοῦ,</span> <span class='ocrx_word' id='word_1_299' title='bbox 1042 2715 1133 2770; x_wconf 81' lang='grc' dir='ltr'>καὶ</span> <span class='ocrx_word' id='word_1_300' title='bbox 1165 2715 1467 2792; x_wconf 72' lang='grc' dir='ltr'>εἰσέρχεται</span> <span class='ocrx_word' id='word_1_301' title='bbox 1500 2716 1575 2779; x_wconf 79' lang='grc' dir='ltr'>εἷς</span> <span class='ocrx_word' id='word_1_302' title='bbox 1607 2717 1697 2772; x_wconf 87' lang='grc' dir='ltr'>τὸν</span> <span class='ocrx_word' id='word_1_303' title='bbox 1737 2723 1975 2773; x_wconf 82' lang='grc' dir='ltr'>κοιτῶνα</span> <span class='ocrx_word' id='word_1_304' title='bbox 2001 2723 2099 2774; x_wconf 75' lang='grc' dir='ltr'><strong>τοῦ</strong></span> 
     </span>
    </p>
   </div>
   <div class='ocr_carea' id='block_1_42' title="bbox 463 2803 2098 2882">
    <p class='ocr_par' dir='ltr' id='par_1_42' title="bbox 463 2803 2098 2882">
     <span class='ocr_line' id='line_1_42' title="bbox 463 2803 2098 2882; baseline 0.001 -24"><span class='ocrx_word' id='word_1_305' title='bbox 463 2804 772 2877; x_wconf 82' lang='grc' dir='ltr'>οκταγώνου</span> <span class='ocrx_word' id='word_1_306' title='bbox 799 2804 1030 2874; x_wconf 79' lang='grc' dir='ltr'>πλησίον</span> <span class='ocrx_word' id='word_1_307' title='bbox 1074 2808 1174 2860; x_wconf 80' lang='grc' dir='ltr'><strong>τοῦ</strong></span> <span class='ocrx_word' id='word_1_308' title='bbox 1219 2803 1377 2882; x_wconf 82' lang='grc' dir='ltr'><strong>ἁγίου</strong></span> <span class='ocrx_word' id='word_1_309' title='bbox 1413 2807 1708 2880; x_wconf 80' lang='grc' dir='ltr'>Στεφάνου,</span> <span class='ocrx_word' id='word_1_310' title='bbox 1740 2806 1828 2860; x_wconf 80' lang='grc' dir='ltr'><strong>καὶ</strong></span> <span class='ocrx_word' id='word_1_311' title='bbox 1868 2803 2098 2878; x_wconf 81' lang='grc' dir='ltr'>ἐξελθὼν</span> 
     </span>
    </p>
   </div>
   <div class='ocr_carea' id='block_1_43' title="bbox 467 2888 2103 2968">
    <p class='ocr_par' dir='ltr' id='par_1_43' title="bbox 467 2888 2103 2968">
     <span class='ocr_line' id='line_1_43' title="bbox 467 2888 2103 2968; baseline 0.002 -21"><span class='ocrx_word' id='word_1_312' title='bbox 467 2891 545 2954; x_wconf 61' lang='grc' dir='ltr'>εἷς</span> <span class='ocrx_word' id='word_1_313' title='bbox 570 2892 636 2946; x_wconf 78' lang='grc' dir='ltr'>τὰ</span> <span class='ocrx_word' id='word_1_314' title='bbox 670 2893 732 2946; x_wconf 76' lang='grc' dir='ltr'><strong>ιϐ’</strong></span> <span class='ocrx_word' id='word_1_315' title='bbox 769 2888 1041 2963; x_wconf 77' lang='grc' dir='ltr'>ἀκούϐιτα,</span> <span class='ocrx_word' id='word_1_316' title='bbox 1073 2889 1404 2968; x_wconf 78' lang='grc' dir='ltr'>ἆκουμϐίζει</span> <span class='ocrx_word' id='word_1_317' title='bbox 1434 2893 1520 2949; x_wconf 77' lang='grc' dir='ltr'>ἐπὶ</span> <span class='ocrx_word' id='word_1_318' title='bbox 1571 2901 1672 2964; x_wconf 81' lang='grc' dir='ltr'>τῆς</span> <span class='ocrx_word' id='word_1_319' title='bbox 1715 2893 1904 2967; x_wconf 85' lang='grc' dir='ltr'>τιμίας</span> <span class='ocrx_word' id='word_1_320' title='bbox 1935 2896 2103 2950; x_wconf 74' lang='grc' dir='ltr'>αὐτοῦ</span> 
     </span>
    </p>
   </div>
   <div class='ocr_carea' id='block_1_44' title="bbox 463 2979 2103 3060">
    <p class='ocr_par' dir='ltr' id='par_1_44' title="bbox 463 2979 2103 3060">
     <span class='ocr_line' id='line_1_44' title="bbox 463 2979 2103 3060; baseline 0.002 -24"><span class='ocrx_word' id='word_1_321' title='bbox 463 2981 736 3056; x_wconf 73' lang='grc' dir='ltr'>τραπέζης</span> <span class='ocrx_word' id='word_1_322' title='bbox 769 2983 902 3055; x_wconf 80' lang='grc' dir='ltr'>μετά</span> <span class='ocrx_word' id='word_1_323' title='bbox 928 2988 1030 3039; x_wconf 82' lang='grc' dir='ltr'><strong>τῶν</strong></span> <span class='ocrx_word' id='word_1_324' title='bbox 1078 2983 1362 3060; x_wconf 72' lang='grc' dir='ltr'>ἀρχόντων</span> <span class='ocrx_word' id='word_1_325' title='bbox 1410 2983 1508 3041; x_wconf 78' lang='grc' dir='ltr'>τοῦ</span> <span class='ocrx_word' id='word_1_326' title='bbox 1565 2979 1980 3056; x_wconf 77' lang='grc' dir='ltr'>κουϐουκλείου,</span> <span class='ocrx_word' id='word_1_327' title='bbox 2010 2987 2103 3040; x_wconf 87' lang='grc' dir='ltr'><strong>τὸν</strong></span> 
     </span>
    </p>
   </div>
   <div class='ocr_carea' id='block_1_45' title="bbox 456 3073 2107 3146">
    <p class='ocr_par' dir='ltr' id='par_1_45' title="bbox 456 3073 2107 3146">
     <span class='ocr_line' id='line_1_45' title="bbox 456 3073 2107 3146; baseline 0.004 -18"><span class='ocrx_word' id='word_1_328' title='bbox 456 3077 554 3128; x_wconf 76' lang='grc' dir='ltr'><strong>τοῦ</strong></span> <span class='ocrx_word' id='word_1_329' title='bbox 593 3073 912 3146; x_wconf 85' lang='grc' dir='ltr'>σακελλίου,</span> <span class='ocrx_word' id='word_1_330' title='bbox 942 3076 1033 3131; x_wconf 85' lang='grc' dir='ltr'>τὸν</span> <span class='ocrx_word' id='word_1_331' title='bbox 1059 3079 1158 3146; x_wconf 75' lang='grc' dir='ltr'><strong>τῆς</strong></span> <span class='ocrx_word' id='word_1_332' title='bbox 1199 3078 1575 3140; x_wconf 81' lang='grc' dir='ltr'>καταστάσεως</span> <span class='ocrx_word' id='word_1_333' title='bbox 1623 3080 1713 3134; x_wconf 81' lang='grc' dir='ltr'>καὶ</span> <span class='ocrx_word' id='word_1_334' title='bbox 1764 3081 1854 3134; x_wconf 85' lang='grc' dir='ltr'><strong>τὸν</strong></span> <span class='ocrx_word' id='word_1_335' title='bbox 1910 3081 2107 3134; x_wconf 84' lang='grc' dir='ltr'>ἀκτου-</span> 
     </span>
    </p>
   </div>
   <div class='ocr_carea' id='block_1_46' title="bbox 455 3161 2110 3239">
    <p class='ocr_par' dir='ltr' id='par_1_46' title="bbox 455 3161 2110 3239">
     <span class='ocr_line' id='line_1_46' title="bbox 455 3161 2110 3239; baseline 0.002 -21"><span class='ocrx_word' id='word_1_336' title='bbox 455 3183 632 3237; x_wconf 85' lang='grc' dir='ltr'>αριον,</span> <span class='ocrx_word' id='word_1_337' title='bbox 684 3163 760 3226; x_wconf 83' lang='grc' dir='ltr'>εἷς</span> <span class='ocrx_word' id='word_1_338' title='bbox 806 3161 863 3220; x_wconf 75' lang='grc' dir='ltr'>δὲ</span> <span class='ocrx_word' id='word_1_339' title='bbox 923 3164 1051 3228; x_wconf 76' lang='grc' dir='ltr'>τοὺς</span> <span class='ocrx_word' id='word_1_340' title='bbox 1113 3166 1260 3222; x_wconf 88' lang='grc' dir='ltr'>κάτω</span> <span class='ocrx_word' id='word_1_341' title='bbox 1311 3163 1635 3230; x_wconf 73' lang='grc' dir='ltr'>ἀκουϐίτους</span> <span class='ocrx_word' id='word_1_342' title='bbox 1697 3171 2004 3239; x_wconf 69' lang='grc' dir='ltr'>καθέζονται</span> <span class='ocrx_word' id='word_1_343' title='bbox 2051 3169 2110 3222; x_wconf 85' lang='lat' dir='ltr'><strong>o&#39;t</strong></span> 
     </span>
    </p>
   </div>
   <div class='ocr_carea' id='block_1_47' title="bbox 2206 2002 3850 2074">
    <p class='ocr_par' dir='ltr' id='par_1_47' title="bbox 2206 2002 3850 2074">
     <span class='ocr_line' id='line_1_47' title="bbox 2206 2002 3850 2074; baseline -0.003 -12"><span class='ocrx_word' id='word_1_344' title='bbox 2206 2005 2600 2073; x_wconf 87' lang='lat' dir='ltr'><strong>adstantibus,</strong></span> <span class='ocrx_word' id='word_1_345' title='bbox 2617 2005 2851 2068; x_wconf 86' lang='lat' dir='ltr'><strong>transit,</strong></span> <span class='ocrx_word' id='word_1_346' title='bbox 2871 2011 2974 2060; x_wconf 91' lang='lat' dir='ltr'><strong>eta</strong></span> <span class='ocrx_word' id='word_1_347' title='bbox 2993 2004 3278 2074; x_wconf 66' lang='lat' dir='ltr'><strong>praefectis</strong></span> <span class='ocrx_word' id='word_1_348' title='bbox 3293 2003 3562 2058; x_wconf 75' lang='lat' dir='ltr'><strong>cubiculo</strong></span> <span class='ocrx_word' id='word_1_349' title='bbox 3575 2002 3850 2071; x_wconf 88' lang='lat' dir='ltr'><strong>stipatus,</strong></span> 
     </span>
    </p>
   </div>
   <div class='ocr_carea' id='block_1_48' title="bbox 2209 2091 3854 2170">
    <p class='ocr_par' dir='ltr' id='par_1_48' title="bbox 2209 2091 3854 2170">
     <span class='ocr_line' id='line_1_48' title="bbox 2209 2091 3854 2170; baseline -0.004 -19"><span class='ocrx_word' id='word_1_350' title='bbox 2209 2112 2309 2170; x_wconf 82' lang='lat' dir='ltr'><strong>per</strong></span> <span class='ocrx_word' id='word_1_351' title='bbox 2333 2095 2593 2150; x_wconf 79' lang='lat' dir='ltr'><strong>medium</strong></span> <span class='ocrx_word' id='word_1_352' title='bbox 2624 2109 2850 2158; x_wconf 90' lang='lat' dir='ltr'><strong>eorum,</strong></span> <span class='ocrx_word' id='word_1_353' title='bbox 2880 2093 3022 2148; x_wconf 92' lang='lat' dir='ltr'><strong>dum</strong></span> <span class='ocrx_word' id='word_1_354' title='bbox 3057 2093 3247 2147; x_wconf 86' lang='lat' dir='ltr'><strong>felicia</strong></span> <span class='ocrx_word' id='word_1_355' title='bbox 3274 2093 3472 2148; x_wconf 84' lang='lat' dir='ltr'><strong>omnia</strong></span> <span class='ocrx_word' id='word_1_356' title='bbox 3494 2091 3607 2163; x_wconf 86' lang='lat' dir='ltr'><strong>ipsi</strong></span> <span class='ocrx_word' id='word_1_357' title='bbox 3638 2107 3854 2163; x_wconf 89' lang='lat' dir='ltr'><strong>appre-</strong></span> 
     </span>
    </p>
   </div>
   <div class='ocr_carea' id='block_1_49' title="bbox 2202 2181 3854 2256">
    <p class='ocr_par' dir='ltr' id='par_1_49' title="bbox 2202 2181 3854 2256">
     <span class='ocr_line' id='line_1_49' title="bbox 2202 2181 3854 2256; baseline -0.004 -14"><span class='ocrx_word' id='word_1_358' title='bbox 2202 2190 2433 2252; x_wconf 89' lang='lat' dir='ltr'><strong>cantur,</strong></span> <span class='ocrx_word' id='word_1_359' title='bbox 2456 2185 2817 2256; x_wconf 87' lang='lat' dir='ltr'><strong>procedit.Ut</strong></span> <span class='ocrx_word' id='word_1_360' title='bbox 2850 2182 3190 2238; x_wconf 88' lang='lat' dir='ltr'><strong>cubiculum</strong></span> <span class='ocrx_word' id='word_1_361' title='bbox 3221 2181 3478 2249; x_wconf 86' lang='lat' dir='ltr'><strong>intravit,</strong></span> <span class='ocrx_word' id='word_1_362' title='bbox 3500 2181 3854 2253; x_wconf 71' lang='lat' dir='ltr'><strong>praepositus</strong></span> 
     </span>
    </p>
   </div>
   <div class='ocr_carea' id='block_1_50' title="bbox 2204 2269 3852 2345">
    <p class='ocr_par' dir='ltr' id='par_1_50' title="bbox 2204 2269 3852 2345">
     <span class='ocr_line' id='line_1_50' title="bbox 2204 2269 3852 2345; baseline -0.005 -14"><span class='ocrx_word' id='word_1_363' title='bbox 2204 2290 2476 2331; x_wconf 85' lang='lat' dir='ltr'><strong>coronam</strong></span> <span class='ocrx_word' id='word_1_364' title='bbox 2524 2290 2560 2328; x_wconf 88' lang='lat' dir='ltr'><strong>a</strong></span> <span class='ocrx_word' id='word_1_365' title='bbox 2605 2273 2796 2345; x_wconf 81' lang='lat' dir='ltr'><strong>capite</strong></span> <span class='ocrx_word' id='word_1_366' title='bbox 2845 2273 2974 2342; x_wconf 89' lang='lat' dir='ltr'><strong>ejus</strong></span> <span class='ocrx_word' id='word_1_367' title='bbox 3021 2271 3228 2340; x_wconf 88' lang='lat' dir='ltr'><strong>demit,</strong></span> <span class='ocrx_word' id='word_1_368' title='bbox 3277 2269 3582 2327; x_wconf 89' lang='lat' dir='ltr'><strong>vestitores</strong></span> <span class='ocrx_word' id='word_1_369' title='bbox 3613 2285 3852 2340; x_wconf 88' lang='lat' dir='ltr'><strong>quoque</strong></span> 
     </span>
    </p>
   </div>
   <div class='ocr_carea' id='block_1_51' title="bbox 2203 2357 3855 2432">
    <p class='ocr_par' dir='ltr' id='par_1_51' title="bbox 2203 2357 3855 2432">
     <span class='ocr_line' id='line_1_51' title="bbox 2203 2357 3855 2432; baseline -0.005 -12"><span class='ocrx_word' id='word_1_370' title='bbox 2203 2363 2509 2428; x_wconf 87' lang='lat' dir='ltr'><strong>accedunt,</strong></span> <span class='ocrx_word' id='word_1_371' title='bbox 2531 2363 2784 2418; x_wconf 83' lang='lat' dir='ltr'><strong>tunicam</strong></span> <span class='ocrx_word' id='word_1_372' title='bbox 2813 2361 3089 2416; x_wconf 83' lang='lat' dir='ltr'><strong>mutaturi</strong></span> <span class='ocrx_word' id='word_1_373' title='bbox 3117 2377 3130 2414; x_wconf 87' lang='lat'><strong>:</strong></span> <span class='ocrx_word' id='word_1_374' title='bbox 3155 2359 3301 2432; x_wconf 89' lang='lat' dir='ltr'><strong>ipse,</strong></span> <span class='ocrx_word' id='word_1_375' title='bbox 3324 2375 3460 2430; x_wconf 82' lang='lat' dir='ltr'><strong>sago</strong></span> <span class='ocrx_word' id='word_1_376' title='bbox 3489 2357 3727 2430; x_wconf 89' lang='lat' dir='ltr'><strong>injecto,</strong></span> <span class='ocrx_word' id='word_1_377' title='bbox 3751 2373 3855 2428; x_wconf 88' lang='lat' dir='ltr'><strong>per</strong></span> 
     </span>
    </p>
   </div>
   <div class='ocr_carea' id='block_1_52' title="bbox 2203 2445 3849 2519">
    <p class='ocr_par' dir='ltr' id='par_1_52' title="bbox 2203 2445 3849 2519">
     <span class='ocr_line' id='line_1_52' title="bbox 2203 2445 3849 2519; baseline -0.005 -11"><span class='ocrx_word' id='word_1_378' title='bbox 2203 2452 2502 2508; x_wconf 89' lang='lat' dir='ltr'><strong>cochleam</strong></span> <span class='ocrx_word' id='word_1_379' title='bbox 2556 2455 2839 2506; x_wconf 85' lang='lat' dir='ltr'><strong>secretam</strong></span> <span class='ocrx_word' id='word_1_380' title='bbox 2872 2447 3209 2505; x_wconf 89' lang='lat' dir='ltr'><strong>cubiculum</strong></span> <span class='ocrx_word' id='word_1_381' title='bbox 3255 2446 3522 2519; x_wconf 90' lang='lat' dir='ltr'><strong>octogoni</strong></span> <span class='ocrx_word' id='word_1_382' title='bbox 3556 2461 3731 2516; x_wconf 90' lang='lat' dir='ltr'><strong>prope</strong></span> <span class='ocrx_word' id='word_1_383' title='bbox 3789 2445 3849 2499; x_wconf 87' lang='lat' dir='ltr'><strong>S.</strong></span> 
     </span>
    </p>
   </div>
   <div class='ocr_carea' id='block_1_53' title="bbox 2205 2535 3852 2615">
    <p class='ocr_par' dir='ltr' id='par_1_53' title="bbox 2205 2535 3852 2615">
     <span class='ocr_line' id='line_1_53' title="bbox 2205 2535 3852 2615; baseline -0.006 -16"><span class='ocrx_word' id='word_1_384' title='bbox 2205 2541 2486 2615; x_wconf 87' lang='lat' dir='ltr'><strong>Stephani</strong></span> <span class='ocrx_word' id='word_1_385' title='bbox 2535 2541 2700 2614; x_wconf 89' lang='lat' dir='ltr'><strong>petit,</strong></span> <span class='ocrx_word' id='word_1_386' title='bbox 2731 2556 2798 2595; x_wconf 86' lang='lat' dir='ltr'><strong>ac</strong></span> <span class='ocrx_word' id='word_1_387' title='bbox 2847 2537 3167 2595; x_wconf 89' lang='lat' dir='ltr'><strong>triclinium</strong></span> <span class='ocrx_word' id='word_1_388' title='bbox 3215 2553 3315 2592; x_wconf 77' lang='lat' dir='ltr'><strong>xix</strong></span> <span class='ocrx_word' id='word_1_389' title='bbox 3357 2537 3729 2593; x_wconf 90' lang='lat' dir='ltr'><strong>accubituum</strong></span> <span class='ocrx_word' id='word_1_390' title='bbox 3761 2535 3852 2590; x_wconf 87' lang='lat' dir='ltr'><strong>in-</strong></span> 
     </span>
    </p>
   </div>
   <div class='ocr_carea' id='block_1_54' title="bbox 2207 2625 3856 2705">
    <p class='ocr_par' dir='ltr' id='par_1_54' title="bbox 2207 2625 3856 2705">
     <span class='ocr_line' id='line_1_54' title="bbox 2207 2625 3856 2705; baseline -0.005 -17"><span class='ocrx_word' id='word_1_391' title='bbox 2207 2648 2468 2705; x_wconf 85' lang='lat' dir='ltr'><strong>gressus,</strong></span> <span class='ocrx_word' id='word_1_392' title='bbox 2501 2632 2836 2686; x_wconf 74' lang='lat' dir='ltr'><strong>venerandae</strong></span> <span class='ocrx_word' id='word_1_393' title='bbox 2868 2643 3084 2685; x_wconf 69' lang='lat' dir='ltr'><strong>mense</strong></span> <span class='ocrx_word' id='word_1_394' title='bbox 3120 2643 3238 2683; x_wconf 75' lang='lat' dir='ltr'><strong>ausa</strong></span> <span class='ocrx_word' id='word_1_395' title='bbox 3269 2643 3403 2683; x_wconf 92' lang='lat' dir='ltr'><strong>cum</strong></span> <span class='ocrx_word' id='word_1_396' title='bbox 3437 2625 3721 2698; x_wconf 69' lang='lat' dir='ltr'><strong>praefectis</strong></span> <span class='ocrx_word' id='word_1_397' title='bbox 3751 2641 3856 2680; x_wconf 86' lang='lat' dir='ltr'><strong>cu-</strong></span> 
     </span>
    </p>
   </div>
   <div class='ocr_carea' id='block_1_55' title="bbox 2210 2715 3857 2785">
    <p class='ocr_par' dir='ltr' id='par_1_55' title="bbox 2210 2715 3857 2785">
     <span class='ocr_line' id='line_1_55' title="bbox 2210 2715 3857 2785; baseline -0.004 -9"><span class='ocrx_word' id='word_1_398' title='bbox 2210 2719 2423 2785; x_wconf 83' lang='lat' dir='ltr'><strong>biculo,</strong></span> <span class='ocrx_word' id='word_1_399' title='bbox 2445 2717 2769 2785; x_wconf 88' lang='lat' dir='ltr'><strong>sacellario,</strong></span> <span class='ocrx_word' id='word_1_400' title='bbox 2793 2717 3245 2773; x_wconf 87' lang='lat' dir='ltr'><strong>cerimoniarum</strong></span> <span class='ocrx_word' id='word_1_401' title='bbox 3283 2715 3557 2782; x_wconf 78' lang='lat' dir='ltr'><strong>magistro</strong></span> <span class='ocrx_word' id='word_1_402' title='bbox 3577 2721 3635 2770; x_wconf 88' lang='lat' dir='ltr'><strong>et</strong></span> <span class='ocrx_word' id='word_1_403' title='bbox 3659 2720 3857 2772; x_wconf 85' lang='lat' dir='ltr'><strong>actua-</strong></span> 
     </span>
    </p>
   </div>
   <div class='ocr_carea' id='block_1_56' title="bbox 2210 2803 3860 2876">
    <p class='ocr_par' dir='ltr' id='par_1_56' title="bbox 2210 2803 3860 2876">
     <span class='ocr_line' id='line_1_56' title="bbox 2210 2803 3860 2876; baseline -0.005 -10"><span class='ocrx_word' id='word_1_404' title='bbox 2210 2809 2296 2866; x_wconf 90' lang='lat' dir='ltr'><strong>rio</strong></span> <span class='ocrx_word' id='word_1_405' title='bbox 2317 2807 2634 2876; x_wconf 89' lang='lat' dir='ltr'><strong>accumbit,</strong></span> <span class='ocrx_word' id='word_1_406' title='bbox 2656 2807 2716 2862; x_wconf 92' lang='lat' dir='ltr'><strong>in</strong></span> <span class='ocrx_word' id='word_1_407' title='bbox 2742 2805 3118 2862; x_wconf 79' lang='lat' dir='ltr'><strong>inferioribus</strong></span> <span class='ocrx_word' id='word_1_408' title='bbox 3139 2804 3282 2860; x_wconf 90' lang='lat' dir='ltr'><strong>locis</strong></span> <span class='ocrx_word' id='word_1_409' title='bbox 3306 2804 3514 2860; x_wconf 83' lang='lat' dir='ltr'><strong>fratres</strong></span> <span class='ocrx_word' id='word_1_410' title='bbox 3547 2803 3728 2860; x_wconf 86' lang='lat' dir='ltr'><strong>nostri</strong></span> <span class='ocrx_word' id='word_1_411' title='bbox 3759 2820 3860 2874; x_wconf 87' lang='lat' dir='ltr'><strong>per</strong></span> 
     </span>
    </p>
   </div>
   <div class='ocr_carea' id='block_1_57' title="bbox 2210 2893 3865 2966">
    <p class='ocr_par' dir='ltr' id='par_1_57' title="bbox 2210 2893 3865 2966">
     <span class='ocr_line' id='line_1_57' title="bbox 2210 2893 3865 2966; baseline -0.004 -12"><span class='ocrx_word' id='word_1_412' title='bbox 2210 2899 2499 2955; x_wconf 88' lang='lat' dir='ltr'><strong>Christum</strong></span> <span class='ocrx_word' id='word_1_413' title='bbox 2533 2896 2827 2952; x_wconf 80' lang='lat' dir='ltr'><strong>adsident.</strong></span> <span class='ocrx_word' id='word_1_414' title='bbox 2853 2894 3179 2966; x_wconf 87' lang='lat' dir='ltr'><strong>Imperator</strong></span> <span class='ocrx_word' id='word_1_415' title='bbox 3199 2893 3410 2965; x_wconf 82' lang='lat' dir='ltr'><strong>surgit,</strong></span> <span class='ocrx_word' id='word_1_416' title='bbox 3433 2898 3490 2949; x_wconf 90' lang='lat' dir='ltr'><strong>et</strong></span> <span class='ocrx_word' id='word_1_417' title='bbox 3521 2894 3592 2950; x_wconf 88' lang='lat' dir='ltr'><strong>ad</strong></span> <span class='ocrx_word' id='word_1_418' title='bbox 3623 2893 3865 2950; x_wconf 82' lang='lat' dir='ltr'><strong>cubicu-</strong></span> 
     </span>
    </p>
   </div>
   <div class='ocr_carea' id='block_1_58' title="bbox 2217 2982 3867 3058">
    <p class='ocr_par' dir='ltr' id='par_1_58' title="bbox 2217 2982 3867 3058">
     <span class='ocr_line' id='line_1_58' title="bbox 2217 2982 3867 3058; baseline -0.004 -14"><span class='ocrx_word' id='word_1_419' title='bbox 2217 2989 2338 3044; x_wconf 89' lang='lat' dir='ltr'><strong>lum</strong></span> <span class='ocrx_word' id='word_1_420' title='bbox 2361 2986 2626 3058; x_wconf 88' lang='lat' dir='ltr'><strong>daphnes</strong></span> <span class='ocrx_word' id='word_1_421' title='bbox 2650 2999 3235 3056; x_wconf 80' lang='lat' dir='ltr'><strong>progressus,eagum</strong></span> <span class='ocrx_word' id='word_1_422' title='bbox 3260 2999 3432 3038; x_wconf 91' lang='lat' dir='ltr'><strong>suum</strong></span> <span class='ocrx_word' id='word_1_423' title='bbox 3456 2982 3668 3052; x_wconf 87' lang='lat' dir='ltr'><strong>induit,</strong></span> <span class='ocrx_word' id='word_1_424' title='bbox 3690 2986 3867 3054; x_wconf 86' lang='lat' dir='ltr'><strong>atque</strong></span> 
     </span>
    </p>
   </div>
   <div class='ocr_carea' id='block_1_59' title="bbox 2215 3071 3866 3146">
    <p class='ocr_par' dir='ltr' id='par_1_59' title="bbox 2215 3071 3866 3146">
     <span class='ocr_line' id='line_1_59' title="bbox 2215 3071 3866 3146; baseline -0.004 -12"><span class='ocrx_word' id='word_1_425' title='bbox 2215 3077 2589 3135; x_wconf 87' lang='lat' dir='ltr'><strong>cubiculariis</strong></span> <span class='ocrx_word' id='word_1_426' title='bbox 2631 3080 2687 3131; x_wconf 93' lang='lat' dir='ltr'><strong>et</strong></span> <span class='ocrx_word' id='word_1_427' title='bbox 2735 3074 2958 3146; x_wconf 90' lang='lat' dir='ltr'><strong>reliquo</strong></span> <span class='ocrx_word' id='word_1_428' title='bbox 3006 3073 3254 3129; x_wconf 87' lang='lat' dir='ltr'><strong>solemni</strong></span> <span class='ocrx_word' id='word_1_429' title='bbox 3293 3072 3578 3145; x_wconf 89' lang='lat' dir='ltr'><strong>obsequio</strong></span> <span class='ocrx_word' id='word_1_430' title='bbox 3615 3071 3866 3140; x_wconf 88' lang='lat' dir='ltr'><strong>cinctus,</strong></span> 
     </span>
    </p>
   </div>
   <div class='ocr_carea' id='block_1_60' title="bbox 2219 3163 3518 3241">
    <p class='ocr_par' dir='ltr' id='par_1_60' title="bbox 2219 3163 3518 3241">
     <span class='ocr_line' id='line_1_60' title="bbox 2219 3163 3518 3241; baseline -0.005 -16"><span class='ocrx_word' id='word_1_431' title='bbox 2219 3167 2501 3241; x_wconf 85' lang='lat' dir='ltr'><strong>palatium</strong></span> <span class='ocrx_word' id='word_1_432' title='bbox 2534 3181 2710 3221; x_wconf 90' lang='lat' dir='ltr'><strong>suum</strong></span> <span class='ocrx_word' id='word_1_433' title='bbox 2743 3182 2776 3220; x_wconf 88' lang='lat' dir='ltr'><strong>a</strong></span> <span class='ocrx_word' id='word_1_434' title='bbox 2810 3169 2922 3220; x_wconf 91' lang='lat' dir='ltr'><strong>Deo</strong></span> <span class='ocrx_word' id='word_1_435' title='bbox 2951 3163 3312 3221; x_wconf 89' lang='lat' dir='ltr'><strong>custoditum</strong></span> <span class='ocrx_word' id='word_1_436' title='bbox 3349 3164 3518 3234; x_wconf 89' lang='lat' dir='ltr'><strong>petit.</strong></span> 
     </span>
    </p>
   </div>
   <div class='ocr_carea' id='block_1_61' title="bbox 452 3248 3865 3336">
    <p class='ocr_par' dir='ltr' id='par_1_61' title="bbox 452 3248 3865 3336">
     <span class='ocr_line' id='line_1_61' title="bbox 452 3248 3865 3336; baseline -0.001 -29"><span class='ocrx_word' id='word_1_437' title='bbox 452 3249 544 3307; x_wconf 75' lang='grc' dir='ltr'>διὰ</span> <span class='ocrx_word' id='word_1_438' title='bbox 595 3255 826 3327; x_wconf 84' lang='grc' dir='ltr'>Χριστὸν</span> <span class='ocrx_word' id='word_1_439' title='bbox 874 3257 1037 3330; x_wconf 81' lang='grc' dir='ltr'><strong>ἡμῶν</strong></span> <span class='ocrx_word' id='word_1_440' title='bbox 1075 3254 1322 3336; x_wconf 75' lang='grc' dir='ltr'>ἀδελφοί.</span> <span class='ocrx_word' id='word_1_441' title='bbox 1358 3259 1457 3314; x_wconf 79' lang='grc' dir='ltr'><strong>Καὶ</strong></span> <span class='ocrx_word' id='word_1_442' title='bbox 1495 3257 1722 3321; x_wconf 77' lang='grc' dir='ltr'>ἀναστὰς</span> <span class='ocrx_word' id='word_1_443' title='bbox 1775 3260 1804 3313; x_wconf 89' lang='lat'><strong>6</strong></span> <span class='ocrx_word' id='word_1_444' title='bbox 1864 3257 2123 3333; x_wconf 78' lang='grc' dir='ltr'>βασιλεὺς</span> <span class='ocrx_word' id='word_1_445' title='bbox 2179 3259 2270 3312; x_wconf 89' lang='grc' dir='ltr'><strong>καὶ</strong></span> <span class='ocrx_word' id='word_1_446' title='bbox 2331 3253 2565 3326; x_wconf 73' lang='grc' dir='ltr'>ἐξελθὼν</span> <span class='ocrx_word' id='word_1_447' title='bbox 2625 3251 2925 3327; x_wconf 83' lang='grc' dir='ltr'>ἔμπροσθεν</span> <span class='ocrx_word' id='word_1_448' title='bbox 2991 3256 3088 3308; x_wconf 79' lang='grc' dir='ltr'>τοῦ</span> <span class='ocrx_word' id='word_1_449' title='bbox 3163 3254 3426 3312; x_wconf 81' lang='grc' dir='ltr'>κοιτῶνος</span> <span class='ocrx_word' id='word_1_450' title='bbox 3476 3253 3575 3336; x_wconf 74' lang='grc' dir='ltr'>τῆς</span> <span class='ocrx_word' id='word_1_451' title='bbox 3635 3248 3865 3329; x_wconf 80' lang='grc' dir='ltr'>δάφνης,</span> 
     </span>
    </p>
   </div>
   <div class='ocr_carea' id='block_1_62' title="bbox 449 3334 3869 3425">
    <p class='ocr_par' dir='ltr' id='par_1_62' title="bbox 449 3334 3869 3425">
     <span class='ocr_line' id='line_1_62' title="bbox 449 3334 3869 3425; baseline 0.003 -29"><span class='ocrx_word' id='word_1_452' title='bbox 449 3338 849 3418; x_wconf 74' lang='grc' dir='ltr'>περιϐάλλεται</span> <span class='ocrx_word' id='word_1_453' title='bbox 898 3345 962 3399; x_wconf 84' lang='lat'><strong>16</strong></span> <span class='ocrx_word' id='word_1_454' title='bbox 1013 3345 1210 3401; x_wconf 83' lang='grc' dir='ltr'>τούτου</span> <span class='ocrx_word' id='word_1_455' title='bbox 1278 3347 1487 3421; x_wconf 91' lang='grc' dir='ltr'>σαγίον,</span> <span class='ocrx_word' id='word_1_456' title='bbox 1545 3349 1635 3403; x_wconf 82' lang='grc' dir='ltr'><strong>καὶ</strong></span> <span class='ocrx_word' id='word_1_457' title='bbox 1695 3345 2117 3425; x_wconf 84' lang='grc' dir='ltr'>δηριγευόμενος</span> <span class='ocrx_word' id='word_1_458' title='bbox 2175 3348 2282 3403; x_wconf 73' lang='grc' dir='ltr'><strong>ἀπὸ</strong></span> <span class='ocrx_word' id='word_1_459' title='bbox 2338 3350 2434 3402; x_wconf 78' lang='grc' dir='ltr'>τοῦ</span> <span class='ocrx_word' id='word_1_460' title='bbox 2492 3339 2887 3400; x_wconf 75' lang='grc' dir='ltr'>κουὸουκλείου</span> <span class='ocrx_word' id='word_1_461' title='bbox 2925 3343 3015 3398; x_wconf 77' lang='grc' dir='ltr'>καὶ</span> <span class='ocrx_word' id='word_1_462' title='bbox 3057 3340 3270 3398; x_wconf 82' lang='grc' dir='ltr'>Αοιπῶν</span> <span class='ocrx_word' id='word_1_463' title='bbox 3306 3345 3413 3398; x_wconf 81' lang='grc' dir='ltr'><strong>τῶν</strong></span> <span class='ocrx_word' id='word_1_464' title='bbox 3453 3339 3506 3412; x_wconf 71' lang='grc' dir='ltr'><strong>ἐξ</strong></span> <span class='ocrx_word' id='word_1_465' title='bbox 3545 3334 3701 3405; x_wconf 65' lang='grc' dir='ltr'>ἔθους</span> <span class='ocrx_word' id='word_1_466' title='bbox 3740 3341 3869 3415; x_wconf 70' lang='grc' dir='ltr'><strong>ὄψι·</strong></span> 
     </span>
    </p>
   </div>
   <div class='ocr_carea' id='block_1_63' title="bbox 447 3430 2328 3515">
    <p class='ocr_par' dir='ltr' id='par_1_63' title="bbox 447 3430 2328 3515">
     <span class='ocr_line' id='line_1_63' title="bbox 447 3430 2328 3515; baseline 0.004 -27"><span class='ocrx_word' id='word_1_467' title='bbox 447 3433 717 3488; x_wconf 82' lang='grc' dir='ltr'>κευόντων</span> <span class='ocrx_word' id='word_1_468' title='bbox 756 3434 942 3503; x_wconf 78' lang='grc' dir='ltr'>αὐτὸν,</span> <span class='ocrx_word' id='word_1_469' title='bbox 985 3430 1204 3512; x_wconf 80' lang='grc' dir='ltr'>ἔρχεται</span> <span class='ocrx_word' id='word_1_470' title='bbox 1243 3434 1297 3491; x_wconf 71' lang='grc' dir='ltr'>ἄν</span> <span class='ocrx_word' id='word_1_471' title='bbox 1333 3441 1413 3508; x_wconf 83' lang='grc' dir='ltr'>τῷ</span> <span class='ocrx_word' id='word_1_472' title='bbox 1449 3437 1810 3515; x_wconf 71' lang='grc' dir='ltr'>θεοφυλάκτῳ</span> <span class='ocrx_word' id='word_1_473' title='bbox 1847 3437 2014 3493; x_wconf 73' lang='grc' dir='ltr'>αὐτοῦ</span> <span class='ocrx_word' id='word_1_474' title='bbox 2054 3437 2328 3510; x_wconf 85' lang='grc' dir='ltr'>παλατίῳ.</span> 
     </span>
    </p>
   </div>
   <div class='ocr_carea' id='block_1_64' title="bbox 522 3523 2176 3604">
    <p class='ocr_par' dir='ltr' id='par_1_64' title="bbox 522 3523 2176 3604">
     <span class='ocr_line' id='line_1_64' title="bbox 522 3523 2176 3604; baseline 0.002 -25"><span class='ocrx_word' id='word_1_475' title='bbox 522 3526 596 3581; x_wconf 89' lang='grc' dir='ltr'><strong>Δ’.</strong></span> <span class='ocrx_word' id='word_1_476' title='bbox 655 3527 782 3602; x_wconf 84' lang='grc' dir='ltr'>Χρή</span> <span class='ocrx_word' id='word_1_477' title='bbox 843 3523 902 3581; x_wconf 78' lang='grc' dir='ltr'>δὲ</span> <span class='ocrx_word' id='word_1_478' title='bbox 974 3525 1067 3582; x_wconf 85' lang='grc' dir='ltr'><strong>τὸν</strong></span> <span class='ocrx_word' id='word_1_479' title='bbox 1148 3526 1508 3601; x_wconf 88' lang='grc' dir='ltr'>πραιπόσιτον</span> <span class='ocrx_word' id='word_1_480' title='bbox 1579 3526 1951 3604; x_wconf 80' lang='grc' dir='ltr'>παραγγελίαν</span> <span class='ocrx_word' id='word_1_481' title='bbox 2010 3529 2100 3584; x_wconf 84' lang='grc' dir='ltr'><strong>καί</strong></span> <span class='ocrx_word' id='word_1_482' title='bbox 2133 3533 2176 3600; x_wconf 83' lang='lat' dir='ltr'>C</span> 
     </span>
    </p>
   </div>
   <div class='ocr_carea' id='block_1_65' title="bbox 446 3613 2103 3692">
    <p class='ocr_par' dir='ltr' id='par_1_65' title="bbox 446 3613 2103 3692">
     <span class='ocr_line' id='line_1_65' title="bbox 446 3613 2103 3692; baseline 0.002 -23"><span class='ocrx_word' id='word_1_483' title='bbox 446 3613 749 3692; x_wconf 68' lang='grc' dir='ltr'>ἀσφάλειαν</span> <span class='ocrx_word' id='word_1_484' title='bbox 803 3621 1031 3685; x_wconf 81' lang='grc' dir='ltr'>ποιῆσαι</span> <span class='ocrx_word' id='word_1_485' title='bbox 1079 3617 1216 3691; x_wconf 87' lang='grc' dir='ltr'>πρὸς</span> <span class='ocrx_word' id='word_1_486' title='bbox 1254 3617 1459 3679; x_wconf 87' lang='grc' dir='ltr'>πάντας</span> <span class='ocrx_word' id='word_1_487' title='bbox 1503 3615 1632 3679; x_wconf 81' lang='grc' dir='ltr'>τοὺς</span> <span class='ocrx_word' id='word_1_488' title='bbox 1696 3618 1792 3678; x_wconf 78' lang='grc' dir='ltr'>τὰς</span> <span class='ocrx_word' id='word_1_489' title='bbox 1853 3619 2103 3688; x_wconf 74' lang='grc' dir='ltr'>συνήθεις</span> 
     </span>
    </p>
   </div>
   <div class='ocr_carea' id='block_1_66' title="bbox 447 3700 2102 3780">
    <p class='ocr_par' dir='ltr' id='par_1_66' title="bbox 447 3700 2102 3780">
     <span class='ocr_line' id='line_1_66' title="bbox 447 3700 2102 3780; baseline 0.001 -21"><span class='ocrx_word' id='word_1_490' title='bbox 447 3702 501 3759; x_wconf 73' lang='grc' dir='ltr'><strong>ἰν</strong></span> <span class='ocrx_word' id='word_1_491' title='bbox 545 3708 626 3775; x_wconf 82' lang='grc' dir='ltr'>τῷ</span> <span class='ocrx_word' id='word_1_492' title='bbox 681 3700 1042 3778; x_wconf 81' lang='grc' dir='ltr'>ἱπποδρομίῳ</span> <span class='ocrx_word' id='word_1_493' title='bbox 1099 3703 1449 3770; x_wconf 81' lang='grc' dir='ltr'>ἐκτελοῦντας</span> <span class='ocrx_word' id='word_1_494' title='bbox 1497 3703 1771 3777; x_wconf 82' lang='grc' dir='ltr'>δουλείας,</span> <span class='ocrx_word' id='word_1_495' title='bbox 1817 3708 1945 3769; x_wconf 80' lang='grc' dir='ltr'>τοὺς</span> <span class='ocrx_word' id='word_1_496' title='bbox 2007 3707 2102 3780; x_wconf 75' lang='grc' dir='ltr'><strong>μὲν</strong></span> 
     </span>
    </p>
   </div>
   <div class='ocr_carea' id='block_1_67' title="bbox 449 3792 2100 3872">
    <p class='ocr_par' dir='ltr' id='par_1_67' title="bbox 449 3792 2100 3872">
     <span class='ocr_line' id='line_1_67' title="bbox 449 3792 2100 3872; baseline 0.003 -25"><span class='ocrx_word' id='word_1_497' title='bbox 449 3792 854 3868; x_wconf 83' lang='grc' dir='ltr'>μαγγαναρίους</span> <span class='ocrx_word' id='word_1_498' title='bbox 889 3795 966 3866; x_wconf 80' lang='grc' dir='ltr'>μὴ</span> <span class='ocrx_word' id='word_1_499' title='bbox 997 3795 1276 3867; x_wconf 84' lang='grc' dir='ltr'>τολμῆσαι</span> <span class='ocrx_word' id='word_1_500' title='bbox 1308 3795 1358 3868; x_wconf 76' lang='grc' dir='ltr'><strong>ἐξ</strong></span> <span class='ocrx_word' id='word_1_501' title='bbox 1400 3797 1655 3870; x_wconf 69' lang='grc' dir='ltr'>ἑκατέρου</span> <span class='ocrx_word' id='word_1_502' title='bbox 1690 3795 1889 3870; x_wconf 78' lang='grc' dir='ltr'>μέρους</span> <span class='ocrx_word' id='word_1_503' title='bbox 1949 3794 2100 3872; x_wconf 84' lang='grc' dir='ltr'>δῶρα</span> 
     </span>
    </p>
   </div>
   <div class='ocr_carea' id='block_1_68' title="bbox 442 3880 2096 3962">
    <p class='ocr_par' dir='ltr' id='par_1_68' title="bbox 442 3880 2096 3962">
     <span class='ocr_line' id='line_1_68' title="bbox 442 3880 2096 3962; baseline 0.001 -22"><span class='ocrx_word' id='word_1_504' title='bbox 442 3880 636 3940; x_wconf 76' lang='grc' dir='ltr'>λαϐεῖν</span> <span class='ocrx_word' id='word_1_505' title='bbox 677 3885 768 3940; x_wconf 85' lang='grc' dir='ltr'><strong>καὶ</strong></span> <span class='ocrx_word' id='word_1_506' title='bbox 825 3887 1051 3955; x_wconf 75' lang='grc' dir='ltr'>ποιῆσαι</span> <span class='ocrx_word' id='word_1_507' title='bbox 1095 3883 1284 3958; x_wconf 82' lang='grc' dir='ltr'>δόλον,</span> <span class='ocrx_word' id='word_1_508' title='bbox 1331 3885 1458 3950; x_wconf 75' lang='grc' dir='ltr'>τοὺς</span> <span class='ocrx_word' id='word_1_509' title='bbox 1510 3885 1567 3943; x_wconf 77' lang='grc' dir='ltr'>δὲ</span> <span class='ocrx_word' id='word_1_510' title='bbox 1614 3887 1933 3962; x_wconf 84' lang='grc' dir='ltr'>κούρσωρας</span> <span class='ocrx_word' id='word_1_511' title='bbox 1967 3886 2096 3950; x_wconf 75' lang='grc' dir='ltr'>τοὺς</span> 
     </span>
    </p>
   </div>
   <div class='ocr_carea' id='block_1_69' title="bbox 443 3971 2094 4052">
    <p class='ocr_par' dir='ltr' id='par_1_69' title="bbox 443 3971 2094 4052">
     <span class='ocr_line' id='line_1_69' title="bbox 443 3971 2094 4052; baseline 0.002 -23"><span class='ocrx_word' id='word_1_512' title='bbox 443 3971 754 4046; x_wconf 86' lang='grc' dir='ltr'>μέλλοντας</span> <span class='ocrx_word' id='word_1_513' title='bbox 814 3975 1028 4030; x_wconf 72' lang='grc' dir='ltr'>ἑστάναι</span> <span class='ocrx_word' id='word_1_514' title='bbox 1077 3975 1167 4030; x_wconf 83' lang='grc' dir='ltr'><strong>καί</strong></span> <span class='ocrx_word' id='word_1_515' title='bbox 1212 3983 1483 4051; x_wconf 79' lang='grc' dir='ltr'>κρατῆσαι</span> <span class='ocrx_word' id='word_1_516' title='bbox 1535 3975 1662 4041; x_wconf 72' lang='grc' dir='ltr'>τοὺς</span> <span class='ocrx_word' id='word_1_517' title='bbox 1723 3976 2094 4052; x_wconf 82' lang='grc' dir='ltr'>συμπερέστας</span> 
     </span>
    </p>
   </div>
   <div class='ocr_carea' id='block_1_70' title="bbox 434 4062 2096 4140">
    <p class='ocr_par' dir='ltr' id='par_1_70' title="bbox 434 4062 2096 4140">
     <span class='ocr_line' id='line_1_70' title="bbox 434 4062 2096 4140; baseline 0.003 -24"><span class='ocrx_word' id='word_1_518' title='bbox 434 4063 578 4138; x_wconf 83' lang='grc' dir='ltr'>πρὸς</span> <span class='ocrx_word' id='word_1_519' title='bbox 632 4063 697 4118; x_wconf 87' lang='grc' dir='ltr'>τὸ</span> <span class='ocrx_word' id='word_1_520' title='bbox 752 4062 1002 4138; x_wconf 75' lang='grc' dir='ltr'>κατέχειν</span> <span class='ocrx_word' id='word_1_521' title='bbox 1037 4063 1235 4126; x_wconf 79' lang='grc' dir='ltr'>αὐτοὺς</span> <span class='ocrx_word' id='word_1_522' title='bbox 1286 4063 1338 4120; x_wconf 87' lang='grc' dir='ltr'>έν</span> <span class='ocrx_word' id='word_1_523' title='bbox 1390 4064 1656 4140; x_wconf 69' lang='grc' dir='ltr'>ἀσφαλείᾳ</span> <span class='ocrx_word' id='word_1_524' title='bbox 1688 4065 1838 4128; x_wconf 78' lang='grc' dir='ltr'>ὅπως</span> <span class='ocrx_word' id='word_1_525' title='bbox 1881 4067 1960 4138; x_wconf 83' lang='grc' dir='ltr'>μὴ</span> <span class='ocrx_word' id='word_1_526' title='bbox 2009 4067 2096 4140; x_wconf 82' lang='grc' dir='ltr'>γέ·</span> 
     </span>
    </p>
   </div>
   <div class='ocr_carea' id='block_1_71' title="bbox 429 4149 2093 4231">
    <p class='ocr_par' dir='ltr' id='par_1_71' title="bbox 429 4149 2093 4231">
     <span class='ocr_line' id='line_1_71' title="bbox 429 4149 2093 4231; baseline 0.002 -24"><span class='ocrx_word' id='word_1_527' title='bbox 429 4151 600 4224; x_wconf 77' lang='grc' dir='ltr'>νηταί</span> <span class='ocrx_word' id='word_1_528' title='bbox 629 4174 681 4208; x_wconf 89' lang='grc' dir='ltr'>τι</span> <span class='ocrx_word' id='word_1_529' title='bbox 725 4150 954 4231; x_wconf 71' lang='grc' dir='ltr'>σφάλμα</span> <span class='ocrx_word' id='word_1_530' title='bbox 985 4149 1055 4208; x_wconf 83' lang='grc' dir='ltr'>δι’</span> <span class='ocrx_word' id='word_1_531' title='bbox 1086 4154 1282 4208; x_wconf 81' lang='grc' dir='ltr'><strong>αὐτῶν·</strong></span> <span class='ocrx_word' id='word_1_532' title='bbox 1323 4155 1534 4228; x_wconf 87' lang='grc' dir='ltr'>ὁμοίως</span> <span class='ocrx_word' id='word_1_533' title='bbox 1565 4155 1656 4210; x_wconf 84' lang='grc' dir='ltr'><strong>καὶ</strong></span> <span class='ocrx_word' id='word_1_534' title='bbox 1702 4154 1830 4216; x_wconf 80' lang='grc' dir='ltr'>τοὺς</span> <span class='ocrx_word' id='word_1_535' title='bbox 1863 4154 2093 4218; x_wconf 71' lang='grc' dir='ltr'>λοιποὺς</span> 
     </span>
    </p>
   </div>
   <div class='ocr_carea' id='block_1_72' title="bbox 429 4239 2093 4320">
    <p class='ocr_par' dir='ltr' id='par_1_72' title="bbox 429 4239 2093 4320">
     <span class='ocr_line' id='line_1_72' title="bbox 429 4239 2093 4320; baseline 0.002 -24"><span class='ocrx_word' id='word_1_536' title='bbox 429 4242 757 4316; x_wconf 89' lang='grc' dir='ltr'>κούρσωρας</span> <span class='ocrx_word' id='word_1_537' title='bbox 813 4242 941 4304; x_wconf 76' lang='grc' dir='ltr'>τοὺς</span> <span class='ocrx_word' id='word_1_538' title='bbox 1026 4243 1118 4298; x_wconf 87' lang='grc' dir='ltr'><strong>τὸν</strong></span> <span class='ocrx_word' id='word_1_539' title='bbox 1177 4239 1400 4317; x_wconf 72' lang='grc' dir='ltr'>εὔριπον</span> <span class='ocrx_word' id='word_1_540' title='bbox 1454 4246 1498 4280; x_wconf 77' lang='grc'><strong>⁸⁷</strong></span> <span class='ocrx_word' id='word_1_541' title='bbox 1551 4243 1882 4320; x_wconf 85' lang='grc' dir='ltr'>κατέχοντας</span> <span class='ocrx_word' id='word_1_542' title='bbox 1955 4245 2093 4318; x_wconf 78' lang='grc' dir='ltr'>πρὸς</span> 
     </span>
    </p>
   </div>
   <div class='ocr_carea' id='block_1_73' title="bbox 433 4328 2089 4403">
    <p class='ocr_par' dir='ltr' id='par_1_73' title="bbox 433 4328 2089 4403">
     <span class='ocr_line' id='line_1_73' title="bbox 433 4328 2089 4403; baseline 0 -17"><span class='ocrx_word' id='word_1_543' title='bbox 433 4331 500 4386; x_wconf 84' lang='grc' dir='ltr'><strong>τὸ</strong></span> <span class='ocrx_word' id='word_1_544' title='bbox 553 4331 628 4403; x_wconf 83' lang='grc' dir='ltr'>μή</span> <span class='ocrx_word' id='word_1_545' title='bbox 671 4328 820 4386; x_wconf 73' lang='grc' dir='ltr'>ἐᾶσαί</span> <span class='ocrx_word' id='word_1_546' title='bbox 854 4351 974 4386; x_wconf 86' lang='grc' dir='ltr'>τινα</span> <span class='ocrx_word' id='word_1_547' title='bbox 1013 4330 1294 4387; x_wconf 84' lang='grc' dir='ltr'>κατελθεῖν</span> <span class='ocrx_word' id='word_1_548' title='bbox 1342 4331 1431 4386; x_wconf 83' lang='grc' dir='ltr'><strong>καὶ</strong></span> <span class='ocrx_word' id='word_1_549' title='bbox 1480 4339 1710 4401; x_wconf 81' lang='grc' dir='ltr'>ποιῆσαι</span> <span class='ocrx_word' id='word_1_550' title='bbox 1742 4331 1968 4388; x_wconf 76' lang='grc' dir='ltr'>ἄτακτόν</span> <span class='ocrx_word' id='word_1_551' title='bbox 1999 4350 2089 4388; x_wconf 72' lang='grc' dir='ltr'><strong>τιο</strong></span> 
     </span>
    </p>
   </div>
   <div class='ocr_carea' id='block_1_74' title="bbox 441 4416 2090 4497">
    <p class='ocr_par' dir='ltr' id='par_1_74' title="bbox 441 4416 2090 4497">
     <span class='ocr_line' id='line_1_74' title="bbox 441 4416 2090 4497; baseline 0.002 -25"><span class='ocrx_word' id='word_1_552' title='bbox 441 4418 702 4482; x_wconf 81' lang='grc' dir='ltr'>ὡσαύτως</span> <span class='ocrx_word' id='word_1_553' title='bbox 766 4416 826 4475; x_wconf 79' lang='grc' dir='ltr'>δὲ</span> <span class='ocrx_word' id='word_1_554' title='bbox 877 4420 968 4474; x_wconf 86' lang='grc' dir='ltr'><strong>καὶ</strong></span> <span class='ocrx_word' id='word_1_555' title='bbox 1044 4419 1174 4482; x_wconf 82' lang='grc' dir='ltr'>τοὺς</span> <span class='ocrx_word' id='word_1_556' title='bbox 1251 4417 1506 4482; x_wconf 80' lang='grc' dir='ltr'>δεκανοὺς</span> <span class='ocrx_word' id='word_1_557' title='bbox 1557 4425 1654 4476; x_wconf 74' lang='grc' dir='ltr'><strong>τοῦ</strong></span> <span class='ocrx_word' id='word_1_558' title='bbox 1728 4419 1876 4497; x_wconf 80' lang='grc' dir='ltr'>ἔχειν</span> <span class='ocrx_word' id='word_1_559' title='bbox 1918 4425 2090 4476; x_wconf 84' lang='grc' dir='ltr'>πᾶσαν</span> 
     </span>
    </p>
   </div>
   <div class='ocr_carea' id='block_1_75' title="bbox 446 4506 2094 4588">
    <p class='ocr_par' dir='ltr' id='par_1_75' title="bbox 446 4506 2094 4588">
     <span class='ocr_line' id='line_1_75' title="bbox 446 4506 2094 4588; baseline 0.004 -29"><span class='ocrx_word' id='word_1_560' title='bbox 446 4506 739 4582; x_wconf 65' lang='grc' dir='ltr'>ἆσφάλειαν</span> <span class='ocrx_word' id='word_1_561' title='bbox 798 4509 876 4571; x_wconf 73' lang='grc' dir='ltr'><strong>εἴς</strong></span> <span class='ocrx_word' id='word_1_562' title='bbox 921 4529 981 4564; x_wconf 91' lang='grc' dir='ltr'>τε</span> <span class='ocrx_word' id='word_1_563' title='bbox 1034 4510 1132 4572; x_wconf 74' lang='grc' dir='ltr'>τὰς</span> <span class='ocrx_word' id='word_1_564' title='bbox 1183 4507 1482 4588; x_wconf 75' lang='grc' dir='ltr'>διασφαγάς</span> <span class='ocrx_word' id='word_1_565' title='bbox 1532 4511 1748 4574; x_wconf 81' lang='grc' dir='ltr'>καὶτὰς</span> <span class='ocrx_word' id='word_1_566' title='bbox 1777 4513 1941 4582; x_wconf 85' lang='grc' dir='ltr'>θύρας</span> <span class='ocrx_word' id='word_1_567' title='bbox 1997 4510 2094 4573; x_wconf 82' lang='grc' dir='ltr'><strong>τὰς</strong></span> 
     </span>
    </p>
   </div>
   <div class='ocr_carea' id='block_1_76' title="bbox 447 4592 2091 4677">
    <p class='ocr_par' dir='ltr' id='par_1_76' title="bbox 447 4592 2091 4677">
     <span class='ocr_line' id='line_1_76' title="bbox 447 4592 2091 4677; baseline 0.004 -30"><span class='ocrx_word' id='word_1_568' title='bbox 447 4592 733 4667; x_wconf 67' lang='grc' dir='ltr'>ἐξαγούσας</span> <span class='ocrx_word' id='word_1_569' title='bbox 782 4599 889 4653; x_wconf 82' lang='grc' dir='ltr'><strong>ἂπὸ</strong></span> <span class='ocrx_word' id='word_1_570' title='bbox 947 4604 1047 4667; x_wconf 84' lang='grc' dir='ltr'><strong>τῆς</strong></span> <span class='ocrx_word' id='word_1_571' title='bbox 1098 4597 1300 4677; x_wconf 72' lang='grc' dir='ltr'>κύφης,</span> <span class='ocrx_word' id='word_1_572' title='bbox 1331 4599 1480 4661; x_wconf 78' lang='grc' dir='ltr'>ὅπως</span> <span class='ocrx_word' id='word_1_573' title='bbox 1532 4601 1634 4673; x_wconf 80' lang='grc' dir='ltr'><strong>μή,</strong></span> <span class='ocrx_word' id='word_1_574' title='bbox 1681 4598 1956 4677; x_wconf 82' lang='grc' dir='ltr'>ἀγομένου</span> <span class='ocrx_word' id='word_1_575' title='bbox 1994 4603 2091 4654; x_wconf 76' lang='grc' dir='ltr'><strong>τοῦ</strong></span> 
     </span>
    </p>
   </div>
   <div class='ocr_carea' id='block_1_77' title="bbox 445 4683 2090 4764">
    <p class='ocr_par' dir='ltr' id='par_1_77' title="bbox 445 4683 2090 4764">
     <span class='ocr_line' id='line_1_77' title="bbox 445 4683 2090 4764; baseline 0.004 -28"><span class='ocrx_word' id='word_1_576' title='bbox 445 4683 780 4759; x_wconf 86' lang='grc' dir='ltr'>πράγματος,</span> <span class='ocrx_word' id='word_1_577' title='bbox 815 4686 1048 4758; x_wconf 78' lang='grc' dir='ltr'>ἐξελθών</span> <span class='ocrx_word' id='word_1_578' title='bbox 1086 4707 1171 4752; x_wconf 90' lang='grc' dir='ltr'><strong>τις</strong></span> <span class='ocrx_word' id='word_1_579' title='bbox 1221 4685 1609 4764; x_wconf 80' lang='grc' dir='ltr'>παρεμποδίσῃ</span> <span class='ocrx_word' id='word_1_580' title='bbox 1642 4691 1764 4744; x_wconf 74' lang='grc' dir='ltr'><strong>τινὰ</strong></span> <span class='ocrx_word' id='word_1_581' title='bbox 1807 4694 1915 4743; x_wconf 82' lang='grc' dir='ltr'><strong>τῶν</strong></span> <span class='ocrx_word' id='word_1_582' title='bbox 1958 4685 2090 4763; x_wconf 82' lang='grc' dir='ltr'>δρο-</span> 
     </span>
    </p>
   </div>
   <div class='ocr_carea' id='block_1_78' title="bbox 442 4770 2085 4854">
    <p class='ocr_par' dir='ltr' id='par_1_78' title="bbox 442 4770 2085 4854">
     <span class='ocr_line' id='line_1_78' title="bbox 442 4770 2085 4854; baseline 0.004 -28"><span class='ocrx_word' id='word_1_583' title='bbox 442 4771 629 4845; x_wconf 83' lang='grc' dir='ltr'><strong>μὲων’</strong></span> <span class='ocrx_word' id='word_1_584' title='bbox 659 4773 788 4838; x_wconf 75' lang='grc' dir='ltr'>τοὺς</span> <span class='ocrx_word' id='word_1_585' title='bbox 837 4772 894 4829; x_wconf 81' lang='grc' dir='ltr'>δὲ</span> <span class='ocrx_word' id='word_1_586' title='bbox 939 4775 1006 4830; x_wconf 84' lang='grc' dir='ltr'>τὰ</span> <span class='ocrx_word' id='word_1_587' title='bbox 1055 4770 1260 4852; x_wconf 73' lang='grc' dir='ltr'>ὄργανα</span> <span class='ocrx_word' id='word_1_588' title='bbox 1326 4779 1609 4853; x_wconf 65' lang='grc' dir='ltr'>φυσῶντες</span> <span class='ocrx_word' id='word_1_589' title='bbox 1660 4772 1948 4839; x_wconf 77' lang='grc' dir='ltr'>Σκλάϐους</span> <span class='ocrx_word' id='word_1_590' title='bbox 2009 4783 2085 4854; x_wconf 80' lang='grc' dir='ltr'>μή</span> 
     </span>
    </p>
   </div>
   <div class='ocr_carea' id='block_1_79' title="bbox 433 4860 2089 4940">
    <p class='ocr_par' dir='ltr' id='par_1_79' title="bbox 433 4860 2089 4940">
     <span class='ocr_line' id='line_1_79' title="bbox 433 4860 2089 4940; baseline 0.004 -23"><span class='ocrx_word' id='word_1_591' title='bbox 433 4863 532 4932; x_wconf 76' lang='grc' dir='ltr'><strong>ἒᾷν</strong></span> <span class='ocrx_word' id='word_1_592' title='bbox 556 4860 810 4927; x_wconf 78' lang='grc' dir='ltr'>’ίστασθαι</span> <span class='ocrx_word' id='word_1_593' title='bbox 843 4863 1036 4932; x_wconf 79' lang='grc' dir='ltr'>ἐκεῖσε,</span> <span class='ocrx_word' id='word_1_594' title='bbox 1067 4861 1195 4920; x_wconf 75' lang='grc' dir='ltr'>ἀλλ’</span> <span class='ocrx_word' id='word_1_595' title='bbox 1224 4865 1439 4940; x_wconf 82' lang='grc' dir='ltr'>ἀνάγειν</span> <span class='ocrx_word' id='word_1_596' title='bbox 1488 4866 1686 4929; x_wconf 76' lang='grc' dir='ltr'>αὐτοὺς</span> <span class='ocrx_word' id='word_1_597' title='bbox 1745 4867 1824 4929; x_wconf 84' lang='grc' dir='ltr'>εἷς</span> <span class='ocrx_word' id='word_1_598' title='bbox 1868 4869 1936 4923; x_wconf 77' lang='grc' dir='ltr'><strong>τά</strong></span> <span class='ocrx_word' id='word_1_599' title='bbox 1965 4891 2089 4924; x_wconf 82' lang='grc' dir='ltr'>σκα-</span> 
     </span>
    </p>
   </div>
   <div class='ocr_carea' id='block_1_80' title="bbox 432 4949 2096 5032">
    <p class='ocr_par' dir='ltr' id='par_1_80' title="bbox 432 4949 2096 5032">
     <span class='ocr_line' id='line_1_80' title="bbox 432 4949 2096 5032; baseline 0.004 -26"><span class='ocrx_word' id='word_1_600' title='bbox 432 4950 556 5019; x_wconf 85' lang='grc' dir='ltr'>λία,</span> <span class='ocrx_word' id='word_1_601' title='bbox 591 4951 668 5014; x_wconf 85' lang='grc' dir='ltr'>εἷς</span> <span class='ocrx_word' id='word_1_602' title='bbox 705 4949 762 5007; x_wconf 66' lang='grc' dir='ltr'>δὲ</span> <span class='ocrx_word' id='word_1_603' title='bbox 807 4955 904 5014; x_wconf 75' lang='grc' dir='ltr'>τὰς</span> <span class='ocrx_word' id='word_1_604' title='bbox 952 4953 1316 5027; x_wconf 75' lang='grc' dir='ltr'>παρασκευάς,</span> <span class='ocrx_word' id='word_1_605' title='bbox 1345 4952 1439 5008; x_wconf 74' lang='grc' dir='ltr'>’ίνα</span> <span class='ocrx_word' id='word_1_606' title='bbox 1490 4953 1738 5011; x_wconf 75' lang='grc' dir='ltr'>’ίστανται</span> <span class='ocrx_word' id='word_1_607' title='bbox 1785 4957 2096 5032; x_wconf 85' lang='grc' dir='ltr'>κούρσωρες</span> 
     </span>
    </p>
   </div>
   <div class='ocr_carea' id='block_1_81' title="bbox 425 5038 2088 5117">
    <p class='ocr_par' dir='ltr' id='par_1_81' title="bbox 425 5038 2088 5117">
     <span class='ocr_line' id='line_1_81' title="bbox 425 5038 2088 5117; baseline 0.003 -21"><span class='ocrx_word' id='word_1_608' title='bbox 425 5038 552 5109; x_wconf 70' lang='grc' dir='ltr'>δύο,</span> <span class='ocrx_word' id='word_1_609' title='bbox 585 5039 738 5103; x_wconf 76' lang='grc' dir='ltr'>ὅπως</span> <span class='ocrx_word' id='word_1_610' title='bbox 774 5043 851 5114; x_wconf 79' lang='grc' dir='ltr'>μὴ</span> <span class='ocrx_word' id='word_1_611' title='bbox 893 5040 1125 5115; x_wconf 81' lang='grc' dir='ltr'>ἐξελθών</span> <span class='ocrx_word' id='word_1_612' title='bbox 1165 5063 1245 5104; x_wconf 87' lang='grc' dir='ltr'>τις</span> <span class='ocrx_word' id='word_1_613' title='bbox 1287 5045 1498 5116; x_wconf 66' lang='grc' dir='ltr'>ποιήσῃ</span> <span class='ocrx_word' id='word_1_614' title='bbox 1545 5041 1809 5117; x_wconf 80' lang='grc' dir='ltr'>ἐμπόδιόν</span> <span class='ocrx_word' id='word_1_615' title='bbox 1838 5065 1924 5102; x_wconf 89' lang='grc' dir='ltr'><strong>τι·</strong></span> <span class='ocrx_word' id='word_1_616' title='bbox 1959 5049 2088 5110; x_wconf 80' lang='grc' dir='ltr'>τοὺς</span> 
     </span>
    </p>
   </div>
   <div class='ocr_carea' id='block_1_82' title="bbox 424 5126 2089 5208">
    <p class='ocr_par' dir='ltr' id='par_1_82' title="bbox 424 5126 2089 5208">
     <span class='ocr_line' id='line_1_82' title="bbox 424 5126 2089 5208; baseline 0.004 -24"><span class='ocrx_word' id='word_1_617' title='bbox 424 5126 486 5184; x_wconf 67' lang='grc' dir='ltr'>δὲ</span> <span class='ocrx_word' id='word_1_618' title='bbox 547 5127 793 5203; x_wconf 86' lang='grc' dir='ltr'>δημότας</span> <span class='ocrx_word' id='word_1_619' title='bbox 849 5131 939 5186; x_wconf 85' lang='grc' dir='ltr'><strong>καὶ</strong></span> <span class='ocrx_word' id='word_1_620' title='bbox 1006 5133 1136 5195; x_wconf 76' lang='grc' dir='ltr'>τοὺς</span> <span class='ocrx_word' id='word_1_621' title='bbox 1184 5132 1550 5208; x_wconf 78' lang='grc' dir='ltr'>βαστάζοντας</span> <span class='ocrx_word' id='word_1_622' title='bbox 1605 5135 1670 5188; x_wconf 79' lang='grc' dir='ltr'>τὰ</span> <span class='ocrx_word' id='word_1_623' title='bbox 1736 5134 1926 5208; x_wconf 77' lang='grc' dir='ltr'>ἱμάτια</span> <span class='ocrx_word' id='word_1_624' title='bbox 1980 5140 2089 5192; x_wconf 83' lang='grc' dir='ltr'>τῶν</span> 
     </span>
    </p>
   </div>
   <div class='ocr_carea' id='block_1_83' title="bbox 427 5217 2088 5301">
    <p class='ocr_par' dir='ltr' id='par_1_83' title="bbox 427 5217 2088 5301">
     <span class='ocr_line' id='line_1_83' title="bbox 427 5217 2088 5301; baseline 0.004 -26"><span class='ocrx_word' id='word_1_625' title='bbox 427 5217 704 5292; x_wconf 82' lang='grc' dir='ltr'>δρομέων,</span> <span class='ocrx_word' id='word_1_626' title='bbox 743 5241 818 5291; x_wconf 90' lang='grc' dir='ltr'><strong>μη</strong></span> <span class='ocrx_word' id='word_1_627' title='bbox 876 5219 967 5290; x_wconf 78' lang='grc' dir='ltr'>έᾷν</span> <span class='ocrx_word' id='word_1_628' title='bbox 1016 5219 1221 5284; x_wconf 74' lang='grc' dir='ltr'>αὐτοὺς</span> <span class='ocrx_word' id='word_1_629' title='bbox 1272 5221 1625 5297; x_wconf 76' lang='grc' dir='ltr'>κατέρχεσθαι</span> <span class='ocrx_word' id='word_1_630' title='bbox 1673 5223 1749 5285; x_wconf 86' lang='grc' dir='ltr'>εἷς</span> <span class='ocrx_word' id='word_1_631' title='bbox 1786 5224 1881 5286; x_wconf 79' lang='grc' dir='ltr'>τὰς</span> <span class='ocrx_word' id='word_1_632' title='bbox 1913 5246 2088 5301; x_wconf 89' lang='grc' dir='ltr'>παρα-</span> 
     </span>
    </p>
   </div>
   <div class='ocr_carea' id='block_1_84' title="bbox 431 5307 2084 5387">
    <p class='ocr_par' dir='ltr' id='par_1_84' title="bbox 431 5307 2084 5387">
     <span class='ocr_line' id='line_1_84' title="bbox 431 5307 2084 5387; baseline 0.004 -25"><span class='ocrx_word' id='word_1_633' title='bbox 431 5309 649 5376; x_wconf 78' lang='grc' dir='ltr'>σκευάς,</span> <span class='ocrx_word' id='word_1_634' title='bbox 683 5307 831 5365; x_wconf 79' lang='grc' dir='ltr'>ἀλλὰ</span> <span class='ocrx_word' id='word_1_635' title='bbox 887 5309 1068 5382; x_wconf 80' lang='grc' dir='ltr'>μένειν</span> <span class='ocrx_word' id='word_1_636' title='bbox 1123 5309 1320 5373; x_wconf 77' lang='grc' dir='ltr'><strong>αὐτοὺς</strong></span> <span class='ocrx_word' id='word_1_637' title='bbox 1380 5309 1526 5366; x_wconf 75' lang='grc' dir='ltr'><strong>ἅνω’</strong></span> <span class='ocrx_word' id='word_1_638' title='bbox 1559 5315 1667 5366; x_wconf 83' lang='grc' dir='ltr'>τῶν</span> <span class='ocrx_word' id='word_1_639' title='bbox 1709 5314 1754 5348; x_wconf 77' lang='grc'><strong>⁸⁸</strong></span> <span class='ocrx_word' id='word_1_640' title='bbox 1808 5315 2084 5387; x_wconf 88' lang='grc' dir='ltr'>τεσσάρων</span> 
     </span>
    </p>
   </div>
   <div class='ocr_carea' id='block_1_85' title="bbox 427 5397 2086 5478">
    <p class='ocr_par' dir='ltr' id='par_1_85' title="bbox 427 5397 2086 5478">
     <span class='ocr_line' id='line_1_85' title="bbox 427 5397 2086 5478; baseline 0.004 -28"><span class='ocrx_word' id='word_1_641' title='bbox 427 5399 730 5472; x_wconf 82' lang='grc' dir='ltr'>ταγμάτων</span> <span class='ocrx_word' id='word_1_642' title='bbox 784 5401 900 5473; x_wconf 79' lang='grc'><strong>(43)</strong></span> <span class='ocrx_word' id='word_1_643' title='bbox 948 5397 1079 5462; x_wconf 82' lang='grc' dir='ltr'>τοὺς</span> <span class='ocrx_word' id='word_1_644' title='bbox 1128 5398 1399 5476; x_wconf 75' lang='grc' dir='ltr'>ἄρχοντας</span> <span class='ocrx_word' id='word_1_645' title='bbox 1456 5399 1585 5464; x_wconf 78' lang='grc' dir='ltr'>τοὺς</span> <span class='ocrx_word' id='word_1_646' title='bbox 1649 5404 2086 5478; x_wconf 74' lang='grc' dir='ltr'>κατερχομένονς</span> 
     </span>
    </p>
   </div>
   <div class='ocr_carea' id='block_1_86' title="bbox 2288 3526 3866 3601">
    <p class='ocr_par' dir='ltr' id='par_1_86' title="bbox 2288 3526 3866 3601">
     <span class='ocr_line' id='line_1_86' title="bbox 2288 3526 3866 3601; baseline -0.003 -16"><span class='ocrx_word' id='word_1_647' title='bbox 2288 3529 2382 3585; x_wconf 91' lang='lat' dir='ltr'><strong>IV.</strong></span> <span class='ocrx_word' id='word_1_648' title='bbox 2425 3527 2808 3601; x_wconf 66' lang='lat' dir='ltr'><strong>Propositum</strong></span> <span class='ocrx_word' id='word_1_649' title='bbox 2858 3527 3138 3583; x_wconf 80' lang='lat' dir='ltr'><strong>mandata</strong></span> <span class='ocrx_word' id='word_1_650' title='bbox 3182 3526 3342 3594; x_wconf 88' lang='lat' dir='ltr'><strong>dare,</strong></span> <span class='ocrx_word' id='word_1_651' title='bbox 3372 3540 3697 3597; x_wconf 89' lang='lat' dir='ltr'><strong>omnesque</strong></span> <span class='ocrx_word' id='word_1_652' title='bbox 3725 3539 3866 3581; x_wconf 85' lang='lat' dir='ltr'><strong>con-</strong></span> 
     </span>
    </p>
   </div>
   <div class='ocr_carea' id='block_1_87' title="bbox 2213 3613 3866 3686">
    <p class='ocr_par' dir='ltr' id='par_1_87' title="bbox 2213 3613 3866 3686">
     <span class='ocr_line' id='line_1_87' title="bbox 2213 3613 3866 3686; baseline -0.002 -12"><span class='ocrx_word' id='word_1_653' title='bbox 2213 3622 2380 3674; x_wconf 85' lang='lat' dir='ltr'><strong>sueta</strong></span> <span class='ocrx_word' id='word_1_654' title='bbox 2406 3617 2730 3674; x_wconf 89' lang='lat' dir='ltr'><strong>ministeria</strong></span> <span class='ocrx_word' id='word_1_655' title='bbox 2761 3617 2822 3672; x_wconf 89' lang='lat' dir='ltr'><strong>in</strong></span> <span class='ocrx_word' id='word_1_656' title='bbox 2853 3615 3199 3672; x_wconf 88' lang='lat' dir='ltr'><strong>decursione</strong></span> <span class='ocrx_word' id='word_1_657' title='bbox 3226 3613 3486 3686; x_wconf 87' lang='lat' dir='ltr'><strong>equestri</strong></span> <span class='ocrx_word' id='word_1_658' title='bbox 3528 3619 3866 3685; x_wconf 86' lang='lat' dir='ltr'><strong>peracturos</strong></span> 
     </span>
    </p>
   </div>
   <div class='ocr_carea' id='block_1_88' title="bbox 2209 3702 3863 3777">
    <p class='ocr_par' dir='ltr' id='par_1_88' title="bbox 2209 3702 3863 3777">
     <span class='ocr_line' id='line_1_88' title="bbox 2209 3702 3863 3777; baseline -0.004 -14"><span class='ocrx_word' id='word_1_659' title='bbox 2209 3722 2576 3763; x_wconf 86' lang='lat' dir='ltr'><strong>commonere</strong></span> <span class='ocrx_word' id='word_1_660' title='bbox 2621 3710 2851 3777; x_wconf 89' lang='lat' dir='ltr'><strong>oportet</strong></span> <span class='ocrx_word' id='word_1_661' title='bbox 2885 3721 2899 3760; x_wconf 89' lang='lat'><strong>:</strong></span> <span class='ocrx_word' id='word_1_662' title='bbox 2934 3705 3353 3776; x_wconf 89' lang='lat' dir='ltr'><strong>manganarios</strong></span> <span class='ocrx_word' id='word_1_663' title='bbox 3385 3703 3651 3774; x_wconf 86' lang='lat' dir='ltr'><strong>quidem,</strong></span> <span class='ocrx_word' id='word_1_664' title='bbox 3687 3717 3760 3759; x_wconf 90' lang='lat' dir='ltr'><strong>ne</strong></span> <span class='ocrx_word' id='word_1_665' title='bbox 3787 3702 3863 3758; x_wconf 88' lang='lat' dir='ltr'><strong>ab</strong></span> 
     </span>
    </p>
   </div>
   <div class='ocr_carea' id='block_1_89' title="bbox 2206 3792 3864 3868">
    <p class='ocr_par' dir='ltr' id='par_1_89' title="bbox 2206 3792 3864 3868">
     <span class='ocr_line' id='line_1_89' title="bbox 2206 3792 3864 3868; baseline -0.003 -16"><span class='ocrx_word' id='word_1_666' title='bbox 2206 3797 2389 3852; x_wconf 88' lang='lat' dir='ltr'><strong>altera</strong></span> <span class='ocrx_word' id='word_1_667' title='bbox 2420 3802 2583 3868; x_wconf 87' lang='lat' dir='ltr'><strong>parte</strong></span> <span class='ocrx_word' id='word_1_668' title='bbox 2621 3797 2774 3851; x_wconf 88' lang='lat' dir='ltr'><strong>dona</strong></span> <span class='ocrx_word' id='word_1_669' title='bbox 2799 3810 3033 3850; x_wconf 89' lang='lat' dir='ltr'><strong>sumere</strong></span> <span class='ocrx_word' id='word_1_670' title='bbox 3063 3793 3346 3866; x_wconf 89' lang='lat' dir='ltr'><strong>dolosque</strong></span> <span class='ocrx_word' id='word_1_671' title='bbox 3367 3792 3732 3848; x_wconf 87' lang='lat' dir='ltr'><strong>committere</strong></span> <span class='ocrx_word' id='word_1_672' title='bbox 3757 3809 3864 3847; x_wconf 88' lang='lat' dir='ltr'><strong>au-</strong></span> 
     </span>
    </p>
   </div>
   <div class='ocr_carea' id='block_1_90' title="bbox 2205 3883 3862 3955">
    <p class='ocr_par' dir='ltr' id='par_1_90' title="bbox 2205 3883 3862 3955">
     <span class='ocr_line' id='line_1_90' title="bbox 2205 3883 3862 3955; baseline -0.003 -14"><span class='ocrx_word' id='word_1_673' title='bbox 2205 3887 2384 3941; x_wconf 89' lang='lat' dir='ltr'><strong>deant</strong></span> <span class='ocrx_word' id='word_1_674' title='bbox 2414 3906 2429 3945; x_wconf 88' lang='lat'><strong>:</strong></span> <span class='ocrx_word' id='word_1_675' title='bbox 2482 3901 2774 3952; x_wconf 90' lang='lat' dir='ltr'><strong>cursores,</strong></span> <span class='ocrx_word' id='word_1_676' title='bbox 2807 3883 2905 3955; x_wconf 91' lang='lat' dir='ltr'><strong>qui</strong></span> <span class='ocrx_word' id='word_1_677' title='bbox 2953 3891 3104 3938; x_wconf 87' lang='lat' dir='ltr'><strong>stare</strong></span> <span class='ocrx_word' id='word_1_678' title='bbox 3150 3889 3208 3939; x_wconf 88' lang='lat' dir='ltr'><strong>et</strong></span> <span class='ocrx_word' id='word_1_679' title='bbox 3236 3885 3634 3953; x_wconf 78' lang='lat' dir='ltr'><strong>symperestas</strong></span> <span class='ocrx_word' id='word_1_680' title='bbox 3665 3884 3862 3936; x_wconf 91' lang='lat' dir='ltr'><strong>tenere</strong></span> 
     </span>
    </p>
   </div>
   <div class='ocr_carea' id='block_1_91' title="bbox 2204 3971 3864 4043">
    <p class='ocr_par' dir='ltr' id='par_1_91' title="bbox 2204 3971 3864 4043">
     <span class='ocr_line' id='line_1_91' title="bbox 2204 3971 3864 4043; baseline -0.004 -12"><span class='ocrx_word' id='word_1_681' title='bbox 2204 3976 2438 4043; x_wconf 89' lang='lat' dir='ltr'><strong>debent,</strong></span> <span class='ocrx_word' id='word_1_682' title='bbox 2464 3981 2527 4030; x_wconf 91' lang='lat' dir='ltr'><strong>ut</strong></span> <span class='ocrx_word' id='word_1_683' title='bbox 2560 3975 2663 4029; x_wconf 89' lang='lat' dir='ltr'><strong>hos</strong></span> <span class='ocrx_word' id='word_1_684' title='bbox 2697 3975 2753 4028; x_wconf 91' lang='lat' dir='ltr'><strong>in</strong></span> <span class='ocrx_word' id='word_1_685' title='bbox 2789 3972 2994 4028; x_wconf 91' lang='lat' dir='ltr'><strong>ordine</strong></span> <span class='ocrx_word' id='word_1_686' title='bbox 3023 3971 3380 4036; x_wconf 90' lang='lat' dir='ltr'><strong>contineant,</strong></span> <span class='ocrx_word' id='word_1_687' title='bbox 3412 3985 3483 4024; x_wconf 89' lang='lat' dir='ltr'><strong>ne</strong></span> <span class='ocrx_word' id='word_1_688' title='bbox 3514 3985 3617 4041; x_wconf 91' lang='lat' dir='ltr'><strong>per</strong></span> <span class='ocrx_word' id='word_1_689' title='bbox 3643 3985 3743 4024; x_wconf 88' lang='lat' dir='ltr'><strong>eos</strong></span> <span class='ocrx_word' id='word_1_690' title='bbox 3774 3985 3864 4024; x_wconf 89' lang='lat' dir='ltr'><strong>er-</strong></span> 
     </span>
    </p>
   </div>
   <div class='ocr_carea' id='block_1_92' title="bbox 2204 4058 3860 4134">
    <p class='ocr_par' dir='ltr' id='par_1_92' title="bbox 2204 4058 3860 4134">
     <span class='ocr_line' id='line_1_92' title="bbox 2204 4058 3860 4134; baseline -0.004 -14"><span class='ocrx_word' id='word_1_691' title='bbox 2204 4082 2296 4120; x_wconf 90' lang='lat' dir='ltr'><strong>ror</strong></span> <span class='ocrx_word' id='word_1_692' title='bbox 2329 4064 2764 4130; x_wconf 82' lang='lat' dir='ltr'><strong>committatur;</strong></span> <span class='ocrx_word' id='word_1_693' title='bbox 2792 4063 3007 4134; x_wconf 87' lang='lat' dir='ltr'><strong>pariter</strong></span> <span class='ocrx_word' id='word_1_694' title='bbox 3035 4065 3260 4116; x_wconf 90' lang='lat' dir='ltr'><strong>ceteros</strong></span> <span class='ocrx_word' id='word_1_695' title='bbox 3290 4075 3558 4114; x_wconf 89' lang='lat' dir='ltr'><strong>cursores</strong></span> <span class='ocrx_word' id='word_1_696' title='bbox 3578 4058 3860 4129; x_wconf 87' lang='lat' dir='ltr'><strong>Euripum</strong></span> 
     </span>
    </p>
   </div>
   <div class='ocr_carea' id='block_1_93' title="bbox 2201 4147 3861 4225">
    <p class='ocr_par' dir='ltr' id='par_1_93' title="bbox 2201 4147 3861 4225">
     <span class='ocr_line' id='line_1_93' title="bbox 2201 4147 3861 4225; baseline -0.005 -16"><span class='ocrx_word' id='word_1_697' title='bbox 2201 4158 2578 4225; x_wconf 80' lang='lat' dir='ltr'><strong>occupantes,</strong></span> <span class='ocrx_word' id='word_1_698' title='bbox 2596 4169 2668 4207; x_wconf 90' lang='lat' dir='ltr'><strong>ne</strong></span> <span class='ocrx_word' id='word_1_699' title='bbox 2691 4150 2786 4206; x_wconf 91' lang='lat' dir='ltr'><strong>cui</strong></span> <span class='ocrx_word' id='word_1_700' title='bbox 2817 4149 3170 4206; x_wconf 76' lang='lat' dir='ltr'><strong>descendere</strong></span> <span class='ocrx_word' id='word_1_701' title='bbox 3197 4153 3257 4203; x_wconf 88' lang='lat' dir='ltr'><strong>et</strong></span> <span class='ocrx_word' id='word_1_702' title='bbox 3283 4147 3505 4218; x_wconf 90' lang='lat' dir='ltr'><strong>aliquid</strong></span> <span class='ocrx_word' id='word_1_703' title='bbox 3533 4153 3736 4204; x_wconf 88' lang='lat' dir='ltr'><strong>contra</strong></span> <span class='ocrx_word' id='word_1_704' title='bbox 3763 4164 3861 4202; x_wconf 89' lang='lat' dir='ltr'><strong>or-</strong></span> 
     </span>
    </p>
   </div>
   <div class='ocr_carea' id='block_1_94' title="bbox 2203 4237 3852 4313">
    <p class='ocr_par' dir='ltr' id='par_1_94' title="bbox 2203 4237 3852 4313">
     <span class='ocr_line' id='line_1_94' title="bbox 2203 4237 3852 4313; baseline -0.004 -17"><span class='ocrx_word' id='word_1_705' title='bbox 2203 4243 2400 4298; x_wconf 87' lang='lat' dir='ltr'><strong>dinem</strong></span> <span class='ocrx_word' id='word_1_706' title='bbox 2425 4257 2595 4313; x_wconf 87' lang='lat' dir='ltr'><strong>agere</strong></span> <span class='ocrx_word' id='word_1_707' title='bbox 2618 4239 2994 4312; x_wconf 81' lang='lat' dir='ltr'><strong>permittant;</strong></span> <span class='ocrx_word' id='word_1_708' title='bbox 3023 4237 3298 4294; x_wconf 90' lang='lat' dir='ltr'><strong>similiter</strong></span> <span class='ocrx_word' id='word_1_709' title='bbox 3317 4239 3570 4292; x_wconf 88' lang='lat' dir='ltr'><strong>decanos</strong></span> <span class='ocrx_word' id='word_1_710' title='bbox 3599 4241 3852 4302; x_wconf 88' lang='lat' dir='ltr'><strong>moneat,</strong></span> 
     </span>
    </p>
   </div>
   <div class='ocr_carea' id='block_1_95' title="bbox 2202 4325 3854 4400">
    <p class='ocr_par' dir='ltr' id='par_1_95' title="bbox 2202 4325 3854 4400">
     <span class='ocr_line' id='line_1_95' title="bbox 2202 4325 3854 4400; baseline -0.002 -14"><span class='ocrx_word' id='word_1_711' title='bbox 2202 4337 2266 4386; x_wconf 90' lang='lat' dir='ltr'><strong>ut</strong></span> <span class='ocrx_word' id='word_1_712' title='bbox 2296 4333 2452 4387; x_wconf 91' lang='lat' dir='ltr'><strong>omni</strong></span> <span class='ocrx_word' id='word_1_713' title='bbox 2487 4346 2627 4388; x_wconf 86' lang='lat' dir='ltr'><strong>cura</strong></span> <span class='ocrx_word' id='word_1_714' title='bbox 2658 4328 2845 4385; x_wconf 87' lang='lat' dir='ltr'><strong>lineas</strong></span> <span class='ocrx_word' id='word_1_715' title='bbox 2887 4330 3220 4400; x_wconf 88' lang='lat' dir='ltr'><strong>januasque</strong></span> <span class='ocrx_word' id='word_1_716' title='bbox 3249 4343 3285 4383; x_wconf 89' lang='lat' dir='ltr'><strong>a</strong></span> <span class='ocrx_word' id='word_1_717' title='bbox 3327 4325 3511 4398; x_wconf 83' lang='lat' dir='ltr'><strong>cyphe</strong></span> <span class='ocrx_word' id='word_1_718' title='bbox 3539 4327 3854 4383; x_wconf 91' lang='lat' dir='ltr'><strong>educentes</strong></span> 
     </span>
    </p>
   </div>
   <div class='ocr_carea' id='block_1_96' title="bbox 2200 4413 3856 4491">
    <p class='ocr_par' dir='ltr' id='par_1_96' title="bbox 2200 4413 3856 4491">
     <span class='ocr_line' id='line_1_96' title="bbox 2200 4413 3856 4491; baseline -0.004 -15"><span class='ocrx_word' id='word_1_719' title='bbox 2200 4421 2559 4491; x_wconf 87' lang='lat' dir='ltr'><strong>custodiant,</strong></span> <span class='ocrx_word' id='word_1_720' title='bbox 2586 4434 2676 4485; x_wconf 90' lang='lat' dir='ltr'><strong>ne,</strong></span> <span class='ocrx_word' id='word_1_721' title='bbox 2697 4420 2836 4474; x_wconf 89' lang='lat' dir='ltr'><strong>dum</strong></span> <span class='ocrx_word' id='word_1_722' title='bbox 2860 4415 3261 4488; x_wconf 88' lang='lat' dir='ltr'><strong>spectaculum</strong></span> <span class='ocrx_word' id='word_1_723' title='bbox 3284 4417 3498 4482; x_wconf 89' lang='lat' dir='ltr'><strong>editur,</strong></span> <span class='ocrx_word' id='word_1_724' title='bbox 3521 4413 3856 4485; x_wconf 80' lang='lat' dir='ltr'><strong>egrediatur</strong></span> 
     </span>
    </p>
   </div>
   <div class='ocr_carea' id='block_1_97' title="bbox 2201 4503 3853 4581">
    <p class='ocr_par' dir='ltr' id='par_1_97' title="bbox 2201 4503 3853 4581">
     <span class='ocr_line' id='line_1_97' title="bbox 2201 4503 3853 4581; baseline -0.005 -15"><span class='ocrx_word' id='word_1_725' title='bbox 2201 4509 2434 4581; x_wconf 88' lang='lat' dir='ltr'><strong>aliquis.</strong></span> <span class='ocrx_word' id='word_1_726' title='bbox 2468 4513 2527 4564; x_wconf 89' lang='lat' dir='ltr'><strong>et</strong></span> <span class='ocrx_word' id='word_1_727' title='bbox 2554 4522 2819 4563; x_wconf 87' lang='lat' dir='ltr'><strong>cursores</strong></span> <span class='ocrx_word' id='word_1_728' title='bbox 2869 4506 3150 4579; x_wconf 88' lang='lat' dir='ltr'><strong>impediat</strong></span> <span class='ocrx_word' id='word_1_729' title='bbox 3182 4517 3197 4553; x_wconf 70' lang='grc' dir='ltr'><strong>τ</strong></span> <span class='ocrx_word' id='word_1_730' title='bbox 3236 4503 3468 4559; x_wconf 85' lang='lat' dir='ltr'><strong>Sclavos</strong></span> <span class='ocrx_word' id='word_1_731' title='bbox 3495 4517 3730 4573; x_wconf 88' lang='lat' dir='ltr'><strong>quoque</strong></span> <span class='ocrx_word' id='word_1_732' title='bbox 3759 4519 3853 4560; x_wconf 86' lang='lat' dir='ltr'><strong>or-</strong></span> 
     </span>
    </p>
   </div>
   <div class='ocr_carea' id='block_1_98' title="bbox 2201 4590 3854 4672">
    <p class='ocr_par' dir='ltr' id='par_1_98' title="bbox 2201 4590 3854 4672">
     <span class='ocr_line' id='line_1_98' title="bbox 2201 4590 3854 4672; baseline -0.006 -17"><span class='ocrx_word' id='word_1_733' title='bbox 2201 4614 2352 4672; x_wconf 85' lang='lat' dir='ltr'><strong>gana</strong></span> <span class='ocrx_word' id='word_1_734' title='bbox 2383 4599 2692 4654; x_wconf 81' lang='lat' dir='ltr'><strong>inﬂaturos</strong></span> <span class='ocrx_word' id='word_1_735' title='bbox 2723 4597 2803 4651; x_wconf 90' lang='lat' dir='ltr'><strong>ibi</strong></span> <span class='ocrx_word' id='word_1_736' title='bbox 2835 4600 2986 4652; x_wconf 86' lang='lat' dir='ltr'><strong>stare</strong></span> <span class='ocrx_word' id='word_1_737' title='bbox 3009 4611 3122 4650; x_wconf 89' lang='lat' dir='ltr'><strong>non</strong></span> <span class='ocrx_word' id='word_1_738' title='bbox 3146 4593 3322 4658; x_wconf 86' lang='lat' dir='ltr'><strong>sinat,</strong></span> <span class='ocrx_word' id='word_1_739' title='bbox 3346 4592 3446 4648; x_wconf 89' lang='lat' dir='ltr'><strong>sed</strong></span> <span class='ocrx_word' id='word_1_740' title='bbox 3471 4592 3530 4646; x_wconf 92' lang='lat' dir='ltr'><strong>in</strong></span> <span class='ocrx_word' id='word_1_741' title='bbox 3562 4590 3754 4646; x_wconf 84' lang='lat' dir='ltr'><strong>scalas</strong></span> <span class='ocrx_word' id='word_1_742' title='bbox 3785 4603 3854 4645; x_wconf 88' lang='lat' dir='ltr'><strong>ac</strong></span> 
     </span>
    </p>
   </div>
   <div class='ocr_carea' id='block_1_99' title="bbox 2200 4681 3850 4758">
    <p class='ocr_par' dir='ltr' id='par_1_99' title="bbox 2200 4681 3850 4758">
     <span class='ocr_line' id='line_1_99' title="bbox 2200 4681 3850 4758; baseline -0.007 -11"><span class='ocrx_word' id='word_1_743' title='bbox 2200 4690 2482 4757; x_wconf 87' lang='lat' dir='ltr'><strong>tabulata,</strong></span> <span class='ocrx_word' id='word_1_744' title='bbox 2505 4689 2602 4745; x_wconf 91' lang='lat' dir='ltr'><strong>ubi</strong></span> <span class='ocrx_word' id='word_1_745' title='bbox 2636 4690 2753 4745; x_wconf 88' lang='lat' dir='ltr'><strong>duo</strong></span> <span class='ocrx_word' id='word_1_746' title='bbox 2784 4703 3052 4744; x_wconf 88' lang='lat' dir='ltr'><strong>cursores</strong></span> <span class='ocrx_word' id='word_1_747' title='bbox 3070 4689 3278 4758; x_wconf 71' lang='lat' dir='ltr'><strong>praesto</strong></span> <span class='ocrx_word' id='word_1_748' title='bbox 3302 4687 3458 4749; x_wconf 87' lang='lat' dir='ltr'><strong>sunt,</strong></span> <span class='ocrx_word' id='word_1_749' title='bbox 3480 4681 3754 4746; x_wconf 87' lang='lat' dir='ltr'><strong>deducat,</strong></span> <span class='ocrx_word' id='word_1_750' title='bbox 3779 4696 3850 4736; x_wconf 78' lang='lat' dir='ltr'><strong>ne</strong></span> 
     </span>
    </p>
   </div>
   <div class='ocr_carea' id='block_1_100' title="bbox 2199 4769 3848 4854">
    <p class='ocr_par' dir='ltr' id='par_1_100' title="bbox 2199 4769 3848 4854">
     <span class='ocr_line' id='line_1_100' title="bbox 2199 4769 3848 4854; baseline -0.008 -17"><span class='ocrx_word' id='word_1_751' title='bbox 2199 4783 2333 4854; x_wconf 90' lang='lat' dir='ltr'><strong>quis</strong></span> <span class='ocrx_word' id='word_1_752' title='bbox 2373 4796 2650 4852; x_wconf 84' lang='lat' dir='ltr'><strong>egressus</strong></span> <span class='ocrx_word' id='word_1_753' title='bbox 2699 4777 3185 4850; x_wconf 88' lang='lat' dir='ltr'><strong>impedimentum</strong></span> <span class='ocrx_word' id='word_1_754' title='bbox 3237 4773 3425 4829; x_wconf 90' lang='lat' dir='ltr'><strong>ullum</strong></span> <span class='ocrx_word' id='word_1_755' title='bbox 3459 4771 3680 4842; x_wconf 85' lang='lat' dir='ltr'><strong>injiciat</strong></span> <span class='ocrx_word' id='word_1_756' title='bbox 3713 4788 3730 4838; x_wconf 85' lang='lat'><strong>;</strong></span> <span class='ocrx_word' id='word_1_757' title='bbox 3762 4769 3848 4825; x_wconf 76' lang='lat' dir='ltr'><strong>fu-</strong></span> 
     </span>
    </p>
   </div>
   <div class='ocr_carea' id='block_1_101' title="bbox 2202 4860 3850 4940">
    <p class='ocr_par' dir='ltr' id='par_1_101' title="bbox 2202 4860 3850 4940">
     <span class='ocr_line' id='line_1_101' title="bbox 2202 4860 3850 4940; baseline -0.008 -13"><span class='ocrx_word' id='word_1_758' title='bbox 2202 4871 2524 4936; x_wconf 87' lang='lat' dir='ltr'><strong>ctionariis,</strong></span> <span class='ocrx_word' id='word_1_759' title='bbox 2556 4875 2611 4924; x_wconf 89' lang='lat' dir='ltr'><strong>et</strong></span> <span class='ocrx_word' id='word_1_760' title='bbox 2646 4869 2749 4940; x_wconf 91' lang='lat' dir='ltr'><strong>qui</strong></span> <span class='ocrx_word' id='word_1_761' title='bbox 2798 4873 2988 4923; x_wconf 87' lang='lat' dir='ltr'><strong>vestes</strong></span> <span class='ocrx_word' id='word_1_762' title='bbox 3017 4879 3320 4922; x_wconf 89' lang='lat' dir='ltr'><strong>cursorum</strong></span> <span class='ocrx_word' id='word_1_763' title='bbox 3356 4867 3608 4933; x_wconf 87' lang='lat' dir='ltr'><strong>portant,</strong></span> <span class='ocrx_word' id='word_1_764' title='bbox 3641 4860 3712 4916; x_wconf 87' lang='lat' dir='ltr'><strong>ad</strong></span> <span class='ocrx_word' id='word_1_765' title='bbox 3762 4865 3850 4915; x_wconf 84' lang='lat' dir='ltr'><strong>ta-</strong></span> 
     </span>
    </p>
   </div>
   <div class='ocr_carea' id='block_1_102' title="bbox 2205 4953 3852 5025">
    <p class='ocr_par' dir='ltr' id='par_1_102' title="bbox 2205 4953 3852 5025">
     <span class='ocr_line' id='line_1_102' title="bbox 2205 4953 3852 5025; baseline -0.007 -10"><span class='ocrx_word' id='word_1_766' title='bbox 2205 4959 2406 5016; x_wconf 87' lang='lat' dir='ltr'><strong>bulata</strong></span> <span class='ocrx_word' id='word_1_767' title='bbox 2447 4959 2763 5014; x_wconf 86' lang='lat' dir='ltr'><strong>ascendere</strong></span> <span class='ocrx_word' id='word_1_768' title='bbox 2795 4971 2910 5010; x_wconf 91' lang='lat' dir='ltr'><strong>non</strong></span> <span class='ocrx_word' id='word_1_769' title='bbox 2959 4953 3278 5025; x_wconf 82' lang='lat' dir='ltr'><strong>permittat,</strong></span> <span class='ocrx_word' id='word_1_770' title='bbox 3312 4953 3410 5008; x_wconf 87' lang='lat' dir='ltr'><strong>sed</strong></span> <span class='ocrx_word' id='word_1_771' title='bbox 3466 4967 3648 5022; x_wconf 84' lang='lat' dir='ltr'><strong>supra</strong></span> <span class='ocrx_word' id='word_1_772' title='bbox 3693 4954 3852 5005; x_wconf 90' lang='lat' dir='ltr'><strong>stare</strong></span> 
     </span>
    </p>
   </div>
   <div class='ocr_carea' id='block_1_103' title="bbox 2199 5039 3851 5117">
    <p class='ocr_par' dir='ltr' id='par_1_103' title="bbox 2199 5039 3851 5117">
     <span class='ocr_line' id='line_1_103' title="bbox 2199 5039 3851 5117; baseline -0.006 -13"><span class='ocrx_word' id='word_1_773' title='bbox 2199 5065 2298 5104; x_wconf 88' lang='lat' dir='ltr'><strong>eos</strong></span> <span class='ocrx_word' id='word_1_774' title='bbox 2351 5049 2556 5116; x_wconf 72' lang='lat' dir='ltr'><strong>Jubeat</strong></span> <span class='ocrx_word' id='word_1_775' title='bbox 2587 5066 2602 5115; x_wconf 84' lang='lat'><strong>;</strong></span> <span class='ocrx_word' id='word_1_776' title='bbox 2637 5050 2888 5117; x_wconf 88' lang='lat' dir='ltr'><strong>quatuor</strong></span> <span class='ocrx_word' id='word_1_777' title='bbox 2935 5043 3242 5099; x_wconf 87' lang='lat' dir='ltr'><strong>ordinibus</strong></span> <span class='ocrx_word' id='word_1_778' title='bbox 3280 5040 3594 5113; x_wconf 73' lang='lat' dir='ltr'><strong>praefectis,</strong></span> <span class='ocrx_word' id='word_1_779' title='bbox 3649 5040 3750 5110; x_wconf 89' lang='lat' dir='ltr'><strong>qui</strong></span> <span class='ocrx_word' id='word_1_780' title='bbox 3777 5039 3851 5094; x_wconf 92' lang='lat' dir='ltr'><strong>ad</strong></span> 
     </span>
    </p>
   </div>
   <div class='ocr_carea' id='block_1_104' title="bbox 2198 5128 3850 5206">
    <p class='ocr_par' dir='ltr' id='par_1_104' title="bbox 2198 5128 3850 5206">
     <span class='ocr_line' id='line_1_104' title="bbox 2198 5128 3850 5206; baseline -0.005 -14"><span class='ocrx_word' id='word_1_781' title='bbox 2198 5137 2386 5194; x_wconf 88' lang='lat' dir='ltr'><strong>lineas</strong></span> <span class='ocrx_word' id='word_1_782' title='bbox 2413 5137 2609 5206; x_wconf 88' lang='lat' dir='ltr'><strong>Euripi</strong></span> <span class='ocrx_word' id='word_1_783' title='bbox 2636 5133 3025 5201; x_wconf 89' lang='lat' dir='ltr'><strong>descendunt,</strong></span> <span class='ocrx_word' id='word_1_784' title='bbox 3044 5148 3116 5188; x_wconf 90' lang='lat' dir='ltr'><strong>ne</strong></span> <span class='ocrx_word' id='word_1_785' title='bbox 3135 5131 3236 5203; x_wconf 92' lang='lat' dir='ltr'><strong>qui</strong></span> <span class='ocrx_word' id='word_1_786' title='bbox 3267 5130 3340 5186; x_wconf 88' lang='lat' dir='ltr'><strong>ab</strong></span> <span class='ocrx_word' id='word_1_787' title='bbox 3370 5128 3850 5187; x_wconf 83' lang='lat' dir='ltr'><strong>ordinealienum</strong></span> 
     </span>
    </p>
   </div>
   <div class='ocr_carea' id='block_1_105' title="bbox 2197 5219 3853 5290">
    <p class='ocr_par' dir='ltr' id='par_1_105' title="bbox 2197 5219 3853 5290">
     <span class='ocr_line' id='line_1_105' title="bbox 2197 5219 3853 5290; baseline -0.006 -7"><span class='ocrx_word' id='word_1_788' title='bbox 2197 5228 2255 5283; x_wconf 90' lang='lat' dir='ltr'><strong>iu</strong></span> <span class='ocrx_word' id='word_1_789' title='bbox 2307 5243 2573 5282; x_wconf 86' lang='lat' dir='ltr'><strong>cursores</strong></span> <span class='ocrx_word' id='word_1_790' title='bbox 2606 5225 2979 5282; x_wconf 89' lang='lat' dir='ltr'><strong>committant</strong></span> <span class='ocrx_word' id='word_1_791' title='bbox 3007 5223 3250 5280; x_wconf 68' lang='lat' dir='ltr'><strong>affectus</strong></span> <span class='ocrx_word' id='word_1_792' title='bbox 3294 5237 3494 5286; x_wconf 89' lang='lat' dir='ltr'><strong>causa,</strong></span> <span class='ocrx_word' id='word_1_793' title='bbox 3527 5219 3628 5276; x_wconf 89' lang='lat' dir='ltr'><strong>sed</strong></span> <span class='ocrx_word' id='word_1_794' title='bbox 3659 5220 3853 5290; x_wconf 89' lang='lat' dir='ltr'><strong>potius</strong></span> 
     </span>
    </p>
   </div>
   <div class='ocr_carea' id='block_1_106' title="bbox 2195 5307 3852 5381">
    <p class='ocr_par' dir='ltr' id='par_1_106' title="bbox 2195 5307 3852 5381">
     <span class='ocr_line' id='line_1_106' title="bbox 2195 5307 3852 5381; baseline -0.007 -9"><span class='ocrx_word' id='word_1_795' title='bbox 2195 5332 2426 5372; x_wconf 87' lang='lat' dir='ltr'><strong>summa</strong></span> <span class='ocrx_word' id='word_1_796' title='bbox 2472 5331 2608 5371; x_wconf 90' lang='lat' dir='ltr'><strong>cum</strong></span> <span class='ocrx_word' id='word_1_797' title='bbox 2659 5313 3009 5371; x_wconf 87' lang='lat' dir='ltr'><strong>verecundia</strong></span> <span class='ocrx_word' id='word_1_798' title='bbox 3055 5311 3309 5380; x_wconf 89' lang='lat' dir='ltr'><strong>adstent,</strong></span> <span class='ocrx_word' id='word_1_799' title='bbox 3353 5307 3656 5381; x_wconf 65' lang='lat' dir='ltr'><strong>quaeipsis</strong></span> <span class='ocrx_word' id='word_1_800' title='bbox 3687 5323 3852 5362; x_wconf 85' lang='lat' dir='ltr'><strong>man-</strong></span> 
     </span>
    </p>
   </div>
   <div class='ocr_carea' id='block_1_107' title="bbox 2195 5395 3848 5476">
    <p class='ocr_par' dir='ltr' id='par_1_107' title="bbox 2195 5395 3848 5476">
     <span class='ocr_line' id='line_1_107' title="bbox 2195 5395 3848 5476; baseline -0.007 -16"><span class='ocrx_word' id='word_1_801' title='bbox 2195 5407 2329 5460; x_wconf 85' lang='lat' dir='ltr'><strong>data</strong></span> <span class='ocrx_word' id='word_1_802' title='bbox 2358 5409 2520 5468; x_wconf 89' lang='lat' dir='ltr'><strong>sunt,</strong></span> <span class='ocrx_word' id='word_1_803' title='bbox 2565 5402 2881 5476; x_wconf 86' lang='lat' dir='ltr'><strong>peracturi.</strong></span> <span class='ocrx_word' id='word_1_804' title='bbox 2914 5400 3266 5464; x_wconf 87' lang='lat' dir='ltr'><strong>Notandum,</strong></span> <span class='ocrx_word' id='word_1_805' title='bbox 3309 5413 3507 5470; x_wconf 82' lang='lat' dir='ltr'><strong>preces</strong></span> <span class='ocrx_word' id='word_1_806' title='bbox 3545 5395 3745 5468; x_wconf 88' lang='lat' dir='ltr'><strong>populi</strong></span> <span class='ocrx_word' id='word_1_807' title='bbox 3775 5396 3848 5450; x_wconf 89' lang='lat' dir='ltr'><strong>ad</strong></span> 
     </span>
    </p>
   </div>
   <div class='ocr_carea' id='block_1_108' title="bbox 1804 5501 2478 5559">
    <p class='ocr_par' dir='ltr' id='par_1_108' title="bbox 1804 5501 2478 5559">
     <span class='ocr_line' id='line_1_108' title="bbox 1804 5501 2478 5559; baseline -0.001 -4"><span class='ocrx_word' id='word_1_808' title='bbox 1804 5501 2045 5558; x_wconf 75' lang='lat' dir='ltr'><strong>VARIE</strong></span> <span class='ocrx_word' id='word_1_809' title='bbox 2087 5501 2478 5559; x_wconf 84' lang='lat' dir='ltr'><strong>LECTIONES</strong></span> 
     </span>
    </p>
   </div>
   <div class='ocr_carea' id='block_1_109' title="bbox 504 5590 2303 5670">
    <p class='ocr_par' dir='ltr' id='par_1_109' title="bbox 504 5590 2303 5670">
     <span class='ocr_line' id='line_1_109' title="bbox 504 5590 2303 5670; baseline 0.005 -23"><span class='ocrx_word' id='word_1_810' title='bbox 504 5594 550 5629; x_wconf 82' lang='grc'><strong>⁸⁷</strong></span> <span class='ocrx_word' id='word_1_811' title='bbox 591 5590 857 5668; x_wconf 69' lang='grc' dir='ltr'>εύριππον</span> <span class='ocrx_word' id='word_1_812' title='bbox 898 5596 1030 5654; x_wconf 87' lang='lat' dir='ltr'><strong>cod.</strong></span> <span class='ocrx_word' id='word_1_813' title='bbox 1065 5601 1122 5653; x_wconf 88' lang='lat' dir='ltr'><strong>et</strong></span> <span class='ocrx_word' id='word_1_814' title='bbox 1150 5598 1243 5654; x_wconf 87' lang='lat' dir='ltr'><strong>ed.</strong></span> <span class='ocrx_word' id='word_1_815' title='bbox 1277 5597 1551 5670; x_wconf 88' lang='lat' dir='ltr'><strong>idemque</strong></span> <span class='ocrx_word' id='word_1_816' title='bbox 1582 5617 1632 5654; x_wconf 92' lang='lat' dir='ltr'><strong>v.</strong></span> <span class='ocrx_word' id='word_1_817' title='bbox 1667 5599 1756 5655; x_wconf 79' lang='grc'><strong>21.</strong></span> <span class='ocrx_word' id='word_1_818' title='bbox 1833 5599 1882 5634; x_wconf 76' lang='grc'>⁸⁸</span> <span class='ocrx_word' id='word_1_819' title='bbox 1918 5597 2030 5653; x_wconf 78' lang='grc' dir='ltr'>ἄνω</span> <span class='ocrx_word' id='word_1_820' title='bbox 2068 5602 2176 5653; x_wconf 86' lang='grc' dir='ltr'><strong>τῶν</strong></span> <span class='ocrx_word' id='word_1_821' title='bbox 2213 5602 2303 5656; x_wconf 86' lang='lat' dir='ltr'><strong>ed.</strong></span> 
     </span>
    </p>
   </div>
   <div class='ocr_carea' id='block_1_110' title="bbox 1505 5686 2780 5746">
    <p class='ocr_par' dir='ltr' id='par_1_110' title="bbox 1505 5686 2780 5746">
     <span class='ocr_line' id='line_1_110' title="bbox 1505 5686 2780 5746; baseline -0.002 -2"><span class='ocrx_word' id='word_1_822' title='bbox 1505 5689 1697 5744; x_wconf 81' lang='lat' dir='ltr'><strong>JOAN.</strong></span> <span class='ocrx_word' id='word_1_823' title='bbox 1729 5689 1877 5745; x_wconf 84' lang='lat' dir='ltr'><strong>JAC.</strong></span> <span class='ocrx_word' id='word_1_824' title='bbox 1910 5689 2173 5746; x_wconf 80' lang='lat' dir='ltr'><strong>REISKII</strong></span> <span class='ocrx_word' id='word_1_825' title='bbox 2204 5686 2780 5746; x_wconf 80' lang='lat' dir='ltr'><strong>COMMENTARIUS</strong></span> 
     </span>
    </p>
   </div>
   <div class='ocr_carea' id='block_1_111' title="bbox 505 5783 2700 5859">
    <p class='ocr_par' dir='ltr' id='par_1_111' title="bbox 505 5783 2700 5859">
     <span class='ocr_line' id='line_1_111' title="bbox 505 5783 2700 5859; baseline 0.001 -20"><span class='ocrx_word' id='word_1_826' title='bbox 505 5783 622 5856; x_wconf 75' lang='grc'><strong>(43)</strong></span> <span class='ocrx_word' id='word_1_827' title='bbox 642 5788 905 5850; x_wconf 87' lang='lat' dir='ltr'><strong>Quatuor</strong></span> <span class='ocrx_word' id='word_1_828' title='bbox 931 5789 1192 5859; x_wconf 82' lang='lat' dir='ltr'><strong>tagmata</strong></span> <span class='ocrx_word' id='word_1_829' title='bbox 1235 5792 1374 5845; x_wconf 84' lang='lat' dir='ltr'><strong>sunt</strong></span> <span class='ocrx_word' id='word_1_830' title='bbox 1410 5789 1695 5859; x_wconf 62' lang='lat' dir='ltr'><strong>:Bchola,</strong></span> <span class='ocrx_word' id='word_1_831' title='bbox 1729 5788 2031 5857; x_wconf 79' lang='lat' dir='ltr'><strong>Excubita,</strong></span> <span class='ocrx_word' id='word_1_832' title='bbox 2061 5789 2321 5846; x_wconf 82' lang='lat' dir='ltr'><strong>Hicanati</strong></span> <span class='ocrx_word' id='word_1_833' title='bbox 2354 5793 2412 5847; x_wconf 86' lang='lat' dir='ltr'><strong>et</strong></span> <span class='ocrx_word' id='word_1_834' title='bbox 2439 5786 2700 5845; x_wconf 87' lang='lat' dir='ltr'><strong>Numeri.</strong></span> 
     </span>
    </p>
   </div>
  </div>
