4134 6420
315 461 433 521 659

1384 454 1902 518 CONSTANTINI
1948 449 2650 514 POHPHYROGENI'I‘I

3609 447 3732 506 660

315 597 441 652 vela
470 595 884 667 suspendenda
915 612 947 651 a
975 595 1150 652 tertia
1182 595 1376 668 palma
1396 593 1647 649 institui.
1689 590 1957 646 Ceterum

2105 585 2150 645 ἷς
2179 583 2274 644 τὰς
2306 579 2605 657 διασφαγὰς
2633 583 2731 635 τοῦ
2771 579 3012 654 Εὐρίπου
3064 579 3202 655 πρὸς
3241 578 3302 633 τὸ
3359 579 3438 652 μή
3498 585 3731 650 ποιῆσαι

315 685 665 758 prmpositus
708 686 897 742 tribus
946 692 1267 758 quatuorve
1299 686 1507 742 diebus
1546 687 1678 738 ante
1708 679 1964 737 silentia-

315 776 472 831 rium
524 791 729 831 urnam
778 775 1268 832 circumacturum
1311 789 1545 831 monere
1577 772 1768 837 debet,
1806 767 1962 824 212

315 870 380 919 ut
411 880 440 920 e
471 865 742 920 vestiario
775 881 982 920 urnam
1015 866 1333 934 depromat,
1360 866 1603 934 ejusque
1629 873 1830 916 curam
1862 856 1965 910 ha-

315 953 472 1021 beat,
498 969 568 1010 ne
599 970 668 1010 ex
697 952 984 1024 imperitia
1016 969 1081 1010 eo
1104 954 1196 1010 die
1223 967 1380 1009 error
1410 953 1645 1008 oriatur.

2073 672 2303 730 ἅτακτόν
2333 692 2385 726 τι
2419 671 2494 733 εἷς
2529 670 2655 731 τοὺς
2687 666 2908 744 δρομεῖς
2962 664 3112 723 ἕνεκα
3153 667 3548 744 προσπαθείας,
3582 667 3732 724 ἀλλὰ

2079 761 2292 836 μᾶλλον
2330 761 2464 834 μετὰ
2494 757 2708 814 nolle?)
2740 753 2912 837 φόϐου
2947 755 3200 821 Ἱστασθαι
3232 757 3324 812 καὶ
3365 756 3604 813 ἐκτελεῖν
3664 760 3734 813 τὰ

2080 851 2262 914 αὐτοῖς
2313 849 2773 926 προστεταγμένα.
2834 847 2955 922 Χρή
3015 842 3234 920 εἰδέναι,
3286 847 3368 902 δτι
3427 848 3463 917 ἡ
3512 845 3734 917 αἴτησις

2079 943 2176 996 τοῦ
2223 938 2404 1013 δήμου
2450 938 2585 1009 πρὸς
2622 937 2684 991 τὸ
2722 935 3090 1010 κρεμασθῆναι
3122 934 3206 1006 τὸ,
3241 935 3414 1010 βῆλον
3466 937 3578 1010 (44)
3629 935 3736 991 ἀπὸ

313 1045 412 1096 τοῦ
468 1041 652 1117 τρίτου
702 1023 858 1117 βαίου
896 1041 1119 1117 γίνετσι.
1161 1043 1283 1118 Χρὴ
1343 1036 1400 1095 δε
1438 1041 1529 1094 τὸν
1585 1035 1946 1112 πραιπόσιτον
2003 1031 2110 1106 πρὸ
2149 1033 2315 1103 τριῶν
2359 1025 2447 1082 καὶ
2488 1026 2759 1099 τεσσάρων
2801 1026 3026 1118 ἡμερῶν
3083 1023 3392 1118 προστάξαι.
3417 1027 3509 1080 τὸν
3555 1024 3736 1118 σιλενς

317 1111 526 1205 mimo
563 1131 654 1186 τὸν
691 1111 966 1205 μέλλοντα
1004 1111 1236 1203 κυλίειν,
1277 1131 1400 1205 ἆραι
1441 1129 1541 1199 τὴν
1583 1111 1873 1201 κυλίστραν
1915 1121 2022 1178 ἀπὸ
2063 1119 2124 1174 τὸ
2177 1116 2481 1192 βεπιάριον
2535 1115 2625 1170 καὶ
2675 1113 3085 1190 προμελετῆσαι
3127 1111 3320 1184 αὐτὴν,
3362 1111 3511 1175 ὅπως
3558 1113 3637 1186 μὴ
3680 1112 3738 1168 ἒν

323 1220 458 1294 αὐτῇ
499 1224 567 1294 τῇ
609 1222 789 1300 ἡμέρᾳ
827 1221 1048 1297 γένηται
1081 1219 1151 1276 δι’
1191 1222 1434 1296 ἀπειρίαν
1479 1217 1706 1298 σφάλμα
1731 1235 1806 1272 τι.

885 1309 1121 1369 CAPUT
1164 1309 1420 1369 LXXIII.

413 1403 485 1456 De
517 1401 866 1473 hippodromo
900 1401 1246 1472 macellario,
1283 1399 1549 1474 Lupercal
1581 1399 1877 1472 appellata.

399 1565 440 1619 Ι.
474 1563 667 1619 Pridie
697 1564 823 1635 ejus
855 1565 1216 1621 decursionis
1239 1565 1591 1637 prapositus
1622 1566 1692 1620 ad
1729 1563 1976 1634 impera-

324 1658 510 1709 torem
559 1654 734 1720 venit,
770 1669 1059 1726 quaerens,
1095 1669 1166 1710 an
1210 1655 1320 1710 hoc
1369 1660 1640 1725 equestre
1679 1661 1972 1710 certamen

325 1743 776 1812 instituijubeat
807 1761 820 1810 ;
852 1752 906 1799 et
955 1751 1261 1816 postquam
1295 1746 1591 1800 decretum
1624 1744 1695 1798 de
1724 1743 1850 1812 ejus
1881 1756 1976 1796 ce-

326 1831 647 1887 lebratione
677 1832 907 1904 accipit,
940 1835 1012 1888 ab
1044 1833 1392 1904 imperatore
1425 1833 1698 1898 discedit,
1730 1831 1972 1888 advocao

2689 1296 2952 1350 ΚΕΦΑΛ.
3004 1294 3125 1351 Oi".

2082 1389 2214 1464 Περὶ
2263 1390 2361 1443 τοῦ
2406 1383 2815 1461 μακελλαρικοῦ
2860 1379 3233 1459 ἱπποδρομίου
3279 1388 3377 1438 τοῦ
3438 1383 3740 1461 λεγομένου

2658 1471 2981 1549 Λουπέρκαλ
3029 1475 3160 1546 (45).

2159 1568 2235 1624 Α’.
2268 1563 2594 1639 Είσξρχευαι
2650 1564 2756 1639 πρὸ
2790 1566 2917 1637 μιᾶς
2958 1561 3171 1636 ἡμέρας
3220 1565 3318 1616 τοῦ
3369 1561 3538 1617 αὐτοῦ
3567 1561 3742 1616 ἱππο-

2087 1653 2320 1730 δρομίου
2352 1657 2379 1711 6
2425 1653 2782 1728 πραιπόσιτος
2813 1653 2949 1728 πρὸς
3006 1653 3098 1707 τὸν
3135 1649 3382 1728 βασιλέα,
3409 1651 3740 1725 ὑπομιμνή-

2087 1765 2228 1800 σκων
2256 1744 2440 1811 αὑτὸν,
2474 1743 2524 1800 εἷ’
2549 1742 2758 1800 κελεύει
2789 1742 3026 1818 ἀχθῆναι
3059 1741 3122 1796 τὸ
3152 1739 3282 1796 αὐτὸ
3337 1738 3739 1816 ἱπποδρόμιον,

2085 1835 2174 1890 καὶ
2233 1830 2418 1890 λαϐὼν
2483 1833 2630 1908 παρὰ
2679 1836 2777 1887 τοῦ
2845 1830 3121 1906 βασιλέως
3176 1829 3558 1906 συγκατάθεσιν
3600 1831 3739 1904 πρὸς

328 1924 575 1991 tumque
622 1920 1096 1977 cerimoniarium
1146 1923 1216 1978 ad
1265 1921 1611 1978 demarchus
1643 1926 1701 1977 et
1742 1920 1974 1976 civilem

2104 1926 2148 1981 :6
2206 1926 2429 1998 ἄγεσθαι
2488 1923 2641 1991 αὐτὸ,
2700 1921 2999 1998 ἐξέρχεται,
3058 1919 3146 1975 καὶ
3224 1918 3742 1995 προσκαλεσάμενος

333 2010 746 2080 magistratum
779 2009 1032 2081 ablegat,
1068 2016 1131 2066 ut
1161 2012 1233 2066 de
1265 2011 1585 2066 certamine
1617 2009 1978 2066 instituendo

2104 2014 2180 2069 r6v
2235 2019 2336 2084 τῆς
2393 2013 2790 2083 καταστάσεως,
2825 2009 3152 2066 αποστέλλει
3190 2008 3350 2064 αὐτὸν
3420 2011 3554 2085 πρὸς
3609 2010 3740 2074 τοὺς

333 2113 432 2153 eos
479 2098 757 2155 certiores
809 2100 1001 2155 faciat.
1055 2100 1383 2172 Ingreditur
1441 2101 1614 2155 etiam
1673 2099 1979 2168 tessarius,

335 2199 510 2256 quem
545 2188 885 2259 praepositus
919 2203 951 2245 a
983 2191 1253 2245 mandato
1286 2189 1477 2245 velum
1509 2189 1982 2261 suspendet-eju-

332 2275 450 2330 bet.
483 2276 753 2347 Sequenti
788 2277 879 2332 die
911 2278 1226 2348 imperator
1255 2278 1327 2333 ab
1359 2279 1634 2334 omnibus
1672 2293 1777 2350 pro
1822 2291 1983 2334 more

333 2366 608 2436 stipatus,
639 2366 1028 2437 progreditur,
1063 2382 1276 2437 perque
1305 2373 1657 2439 augusteum
1703 2372 1761 2424 et
1793 2379 1984 2424 secre-

333 2457 455 2508 tam
485 2454 780 2511 cochleam
808 2455 876 2510 ad
921 2457 1200 2528 palatium
1235 2456 1430 2513 throni
1451 2457 1724 2513 fenestris
1761 2456 1983 2512 instru-

335 2543 413 2597 cti
439 2543 717 2611 procedit,
753 2547 809 2598 et
839 2545 977 2598 dum
1007 2559 1211 2601 omnes
1239 2547 1573 2618 congregati
1605 2547 1745 2614 sint,
1777 2559 1986 2618 exspe-

336 2637 474 2686 ctat.
509 2631 962 2688 Cerimeniarius
1007 2635 1316 2704 praeposito
1350 2637 1594 2700 nuntiat,
1627 2636 1831 2690 omnia
1878 2649 1982 2707 pa-

333 2723 461 2773 rata
506 2734 673 2786 esse;
726 2719 776 2776 is
824 2721 894 2774 ad
947 2721 1355 2791 imperatorem
1407 2723 1633 2778 accedit
1673 2723 1987 2794 statimque

335 2822 441 2879 per
468 2806 753 2878 lapideam
777 2808 992 2865 scalam
1018 2813 1088 2865 ad
1121 2817 1339 2866 vestem
1364 2813 1707 2867 mutandam
1742 2813 1798 2867 in
1824 2811 1984 2868 cubi-

337 2896 532 2950 culum
557 2897 700 2966 abit,
724 2898 977 2971 indeque
1000 2911 1290 2969 egressus,
1315 2901 1386 2954 ad
1416 2902 1790 2972 praepositum
1813 2902 1945 2956 dicii
1972 2920 1987 2958 :

340 3007 368 3035 «
398 2984 728 3042 Solemnem
779 3001 1122 3043 consessum
1166 2989 1271 3044 ede
1304 3005 1318 3056 ;
1357 3009 1377 3038 ι
1415 2988 1509 3045 hic
1543 3006 1556 3046 :
1591 3011 1618 3040 ‹‹
1654 2992 1985 3046 Bolemnem

338 3089 702 3130 concessum.
725 3093 753 3124 »
781 3075 1100 3147 Imperator
1118 3091 1273 3146 vero,
1291 3077 1384 3147 qui
1410 3078 1486 3134 ibi
1511 3086 1596 3133 est
1616 3079 1987 3134 metatorium

339 3163 656 3233 ingressus,
679 3179 903 3235 suaque
927 3165 1119 3221 tunica
1151 3167 1390 3221 indutus
1420 3172 1477 3222 et
1505 3179 1605 3237 pro
1636 3181 1796 3222 more
1826 3183 1987 3223 coro-

337 3260 531 3316 natus,
561 3253 704 3316 abit,
738 3257 794 3307 et
837 3269 870 3308 a
896 3255 1188 3326 praefectis
1227 3255 1484 3312 cubiculi
1524 3256 1772 3320 cinctus,
1805 3254 1984 3310 tricli-

339 3340 525 3405 nium,
549 3340 608 3397 in
641 3355 760 3413 quo
791 3343 1117 3398 convivium
1151 3359 1218 3399 eo
1237 3345 1326 3399 die
1357 3345 1583 3400 institui
1617 3345 1789 3414 solet,
1825 3346 1986 3414 petit.

2107 3351 2391 3425 μεταστάσι
2403 3372 2502 3424 μον
2531 3372 2538 3381 ·

341 3429 444 3484 Hic
475 3431 704 3500 patricii
734 3447 865 3487 eum
898 3437 954 3487 et
985 3434 1221 3505 strategi
1249 3435 1569 3507 excipiunt,
1601 3436 1816 3506 quibus
1848 3438 1993 3492 ado-

341 3518 631 3585 rsntibus,
666 3521 1014 3591 propositus
1042 3525 1380 3579 mandatum
1413 3525 1486 3580 ab
1516 3524 1866 3597 imperatore
1895 3543 1990 3583 sc-

339 3608 506 3679 eipit,
539 3617 593 3664 et
637 3609 777 3665 dicit
810 3627 824 3669 :
858 3633 886 3661 ‹‹
917 3612 1139 3669 Jubete.
1175 3631 1204 3662 η
1237 3613 1466 3670 Patricii
1513 3623 1568 3670 et
1598 3616 1836 3687 strategi
1869 3632 1994 3673 Oili-'-

339 3714 445 3754 nss
475 3700 712 3769 egressi,
747 3715 880 3756 cum
913 3706 1119 3757 senatu
1152 3714 1311 3758 extra
1343 3713 1564 3774 portam
1599 3709 1779 3774 stant,
1813 3706 1996 3777 impe-

342 3795 502 3845 rator
525 3790 581 3844 in
608 3789 812 3846 limine
837 3793 993 3864 ejus;
1021 3790 1116 3847 ubi
1138 3798 1448 3866 postquam
1472 3810 1675 3850 omnes
1695 3796 1754 3850 in
1779 3804 1992 3851 terram

339 3880 732 3951 prociderunt,
773 3883 1121 3953 prepositus
1177 3900 1209 3938 ιι
1259 3885 1535 3941 mandato
1582 3887 1992 3942 cerimoniarlo

342 3970 572 4040 signum
599 3971 719 4041 dat,
741 3977 800 4026 et
821 3972 962 4026 dicit
1045 3993 1073 4021 ‹‹
1105 3973 1334 4029 Jubete.
1360 3995 1388 4024 »

2093 2102 2420 2178 δημάρχους
2479 2101 2566 2156 καὶ
2618 2102 2680 2155 66
2732 2098 3060 2172 πολίτευμα,
3094 2097 3262 2153 εἰπεῖν
3324 2099 3460 2172 πρὸς
3520 2095 3739 2169 αὐτοὺς,

2093 2193 2168 2254 ὡς
2200 2193 2282 2247 ὅτι
2323 2189 2508 2266 ἄγεται
2538 2187 2931 2264 ἱπποδρόμιον.
2970 2187 3289 2262 Είσέρχεται
3315 2185 3373 2242 δὲ
3411 2188 3500 2242 καὶ
3541 2187 3568 2241 6
3618 2188 3744 2242 Θεσ-

2095 2282 2302 2356 σάριος,
2357 2281 2444 2334 καὶ
2506 2278 2896 2354 προστάσσεται
2975 2278 3120 2352 παρᾶ
3206 2278 3305 2331 τοῦ
3375 2275 3742 2351 πραιποσίτου

2096 2371 2202 2427 ἀπὸ
2257 2367 2579 2436 κελεύσεως,
2622 2366 2771 2427 ὅπως
2827 2365 3100 2440 κρεμάσῃ.
3146 2363 3244 2419 Καὶ
3303 2367 3369 2437 τῇ
3426 2364 3548 2436 ἑξῆς
3594 2363 3741 2437 ἐξέρ-

2095 2475 2252 2535 χεται
2285 2459 2313 2514 6
2365 2455 2620 2534 βασιλεὺς
2660 2455 2767 2510 ἀπὸ
2809 2458 2906 2510 τοῦ
2965 2451 3257 2522 παλατίου,
3313 2449 3740 2528 δηριγευόμενος

2097 2551 2203 2606 ὑπὸ
2256 2555 2364 2604 τῶν
2415 2547 2467 2620 ἐξ
2506 2546 2679 2612 ἔθους,
2713 2545 2801 2601 καὶ
2850 2543 3123 2619 διέρχεται
3173 2540 3261 2597 διά
3293 2561 3351 2597 τε
3387 2545 3482 2597 τοῦ
3529 2543 3735 2614 αὔγου-

2097 2640 2265 2700 στέως
2313 2639 2402 2693 καὶ
2451 2639 2548 2693 τοῦ
2602 2637 2865 2710 μυστικοῦ
2913 2630 3170 2709 κοχλιοΰ,
3219 2631 3308 2686 καὶ
3356 2630 3638 2706 ἃνὲρχεται
3683 2627 3738 2684 ἐν

2097 2731 2176 2799 τῷ
2209 2725 2463 2799 παλατίῳ
2518 2728 2616 2780 τοῦ
2655 2724 3009 2796 καθίσματος,
3042 2723 3214 2797 ἤγουν
3275 2719 3349 2782 είς
3396 2719 3464 2774 τὰ
3498 2738 3742 2793 παρακο-

2097 2817 2282 2884 πτικὰ,
2325 2813 2712 2891 ἐκδεχόμενος,
2766 2813 2962 2890 μέχρις
3012 2809 3071 2866 ἂν
3130 2809 3515 2884 συμφθάσωσιν
3573 2808 3747 2863 ἅπαν-

2097 2925 2202 2968 τες.
2235 2907 2296 2963 Ὀ
2356 2902 2413 2960 δὲ
2468 2910 2568 2974 τῆς
2617 2902 2988 2962 καταστάσεως
3019 2897 3189 2971 δηλοῖ
3244 2903 3322 2968 τῷ
3380 2896 3744 2973 πραιποσίτῳ,

2100 2996 2175 3058 ὡς
2205 2995 2288 3050 ὅτι
2319 2994 2492 3050 πάντα
2539 2991 2734 3065 ἕτοιμά
2784 2991 2920 3061 ἐστι,
2948 2989 3196 3051 κάκεῖνος
3246 2988 3553 3067 εἶσὲρχεται
3611 2984 3748 3061 πρὸς

2099 3085 2191 3139 τὸν
2226 3083 2476 3160 βασιλέα,
2507 3083 2594 3136 καὶ
2632 3081 2826 3144 εὗΟέως
2875 3080 3197 3157 κατέρχεται
3239 3075 3328 3132 διὰ
3391 3084 3494 3146 τῆς
3537 3077 3747 3146 Αιθίδης

2103 3174 2308 3236 σκάλας
2350 3173 2486 3242 πρὸς
2515 3173 2578 3226 τὸ
2613 3169 2919 3242 ὑπαλλάξαι
2951 3167 3005 3222 ἐν
3048 3172 3128 3240 τῷ
3175 3172 3400 3222 κοιτῶνι
3434 3168 3621 3239 αὐτοῦ,
3655 3165 3753 3229 εἶθ’

2104 3264 2276 3323 οὕτως
2335 3259 2694 3340 ἐξερχόμενος
2752 3261 2900 3334 Λὲγει
2976 3259 3056 3330 τῷ
3111 3256 3497 3333 πραιποσῖτῳ·
3560 3278 3589 3306 ‹‹
3649 3256 3753 3316 Δὸς

2586 3374 2612 3401 ››
2650 3350 2896 3410 κακεῖνος
2947 3345 3123 3423 λέγει·
3168 3369 3195 3395 ‹‹
3249 3345 3684 3418 Μεταστάσιμον.
3724 3366 3752 3393 η

2101 3443 2163 3498 Ὁ
2217 3439 2284 3509 δὴ
2330 3437 2584 3516 βασιλεὺς
2633 3431 2889 3494 εἰσελθὼν
2946 3434 2998 3489 ἐν
3063 3429 3373 3507 τῷξ“ὶκιῖσε
3423 3432 3752 3508 μετατωρίῳ

2103 3531 2188 3585 καὶ
2223 3523 2696 3605 περιϐαλλόμενος
2724 3528 2826 3596 τὴν
2855 3522 3095 3601 χλανίδα
3131 3521 3294 3578 αὐτοῦ
3340 3522 3432 3577 καὶ
3481 3523 3755 3601 στεφθεὶς,

2107 3619 2180 3680 ὡς
2231 3619 2266 3687 ἡ
2327 3618 2583 3687 συνήθεια
2629 3611 2767 3690 ἔχει,
2825 3611 3121 3689 ἐξέρχεται,
3179 3610 3270 3666 καὶ
3327 3607 3753 3686 δηριγευόμενος

2109 3708 2210 3763 ὑπὸ
2261 3711 2367 3761 τῶν
2414 3705 2693 3782 ἀρχόντων
2742 3707 2840 3758 τοῦ
2877 3697 3296 3770 κουϐουκλείου,
3328 3699 3605 3775 ἐξέρχεται
3663 3699 3754 3754 καὶ

2098 3794 2314 3854 ’ἱσταται
2380 3793 2432 3849 ὲν
2499 3799 2581 3867 τῷ
2643 3791 2929 3869 τρικλίνῳ,
2985 3792 3037 3846 ἐν
3096 3791 3142 3864 ᾧ
3190 3789 3384 3866 ἀριστᾷ
3447 3793 3516 3862 τῇ
3572 3790 3758 3864 ἡμέρᾳ

2104 3885 2303 3959 ἐκείνῃ.
2339 3884 2441 3940 Καὶ
2474 3881 2724 3962 δέχονται
2767 3880 2926 3936 αὐτὸν
2957 3880 3128 3936 ἐκεῖσε
3158 3877 3212 3933 οτί
3250 3898 3308 3933 τε
3356 3879 3634 3954 πατρίκιοι
3665 3879 3758 3933 καὶ

2107 3974 2424 4048 στρατηγοὶ,
2481 3974 2569 4028 καὶ
2631 3972 2841 4026 τούτων
2902 3969 3418 4042 προσκυνησάννων,
3486 3964 3759 4042 λαμϐάνει

341 4059 512 4128 νεῦμα
552 4056 580 4109 6
620 4056 978 4131 πραιπόσιτος
1030 4059 1177 4134 παρὰ
1225 4064 1321 4115 τοῦ
1381 4060 1677 4136 βασιλέως,
1718 4063 1807 4116 καὶ
1865 4063 2051 4138 λέγει·
2098 4086 2127 4116 ‹‹
2170 4061 2485 4121 Κελεύσατε.
2522 4081 2552 4114 )›
2595 4057 2698 4116 Καὶ
2757 4056 3060 4128 ἐξελθόντες
3119 4057 3313 4118 πάντες
3369 4055 3433 4111 οἵ
3465 4077 3522 4112 τε
3561 4062 3759 4134 πατρί-

344 4164 462 4199 κιοι
501 4145 593 4199 καὶ
633 4147 956 4222 στρατηγοὶ,
997 4142 1098 4218 ἔξω
1134 4156 1236 4218 τῆς
1276 4149 1461 4218 πύλης
1491 4149 1738 4206 1ίστιινται
1781 4153 1915 4222 μετά
1969 4159 2070 4222 τῆς
2130 4151 2444 4226 συγκλήτου
2470 4169 2483 4184 ·
2536 4151 2564 4204 ὁ
2603 4145 2662 4203 δὲ
2714 4147 2968 4222 βασιλεὺς
3002 4143 3221 4200 ’ίσ-ταται
3260 4145 3312 4200 ἐν
3369 4151 3439 4221 τῇ
3481 4144 3626 4220 οἱ)δῷ
3663 4151 3767 4216 τῆς

343 4231 528 4303 πύλης
580 4235 671 4289 καὶ
728 4237 943 4290 πάντων
984 4240 1494 4312 προσκυνησάντων,
1545 4236 1768 4296 δίδωσιν
1809 4241 1837 4294 6
1875 4241 2239 4314 πραιπόσιτοσ
2275 4239 2380 4295 ἀπὸ
2428 4235 2729 4298 κελεύσεως
2784 4240 2957 4308 νεῦμα
2993 4238 3072 4306 τῷ
3109 4241 3209 4302 τῆς
3258 4235 3629 4298 καταστάσεως
3669 4240 3760 4292 καὶ

349 4322 526 4399 λέγει’
571 4351 599 4378 α
641 4325 965 4385 Κελεύσατε.
1012 4353 1040 4381 ››

416 4420 486 4473 Il.
537 4417 675 4475 Inde
722 4419 815 4475 his
862 4422 1297 4492 comitantibus,
1350 4425 1667 4495 imperator
1713 4425 1992 4480 thronum

346 4523 478 4562 eum
527 4509 810 4578 praefatis
856 4509 1108 4566 cubiculi
1145 4514 1504 4581 conscendit,
1538 4530 1651 4584 quo
1685 4519 1993 4586 postquam

343 4597 524 4665 venit,
549 4600 987 4655 cerimoniarius
1003 4610 1322 4657 extremam
1348 4604 1475 4674 ejus
1505 4605 1760 4660 tunicam
1793 4605 1994 4671 sumit,

343 4686 610 4760 factoque
659 4688 978 4745 rhostbclio
1023 4689 1359 4759 imperatori
1409 4695 1465 4748 in
1520 4707 1757 4748 manum
1797 4694 1992 4760 tradit,

347 4780 411 4830 ut
440 4777 724 4852 populum
757 4781 970 4852 signet.
1003 4781 1146 4835 Dum
1170 4784 1228 4836 in
1263 4781 1540 4838 thronum
1565 4783 1890 4849 adscendit,
1918 4784 1996 4837 fa-

2181 4423 2255 4479 B'.
2291 4421 2548 4484 Κάκεῖθεν
2593 4418 3019 4494 δηριγευόμενος
3069 4417 3157 4471 ὑπ’
3217 4415 3392 4470 αὐτῶν
3433 4416 3460 4472 6
3505 4416 3764 4492 βασιλεὺς

2107 4513 2392 4587 ἀνέρχεται
2451 4509 2501 4564 ἐν
2549 4513 2630 4581 τῷ
2689 4507 2979 4580 καθίσματι
3043 4505 3177 4578 μετᾶ
3222 4509 3329 4560 τῶν
3378 4510 3475 4560 τοῦ
3521 4501 3762 4562 κουόου-

2107 4598 2292 4656 κλείου
2341 4599 2646 4673 ἀρχόντων,
2670 4597 2760 4652 καὶ
2803 4595 2962 4666 ἡνίκα
3004 4595 3346 4665 ἀποκινησει,
3379 4590 3568 4649 λαϐὼν
3601 4597 3628 4651 6
3658 4599 3761 4666 τῆς

2106 4689 2478 4750 καταστάσεως
2504 4688 2566 4742 τὸ
2597 4685 2760 4761 ἄκρον
2789 4688 2888 4750 τῆς
2918 4681 3183 4759 χλανίδος
3231 4683 3417 4753 αὐτοῦ,
3449 4689 3602 4739 ποιεῖ
3649 4685 3764 4761 ῥω-

2107 4778 2321 4844 σοιλιον
2347 4779 2437 4833 καὶ
2478 4773 2762 4832 ἐπιδίδωσι
2794 4778 2874 4846 τῷ
2907 4771 3125 4848 βασιλεῖ
3171 4771 3222 4828 ἐν
3271 4776 3340 4848 τῇ
3385 4773 3530 4849 χειρὶ
3589 4775 3762 4832 αὐτοῦ

1385 4907 1579 4965 JOAN.
1619 4909 1764 4966 JAG.
1810 4909 2073 4966 REISKII
2131 4905 2717 4972 COMMENTARIUS.

415 5022 525 5091 (44)
557 5021 1165 5096 Ergone__sequebatur
1206 5020 1542 5077 immediate
1575 5033 1702 5092 post
1733 5028 1997 5096 votorum

341 5093 538 5158 ludos,
584 5091 647 5145 in
705 5091 920 5161 quibus
972 5095 1177 5162 pedum
1225 5109 1397 5148 cursu
1449 5091 1804 5162 certabatur,
1837 5095 1992 5150 aliud

343 5165 613 5237 circense
644 5161 1248 5237 eque_st_re4?Liquido
1293 5165 1358 5237 id;
1407 5181 1476 5219 ex
1499 5166 1615 5237 boc
1663 5161 1797 5220 loco
1817 5172 1994 5237 patet.

350 5237 414 5289 At
463 5233 756 5307 quodnam
788 5232 1144 5307 illuduerati?
1176 5239 1297 5291 Non
1331 5235 1596 5291 dixerim.
1639 5232 2000 5307 Lupercalne

350 5307 435 5359 vel
463 5302 1031 5380 Macellariumalias
1063 5305 1310 5374 dictum,
1334 5310 1404 5364 de
1434 5323 1550 5378 quo
1584 5302 1845 5380 proximo
1875 5310 1999 5363 loco

349 5375 831 5450 auctordisserit?
852 5373 1095 5450 Videtur
1116 5373 1321 5450 ferme.
1344 5373 1513 5450 Atqui
1540 5373 1732 5435 medio
1762 5382 1818 5435 id
1849 5396 2001 5446 vere,

354 5449 504 5502 inter
543 5447 800 5500 circense
846 5447 1056 5501 natalis
1113 5449 1271 5503 urbis
1320 5447 1519 5505 seu'x1
1566 5453 1721 5507 diem
1779 5452 1912 5508 Maii
1946 5458 2006 5505 et

356 5520 567 5573 festum
628 5521 998 5590 Eentecustes
1049 5519 1156 5572 fuit
1199 5520 1577 5590 celebratum,
1629 5529 1693 5577 ut
1741 5540 1771 5576 e
1804 5541 1854 5589 p.
1897 5523 2005 5576 213

357 5593 601 5646 constat.
629 5586 862 5663 Ergone
894 5597 1158 5663 votorum
1183 5608 1414 5663 quoque
1448 5586 1738 5650 ludicrum
1765 5586 1821 5648 in
1857 5593 2005 5648 illud

359 5670 593 5730 tempus
625 5660 964 5732 incidebat?
1007 5663 1160 5732 quod
1188 5660 1336 5718 alias
1362 5667 1418 5718 in
1459 5667 1715 5722 anniseu
1748 5666 2005 5721 lannarii

359 5731 855 5800 initia,interdum
883 5731 1111 5802 quoque
1132 5736 1201 5787 ad
1225 5737 1715 5792 mensemlulium
1742 5739 2006 5796 refertur.

360 5804 591 5858 Nodum
625 5804 782 5857 hunc
813 5819 928 5858 non
959 5804 1223 5874 expedio.

2184 5019 2298 5090 (45)
2331 5022 2409 5090 [τι
2440 5017 2643 5090 codice
2666 5022 2788 5072 erat
2831 5013 3113 5090 loca-spati.
3147 5014 3336 5090 Quare
3367 5019 3560 5090 autem
3589 5016 3769 5076 ludus

2106 5087 2201 5156 hic
2232 5087 2448 5148 curulis
2480 5089 2566 5160 vel
2598 5088 2878 5160 circensis
2899 5087 3253 5160 ﬁlacellarius
3290 5088 3461 5160 fuerit
3492 5090 3765 5160 appella-

2107 5169 2214 5225 tus,
2250 5168 2305 5216 et
2335 5177 2515 5232 quare
2549 5158 2836 5232 Lupercal,
2864 5158 2912 5214 si
2936 5175 3008 5232 ea
3036 5172 3170 5213 vera
3201 5163 3291 5212 est
3321 5158 3514 5232 lectio,
3535 5158 3606 5213 ut
3636 5177 3770 5219 esse

2106 5229 2368 5300 videtur;
2391 5249 2504 5287 non
2540 5229 2692 5287 novi.
2718 5231 2893 5304 Forte
2924 5229 3088 5304 prius
3121 5243 3334 5304 nomen
3367 5229 3543 5304 habet
3572 5245 3641 5286 ex
3673 5249 3765 5304 eo,

2110 5305 2263 5378 quod
2297 5299 2502 5378 carnes
2537 5309 2662 5378 tum
2715 5299 3180 5378 interpopulum
3224 5299 3767 5378 distribuebantur,

2112 5370 2213 5432 aut
2243 5378 2314 5431 ab
2345 5373 2598 5446 antiquis
2622 5370 2930 5444 paucarpis
2951 5370 3049 5429 seu
3072 5370 3774 5446 venationibusciroensﬂ

2112 5449 2246 5512 bus,
2273 5441 2504 5519 quando
2527 5441 2654 5500 ferte
2680 5441 2965 5499 laniatum
2994 5441 3206 5519 populo
3232 5444 3767 5519 permittebantur;

2115 5515 2428 5590 posterius,
2451 5520 2602 5590 quod
2631 5534 2698 5590 eo
2721 5523 2978 5590 tempore
2995 5515 3337 5590 agitaretur,
3363 5530 3478 5583 quo
3498 5517 3772 5590 _s_olebant

2115 5585 2250 5646 olim
2289 5585 2620 5660 Lupercalia
2653 5589 2843 5642 Romae
2875 5588 2990 5656 agi.
3025 5585 3202 5655 Atqui
3235 5585 3574 5655 Lupercalia
3606 5605 3769 5644 men-

2117 5680 2180 5716 se
2226 5663 2536 5724 Februario
2595 5661 3158 5732 agebanturRomm
3201 5667 3254 5732 et
3292 5660 3426 5732 _boc
3484 5661 3770 5732 Lupercal

2118 5735 2242 5788 (ΞΡΙὶ
2282 5749 2479 5788 mense
2512 5727 2685 5796 Maio,
2719 5737 2784 5786 ut
2815 5729 2989 5800 paulo
3021 5740 3155 5784 ante
3186 5727 3463 5786 diximus.
