4134 6396
374 445 494 506 663

1449 448 1973 511 CONS’I‘ANTINI
2021 440 2714 507 PORPHYBOGENITI

3673 433 3797 498 664

379 573 744 632 saltatorium
806 577 1087 649 hymnum
1155 580 1276 635 toni
1339 580 1512 651 primi
1572 586 1836 648 canunt;
1891 596 2033 634 can-

2159 573 2466 644 ιιολιτικὴν,
2516 572 2740 647 λέγουσι
2784 570 2876 626 τὸν
2932 567 3253 643 χορευτικὸν
3285 566 3390 644 ἤχ.
3440 572 3502 622 α’.
3539 566 3802 644 Λέγουσιν

382 670 539 719 tores
606 664 915 737 incipiunt,
1003 668 1257 739 populus
1342 671 1652 740 respondet
1709 685 1725 726 :
1782 691 1812 720 ιι
1887 669 2029 724 Ecce

2137 665 2189 720 oi.
2231 667 2480 740 κράκται,
2512 665 2601 718 καὶ
2652 664 3002 736 ἀποκρινεται
3047 660 3076 714 6
3125 656 3278 714 λαοιη
3313 679 3345 712 α
3376 656 3489 715 Ἰὸε
3514 659 3578 714 τὸ
3609 654 3706 735 ἔαρ
3735 661 3800 716 τὸ

382 770 484 808 ver
513 769 810 810 amcenum
861 772 1062 813 rursus
1109 757 1382 822 exoritur,
1415 761 1720 830 gaudium,
1754 757 2027 824 salutem,

2159 752 2308 827 γλυκὺ
2357 753 2524 808 πάλιν
2572 749 2949 819 ἐπανατέλλει,
2999 747 3201 825 χαρὰν,
3256 745 3458 820 ὑγίειαν
3514 748 3606 802 καὶ
3653 751 3803 818 ζωὴν

383 843 564 898 vitam
640 850 698 900 et
753 845 1259 915 tranquillitatem,
1317 849 1591 904 virtutem
1662 847 1917 904 divinam
1973 852 2029 903 et

2159 844 2225 898 ιαὶ
2268 844 2366 910 τήν
2418 841 2736 916 εὐημερίαν,
2787 837 3146 915 ἀνδραγαθίαν
3197 834 3258 890 ἐκ
3296 840 3430 891 Θεοῦ
3478 842 3598 900 τοῖς
3644 838 3801 912 βασι-

386 931 706 1000 victoriam,
745 933 1031 990 divinitus
1087 934 1366 990 adversus
1415 935 1614 990 hostes
1667 951 2028 1000 concessam,

384 1020 671 1076 ali'erens!
707 1043 736 1070 »
769 1023 1010 1087 Quando
1041 1023 1111 1078 ad
1146 1033 1352 1079 metam
1397 1023 1619 1079 Prasini
1672 1027 1866 1096 gregis
1901 1041 2028 1096 per-

385 1111 710 1177 veniunt,et
733 1110 1564 1183 bucdellectunt,apelaticum
1593 1115 1875 1183 hymnum
1896 1121 2031 1170 tono

384 1200 545 1269 gravi
578 1199 818 1255 recitent
865 1215 879 1254 :
921 1222 949 1249 «
988 1199 1132 1255 Urbs
1161 1206 1262 1255 tua
1293 1201 1686 1271 elﬂorescens,
1719 1203 2034 1274 imperator

383 1287 479 1355 N.,
505 1289 608 1342 tibi
644 1291 849 1344 merito
892 1289 1078 1344 felicia
1127 1297 1396 1360 precatur
1427 1306 1440 1346 :
1475 1297 1636 1347 tuam
1669 1293 1822 1348 enim
1875 1310 2034 1348 man-

385 1377 756 1432 suetudinem
809 1378 1064 1446 intuens,
1119 1379 1364 1434 alterum
1407 1379 1683 1436 Davidem
1744 1389 1798 1436 te
1845 1388 2030 1439 vocat.

385 1466 547 1522 Fidei
592 1483 909 1537 praeconem
967 1469 1490 1539 sapientissimum,
1546 1469 1723 1525 alium
1785 1471 2032 1526 Paulum

386 1555 745 1626 apostolum,
775 1556 1005 1612 Christo
1045 1557 1360 1626 munitum,
1391 1559 1578 1614 cernit
1607 1568 1658 1614 te
1678 1566 2034 1616 avertentem

389 1643 506 1699 tela
535 1644 906 1701 inimicorum
942 1661 956 1699 :
991 1655 1289 1716 propterea
1321 1652 1523 1718 potens
1559 1663 1624 1702 es
1653 1655 1712 1702 et
1758 1648 2033 1718 imperas,

390 1739 458 1790 ut
488 1743 696 1789 unctus
725 1751 759 1789 a
791 1734 1056 1790 Domino.
1091 1756 1120 1784 »ι
1152 1739 1395 1801 Quando
1426 1737 1484 1790 in
1520 1736 1566 1792 Il
1597 1737 1770 1807 inque
1791 1754 2037 1810 conspe-

391 1829 553 1879 ctum
611 1822 1028 1893 imperaturum
1078 1841 1302 1891 venere,
1338 1827 1692 1893 subsistunt,
1725 1835 1780 1882 et
1835 1829 2035 1884 dicunt

389 1919 732 1970 cantoreszu
763 1914 944 1970 Multa
972 1917 1136 1972 vobis
1168 1923 1452 1988 tempora,
1474 1917 1671 1974 divina
1691 1920 2032 1989 maiestas!»

389 2005 674 2075 populus:
695 2023 717 2052 α
743 2004 1376 2076 Multavobistempora
1396 2006 1409 2060 ι
1431 2027 1458 2056 ››
1481 2010 1757 2062 Cantores
1778 2024 1792 2062 :
1811 2030 1837 2057 ιι
1857 2008 2039 2065 Multa

386 2091 555 2147 vobis
586 2103 866 2163 tempora,
899 2092 974 2148 Ν.
1018 2092 1086 2149 Ν.
1121 2095 1502 2165 imperatores
1535 2095 1964 2152 Romanorum!
2009 2120 2037 2148 ››

389 2181 672 2253 populus:
691 2203 716 2234 ι
741 2182 1401 2252 Multavobistempora!
1427 2188 1748 2240 sCantores
1771 2201 1786 2240 :
1811 2208 1839 2235 «
1857 2185 2043 2244 Multa

388 2270 556 2326 vobis
575 2271 1069 2343 tempora,l‘amuli
1087 2272 1317 2328 Domini
1335 2270 1348 2327 ι
1373 2294 1400 2322 »
1419 2273 1672 2345 pepulus
1685 2283 1797 2329 ter:
1822 2296 1842 2323 α
1862 2274 2044 2330 Multa

390 2360 558 2418 vobis
571 2368 820 2433 tempora
838 2361 851 2416 !
868 2363 1176 2419 nCantores
1192 2363 1433 2420 :«Multa
1445 2366 1607 2420 vobis
1620 2366 2044 2438 tempora,N.N.

398 2455 659 2523 augustas
684 2451 1071 2507 Romanorum
1099 2451 1152 2506 lo
1182 2452 1501 2526 papulusm
1530 2452 1711 2509 Multa
1725 2455 2044 2511 vobistem-

400 2539 629 2613 pora!»
663 2540 943 2597 Cantores
972 2557 986 2596 :
1011 2565 1039 2593 ιι
1060 2543 1381 2607 Multatibi,
1403 2542 1989 2616 praefecte,temporal
2017 2567 2046 2594 »

399 2629 678 2701 populus:
697 2651 722 2678 ι‹
744 2629 922 2685 Multa
944 2631 1046 2685 tibi
1071 2631 1360 2702 tempora!
1379 2654 1406 2682 η
1423 2631 1728 2688 Cantores:
1746 2634 2047 2704 «Domine,

401 2735 565 2775 serva
596 2719 868 2775 dominos
901 2721 1327 2776 Romanorum!
1365 2741 1392 2771 ››
1429 2721 1675 2793 populus
1707 2730 1796 2777 ter
1829 2740 1894 2778 :«
1937 2728 2048 2779 Do-

399 2807 580 2876 mine,
614 2809 806 2864 serval
859 2831 889 2858 »
935 2808 1206 2866 Cantores
1253 2827 1266 2864 :
1321 2831 1349 2859 ιι
1401 2809 1666 2878 Domine,
1718 2828 1885 2868 serva
1923 2830 1954 2868 a
1998 2821 2050 2870 to

396 2899 738 2954 coronatos!
776 2920 805 2948 ››
839 2899 1092 2970 p0pulus
1121 2904 1209 2954 ter
1240 2915 1253 2955 :
1289 2921 1316 2948 «
1350 2900 1874 2966 Domine,serval»
1896 2903 2049 2959 Can-

398 2989 553 3040 tores
579 3002 592 3041 :
628 3006 657 3036 ιι
689 2985 956 3056 Domine,
989 3003 1154 3042 serva
1186 2989 1552 3056 majestatem
1583 2995 1751 3044 rectas
1772 2991 2049 3047 doctrinas

401 3073 762 3142 studiosam;
825 3095 854 3124 »
911 3075 1163 3146 populus
1209 3081 1298 3130 ter
1342 3091 1356 3131 :
1403 3097 1433 3125 «
1480 3076 1748 3148 Domine,
1797 3095 1984 3135 serva.
2020 3101 2050 3130 ι)

403 3161 729 3219 Cantores:
769 3182 792 3212 ι
852 3164 1094 3220 Domine
1143 3181 1157 3219 :
1217 3179 1384 3219 serva
1437 3167 1871 3223 renovationem
1922 3183 2050 3239 pre-

405 3251 583 3307 cuml
618 3275 641 3304 ι
689 3251 943 3324 populus
981 3257 1070 3308 ter
1103 3268 1116 3306 :
1155 3275 1176 3301 ι
1211 3251 1483 3319 Domine,
1533 3255 1733 3310 serva!
1769 3277 1798 3304 »
1841 3257 2050 3314 Canto-

2140 929 2292 986 λεῦσι
2357 929 2660 1004 Ῥωμαίων,
2701 930 2790 984 καὶ
2857 927 3007 998 νίκην
3074 924 3415 1000 θεοδωρητὸν
3483 926 3620 981 κατὰ
3687 928 3799 982 τῶν

2140 1020 2445 1093 πολεμίων.
2495 1045 2522 1072 ››
2574 1019 2675 1077 Καὶ
2724 1019 2813 1073 ’ὀτε
2865 1013 3096 1080 ἔλθωσιν
3146 1013 3224 1077 εἷς
3267 1014 3358 1069 τὸν
3404 1017 3652 1088 καμπτὸν
3701 1021 3803 1071 τοῦ

2139 1110 2411 1183 Πρασίνου
2443 1110 2531 1164 καὶ
2563 1111 2863 1182 κάμψουσι,
2915 1103 3134 1180 λέγουσι
3181 1105 3273 1158 τὸν
3321 1103 3651 1159 ἀπελατικὸν

2145 1201 2330 1276 βαρύς·
2366 1226 2394 1253 ιι
2423 1198 2841 1257 Ἀναθαλλουσα
2871 1201 2905 1268 ἡ
2935 1196 3100 1258 πόλις
3147 1216 3265 1263 σου,
3299 1197 3327 1251 6
3361 1193 3506 1250 δεῖνα
3535 1197 3807 1271 αὐτοκρά-

2139 1310 2253 1363 τωρ
2313 1289 2598 1364 ἐπεύχεται
2647 1285 2986 1362 καταχρὲως,
3054 1286 3153 1354 τὴν
3214 1285 3318 1359 γὰρ
3367 1285 3649 1358 πραότητά
3707 1307 3808 1342 σου

2140 1380 2345 1454 δρῶσα,
2395 1377 2566 1434 ἀλλον
2627 1372 2795 1433 Δαϐίδ
2836 1377 2879 1414 ⁷¹
2940 1395 2999 1430 σε
3057 1374 3315 1446 ὀνομάζει
3363 1375 3501 1446 (49).
3554 1375 3663 1431 Τὸν
3705 1380 3810 1442 τῆς

2141 1471 2375 1531 πίστεως
2422 1471 2636 1543 κήρυκα
2690 1467 3026 1548 σοφώτατον,
3087 1464 3306 1520 Παῦλον
3367 1463 3676 1522 ἀπόστολον
3716 1468 3814 1524 τὸν

2144 1558 2648 1634 ἐνθωρακισάμενον
2706 1556 2972 1632 Χριστὸν,
3033 1553 3303 1630 βλέπει⁷²
3364 1557 3474 1626 (50)
3537 1556 3809 1632 ἀποστρέ-

2144 1669 2313 1726 φοντα
2343 1651 2452 1719 (51)
2481 1653 2589 1703 τῶν
2637 1643 2970 1725 ἀλλοφύλων
3019 1645 3086 1700 τὰ
3137 1642 3296 1717 βέλη,
3331 1641 3419 1698 διὰ
3450 1648 3613 1699 τοῦτο
3647 1645 3815 1721 ἶσχῦο

2145 1759 2221 1799 εις
2249 1737 2340 1792 καὶ
2375 1735 2705 1810 βασιλεὺεις,
2755 1736 2830 1796 ὡς
2879 1734 3126 1809 χρισθεὲς
3175 1733 3324 1807 παρὰ
3370 1733 3598 1809 Κυρίου.
3629 1759 3658 1786 ››
3691 1736 3806 1792 Καὶ

2145 1828 2234 1882 ὅτε
2291 1820 2523 1890 ἔλθωσιν
2584 1825 2659 1887 εἰς
2715 1825 2779 1880 τὸ
2855 1829 2901 1879 ll
2976 1819 3279 1898 ἔμπροσθεν
3338 1826 3447 1877 τῶν
3510 1821 3803 1897 βασιλέων.

2141 1913 2408 1982 ἵστανται,
2457 1912 2546 1968 καὶ
2599 1910 2818 1988 λέγουσι
2868 1912 2922 1966 οἱ
2968 1910 3217 1984 κράκται·
3270 1933 3298 1960 ιι
3345 1909 3564 1978 Πολλὰ,
3594 1910 3805 1983 πολλὰ,

2145 2001 2354 2058 πολλοὶ·
2387 2022 2413 2054 ι
2452 2004 2480 2057 6
2513 2001 2664 2063 λαὸςο
2695 2027 2722 2054 ιι
2750 1999 2942 2056 [Ιολλὰ
2972 1996 3065 2066 ἔτη
3091 1997 3168 2060 εἲς
3188 1996 3396 2054 πολλά.
3423 2021 3453 2051 ››
3480 2001 3549 2057 Οἱ
3578 2001 3805 2074 κράκται

2155 2113 2176 2143 ιι
2193 2091 2405 2148 Πολλοὶ
2424 2091 2551 2164 ὑμῖν
2572 2093 2790 2170 χρόνοι,
2810 2092 2845 2159 ἡ
2863 2088 3044 2154 Even-:0:
3065 2087 3332 2164 βασιλεία·
3353 2113 3380 2139 ››
3399 2089 3428 2143 6
3450 2088 3601 2151 λαός’
3617 2114 3644 2142 ιι
3668 2091 3809 2146 Πολ.

2149 2181 2238 2237 λοὶ
2273 2182 2401 2254 ὑμῖν
2426 2182 2648 2256 χρόνοι.
2685 2204 2712 2232 ››
2746 2181 2814 2238 Οἱ
2843 2179 3092 2253 κράκται’
3135 2201 3156 2230 ι
3189 2175 3408 2234 Πολλοὶ
3442 2177 3569 2251 ὑμῖν
3593 2180 3809 2256 χρόνοι,

2151 2273 2180 2327 6
2238 2268 2385 2326 δεῖνα
2436 2270 2530 2324 καὶ
2579 2272 2608 2325 6
2659 2268 2808 2326 δεῖνα
2874 2268 3274 2342 αὐτοκράτορες
3339 2267 3650 2341 Ῥωμαίων⁸
3700 2291 3727 2322 η
3781 2271 3810 2324 6

2152 2359 2286 2423 λαός
2321 2379 2332 2392 ·
2377 2382 2400 2413 ιι
2440 2358 2650 2416 Πολλοὶ
2681 2360 2808 2431 ὑμῖν
2843 2359 3058 2433 χρόνοι.
3095 2380 3123 2409 ››
3156 2357 3224 2413 Οἱ
3254 2355 3501 2429 κράκταιο
3533 2382 3562 2409 ιι
3597 2356 3812 2415 Πολλοὶ

2156 2454 2283 2526 ὑμῖν
2317 2453 2535 2528 χρόνοι.
2587 2452 2638 2506 οἳ
2689 2450 3012 2526 θεράποντες
3059 2453 3158 2503 τοῦ
3209 2447 3432 2524 Κυρίου·
3470 2472 3498 2499 ››
3530 2450 3558 2503 6
3589 2449 3723 2511 λαὸς
3749 2448 3808 2503 ἐκ

2153 2542 2358 2615 τρίτου·
2397 2565 2425 2594 ιι
2454 2537 2666 2596 Ηολλοί
2700 2541 2826 2613 ὑμῖν
2861 2540 3080 2615 χρόνοι.
3108 2561 3136 2588 »
3169 2538 3235 2595 Οἱ
3258 2538 3498 2611 χράκται·
3531 2560 3559 2587 ιι
3591 2535 3801 2591 ηολλοὶ

2155 2632 2283 2705 ὑμῖν
2311 2631 2528 2706 χρόνοι,
2561 2632 2589 2684 6
2622 2627 2769 2685 δεῖνα
2803 2641 2894 2684 καί
2950 2630 2978 2682 6
3033 2625 3178 2682 δεῖνα
3225 2625 3506 2700 αὖγοῦσται
3535 2630 3640 2680 τῶν
3671 2625 3805 2682 Ῥω-

2159 2721 2314 2795 μίων·
2352 2745 2381 2774 ››
2413 2722 2440 2776 6
2473 2717 2630 2782 λαός⁶
2666 2743 2694 2771 ιι
2727 2717 2945 2774 Πολλοὶ
2992 2718 3122 2789 ὑμῖν
3155 2715 3367 2791 χρόνοι·
3405 2739 3432 2766 ››
3463 2716 3531 2772 Οἱ
3560 2716 3809 2788 κράκται·

2157 2835 2186 2863 ιι
2219 2808 2432 2866 Πολλοὶ
2465 2813 2561 2864 σόυ
2588 2809 2805 2884 χρόνοι.
2838 2807 2918 2864 Τὰ
2945 2806 3068 2879 τρία
3113 2809 3192 2876 τῷ
3242 2805 3497 2879 ὑπάρχῳ
3535 2827 3562 2854 ››
3596 2803 3624 2856 6
3653 2803 3809 2862 λαός·

2157 2925 2184 2952 ιι
2219 2897 2431 2955 Πολλοὶ
2464 2919 2563 2952 σου
2609 2897 2821 2976 χρόνοι·
2861 2920 2887 2947 ››
2940 2897 3007 2954 Οἱ
3056 2895 3304 2969 κράκταιο
3353 2918 3381 2945 ιι
3417 2892 3603 2968 Κύριε,
3638 2896 3811 2946 σῶσον

2156 2988 2284 3050 τοὺς
2329 2985 2593 3048 δεσπότας
2638 2986 2946 3060 Ῥωμαίων.
2988 3008 3016 3038 η
3068 2986 3096 3039 6
3149 2983 3280 3046 λαὸς
3332 2981 3389 3037 ἐγ
3443 2985 3513 3058 γ’⁶
3563 3007 3591 3035 ιι
3628 2981 3817 3057 Κύριε,

2159 3083 2351 3133 σῶσον.
2405 3100 2432 3129 ››
2480 3077 2548 3134 Ol.
2594 3094 2842 3150 κρακταιο
2893 3098 2922 3126 ιι
2977 3073 3158 3148 Κύριε,
3207 3077 3383 3128 σιῖσον
3441 3070 3569 3134 τοὺς
3619 3070 3680 3125 ἐκ
3723 3067 3823 3125 σοῦ

2159 3164 2541 3240 ἐστεμμένους
2589 3188 2617 3217 ››
2677 3165 2705 3218 6
2759 3161 2924 3236 λάγος
2971 3161 3030 3217 ἐκ
3078 3169 3155 3236 γ’·
3223 3185 3251 3212 ιι
3302 3159 3494 3233 Κύριε,
3546 3164 3744 3216 σῶσον.
3797 3184 3826 3212 ››

2172 3257 2239 3312 Οἱ
2287 3255 2513 3329 κράχται
2581 3278 2608 3304 ιι
2670 3254 2849 3327 Κύριε,
2933 3255 3107 3307 σῶσον
3176 3247 3466 3324 ὀρθόδοξον
3527 3250 3745 3323 κράτος·
3799 3271 3828 3301 ιο

409 3356 502 3397 res
539 3357 551 3394 :
587 3362 614 3389 ιι
649 3323 912 3410 Domine,
944 3356 1112 3396 serva
1149 3340 1380 3396 divitias
1430 3343 1822 3414 subjectorum
1851 3344 1862 3399 ι
1896 3367 1923 3394 »
1959 3364 2048 3416 po-

2173 3348 2201 3401 6
2247 3323 2378 3406 λαῦς
2419 3343 2479 3399 ἐκ
2523 3345 2589 3419 γ’·
2644 3367 2664 3394 α
2701 3323 2894 3416 Κῦριε,
2943 3345 3142 3397 σῶσον.
3174 3323 3219 3393 nr
3252 3341 3319 3397 Ol.
3369 3340 3618 3414 κράκται·
3669 3364 3696 3392 ιι
3726 3340 3836 3395 Κύ-

413 3429 590 3502 pulus
638 3439 723 3485 ter
774 3447 788 3485 :
841 3452 869 3481 ιι
916 3431 1179 3495 Domine,
1226 3431 1424 3488 serval
1477 3453 1506 3482 »
1575 3437 1850 3490 Cantores
1885 3453 1898 3490 :
1930 3459 1958 3487 «
1991 3440 2064 3494 At

417 3519 685 3574 omnium
705 3517 936 3575 Creator
951 3527 1010 3574 et
1043 3521 1322 3575 Dominus
1349 3527 1615 3592 tempora
1639 3529 1847 3590 vestra,
1881 3541 2066 3597 augu-

417 3612 642 3663 starum
675 3614 733 3662 et
764 3609 1728 3680 porphyrogenitorumconservetl
1757 3635 1785 3663 »
1818 3616 2068 3684 p0pulus

417 3700 508 3753 ter
542 3712 557 3752 :
580 3718 610 3748 ιι
633 3697 901 3766 Domine,
924 3715 1092 3754 serva
1115 3698 1174 3753 is
1207 3699 1484 3757 Cantores
1515 3718 1530 3756 :
1557 3724 1585 3753 ιι
1608 3703 1893 3759 Exaudiat
1913 3705 2067 3761 Deus

415 3787 700 3860 populum
735 3793 997 3843 vestrum
1025 3787 1038 3843 l
1073 3811 1102 3839 »
1151 3789 1402 3860 papulus
1436 3796 1563 3846 ter:
1591 3813 1620 3841 α
1647 3792 1910 3864 Domine,
1944 3811 2066 3850 ser-

411 3875 518 3930 va!
556 3897 584 3925 »
616 3881 674 3930 et
693 3876 776 3931 sic
805 3876 1002 3932 fausta
1033 3893 1237 3933 omnes
1269 3893 1336 3933 ao
1366 3877 1545 3934 vitam
1577 3880 1920 3937 diuturnam
1952 3881 2067 3937 im-

412 3964 666 4036 peratori
698 3967 952 4021 carmine
982 3972 1393 4037 apprecantur.

2175 3455 2278 3508 ριε,
2328 3437 2502 3488 σῶσον
2539 3433 2639 3502 τήν
2686 3429 3036 3501 ἂναγαίνησιν
3077 3433 3183 3485 τῶν
3236 3428 3522 3499 αἰτησίων·
3561 3450 3589 3479 ››
3639 3430 3667 3484 6
3698 3428 3834 3490 λαὸς

2176 3520 2237 3576 ἒκ
2281 3524 2348 3596 γ’·
2399 3546 2426 3574 ιι
2459 3523 2646 3593 Κύριε,
2696 3525 2892 3575 σῶσον.
2944 3543 2971 3570 ››
3021 3520 3088 3577 Ol.
3135 3519 3389 3592 κράκταισ
3446 3543 3473 3569 ιι
3518 3517 3699 3592 Κύριε,
3734 3521 3842 3572 σῶ-

2178 3633 2270 3667 σον
2297 3614 2389 3667 τὸν
2418 3609 2659 3665 πλοῦτον
2688 3615 2798 3664 τῶν
2833 3608 3113 3679 ὑπηκόων
3157 3630 3184 3661 ι)
3237 3608 3265 3662 6
3311 3606 3446 3670 λαὸς
3485 3605 3544 3662 ἐκ
3571 3607 3637 3682 γ”
3673 3631 3700 3658 ιι
3730 3604 3840 3663 Κύ-

2163 3695 2280 3777 ριε,
2315 3706 2511 3758 σῶσον.
2545 3725 2572 3751 ››
2616 3699 2684 3757 Οἱ
2728 3699 2975 3772 κράκται·
3012 3720 3040 3750 ιι
3070 3694 3230 3754 Ἀλλ’
3277 3698 3305 3752 ὁ
3350 3696 3565 3751 πάντων
3596 3695 3844 3765 Ποιητής

2178 3791 2266 3844 καὶ
2298 3791 2573 3859 Δεσπότης
2619 3788 2748 3850 τοὺς
2795 3787 3034 3863 χρόνους
3087 3787 3242 3858 ὑμῶν
3294 3784 3562 3855 πληθύνει
3591 3785 3683 3840 σὺν
3715 3789 3840 3846 ταῖς

2180 3879 2501 3956 αὐγοῦσταις
2552 3877 2643 3933 καὶ
2709 3883 2826 3939 τοῖς
2893 3877 3455 3952 πορφυρογεννήτοις.
3508 3897 3536 3927 »
3608 3875 3635 3928 6
3701 3871 3839 3934 λαὸς

2177 3968 2238 4023 ἐκ
2295 3976 2370 4042 γ”
2439 3992 2466 4022 ιι
2509 3967 2692 4040 Κύριε,
2756 3971 2956 4024 σῶσον.
3018 3987 3046 4019 »
3106 3966 3173 4022 Οἳ
3229 3965 3478 4040 κράκται·
3516 3987 3544 4016 ιι
3580 3961 3844 4020 Εἶσακοῦο

413 4073 492 4106 σει
524 4052 552 4106 6
583 4053 712 4114 Θεὸς
741 4057 838 4108 τοῦ
869 4052 1008 4108 λαοῦ
1041 4054 1214 4128 ὑμων⁹
1249 4078 1278 4108 »
1313 4057 1340 4110 6
1374 4056 1508 4120 Λαὸς
1538 4055 1597 4112 ἐκ
1621 4060 1688 4134 γ”
1725 4082 1748 4113 ι
1785 4059 1971 4134 Κύριε,
2013 4065 2214 4130 σῶσον,
2247 4084 2274 4112 ››
2324 4057 2414 4113 καὶ
2465 4056 2792 4132 ἐπεύχονται
2836 4059 3050 4120 πάντες
3085 4055 3176 4110 καὶ
3209 4052 3436 4130 λέγουσι
3465 4051 3844 4126 πολυχρόνιον

413 4138 544 4210 ποίη
556 4161 649 4214 μα.

901 4234 991 4290 2|
1008 4233 1052 4290 5
1084 4235 1313 4292 CAPUT
1352 4237 1602 4293 LXXIV.

419 4321 554 4388 Quae
581 4337 615 4376 a
635 4321 994 4394 cancellariis
1023 4326 1306 4394 quaestoris
1334 4324 1397 4379 in
1440 4327 1784 4392 processibus
1813 4327 2068 4386 domino-

489 4409 618 4520 ηιηῖ
645 4393 717 4448 ad
763 4393 1041 4462 Magnam’
1069 4395 1365 4451 Ecclesium
1396 4397 1590 4453 Latine
1617 4406 1917 4467 canuntur,
1951 4400 2068 4458 haec

489 4481 591 4519 sun
623 4505 638 4520 .

488 4481 638 4520 δυηε.

2807 4238 3051 4293 ΚΕΦΑΛ
3091 4237 3211 4292 ΟΔ“.

2177 4326 2264 4399 Τὰ
2315 4325 2418 4380 ὑπὸ
2474 4329 2581 4379 τῶν
2829 4320 3247 4399 καγκελλαρμίων
3311 4324 3409 4399 τοῦ
3475 4321 3842 4399 διοιαίστωρμος

2249 4397 2300 4452 ἐν
2368 4401 2486 4458 ταῖς
2553 4391 2926 4469 προελεόσεσί
2965 4396 3074 4469 τῶν
3116 4391 3413 4469 ’.ξεσποτῶν
3491 4392 3544 4447 ἐν
3737 4391 3846 4448 Με-

2245 4467 2388 4542 γάλῃ
2434 4463 2736 4538 Ἐκκλησία
2772 4465 3076 4538 Ῥωμαϊστὶ
3112 4463 3369 4537 ᾀδόμενα,

489 4553 554 4609 In
585 4553 899 4609 Nativitats
929 4554 1145 4610 Christi
1181 4573 1195 4611 :
1230 4578 1257 4605 ‹‹
1297 4557 1371 4612 De
1404 4557 1586 4613 Maria
1615 4557 1856 4630 Virgine
1888 4565 2048 4616 natu!

2246 4557 2338 4619 Εἰς
2377 4557 2445 4612 τὰ
2482 4557 2718 4631 Χριστοῦ
2757 4554 2919 4630 γέννα
2976 4554 3042 4589 ⁷³·
3105 4578 3134 4605 ιι
3179 4554 3265 4610 Δὶ.
3321 4550 3521 4628 Μαρίε.
3577 4551 3838 4626 Βέργηνε,

415 4649 525 4711 est,
557 4647 613 4698 et
643 4643 791 4714 Magi
823 4644 894 4697 ab
925 4644 1149 4699 oriente
1190 4660 1318 4699 cum
1371 4647 1708 4704 muneribus
1737 4649 2002 4705 adorant.
2039 4672 2067 4700 ››

414 4731 736 4804 Responsio
773 4748 787 4786 :
823 4753 851 4780 ιι
884 4731 1151 4786 Christus
1190 4733 1338 4788 Deus
1389 4741 1588 4791 noster
1630 4744 1928 4794 conservet
1957 4739 2068 4793 im-

415 4821 639 4893 perium
679 4829 936 4877 vestrum
987 4837 1088 4893 per
1119 4821 1338 4878 multos
1382 4811 1568 4880 annos
1620 4836 1674 4881 et
1704 4826 1888 4882 bonos
1918 4827 1931 4883 l
1966 4827 2069 4884 Die

417 4910 725 4965 Luminum
746 4927 758 4964 :
781 4931 810 4956 σι
829 4909 1089 4966 Joannes
1108 4913 1163 4965 in
1181 4910 1709 4983 Jordanebaptizat
1723 4915 2065 4974 Dominum:

415 4994 468 5049 is
518 5013 722 5052 rursus
761 5000 902 5067 (aut,
951 4998 1178 5070 postea)
1235 4998 1322 5055 illi
1379 5001 1662 5058 acclamat
1710 5021 1724 5060 :
1776 5007 1824 5059 A
1854 5011 1909 5061 te
1939 5006 2068 5063 volo

2180 4654 2410 4706 Νατους.
2487 4645 2563 4703 ἐτ.
2632 4646 2839 4720 Μάγια.
2908 4640 3334 4718 δωριεντεκοὺμ.
3409 4643 3666 4714 μούνερα.
3720 4637 3844 4694 ἄδο-

2181 4736 2388 4811 ράντες.
2451 4757 2480 4787 ››
2547 4732 2960 4807 Ἐρμηνεῦεταιο
3034 4755 3064 4784 ιι
3131 4733 3228 4788 Ἐκ
3285 4731 3501 4805 Μαρίας
3553 4732 3651 4798 τῆς
3709 4750 3845 4803 παρ-

2177 4827 2332 4880 Θὲνου
2388 4824 2670 4902 ἐγεννήθη,
2728 4821 2817 4878 καὶ
2878 4821 3062 4895 Μάγοι
3115 4819 3167 4890 ἐξ
3225 4817 3508 4875 ἀνατολῶν
3561 4819 3696 4892 μετᾶ
3736 4816 3842 4873 δώ-

2177 4935 2285 4989 ρων
2327 4916 2742 4988 προσκυνοῦσιν.
2786 4935 2813 4964 ):
2865 4910 3198 4986 Ἀπόκριμα·
3245 4932 3275 4962 ιι
3314 4910 3610 4982 Κρίστους.
3653 4907 3840 4971 Δέους.

2175 5004 2406 5078 Νόστερ.
2446 5003 2654 5059 κοῦσιν.
2712 4996 2922 5076 σὲρϐετ.
2983 5000 3330 5074 ἡμπέριουμ.
3377 4999 3672 5073 βεστρουμ.
3714 4999 3840 5072 πὲρι

1789 5133 1882 5183 VA
1892 5132 2032 5187 RIE
2071 5131 2369 5188 LECTION
2379 5132 2477 5187 ES.

488 5231 534 5270 ⁷⁸
587 5230 756 5322 Adsis.
813 5254 926 5322 Eni.
987 5241 1078 5296 ed.
1111 5240 1207 5322 -"_
1253 5239 1444 5315 βλέπει
1482 5243 1599 5322 _R.,A
1642 5240 1864 5322 βλέπειν
1924 5249 2076 5315 cod.,
2121 5245 2398 5322 βλέπουσα
2457 5247 2546 5322 ed.
2598 5241 3033 5322 ἀποστρέφοντας
3072 5243 3206 5322 god.
3283 5240 3334 5276 ⁷⁸
3356 5239 3433 5299 εἷς
3463 5242 3561 5293 τοῦ
3592 5239 3841 5313 Χριστοῦ

413 5302 655 5377 γέννησιν
690 5309 781 5365 ed.
813 5311 1078 5366 Ceterum
1111 5302 1318 5368 Latina
1338 5317 1535 5370 omnia
1562 5302 1773 5371 Cra-cis
1802 5302 2010 5375 litteris
2048 5302 2267 5391 scripta
2297 5336 2412 5376 om.
2445 5302 2542 5375 ed.
2574 5302 2860 5375 Dedit.'R:
2897 5319 2953 5371 in
2987 5302 3161 5371 notis.

1461 5438 1660 5495 JOAN.
1703 5440 1846 5496 JAC.
1887 5441 2147 5500 REISKII
2187 5440 2781 5500 COMMENTARIUS.

519 5549 606 5627 ﬁt?)
636 5548 897 5627 Similem
932 5547 1472 5627 locumhabuimus
1500 5573 1678 5627 supra
1711 5575 1766 5627 p.
1804 5558 1925 5615 l88.

511 5621 885 5695 50)7f‘['pellﬂt
916 5631 967 5695 te
997 5623 1259 5695 Davidsm
1287 5629 1550 5695 alterum,
1577 5621 1632 5686 et
1665 5621 1817 5685 videt
1849 5640 1898 5686 te
1919 5632 2068 5686 Pau-

422 5687 561 5759 luin,
586 5687 833 5760 Christo,
855 5694 1004 5750 velut
1034 5694 1231 5762 lorica,
1261 5687 1571 5757 munitum.

484 5763 600 5838 (51)
625 5765 701 5821 Μ.
758 5763 1218 5838 ἆποστρέφοντας,
1279 5777 1338 5822 ut
1386 5771 1582 5825 redeat
1617 5773 1685 5829 ad
1718 5773 1965 5828 Paulum
2006 5777 2064 5830 et

2177 5559 2597 5630 Christum,qui
2625 5559 2971 5629 detorquent.
2997 5555 3108 5611 Sed
3142 5560 3380 5627 praestat
3410 5560 3605 5612 tamen
3629 5568 3835 5609 emen-

2175 5635 2334 5687 datio
2378 5632 2725 5687 Leicbiania.

2243 5705 2357 5774 (52)
2389 5705 2518 5758 Hac
2549 5709 2691 5758 sunt
2731 5701 2835 5756 illa
2859 5700 2981 5772 ipsa
3013 5707 3164 5766 acta,
3187 5700 3258 5756 ds
3285 5700 3504 5773 quibus
3539 5702 3829 5754 memorat

2170 5772 2378 5831 Noster
2408 5791 2544 5847 pag.
2574 5774 2629 5828 7.
