4134 6414
433 338 555 398 6⁵17

1317 335 1416 397 DE
1457 334 1914 398 GERIMONIIS
1953 336 2191 400 AULE
2233 339 2708 404 ΒΥΖΑΝΤῙΝᾹΞ
2750 346 2900 407 LIB.
2949 345 2993 406 ι.

3739 351 3860 417 6‘78

433 492 624 546 "'3".
675 509 704 538 (ί
746 485 858 553 ni"
913 483 1089 552 καλὴν
1148 485 1358 559 ἡμέραν
1420 486 1742 558 ποιήσωμεν
1806 487 1940 558 μετὰ
1987 490 2087 541 τοῦ

2201 474 2562 533 celebremus
2601 477 2615 531 l
2670 482 2754 534 ter
2782 483 3002 548 sancte,
3049 482 3304 539 dominis
3345 485 3630 544 auxilium
3673 489 3838 562 affer,

444 578 736 653 δημάρχου
785 579 894 631 τῶν
939 577 1174 632 Βενετων
1200 576 1283 630 ⁸⁸1
1315 574 1598 649 Τρισάγιε,
1635 576 1918 650 βοήθησον
1958 577 2084 638 τοὺς

449 668 722 735 δεσπότας,
779 663 981 720 καὶσὺ
1046 661 1241 724 αὐτοὺς
1319 663 1644 736 θεράπευσον
1728 663 1819 720 ἐπὶ
1901 671 2084 734 πᾶσιν,

447 757 753 826 πλεονάζων
797 760 898 824 τῆς
943 758 1090 824 ζωῆς
1158 754 1337 808 αὐτῶν
1396 754 1654 830 χρόνους,
1706 755 1797 808 σὺν
1841 759 1956 817 ταῖς
2000 777 2083 809 τι-

437 847 582 920 μίαις
609 842 934 919 αὐγοῦσταις
965 841 1016 897 ἐν
1058 845 1126 915 τῇ
1157 841 1412 920 πορφύρᾳ
1434 841 1511 904 είς
1553 840 1765 897 τελείαν
1792 843 2084 918 χαρμονήν

431 940 540 990 τῶν
571 931 868 1006 Ῥωμαίων
907 929 997 986 καὶ
1029 931 1269 986 Βενὲτων
1308 933 1416 984 τῶν
1449 929 1691 1006 γνησίων
1744 931 1900 1004 ὑμῶν
1955 928 2082 986 δού-

434 1022 572 1080 λῶν.
612 1021 732 1079 Ἑσ·
775 1021 951 1096 Ἀγιε,
1015 1017 1277 1095 τρισάγιε,
1336 1015 1462 1080 τοὺς
1511 1014 1777 1080 δεσπότας
1814 1017 2078 1098 φυλαττε,

432 1116 650 1185 Πνεῦμα
678 1111 741 1165 τὸ
787 1108 1076 1184 πάνάγιον,
1123 1108 1220 1171 τὰς
1258 1105 1565 1182 αὺγοῦστας
1609 1107 1917 1164 σκέπασονί
1969 1107 2079 1166 Κό-

433 1221 533 1277 ριε,
581 1201 730 1270 ζωὴν
769 1197 946 1254 αὐτῶν
999 1194 1088 1252 διὰ
1121 1198 1223 1266 τήν
1273 1197 1420 1266 ζωὴν
1471 1199 1633 1268 ἡμῶν
1661 1198 1673 1253 !
1705 1193 1788 1256 ἵσ.
1821 1197 1872 1256 ἄ.
1906 1197 1964 1253 οἶ
1998 1196 2075 1255 ἔσ.

434 1291 617 1366 Κύριε,
648 1293 834 1368 χαῖρε,
864 1287 1009 1358 καλή
1051 1305 1147 1341 σου
1198 1285 1421 1360 ἡμέραι
1467 1286 1574 1358 ὅλη
1617 1287 1800 1361 ἥμερα
1835 1288 2074 1362 σήμερον

431 1380 575 1451 καλή
621 1401 718 1436 σου
771 1377 953 1453 ἡμέρα
1008 1375 1253 1451 γίνεταιί
1319 1377 1348 1430 ὁ
1405 1373 1553 1431 δεῖνα
1626 1379 2077 1453 πρωτοσπαθςὶριε

431 1471 523 1528 καὶ
581 1467 860 1543 δήμαρχε,
927 1465 1133 1522 πολλοὶ
1189 1486 1282 1520 σου
1324 1466 1538 1540 χρόνοι·
1583 1465 1611 1519 6
1658 1465 1887 1528 ἀναστὰς
1945 1467 2077 1529 Θεὸς

431 1563 592 1636 ἡμῶν
626 1565 798 1633 ζωῑξν,
832 1557 1014 1632 ὑγείαν
1075 1553 1238 1611 δώσει
1293 1574 1399 1609 σοι.
1431 1557 1543 1610 Τοῖ’)
1575 1552 1838 1610 δεσπότου
1865 1558 2074 1632 γνήσιε,

427 1651 490 1706 τὸ
547 1655 691 1714 θεῖον
733 1648 1025 1722 περισῶσαι
1059 1666 1136 1715 σε,
1192 1643 1284 1700 καὶ
1314 1643 1541 1700 πλείονα
1598 1642 1916 1720 δωρήσηται
1947 1645 2076 1708 Θεὸς

431 1742 461 1796 6
491 1739 834 1814 ἐπουράνιος,
885 1734 981 1791 ἵνα
1045 1735 1402 1810 εὖτυχοῦντός
1446 1755 1542 1790 σου
1587 1735 1802 1810 ὁρῶμεν
1825 1735 1914 1790 καὶ
1949 1754 2070 1810 χαι-

2195 577 2391 622 curam
2431 581 2632 622 eorum
2681 568 2740 622 in
2791 571 3064 626 omnibus
3112 574 3366 646 suscipe,
3412 576 3587 633 vitam
3635 594 3838 635 eorum

2191 667 2411 725 augens
2440 671 2570 711 cum
2596 658 2936 713 venerandis
2962 659 3432 731 imperatriclbus
3474 665 3532 721 in
3559 684 3845 740 purpura,

2188 744 2262 798 ad
2297 743 2604 815 perfectam
2634 745 2900 804 laetitiam
2944 748 3336 808 Romanorum
3366 770 3431 808 ac
3466 755 3810 814 Venetorum
3831 799 3846 826 ,

2187 849 2456 889 verorum
2506 851 2805 892 servorum
2838 843 3088 894 tuorum.
3131 840 3360 909 Sancte,
3385 851 3470 897 ter
3491 851 3709 913 sancte,
3746 848 3849 901 do-

2190 922 2381 978 minos
2395 925 2625 980 custodi
2646 923 2658 979 ί
2675 924 2923 994 Spiritus
2940 927 3330 999 sanctissime,
3347 938 3630 1004 augustas
3646 941 3806 991 tuere
3824 933 3838 989 l

2189 1010 2451 1082 Domine,
2484 1015 2659 1071 vitam
2691 1015 2952 1092 ipsorum
2988 1033 3090 1090 per
3121 1024 3380 1077 nostram
3409 1023 3580 1079 vitam
3610 1025 3622 1081 l
3657 1025 3856 1083 Salve»

2186 1099 2452 1169 Domine,
2489 1105 2734 1175 pulchra
2761 1109 2847 1162 est
2877 1108 2997 1163 haec
3036 1108 3159 1166 dies
3200 1115 3302 1168 tua
3343 1111 3356 1166 l
3402 1111 3684 1171 hodierna
3718 1116 3845 1173 dies

2184 1195 2306 1247 tota
2337 1193 2582 1263 pulchra
2615 1195 2718 1251 tibi
2749 1197 2875 1252 dies
2909 1197 2971 1252 lit
3003 1196 3016 1252 Ι
3055 1199 3118 1256 Ν.
3150 1203 3612 1270 protospatharie
3641 1211 3697 1262 et
3737 1206 3845 1261 de-

2187 1282 2444 1351 marehe,
2479 1283 2665 1339 multa
2704 1286 2809 1340 tibi
2854 1290 3114 1357 tempora
3147 1287 3160 1343 l
3197 1289 3368 1360 Deus,
3397 1293 3498 1363 qui
3529 1308 3561 1348 e
3601 1296 3846 1354 mortuis

2184 1374 2519 1442 resurrexit,
2553 1373 2772 1430 salvam
2803 1377 2967 1432 vobis
3011 1378 3186 1434 vitam
3221 1381 3499 1436 concedat
3532 1382 3545 1436 ι
3580 1384 3846 1442 Genuine

2186 1461 2565 1518 Dominorum
2599 1463 2831 1535 famulo,
2865 1466 3138 1524 divinitas
3179 1473 3235 1525 te
3269 1480 3589 1541 conservet,
3632 1475 3840 1546 plura-

2180 1567 2292 1624 que
2326 1551 2474 1608 Deus
2506 1553 2760 1609 caelestis
2799 1555 2902 1610 tibi
2934 1558 3231 1623 concedat,
3276 1564 3339 1615 ut
3377 1565 3432 1617 te
3475 1561 3699 1620 felicem
3741 1566 3832 1619 vi-

2179 1642 2423 1698 deamus
2452 1646 2509 1698 et
2536 1642 2932 1709 gaudeamus!
2968 1647 3074 1702 hoc
3123 1663 3293 1704 omne
3335 1652 3699 1722 providentia
3737 1655 3841 1710 Dei

2182 1731 2364 1786 nostri
2395 1732 2627 1787 accidit.
2661 1731 2862 1788 Merito
2893 1735 2998 1789 tibi
3030 1752 3133 1792 nos
3167 1736 3390 1809 Veneti,
3442 1745 3836 1816 ornatissime,

439 1828 708 1904 ρώμεθαί
765 1830 928 1881 τοῦτο
967 1827 1184 1887 πάντως
1233 1823 1435 1900 γίνεται
1493 1821 1721 1900 προνοίᾳ
1777 1827 1876 1880 τοῦ
1943 1829 2076 1880 Θεοῦ

2183 1836 2586 1890 apprecamur,
2606 1823 2756 1892 quod
2780 1827 3356 1896 superabundantem
3375 1829 3838 1892 benevolentiam

434 1921 617 1993 ἡμῶν,
676 1917 870 1988 Ἀξίως
913 1936 999 1971 σοι
1053 1913 1331 1990 εὐχόμεθα
1363 1914 1589 1986 Βένετοι,
1623 1916 1951 1991 παγκόσμιε,
1996 1915 2080 1970 ὅτι

430 2003 882 2084 ὑπερϐάλλουσαν
936 2002 1085 2084 ἔχεις
1131 2002 1510 2072 καλοθὲλειαν,
1559 2006 1646 2060 καὶ
1707 2003 1873 2081 εὐχὰς
1913 2006 2078 2078 κομί-

429 2104 578 2169 ζεσαι
611 2099 671 2152 ἐκ
707 2097 816 2150 τῶν
869 2095 1205 2170 ἀγαπώντων
1265 2111 1343 2149 σε’
1379 2095 1453 2158 ὡς
1504 2094 1608 2172 γὰρ
1638 2093 1938 2173 ἀγαπῶμεν
1970 2117 2078 2165 σοι,

432 2187 593 2257 ἀξίως
653 2206 711 2239 σε
770 2183 1068 2260 εὐχόμεθα,
1122 2181 1210 2238 ἵνα
1249 2180 1548 2259 ἆδιάδοχος
1615 2182 1805 2259 μείνῃς
1855 2183 2078 2239 διοικῶν

429 2281 593 2350 ἡμᾶς·
626 2274 703 2334 ἔσ.
739 2276 800 2334 Ὀ
831 2274 1060 2338 ἀναστὰς
1107 2274 1239 2336 Θεὸς
1305 2277 1484 2348 ἡμῶν,
1533 2273 1772 2348 φύλαττε
1835 2275 1927 2330 τὸν
1984 2272 2079 2345 δή·

434 2387 667 2442 μαρχον.
703 2388 728 2420 s
765 2364 980 2433 Ἰστὲον,
1033 2363 1115 2419 ὅτι
1155 2365 1246 2419 καὶ
1301 2363 1352 2418 οἱ
1410 2367 1508 2418 τοῦ
1559 2363 1755 2439 μέρους
1794 2367 1898 2417 τῶν
1933 2368 2079 2437 ιῐρα-

426 2457 586 2512 σίνων
618 2456 718 2526 τὴν
752 2453 950 2528 ὁμοίαν
984 2452 1132 2526 τάξιν
1164 2453 1251 2508 καὶ
1313 2451 1676 2516 ἁκουλουθίαν
1723 2457 1958 2508 ποιῶσιν
1998 2455 2076 2525 τῷ

421 2543 549 2618 ἰδίῳ
585 2543 888 2622 δημάρχῳ,
920 2542 1011 2597 καὶ
1044 2541 1110 2596 τὰ
1145 2539 1280 2596 αὐτὰ
1311 2537 1444 2595 ἅκτα
1475 2539 1872 2616 ἀκτολογοῦσιν
1905 2540 2072 2614 αὐτῷ,

417 2636 541 2710 Χρὴ
582 2633 884 2711 γινώκσειν,
947 2630 1054 2699 ὅτι,
1111 2635 1212 2700 τῆς
1276 2629 1682 2706 προρῥηθείσης
1745 2631 1947 2703 τάξεως
1982 2631 2072 2686 καὶ

427 2720 756 2784 ἀκολουθίας
803 2719 1152 2791 τελεσθείσης
1210 2718 1264 2774 ἐν
1319 2723 1398 2792 τῷ
1446 2722 1542 2774 τοῦ
1575 2717 1870 2799 δημάρχου
1903 2718 2069 2794 ο¹ίκῳ,

435 2813 674 2886 ὀψικεΰει
704 2813 805 2868 ἀπὸ
839 2816 946 2868 τῶν
967 2810 1140 2867 ἐκεῖσε
1179 2809 1338 2865 αὐτὸν
1360 2810 1387 2865 6
1421 2807 1596 2884 δῆμος
1617 2807 1719 2872 ἓως
1767 2815 1864 2866 τοῦ
1903 2813 2070 2867 ἱππο-

437 2897 693 2976 δρομίου,
720 2895 969 2972 δηλονότι
993 2899 1157 2954 αὐτοῦ
1178 2896 1468 2972 ἱσταμένου
1497 2897 1549 2953 ἐν
1593 2902 1673 2970 τῷ
1722 2895 1927 2972 δεκάτῳ
1974 2920 2070 2954 κα-

432 2989 676 3066 γκέλλῳ.
700 2989 802 3046 Καὶ
835 2990 1026 3046 τοότου
1055 2987 1226 3044 ἐκεῖσε
1281 2989 1597 3063 ἱσταμένου,
1629 2987 1792 3044 πάλιν
1849 2986 2070 3044 ’ίσταται

426 3080 455 3133 ὁ
485 3077 664 3155 δῆμος
691 3080 1012 3156 ἀκτολογῶν
1045 3079 1193 3151 αὐτῷ
1220 3081 1390 3134 ταῦτα
1423 3079 1434 3133 !
1487 3079 1554 3135 Οἱ
1594 3077 1842 3152 κράνειαν
1869 3102 1896 3130 ‹‹
1962 3085 2069 3135 Κα-

419 3164 538 3231 λῶς
591 3167 774 3242 ἦλθες,
825 3167 1126 3232 θεστὲπτων
1187 3167 1216 3221 6
1274 3163 1518 3228 δοῦλοςῑ
1563 3189 1592 3218 ››
1640 3167 1668 3220 6
1709 3165 1860 3236 λαὸς,
1894 3191 1922 3219 ‹‹
1958 3174 2064 3223 Κα-

422 3256 535 3320 λῶς
558 3256 722 3328 ἦλθες
751 3260 763 3315 !
808 3282 835 3310 ›)
867 3259 935 3315 Oi
964 3256 1210 3334 κράκται·
1246 3275 1274 3307 ‹‹
1333 3254 1520 3316 καλῶς
1568 3254 1759 3328 ἦλθες,
1809 3253 2061 3333 προδολὴ

418 3347 747 3424 εὖεργετῶνί
791 3371 820 3400 ‹‹
886 3348 914 3402 ὁ
965 3345 1117 3408 λαός⁶
1155 3367 1183 3397 ‹‹
1242 3343 1438 3409 Καλῶς
1489 3343 1694 3414 ἦλθεςὶ
1747 3369 1775 3398 ‹‹
1819 3347 1886 3403 O't
1943 3346 2069 3422 κρά-

413 3457 558 3493 κται.
590 3463 613 3488 α
664 3436 862 3500 Καλῶς
922 3435 1116 3506 ἦλθες,
1177 3435 1206 3490 6
1255 3436 1474 3512 εὐγενὴς
1545 3433 1604 3489 ἐκ
1649 3433 1929 3512 προγόνων
1970 3437 1982 3493 l
2034 3459 2063 3489 »

416 3525 624 3589 ὁλαός·
678 3550 705 3580 ‹‹
746 3526 944 3589 Καλῶς
1005 3523 1222 3595 ἦλθεςί
1279 3547 1308 3577 ››
1362 3524 1429 3582 Oi
1488 3523 1734 3599 κράκται·
1791 3547 1819 3576 »
1872 3523 2065 3587 Καλως

412 3615 604 3688 ἦλθες,
683 3617 712 3671 6
781 3613 929 3671 δεῖνα
1007 3614 1465 3690 πρωτοσπαθάριε
1530 3613 1622 3667 καὶ
1682 3611 1905 3692 δήμαχε
1956 3619 2064 3670 τῶν

414 3704 655 3764 Βενέτων
701 3707 712 3761 ι
759 3705 870 3763 1’0
898 3703 1054 3776 λαὸς,
1094 3723 1122 3760 e
1153 3701 1353 3765 Καλῶς
1381 3701 1548 3771 ἦλθες
1577 3702 1589 3759 !
1632 3725 1658 3753 ››
1690 3703 1756 3760 Oi
1810 3703 2064 3778 κράκταιο

415 3818 447 3847 ι(
481 3793 641 3853 Ἀλλ’
671 3796 700 3850 6
747 3794 960 3850 πάντων
1027 3793 1272 3864 Ποιητής
1304 3792 1394 3846 καὶ
1428 3791 1741 3862 Δεσπότηςί
1777 3817 1806 3844 ››
1840 3794 1900 3850 ’O
1933 3791 2066 3855 λαὸς

416 3908 446 3939 «ι
470 3883 670 3946 Καλῶς
707 3882 915 3954 ἧλθεςί
950 3907 977 3935 ››
1030 3884 1096 3939 Οἱ
1135 3881 1385 3957 πράκται·
1447 3905 1476 3933 ‹‹
1516 3882 1580 3938 Ὀ
1639 3881 1864 3944 ἀναστὰς
1895 3903 2067 3956 παρα-

415 3970 584 4044 δόξως
606 3972 666 4028 ἐκ
693 3971 897 4051 τάφουί
933 3997 960 4024 ‹‹
993 3971 1050 4026 Ὀ
1072 3971 1226 4039 Λαὸς,
1252 3991 1281 4023 (ι
1315 3968 1508 4032 Καλῶς
1535 3968 1705 4039 ἦλθες
1733 3973 1744 4028 l
1776 3995 1803 4023 »
1837 3973 1904 4030 Oi
1929 3973 2066 4047 κρά.

411 4079 558 4119 πται·
602 4086 631 4116 ‹‹
674 4062 778 4119 Καὶ
808 4062 871 4117 τὸ
902 4063 1067 4141 χαῖρε
1093 4058 1347 4120 δεδωκὼς
1379 4061 1491 4133 (81)
1539 4059 1881 4139 μυροφόροις
1909 4063 1920 4119 l
1959 4085 1987 4114 ››
2007 4061 2067 4120 ’0

413 4152 572 4220 λαὸς,
605 4179 632 4205 ιι
679 4149 879 4213 Καλῶς
907 4150 1115 4220 ἦλθεςί
1153 4175 1182 4202 ››
1225 4151 1294 4208 Oi.
1323 4149 1572 4226 κράκται·
1611 4171 1634 4203 ιι
1672 4151 1810 4213 Τοὺς
1833 4151 2066 4227 χρόνους

414 4264 510 4298 σου
540 4243 804 4313 πληθύνει
827 4241 903 4304 είς
925 4243 1074 4315 μήκη
1098 4239 1313 4316 χρόνων
1341 4241 1352 4295 i
1380 4264 1409 4292 »
1433 4240 1492 4297 Ὀ
1514 4238 1668 4310 λαὸς,
1691 4262 1720 4293 κ
1755 4241 1946 4303 Καλῶς
1968 4240 2071 4311 ἦλέ

413 4333 500 4394 Θες
531 4333 542 4387 i
577 4331 638 4387 Οἱ
661 4329 910 4406 κράκται·
948 4352 973 4385 s
1006 4335 1130 4386 Ἔσ·
1177 4352 1207 4382 ι(
1238 4329 1266 4383 6
1325 4328 1454 4394 Θεὸς
1507 4330 1535 4383 ὁ
1595 4330 1777 4404 ἅγιος,
1831 4328 2070 4405 φύλαττε

413 4420 502 4475 τὸν
552 4417 862 4496 δήμαρχον·
918 4441 946 4472 ››
1003 4413 1152 4474 καὶὸ
1193 4416 1328 4480 λαὸς
1388 4415 1596 4491 ὁμοίως
1630 4413 1690 4472 ἐκ
1736 4424 1800 4493 γ’.
1841 4417 2066 4490 Ἶσις-εον,

2189 1908 2390 1976 habes,
2433 1919 2485 1966 et
2518 1926 2711 1982 preces
2742 1930 2775 1968 a
2805 1913 3119 1972 cultoribus
3150 1918 3267 1974 tuis
3298 1919 3514 1992 accipis
3550 1939 3561 1976 :
3593 1929 3652 1978 ut
3683 1923 3839 1981 enim

2190 2004 2246 2056 te
2282 2017 2570 2072 amamus,
2619 2003 2698 2057 ita
2746 2009 2803 2058 et
2843 2003 3034 2060 fausta
3077 2005 3178 2060 tibi
3216 2009 3350 2077 jure
3391 2024 3781 2082 apprecamur
3823 2028 3837 2071 :

2186 2090 2342 2146 220
2374 2097 2438 2144 ut
2467 2089 2594 2145 sine
2623 2107 2959 2150 successore
2989 2095 3089 2150 diu
3121 2094 3271 2152 inter
3299 2115 3404 2154 nos
3435 2105 3840 2163 commoreris.

2191 2184 2341 2235 Deus
2361 2184 2573 2252 noster,
2601 2183 2696 2258 qui
2717 2185 3046 2249 resurrexit,
3066 2188 3443 2252 demarchum
3467 2195 3783 2254 custodiat.
3804 2220 3832 2249 ››

2187 2269 2332 2325 Grex
2365 2270 2739 2326 Prasinorum
2775 2273 3047 2330 eumdem
3080 2279 3339 2334 ordinem
3372 2281 3665 2354 ritumque
3704 2302 3840 2359 erga

2181 2375 2355 2417 suum
2379 2361 2677 2418 tribunum
2691 2363 3433 2440 observateademqueacta
3462 2373 3573 2444 ipsi
3599 2375 3829 2436 accinit.

2184 2451 2307 2517 Quo
2347 2451 2460 2507 ritu
2499 2454 2559 2507 et
2591 2451 2780 2509 ofﬁcio
2817 2451 2877 2508 in
2917 2454 3136 2512 aedibus
3184 2460 3314 2532 ejus
3350 2469 3610 2533 "peracto,
3655 2465 3829 2523 tactio

2183 2541 2480 2598 tribunum
2531 2557 2702 2598 suum
2754 2541 2888 2600 inde
2932 2545 3002 2600 ad
3053 2547 3274 2604 circum
3323 2553 3651 2624 comitatur,
3707 2555 3834 2626 ipso

2177 2629 2396 2687 scilicet
2430 2631 2491 2688 in
2540 2631 2766 2688 decimo
2807 2634 3066 2692 cancello
3109 2639 3450 2708 constituto,
3496 2661 3612 2716 quo
3658 2646 3829 2718 facto,

2179 2735 2384 2775 rursus
2415 2719 2666 2791 populus
2696 2723 2962 2779 consistit
2983 2723 3141 2782 hunc
3163 2727 3221 2783 in
3249 2731 3488 2787 modum
3514 2734 3623 2805 ipsi
3644 2735 3833 2793 accla-

2175 2825 2345 2866 mans
2379 2827 2391 2864 :
2427 2830 2458 2859 (ς
2491 2810 2736 2866 Pulchre
2767 2811 3002 2880 venisti,
3037 2815 3252 2872 famulo
3286 2819 3611 2892 principum
3646 2841 3680 2880 a
3715 2826 3825 2882 Deo

2176 2897 2626 2965 coronatorum!
2656 2921 2682 2949 »
2709 2901 2997 2973 populus:
3023 2926 3052 2954 «
3077 2903 3324 2963 Pulchre
3346 2909 3555 2966 venisti
3582 2911 3596 2966 l
3622 2934 3651 2963 »
3686 2913 3834 2970 Can-

2176 2994 2330 3045 tores
2360 3003 2373 3043 :
2407 3008 2438 3038 «
2476 2986 2725 3046 Pulchre
2763 2992 2999 3059 venisti,
3052 3011 3085 3050 a
3131 2995 3493 3068 principibus
3536 3001 3792 3059 benevoli
3822 3036 3852 3085 ⁸

2171 3086 2431 3151 promote
2465 3078 2476 3131 ί
2513 3103 2535 3131 ι
2575 3080 2825 3150 populus
2856 3095 2869 3134 :
2905 3103 2933 3132 «
2967 3081 3212 3141 Pulchre
3245 3087 3453 3143 venisti
3509 3091 3520 3145 ε
3555 3115 3584 3142 ››
3624 3078 3844 3153 Canto;

2177 3183 2269 3224 res
2304 3184 2316 3222 :
2342 3167 2638 3222 «Pulchre
2657 3168 2890 3239 venisti,
2918 3170 3244 3229 illustribus
3271 3178 3591 3249 majoribus
3611 3189 3734 3240 orte
3760 3185 3772 3240 l
3799 3209 3829 3237 »

2176 3255 2428 3330 populus
2463 3273 2474 3311 :
2510 3277 2538 3306 ‹‹
2572 3257 2818 3313 Pulchre
2843 3260 3050 3315 venisti
3078 3261 3090 3316 l
3126 3283 3153 3311 ››
3183 3263 3458 3324 Cantores
3492 3287 3505 3325 :
3533 3291 3562 3322 «
3586 3272 3834 3333 Pulchre

2169 3346 2402 3415 venisti,
2436 3345 2502 3404 N.
2539 3350 3006 3418 protospatharie
3033 3357 3092 3408 et
3113 3354 3345 3413 tribune
3376 3355 3730 3420 Venetorum
3758 3365 3772 3421 ί
3802 3387 3828 3420 «

2172 3436 2418 3508 populus
2447 3451 2460 3490 :
2496 3458 2525 3487 ‹‹
2561 3437 2804 3494 Pulchre
2829 3441 3036 3496 venisti
3074 3441 3087 3496 l
3121 3463 3150 3492 η
3182 3445 3458 3505 Cantores
3493 3467 3506 3506 :
3541 3474 3570 3502 «
3603 3456 3674 3510 At
3705 3471 3832 3512 om-

2172 3525 2340 3580 nium
2371 3525 2604 3582 Crealor
2639 3530 2696 3582 et
2733 3525 3020 3585 Dominus
3051 3550 3065 3588 :
3112 3550 3137 3582 ι
3185 3534 3437 3604 populus
3470 3553 3483 3594 :
3525 3560 3551 3593 ιι
3585 3543 3831 3600 Pulchre

2171 3613 2385 3670 venisti
2421 3614 2433 3667 ι
2465 3633 2496 3667 »ι
2531 3615 2803 3672 Cantores
2828 3633 2841 3672 :
2866 3639 2895 3669 «
2929 3619 3035 3684 Qui
3069 3622 3482 3684 admirandum
3513 3630 3571 3685 in
3596 3633 3832 3690 modum

2174 3717 2204 3759 c
2243 3704 2508 3774 sepulcro
2551 3709 2863 3762 resurrexit
2909 3729 2924 3775 ;
2969 3731 2997 3759 »
3037 3713 3286 3782 pepulus
3320 3733 3334 3771 :
3369 3739 3397 3768 «
3448 3718 3694 3778 Pulchre
3734 3737 3830 3779 ve-

2174 3789 2310 3848 nisti
2344 3791 2356 3846 i
2391 3813 2419 3843 ››
2443 3793 2760 3851 Cantores:
2788 3814 2815 3847 ι
2848 3796 2914 3852 Et
2946 3808 3243 3873 unguenta
3274 3803 3578 3864 afferentes
3607 3811 3821 3868 saluta-

2169 3882 2297 3951 vit;
2343 3903 2369 3934 s
2407 3884 2652 3953 populus
2697 3900 2710 3938 :
2753 3903 2782 3936 (ι
2826 3885 3070 3945 Pulchre
3106 3893 3312 3948 venisti
3358 3893 3372 3949 !
3417 3917 3445 3946 »
3489 3897 3818 3958 Cantores:

2176 3989 2202 4022 ε
2231 3976 2427 4026 Annos
2458 3977 2679 4027 vestros
2711 3974 2960 4030 multum
2994 3985 3205 4048 augeat
3239 3979 3306 4033 l»
3331 3983 3609 4054 populus:
3637 4010 3665 4038 «
3698 3987 3835 4045 Pul-

2173 4060 2310 4116 chre
2332 4059 2537 4114 venisti
2571 4059 2634 4114 l»
2667 4064 2936 4119 Cantores
2963 4079 2976 4118 :
3003 4087 3031 4115 «
3073 4068 3227 4124 Deus
3261 4079 3483 4144 sancte,
3516 4077 3820 4140 tribunum

2174 4166 2507 4216 conserva;
2559 4173 2580 4203 ι
2631 4151 2877 4223 populus
2913 4155 3117 4212 eadem
3159 4163 3262 4216 ter.
3320 4161 3602 4222 Caeterum
3658 4170 3826 4228 factio

2171 4240 2412 4299 Prasina
2451 4242 2723 4296 eumdem
2761 4242 2936 4299 ritum
2969 4245 3240 4319 idemque
3269 4251 3529 4310 officium
3565 4273 3705 4330 erga
3725 4261 3821 4316 de-

2174 4329 2479 4384 marchum
2501 4345 2672 4387 suum
2694 4332 2986 4404 observat,
3003 4341 3205 4398 eadem
3227 4339 3339 4414 ipsi
3359 4349 3490 4402 acta
3503 4329 3826 4421 eodemque

2175 4419 2234 4473 in
2268 4417 2392 4473 loco
2425 4417 2654 4472 accinit.

413 4506 497 4564 ὅτι
527 4511 615 4565 καὶ
641 4511 692 4565 οἱ
722 4513 818 4566 τοῦ
851 4510 1046 4584 μὲρους
1078 4513 1186 4564 τῶν
1221 4508 1501 4584 Πρασίνων
1529 4512 1626 4578 τὴν
1661 4506 1856 4581 ὁμοίαν
1881 4507 2029 4580 τάξιν
2058 4509 2150 4566 καὶ
2179 4503 2511 4570 ἀκολουθίαν
2533 4511 2766 4563 ποιῶσιν
2799 4516 2879 4583 τῷ
2930 4510 3054 4586 ἰδίῳ
3102 4512 3403 4598 δημάρχῳ,
3437 4523 3522 4578 καὶ
3571 4527 3639 4580 τὰ
3687 4528 3824 4587 αὐτὰ

418 4598 551 4656 ἅκτα
575 4599 971 4676 ἆκτολογοῦσιν
1005 4601 1158 4674 αὖτῷ
1186 4600 1279 4657 καὶ
1309 4598 1365 4656 ἐν
1396 4602 1478 4673 τῷ
1507 4598 1656 4672 αὐτῷ
1675 4600 1856 4673 τόπῳ.

1014 4711 1275 4770 ΚΕΦΑΛ.
1324 4709 1458 4769 ΠΔ’.

535 4799 758 4864 Ὀσαδεϊ
785 4801 1223 4881 παραφυλάττειν
1252 4800 1346 4857 επὶ
1374 4821 1436 4855 vo
1447 4797 1762 4878 μφαγωγίῳ
1802 4801 1938 4875 (82(.

478 4893 562 4966 Τῇ
591 4893 792 4968 ἕσπὲρᾳ
834 4892 1167 4967 ἀπάρχονται
1193 4891 1262 4950 τὰ
1311 4887 1408 4946 δύο
1470 4888 1610 4964 μέρη
1668 4890 1804 4963 μετὰ
1831 4889 2053 4946 καὶτῶν

2095 4761 2145 4823 D

2745 4715 2982 4776 CAPUT
3013 4718 3254 4784 LXXXI.

2457 4801 2810 4862 Obseruando
2844 4807 2906 4864 in
2947 4825 3161 4881 sponsas
3199 4814 3544 4877 deductione.

2249 4890 2479 4962 Vesperi
2500 4893 2626 4948 duae
2647 4894 2924 4954 factiones
2956 4916 3090 4957 cum
3122 4905 3244 4961 suis
3276 4910 3511 4980 organis
3534 4916 3591 4972 et
3613 4924 3827 4990 spensa

1762 5034 2003 5092 νΑιιΙΑι
2051 5033 2465 5092 LECTIONES.

476 5169 523 5208 ⁵⁸
552 5169 763 5230 ΣΧΟΛ.
794 5169 1018 5242 Ἰστέον,
1050 5165 1248 5227 ὅτιτοῦ
1270 5167 1453 5244 δήμου
1474 5165 1942 5244 ἀκτολογοῦντος,
1973 5160 2132 5223 αὐλεῖ
2161 5168 2223 5223 τὸ
2258 5163 2518 5242 ὄργανον.

1570 5307 1773 5364 JOAN.
1810 5305 1958 5363 JAC.
2002 5305 2268 5362 REISKII
2306 5305 2894 5372 COMMENTARIUS.

475 5424 585 5500 (βξ)
614 5423 1030 5500 intelliguntur
1056 5429 1176 5482 tres
1207 5422 1817 5500 mulieres_ungue_nta
1846 5426 1914 5480 ad
1960 5440 2056 5480 se-

409 5495 716 5570 pulchrum
749 5495 963 5554 Christi
998 5499 1252 5554 ferentes
1285 5515 1300 5555 :
1333 5497 1445 5570 vid.
1479 5495 1880 5570 Evangelistas
1911 5511 2055 5570 pas-

403 5569 626 5624 sionem
659 5574 716 5625 et
749 5572 1234 5627 resurrectionem
1284 5569 1498 5624 Christi
1540 5568 1961 5637 describentes,
2003 5574 2059 5624 et

399 5639 710 5719 DuACange
740 5641 927 5719 Gloss.
959 5642 1056 5719 G_r.
1090 5657 1141 5699 v.
1176 5638 1522 5719 ῌυροφόροι.

477 5711 590 5784 (82)
619 5711 818 5785 Neque
846 5711 958 5773 hoc
986 5715 1049 5770 in
1080 5711 1292 5785 capite,
1321 5711 1511 5785 nodus
1536 5711 1598 5770 in
1620 5716 1900 5785 sequente
1917 5713 2059 5784 puto

2167 5427 2878 5516 sermonemdefiugu‘sti
2907 5440 3135 5516 nuptiis
3169 5457 3318 5516 esse,
3346 5448 3444 5504 sed
3477 5450 3549 5506 de
3581 5453 3810 5510 demar~

2168 5495 2554 5593 c‘hlinta-qtp-m;
2598 5495 3012 5593 lipppdycbyioii
3058 5515 3156 5593 est
3186 5495 3460 5593 6631.563
3479 5495 3822 5593 ὶὶόιῖἔὲἔῖἑι

2151 5569 2782 5667 gniﬁsxsppp-s‘iiq‘uaih
2816 5569 3078 5667 sequitur
3106 5583 3167 5640 τὸ
3199 5569 3815 5667 ἀέᾷἆᾴξιῖμῖἕὲιῖ

2165 5637 2760 5714 ροεὶιίοόονοηατιιω
2810 5637 3180 5730 nuptialium.
