4134 6434
297 321 414 379 679

1317 291 1858 373 CONSTANTINI
1903 314 2595 379 PORPHYROGENITI

3587 325 3711 386 680

301 450 669 523 procedente,
702 459 859 514 aeque
899 443 1279 500 multitudine
1308 448 1365 499 et
1388 442 1645 500 musicis
1684 445 1951 517 cymbala

2089 442 2216 500 δίων
2261 446 2527 520 ὀργάνων,
2577 448 2667 503 καὶ
2733 451 2833 515 τῆς
2891 449 3112 528 νύμφης
3143 451 3438 524 κατιούσης
3472 456 3587 529 (83)
3621 455 3712 510 καὶ

302 555 476 595 manu
524 534 899 608 pulsantibus
949 533 1184 605 stipata,
1225 533 1464 601 abeunt,
1507 550 1760 605 cumque
1800 552 1950 607 equo

2062 535 2455 608 ὀψικευομὲνης
2496 537 2597 592 ὑπὸ
2637 535 2889 610 πληθίων
2929 539 3020 594 καὶ
3052 537 3542 616 χειροκυμὸἀλων,
3579 547 3717 617 μετὰ

300 635 463 684 vecta
520 625 804 691 substitit,
859 624 1140 680 factiones
1198 622 1524 680 acclamaut
1569 641 1581 678 :
1630 647 1658 673 ‹‹
1696 624 1953 681 Feliciler

2081 625 2121 678 τὸ
2168 619 2557 680 γαϐαλικεῦσαι
2622 627 2789 696 αὐτὴν
2828 626 3186 696 ⁶ίσταται,καὶ
3239 629 3609 707 ἆκτολογοῦσι
3647 635 3718 689 τὰ

302 717 484 787 venis,
513 732 679 772 serva
711 714 1043 787 principum
1076 731 1108 768 a
1141 718 1253 770 Deo
1312 722 1712 770 coronatorum
1740 714 1752 768 !
1785 736 1812 767 ι
1851 733 1952 785 po-

303 807 481 879 pulus
510 810 598 861 ter
631 821 643 860 :
678 827 706 855 «
738 803 1000 860 Feliciter
1028 803 1212 859 venis.
1239 825 1268 854 ››
1287 805 1599 860 Cantores:
1638 825 1662 856 α
1687 804 1956 861 Feliciter

302 896 488 960 venis,
523 911 557 949 a
584 893 864 950 beneﬁcis
897 891 1260 963 principibus
1291 897 1550 963 promota
1578 892 1589 946 !
1614 915 1642 944 »
1667 892 1952 964 populus:

308 1007 336 1034 ‹‹
387 984 650 1040 Feliciter
699 981 884 1038 venis.
939 1003 968 1032 »
1021 981 1171 1036 221
1227 984 1506 1037 Cantores
1554 997 1568 1036 :
1621 1001 1643 1028 ι
1694 982 1958 1038 Feliciter

303 1073 487 1141 venis,
522 1070 901 1128 nobilissimis
930 1070 1240 1140 majoribus
1271 1077 1391 1125 orla
1423 1069 1433 1122 !
1471 1091 1496 1121 ιο
1533 1069 1782 1142 populus
1821 1076 1908 1127 tcr
1940 1087 1954 1126 :

309 1185 332 1213 α
370 1162 634 1218 Feliciter
663 1160 824 1216 venis
861 1160 872 1213 Ξ
910 1181 937 1210 ››
967 1164 1238 1214 Cantores
1277 1176 1338 1213 ;‹‹
1373 1165 1524 1214 Deus
1555 1168 1773 1229 sancte,
1808 1177 1956 1232 nup-

304 1253 403 1307 tiis
441 1267 643 1308 recens
674 1251 1019 1321 conjunctos
1046 1265 1213 1305 serva
1243 1249 1255 1303 !
1290 1248 1546 1320 Spiritus
1567 1249 1956 1318 sanctissime,

306 1357 542 1400 soceros
575 1345 850 1412 utrosque
882 1357 1049 1395 serva
1079 1340 1091 1394 ί
1127 1343 1347 1408 sancte,
1378 1343 1466 1395 ter
1495 1343 1695 1395 sancte
1717 1339 1960 1396 comites

305 1449 532 1505 Sponsa:
573 1429 801 1486 custodi
848 1429 859 1482 ε
895 1448 921 1480 ι
957 1431 1256 1484 Postremo
1297 1445 1435 1484 voce
1471 1428 1591 1483 toni
1634 1429 1656 1482 Ι
1697 1428 1901 1485 dicunt
1943 1447 1956 1483 :

306 1544 335 1571 ‹‹
361 1521 557 1577 Flores
589 1519 709 1591 agri
737 1517 938 1588 collegi
972 1524 1029 1574 et
1049 1517 1108 1573 in
1133 1518 1456 1573 thalamum
1491 1517 1800 1588 diligenter
1828 1536 1960 1575 con-

305 1610 432 1666 tuli.
467 1609 655 1666 Solem
690 1625 835 1664 novo
867 1608 1158 1664 connubio
1184 1608 1563 1678 conjunctum
1603 1607 1740 1676 vidi,
1772 1607 1831 1663 in
1864 1626 1962 1664 ve-

309 1704 567 1760 nerando
599 1699 867 1757 cubiculo
899 1700 1150 1756 invicem
1183 1698 1566 1754 desideratam
1609 1697 1956 1768 voluptatem

2063 707 2158 768 δύο
2229 713 2365 788 μέρη
2435 719 2622 770 ταῦτα’
2679 741 2706 768 ‹‹
2767 716 2966 778 Καλῶς
3032 718 3222 786 ἦλθες,
3285 720 3623 784 θεοστέπτων
3676 725 3714 792 ἡ

2064 797 2240 874 δούλη
2273 803 2356 859 δδί
2392 827 2418 856 »
2456 805 2515 862 Ὀ
2548 804 2682 867 λαὸς
2709 802 2768 860 ἒκ
2805 807 2875 880 γ’,
2911 830 2939 858 ‹‹
2972 804 3166 869 Καλῶς
3195 807 3395 876 ἧλθεςί
3427 812 3539 866 ιΟἱ
3578 812 3714 886 κρά-

2063 911 2204 946 κται·
2235 915 2263 943 ‹‹
2297 891 2496 956 Καλῶς
2519 894 2710 964 ἦλθες,
2742 890 2995 969 προϐολὴ
3043 895 3336 972 εὐεργετῶν
3363 898 3376 955 l
3420 921 3452 952 ιο
3489 901 3552 958 Ὀ
3579 899 3715 963 λαὸς

2062 977 2122 1034 ἐκ
2155 989 2221 1058 γ’,
2258 1006 2285 1033 ‹‹
2320 981 2510 1045 Καλῶς
2542 982 2711 1051 ἦλθες
2737 986 2750 1040 l
2781 1009 2811 1036 »
2841 983 2914 1042 Οί¹
2937 985 3183 1061 κράκται·
3220 1011 3247 1039 ‹‹
3281 985 3478 1051 Καλῶς
3521 987 3718 1060 ἦλθες,

2063 1071 2098 1139 ἡ
2151 1070 2377 1146 εὖγενής
2421 1071 2480 1126 ἐκ
2543 1073 2830 1146 προγόνων
2895 1075 2971 1130 ί»
3005 1076 3066 1132 Ὁ
3125 1073 3257 1138 λαὸς
3315 1075 3374 1132 ἐκ
3423 1079 3491 1153 γ’,
3544 1103 3572 1132 ι(
3605 1086 3716 1135 Κα-

2067 1158 2179 1220 λῶς
2235 1157 2424 1227 ἦλθες.
2482 1163 2551 1218 Οἱ
2608 1163 2858 1237 κράκται,
2919 1188 2947 1217 ‹‹
3003 1167 3121 1226 ’Ές’
3185 1167 3244 1223 Ὀ
3297 1167 3427 1232 Θεὸς
3475 1168 3502 1222 ὁ
3536 1170 3715 1245 ἅγιος,

2065 1248 2194 1313 τοὺς
2250 1257 2590 1328 νεονὺμφους
2675 1252 2934 1329 φύλαξονο
3004 1259 3220 1329 Πνεῦμα
3284 1257 3347 1312 τὸ
3427 1259 3718 1336 πανάγιον,

2065 1338 2194 1404 τοὺς
2241 1341 2640 1415 συμπενθεροὺς
2697 1344 2810 1415 (84)
2866 1341 3145 1419 φύλαξονί
3204 1347 3380 1419 "Avis,
3451 1349 3720 1425 τρισάγιε,

2068 1431 2196 1492 τοὺς
2252 1432 2644 1508 παρανύμφους
2702 1431 3012 1510 φύλαξον.»
3067 1433 3164 1489 Καὶ
3215 1434 3436 1509 λέγουσι
3468 1439 3566 1507 τήν
3597 1461 3716 1516 φω-

2067 1518 2166 1586 νήν
2225 1517 2325 1594 ἧχ.
2380 1526 2442 1573 α’·
2471 1544 2499 1571 ‹‹
2538 1521 2710 1590 Ἅνθη
2757 1519 3032 1594 ἐσώρευσα
3083 1525 3180 1575 τοῦ
3242 1522 3437 1596 ἀγροῦ,
3483 1523 3573 1578 καὶ
3639 1525 3720 1589 εἰς

2067 1609 2165 1676 τήν
2242 1605 2487 1662 παστάδα
2562 1608 2753 1678 εἰσ-ἧκα
2839 1606 3070 1683 σπουδῇ.
3147 1611 3516 1689 ζευγόνυμφον
3603 1616 3724 1689 (85)

2067 1693 2234 1764 ἥλιον
2255 1691 2395 1750 εἶδον
2451 1697 2527 1760 εἰς
2553 1697 2912 1772 γρυσέντιμον
2945 1697 3162 1768 κλίνην·
3215 1699 3439 1772 ἄλληλα
3479 1703 3722 1777 ἠγκαλί-

308 1793 736 1866 amplectuntur
764 1795 822 1846 et
854 1791 1064 1846 fovent.
1100 1787 1322 1844 Laetitia
1351 1786 1766 1858 pulchritudini
1809 1787 1959 1859 ipso-

2081 1792 2227 1854 ζοντο
2285 1787 2533 1855 ποθητήν
2587 1785 2900 1861 ἐπιθυμίαν·
2947 1789 3094 1863 χαρά
3132 1787 3210 1853 εἰς
3272 1789 3338 1845 τὰ
3393 1789 3579 1863 κάλλη
3623 1793 3722 1848 αὖ·

307 1899 438 1939 rum
471 1880 847 1947 dulcissimae,
885 1896 1026 1934 rosa
1059 1894 1172 1949 que
1204 1875 1446 1948 pulchra
1485 1875 1675 1947 specie
1709 1876 1960 1932 nitentes

306 1972 425 2029 sint
459 1971 471 2025 l
508 1971 728 2028 Lastitia
758 1984 932 2026 aureo
961 1967 1180 2024 amanti
1214 1965 1360 2037 pari.
1397 1989 1424 2015 ››

877 2111 1113 2168 CAPUT
1145 2109 1393 2166 LXXXII

571 2223 922 2282 Obseruantia
950 2224 1008 2276 in
1050 2219 1401 2278 coronationc
1437 2219 1730 2303 nuptialia

379 2337 673 2407 Sponsum
698 2344 1099 2403 sponsamque
1120 2327 1190 2383 ab
1213 2326 1454 2382 ecclesia
1469 2343 1602 2382 cum
1629 2326 1752 2381 suis
1783 2326 1965 2382 comi-

307 2424 466 2481 tibus
491 2437 788 2494 egressam
825 2419 1135 2473 multitudo
1169 2417 1362 2486 populi
1387 2424 1438 2471 et
1463 2415 1667 2471 musici
1701 2415 1968 2488 cymbala

309 2512 609 2586 pulsantes
647 2509 966 2581 excipiunt,
1021 2508 1238 2579 quibus
1277 2511 1517 2578 utraque
1561 2505 1731 2560 factio
1771 2503 1967 2562 accla-

312 2607 436 2658 mat
474 2618 486 2656 :
533 2622 561 2649 «
603 2599 779 2669 Deus,
815 2603 1081 2653 Servator
1121 2600 1338 2660 noster,
1389 2596 1658 2650 dominus
1710 2594 1964 2662 custodi,

311 2699 532 2760 sancte,
557 2700 642 2747 ter
671 2695 891 2758 sancte,
916 2689 1097 2744 vitam
1123 2689 1342 2743 salvam
1369 2686 1512 2758 ipsis
1535 2688 1785 2743 concede
1813 2686 1967 2758 ;Spi-

310 2783 460 2838 ritus
487 2779 875 2847 sanctissime,
910 2783 1190 2849 augustos
1234 2782 1396 2832 tuere
1427 2796 1442 2844 ;
1485 2777 1750 2841 Domine,
1789 2777 1966 2832 vitam

314 2888 514 2927 eorum
550 2887 651 2940 per
675 2874 930 2924 nostram
963 2867 1142 2921 vitam
1171 2865 1566 2937 lMajestatem
1588 2865 1768 2936 hujus
1791 2865 1971 2938 impe-

318 2960 409 3027 rii,
455 2959 720 3024 Domine,
766 2957 1048 3014 confirma
1099 2956 1111 3010 l
1165 2977 1193 3005 »
1237 2955 1477 3020 Quando
1526 2955 1598 3011 ad
1640 2954 1969 3012 thalamum

309 3037 633 3116 incessere,
666 3056 926 3103 cantores
966 3051 1101 3101 tono
1134 3044 1320 3114 primo
1351 3045 1623 3100 accinunt
1657 3061 1668 3097 :
1705 3067 1731 3093 «
1769 3044 1972 3100 Nostri

2069 1879 2176 1930 τῶν
2225 1874 2293 1930 τὰ
2351 1872 2772 1951 ἑγγλυκοθέατα,
2819 1876 2909 1931 καὶ
2978 1874 3110 1954 ῥόδα
3163 1877 3229 1933 τὰ
3311 1876 3718 1960 ῥοδοεύμοριρα·

2072 1965 2219 2039 ’χαρά
2248 1963 2325 2026 εἰς
2364 1963 2426 2017 τὸ
2450 1967 2633 2038 ζεῦγος
2653 1971 2715 2021 τό
2747 1966 2974 2040 χρυσόν.
3011 1990 3040 2018 ››

2682 2111 2943 2165 ΚΕΦΛΑ.
2987 2115 3110 2166 UB‘.

2285 2217 2422 2272 Ὅσα
2453 2212 2536 2270 δεῖ
2572 2214 3007 2290 παραφυλάττειν
3031 2217 3109 2279 είς
3150 2219 3496 2293 στεφάνωμα.

2143 2327 2266 2381 Τῶν
2306 2323 2620 2402 νεονύμφων
2670 2324 2918 2397 ἐξιὸντων
2951 2325 3057 2380 ἀπὸ
3098 2329 3198 2394 τῆς
3255 2325 3560 2399 ἐκκλησίας
3589 2333 3729 2404 μετὰ

2074 2415 2163 2468 καὶ
2193 2419 2302 2469 τῶν
2351 2413 2748 2489 παρανύμφων,
2799 2411 3053 2492 δέχονται
3101 2415 3330 2480 τούτους
3361 2419 3426 2472 τά
3473 2439 3529 2474 τε
3579 2418 3727 2491 πλη-

2077 2505 2166 2568 θία
2221 2503 2312 2559 καὶ
2371 2505 2436 2560 τὰ
2488 2499 2930 2579 χειροκύμϐαλα,
2984 2506 3074 2560 καὶ
3131 2505 3489 2582 άκτολογοῦσι
3525 2507 3591 2562 τὰ
3621 2505 3719 2562 δύο

2080 2593 2216 2668 μέρη
2251 2597 2436 2650 ταῦτα·
2474 2619 2501 2645 (ι
2545 2594 2605 2650 Ὀ
2634 2594 2830 2667 Σωτὴρ
2863 2594 2992 2656 Θεὸς
3039 2595 3226 2667 ἡμῶν.
3271 2595 3393 2658 τοὺς
3449 2593 3712 2660 δεσπότας

2078 2683 2337 2759 φύλαττε.
2397 2687 2574 2760 Ἀγιε,
2650 2684 2920 2759 τρισάγιε,
2997 2685 3166 2755 ζωὴν,
3230 2684 3406 2762 ὑγείαν
3473 2682 3562 2748 δὸς
3629 2686 3723 2742 αὖ·

2078 2779 2217 2834 τοῖς.
2252 2777 2468 2846 Ηνεῢμα
2523 2773 2585 2827 τὸ
2645 2773 2928 2849 πανάγιον,
2959 2775 3054 2836 τάς
3101 2773 3406 2850 αὐγούστας
3439 2775 3726 2834 σκέπασον.

2081 2863 2269 2937 Κύριε,
2305 2863 2449 2932 ζωὴν
2482 2861 2658 2917 αὐτῶν
2703 2859 2791 2916 διὰ
2848 2863 2948 2932 τήν
3012 2864 3155 2934 ζωήν
3186 2865 3383 2936 ἡμῶνί
3413 2854 3740 2922 ἝσέΤοῦτο

2078 2952 2141 3007 τὸ
2177 2950 2474 3026 βασίλειον,
2518 2949 2708 3026 Κύριε,
2752 2952 3050 3026 στερέωσον
3087 2953 3156 3008 ί»
3209 2953 3305 3007 Καὶ
3361 2953 3454 3008 ὅτε
3499 2953 3743 3022 πλησιάο

2084 3061 2246 3095 σωσιν
2304 3043 2373 3114 τῇ
2431 3037 2688 3108 παστάδι,
2739 3037 2988 3115 λέγουσιν
3037 3039 3143 3094 ἀπὸ
3193 3046 3442 3116 κρακτῶν
3482 3040 3743 3097 ἀπελατι-

321 3155 495 3195 causa
541 3140 709 3192 Canae
750 3137 810 3192 in
855 3135 1093 3192 Galilaea
1139 3134 1381 3190 humilis
1425 3134 1604 3202 luisti,
1638 3135 1966 3206 legitimum

2087 3129 2180 3184 κὸν
2208 3130 2309 3205 ἧχ.
2345 3130 2412 3187 α’.
2437 3153 2465 3180 ‹‹
2500 3129 2577 3184 Δι’
2627 3130 2774 3200 ἡμᾶς
2825 3127 3145 3202 ἐμετρίασας
3203 3131 3318 3204 (86)
3352 3129 3405 3185 ἐν
3473 3134 3613 3202 Κανᾷ
3641 3137 3744 3200 τῆς

323 3244 606 3295 amorem,
633 3235 688 3281 ut
716 3231 866 3282 Deus
897 3224 1232 3295 obsignans.
1259 3225 1337 3277 Ex
1373 3230 1633 3278 materno
1665 3223 1818 3278 enim
1853 3224 1976 3280 tha-

325 3315 502 3387 lamo,
538 3324 602 3372 ut
631 3315 826 3382 homo,
862 3320 916 3369 te
957 3311 1273 3375 inclinasti,
1313 3317 1370 3367 et
1408 3312 1565 3367 sicut
1608 3319 1730 3367 tum
1773 3329 1974 3369 recens

329 3415 541 3477 nuptos
565 3403 891 3468 beneﬁciis,
909 3402 1176 3468 aﬂecisti,
1202 3401 1282 3456 ita
1303 3406 1360 3456 et
1381 3416 1532 3456 nunc
1560 3418 1664 3472 par
1686 3401 1795 3458 hoc
1818 3402 1988 3462 sertis

333 3493 695 3565 nuptialibus
717 3492 1054 3548 redimitum
1085 3489 1234 3545 telici
1260 3489 1420 3561 prole
1447 3506 1610 3554 orna,
1632 3496 1695 3545 ut
1720 3499 1984 3562 pacatam

329 3583 506 3639 vitam
565 3580 846 3650 transigat
910 3578 921 3632 ί
977 3601 1003 3628 ››
1055 3579 1231 3634 Porro
1282 3584 1546 3634 cantores
1599 3595 1611 3633 :
1665 3602 1692 3630 «
1755 3579 1989 3637 Nobiles

331 3672 556 3742 sponsi,
603 3673 751 3724 Deus
791 3685 895 3724 vos
937 3672 1238 3724 conservet
1278 3685 1291 3735 ;
1341 3666 1622 3736 illustres,
1674 3669 1992 3726 virtutibus

333 3759 548 3816 decori.
573 3757 827 3814 Trinitas
851 3774 952 3812 vos
977 3755 1032 3810 in
1059 3762 1216 3812 recta
1234 3757 1447 3812 semita
1467 3757 1664 3822 ducat,
1688 3758 1836 3814 Deus
1857 3775 1992 3814 con-

326 3850 494 3922 jugio
529 3854 722 3904 vestro
785 3851 1026 3914 annuat,
1070 3852 1133 3902 ut
1170 3847 1332 3903 solus
1373 3846 1852 3919 benignissimus,
1895 3848 1995 3920 qui

335 3939 586 4011 primum
622 3936 918 3992 Cananmis
950 3935 1171 4006 nuptiis
1201 3934 1491 4004 interluit,
1516 3936 1695 4007 inque
1723 3936 1868 4008 ipsis
1893 3953 1994 4008 pro

337 4044 446 4084 suo
469 4027 528 4081 in
565 4026 832 4082 homines
866 4041 1062 4080 amore
1085 4041 1248 4096 aqua!
1272 4024 1902 4094 benedixitvinumque
1925 4026 1995 4080 ad

337 4115 599 4172 latitiam
632 4113 938 4170 hominum
980 4114 1222 4186 paravit.
1265 4114 1318 4169 Is
1359 4114 1466 4170 tibi
1501 4123 1728 4186 tutaque
1759 4115 1997 4186 conjugi

2089 3218 2387 3280 Γαλιλαίας
2417 3219 2516 3287 τὴν
2567 3214 2792 3293 ἔννομον
2833 3218 3146 3296 συνάφειαν,
3187 3220 3263 3283 ὡς
3307 3222 3435 3282 Θεὸς
3486 3221 3750 3300 ἐπισφρα-

2096 3309 2286 3385 γίζωνσ
2332 3308 2392 3363 ἐκ
2446 3315 2721 3383 μητρυιῆς
2770 3308 2871 3384 γὰρ
2947 3306 3220 3371 παστάδος
3288 3310 3366 3372 ὡς
3463 3309 3754 3386 ἅνθρωπος

2097 3397 2430 3471 προεκλίθης
2460 3400 2596 3470 (87),
2629 3397 2717 3452 καὶ
2773 3397 2848 3459 ὡς
2891 3397 3208 3475 ηὺλόγησας
3269 3399 3397 3461 τοὺς
3446 3399 3559 3455 ἐκεῖ
3615 3422 3755 3473 νυμ-

2099 3487 2453 3564 φευομένους,
2500 3485 2673 3551 οὕτως
2727 3485 2818 3541 καὶ
2859 3484 2950 3540 νῦν
2989 3485 3301 3565 εὐλόγησον
3344 3485 3516 3543 δυάδα
3556 3509 3755 3544 στεφα-

2101 3575 2390 3650 νουμὲνην,
2447 3579 2806 3650 κατακοσμῶν
2864 3575 3107 3648 εὐτεκνίᾳ
3162 3575 3252 3630 καὶ
3311 3575 3561 3651 εἴρηναίᾳ
3615 3577 3756 3652 βιώ-

2103 3667 2220 3722 σειί
2257 3688 2285 3717 ››
2329 3665 2432 3722 Καὶ
2481 3663 2730 3739 λέγουσιν
2780 3663 2888 3720 ἀπὸ
2936 3669 3207 3740 κρακτῶν⁶
3244 3689 3272 3718 ι(
3319 3665 3590 3741 Εὐγενιῖς,
3632 3665 3752 3722 νεό-

2101 3778 2326 3835 νυμφοι,
2398 3757 2526 3819 Θεὸς
2614 3754 2926 3835 διαφυλάξει
2999 3777 3111 3822 σας·
3177 3756 3414 3832 ἔντιμοι,
3489 3756 3757 3834 ἐνάρετοι,

2102 3848 2267 3922 Τριᾶς
2325 3844 2688 3903 κατευοδώσει
2744 3865 2860 3915 σας,
2919 3843 3166 3922 εὐλογῶν
3242 3848 3335 3901 τόν
3401 3846 3577 3924 γάμον
3638 3867 3756 3908 σας·

2103 3935 2190 3996 Ὡς
2224 3933 2388 4008 μόνος
2450 3933 2806 4010 ὑπεράγαθος,
2842 3931 2901 3996 ὅς
2959 3933 3012 3988 ἐν
3062 3939 3201 4004 Κανᾷ
3258 3935 3322 3990 τὸ
3381 3935 3645 4010 πρότερον
3676 3940 3759 4008 τῷ

2101 4023 2264 4098 γάμῳ
2316 4021 2664 4099 παρεγένετο,
2715 4023 2806 4078 καὶ
2864 4021 2916 4078 ἔν
2971 4022 3121 4095 αὐτῷ
3152 4021 3462 4099 ηὓλόγησιν
3492 4025 3555 4080 τὸ
3587 4021 3761 4100 ὕδωρ,

2105 4112 2180 4176 ὠς
2239 4111 2644 4193 φιλάνθρωπος,
2699 4115 2790 4169 καὶ
2839 4112 2984 4169 οἶνον
3038 4115 3167 4189 ,(88)
3232 4115 3604 4189 μιτεσκεύαςεν
3665 4115 3765 4170 ἀν-

1773 4239 2008 4296 VARUE
2085 4241 2384 4298 LECTION
2394 4242 2494 4298 ES.

409 4355 458 4390 ⁸⁷
489 4354 707 4412 ΣΧΟΛ.
741 4353 960 4424 Ἰστέον,
986 4352 1072 4408 ὅτι
1093 4350 1144 4409 ἐν
1177 4356 1258 4424 τῷ
1288 4351 1522 4408 κατιέναι
1553 4353 1724 4422 αὐτὴν
1744 4353 1836 4408 καὶ
1868 4352 1923 4409 ἐν
1947 4359 2027 4410 τῶ
2056 4353 2375 4431 ἆκτολογεῖν
2399 4358 2466 4410 τὰ
2500 4357 2639 4430 μέρη
2673 4354 2902 4412 αὐλοῦσι
2930 4355 2996 4411 τὰ
3025 4351 3250 4432 ὄργανα.

1393 4491 1600 4548 JOAN.
1643 4491 1786 4549 JAC.
1829 4493 2089 4551 RElSKII
2130 4493 2713 4552 COMMENTARIUS.

421 4600 534 4677 (83)
575 4599 649 4655 Ut
688 4600 951 4677 deducere
977 4614 1246 4677 ‘sponsam
1289 4597 1472 4677 Latini
1527 4599 1728 4677 dicunt
1778 4617 1880 4672 pro
1930 4616 2001 4657 ex
2033 4603 2077 4669 D
2109 4607 2199 4677 est
2231 4619 2363 4677 pro“
2386 4601 2521 4677 μετᾲ
2560 4608 2811 4677 noema;
2849 4599 3161 4677 ἐπιθυμίας,
3195 4605 3406 4672 impetu
3439 4606 3538 4661 diu
3565 4609 3772 4677 cupito.

340 4671 562 4728 aedibus
618 4671 879 4743 paternis
924 4672 993 4744 ad
1039 4687 1318 4744 sponsum
1361 4675 1595 4738 ducere,
1641 4671 1726 4726 sic
1769 4671 1998 4744 quoque

344 4744 521 4816 Graeci
557 4742 630 4800 de
659 4759 891 4816 sponsa,
908 4742 982 4798 ad
1023 4742 1297 4816 maritum
1341 4747 1682 4816 transeunte
1721 4742 2000 4816 cumsu-

343 4815 632 4886 pellectile
681 4812 791 4872 sua
837 4813 1040 4871 dicunt
1080 4812 1339 4882 κατιὲναι,
1384 4813 1650 4870 devenire
1697 4822 1794 4870 aut
1840 4814 2004 4872 dece-

345 4891 500 4943 dere.

419 4957 532 5027 (84)
563 4957 854 5030 Utrosque
886 4973 1142 5026 soceros,
1168 4961 1285 5030 tam
1313 4956 1542 5030 sponsi,
1577 4974 1747 5030 quam
1781 4975 2002 5030 sponsis

351 5027 782 5100 patremiatque
813 5036 1059 5084 matrem
1096 5045 1110 5095 ;
1153 5029 1268 5084 vid.
1312 5027 1396 5084 Du
1437 5027 1627 5100 Gange
1668 5028 1757 5084 Gl.
1801 5027 1897 5088 Gr.
1941 5029 2002 5085 b.

351 5114 404 5154 ν.
437 5104 496 5169 et
526 5099 596 5169 ad
630 5099 784 5156 Alex.
819 5117 876 5169 p.
906 5100 1013 5156 233

423 5167 678 5243 (85)‘Per
703 5167 872 5243 soloin
900 5170 1245 5243 intelligitur
1288 5171 1434 5227 dies.
1474 5170 1614 5227 Vult
1651 5170 1844 5243 itaque
1883 5189 2007 5228 car-

355 5255 487 5294 men
539 5239 967 5315 _hoc_Graeculi,
1014 5239 1142 5315 sciti
1194 5258 1296 5297 sua
1344 5251 1399 5315 et
1448 5259 1687 5299 suorum
1719 5239 2012 5315 opinione

357 5310 763 5388 proculdubio
795 5320 996 5388 poetas,
1027 5314 1262 5388 dicere:
1295 5314 1474 5370 Video
1499 5316 1672 5388 diem
1713 5310 1870 5371 hunc
1909 5333 2014 5388 par

357 5383 679 5437 amantium
714 5383 1064 5456 conjungere
1095 5385 1152 5440 in
1186 5387 1396 5439 throno
1427 5385 1515 5440 vel
1547 5385 1829 5451 thalamo,
1873 5383 2013 5445 auro

356 5459 561 5509 contra
591 5471 743 5529 caro.
779 5455 1153 5529 Ζευγᾴνυμιςιος
1173 5466 1272 5529 est
1292 5457 1532 5529 jungens
1562 5474 1669 5527 par
1699 5458 2014 5529 conjugale,

357 5540 537 5603 sensu
573 5528 780 5603 activo.
820 5513 1148 5603 1η’ᾁλληλαί
1170 5513 1597 5603 ἐνηγκαλῖζοντο
1627 5513 2016 5603 subinfteliligi:

359 5600 457 5671 tur
482 5595 550 5650 τὰ
580 5595 763 5671 ζεύγη,
795 5598 960 5671 paria
996 5598 1114 5671 hac
1152 5595 1464 5671 sponsalia.
1501 5609 1601 5656 aut
1639 5601 1682 5655 si
1726 5595 2018 5671 ἀλλήλόυς

359 5667 540 5742 legas,
572 5667 1032 5744 subintelligitur
1061 5670 1114 5724 οἱ
1133 5669 1383 5745 νύμφιοι.
1432 5671 1684 5742 Ηοθητῆν
1727 5667 2022 5748 ἐπιθυμίαν

2111 4671 2300 4730 Dictio
2329 4671 2478 4747 5599a
2498 4671 2770 4747 ἐσώρευσα
2833 4681 2972 4741 etc.,
3005 4671 3231 4747 videtur
3258 4671 3290 4730 e
3319 4677 3556 4747 cantico
3591 4671 3778 4732 canti-

2111 4761 2312 4803 corum
2388 4744 2726 4823 Salomonis
2772 4747 3060 4823 traducta.
3133 4745 3319 4802 Dictio
3372 4744 3776 4823 ἔγγλυκοθέατα

2114 4834 2259 4874 nova
2289 4825 2343 4873 et
2372 4818 2619 4888 conficta
2650 4822 2757 4883 est,
2790 4822 3073 4888 notatque
3113 4833 3202 4888 ea.
3235 4835 3360 4878 quae
3401 4818 3533 4876 eam
3575 4821 3777 4878 dulce-

2113 4889 2272 4953 dine,
2319 4887 2618 4968 volupt‘ate
2664 4885 3027 4968 spectantur.
3067 4885 3475 4968 Ῥοδοιὺμυρφα
3503 4894 3774 4964 ejusdem

2115 4961 2420 5032 commatis
2449 4964 2559 5032 est,
2592 4964 2706 5016 tam
2733 4960 2992 5032 pulchra,
3024 4977 3190 5032 quam
3220 4960 3380 5020 rosa.

2187 5029 2304 5103 (86)
2335 5030 2588 5107 Humilis
2621 5031 2786 5101 fuisti
2832 5031 2920 5087 vel
2967 5029 3281 5107 hu'mitiqstt’
3323 5034 3520 5107 te._Sic
3555 5033 3778 5107 μετριό-

2116 5122 2217 5172 της
2252 5119 2356 5174 pro
2385 5103 2709 5175 humilitate
2738 5108 3030 5175 usurpant
3075 5104 3204 5160 novi
3249 5105 3425 5161 Graeci
3473 5123 3487 5175 ;
3527 5103 3665 5162 vid.‘
3689 5107 3781 5164 Du

2119 5173 2310 5249 Canae
2337 5191 2392 5249 ν,
2409 5173 2748 5249 -Μετριότηᾳ

2204 5248 2323 5316 (87)
2364 5247 2444 5322 Id_
2469 5244 2558 5322 est
2597 5246 2930 5322 προεπυπτες
2969 5244 3526 5322 νει-προεκυλίσθης,
3574 5249 3789 5322 prodii-

2124 5320 2214 5381 sti,
2238 5316 2536 5390 remersisti,
2569 5316 2880 5387 procidisti,
2901 5319 3222 5390 provolutus
3248 5335 3324 5376 es.

2197 5389 2313 5462 (βξ)
2336 5391 2464 5444 Haec
2489 5395 2577 5445 est
2601 5391 2746 5446 bene
2773 5389 2967 5462 Graeca
2996 5398 3050 5446 et
3081 5390 3273 5462 ubivis
3301 5391 3468 5462 obyia
3504 5393 3705 5462 dictio,
3736 5409 3792 5449 e.

2128 5456 2369 5534 (ιη’-ὕδωρ
2412 5462 2823 5534 μετασκευάζειν
2893 5459 3034 5534 οἶνον
3084 5480 3186 5534 pro
3234 5459 3311 5524 είς
3356 5460 3524 5520 οἶνον.
3572 5456 3797 5520 Subin-

2129 5531 2507 5608 telligendum
2541 5545 2624 5608 est
2651 5532 2724 5595 εἰς
2759 5533 2818 5590 in
2851 5531 3100 5602 talibus,
3128 5535 3303 5608 quasi
3331 5535 3489 5608 dicas
3521 5552 3534 5591 :
3577 5551 3794 5608 aquam

2129 5606 2523 5679 transparavit
2549 5605 2778 5676 vinum,
2809 5621 2878 5661 ex
2909 5621 3059 5679 aqua
3086 5605 3260 5679 aliud
3281 5606 3442 5679 quid,
3471 5605 3649 5665 antea
3674 5623 3796 5665 non

2133 5674 2444 5745 exsistens,
2475 5693 2710 5744 novum,
2744 5674 3207 5748 nempe'vinum,
3239 5674 3412 5752 fecit,
