4134 6412
416 450 540 511 689

1266 448 1365 506 DE
1414 446 1868 509 CERIMONIIS
1914 450 2155 510 AULAS
2194 451 2692 516 BYZA‘NTIN/E
2734 457 2885 517 LIB.
2933 458 2978 516 Ι.

3740 451 3861 511 690

412 601 506 636 ται
533 578 766 641 τούτους
805 576 1087 632 εἰσελθεῖν.
1130 578 1196 632 Οἱ
1246 574 1306 631 δὲ
1352 576 1644 652 τρέχοντες
1673 578 1762 631 καὶ
1807 578 1874 631 τὰ
1920 599 2064 633 σκου·

2160 583 2373 647 ηκωόί.
2426 586 2808 642 Accurrentes
2864 603 3003 660 ergo
3036 602 3280 659 propere
3326 583 3621 655 simulque
3686 587 3858 639 scuta

411 671 578 745 τάριι
631 668 732 723 ὑπὸ
788 671 897 721 τῶν
974 666 1062 720 ὑπ’
1137 666 1315 720 αὐτῶν
1378 668 1795 741 βασταζομενων
1848 667 2079 743 βεργίων

415 760 713 818 τύπτοντες
743 755 833 810 καὶ
883 754 1087 810 κτύπον
1139 754 1560 824 ἀποτελοῦντες,
1603 754 1855 830 λέγουσιν
1883 780 1913 808 ‹‹
1942 756 2080 812 τοὺλ

410 846 556 903 τούλ
587 848 700 919 (99)
740 868 787 899 ι.
828 845 932 901 Καὶ
981 848 1146 897 τοῦτο
1198 848 1443 918 συνεχῶς
1474 843 1725 921 λέγοντες
1757 845 2079 923 ἀνέρχονται

412 936 653 1006 πλησίον
703 942 805 1003 τῆς
880 930 1173 1007 βασιλικῆς
1232 933 1526 1006 τραπέζης,
1585 934 1658 996 ὡς
1718 935 1823 989 ἀπὸ
1883 934 2078 1009 ὀλίγου

416 1023 813 1096 διαστήματος,
870 1021 1087 1076 κάκεῖσε
1147 1022 1473 1096 μιγνύμενοι
1531 1022 1831 1100 ἀμφότεροι
1876 1027 2078 1078 ποιῶσι

413 1115 731 1191 κυκλοφερῆ
786 1113 1125 1184 παραταγήν,
1175 1112 1227 1165 οἱ
1281 1112 1372 1183 μὲν
1416 1107 1524 1166 ἔσω
1572 1116 1672 1166 τοῦ
1702 1110 1907 1167 κύκλου
1936 1112 2076 1167 ἀπο-

414 1202 758 1275 κλειόμενοι,
804 1201 856 1255 o't
906 1199 964 1255 0":
1011 1198 1710 1273 i'EwOsvirspmoxloBvrk.
1768 1201 1865 1255 Καὶ
1914 1206 2075 1256 τοῦτο

413 1297 650 1363 τρισσῶς
706 1293 991 1350 ποιοῦντες
1042 1286 1492 1363 διαχωρίζονται,
1552 1290 1641 1343 καὶ
1697 1290 1938 1345 ἳστανται
1998 1290 2076 1351 εἷς

412 1382 539 1443 τοὺς
573 1378 746 1436 ἰδίους
784 1377 1008 1447 τόπους,
1042 1379 1094 1432 οἱ
1131 1378 1223 1449 μὲν
1269 1382 1376 1431 τῶν
1428 1376 1658 1434 Βενέτων
1705 1378 1782 1441 εἰς
1837 1379 1906 1433 τὰ
1953 1379 2074 1452 ἀρι-

416 1469 595 1543 στερὰ,
646 1470 699 1524 οἱ
752 1466 811 1522 δὲ
854 1472 978 1529 ,τῶν
1040 1467 1316 1539 Πρασίνιυν
1370 1466 1448 1527 εἰς
1496 1468 1563 1520 τὰ
1608 1464 1932 1540 deities-rat
1980 1467 2071 1522 καὶ

413 1564 523 1614 τῶν
554 1553 1063 1631 ἓτὲρωνδημοτῶν,
1099 1555 1187 1608 καὶ
1229 1553 1483 1629 λέγουσιν
1532 1556 1700 1631 ἄμφω
1746 1556 1833 1612 τὰυ
1883 1557 2071 1632 γοτθι-

380 1649 501 1715 -xa‘i,
544 1646 699 1702 ἅτινά
747 1647 849 1701 εἰσι
898 1649 1087 1710 ταῦτα,
1143 1641 1404 1713 δηλονότι
1450 1644 1540 1699 καὶ
1593 1649 1702 1699 τῶν
1748 1642 2071 1717 πανδούρων

382 1738 472 1793 ,τὸ
524 1735 725 1793 οἰκεῖον
752 1792 757 1793 γ
783 1733 951 1808 μέλος
998 1731 1494 1807 ἀποπληρούντωνσ
1537 1758 1565 1785 ‹‹
1599 1733 1817 1809 γαύζας·
1886 1733 2068 1808 βόνας⁶

418 1823 703 1901 βηκῃδὲας·
779 1826 921 1899 ἅγιον
996 1819 1301 1897 γαυδὲντες’
1369 1816 1739 1892 ἐλκηϐόνιδες·
1801 1823 2065 1897 ὲνκέρτυς·

414 1916 560 1987 ἅγια·
640 1914 792 1988 βόνα·
872 1911 1007 1987 ὦρτ’
1083 1910 1301 1966 τούτου’
1383 1912 1592 1985 βάντες’
1661 1912 1796 1987 βόνοι
1842 1912 2061 1987 νάμόρε·

409 2003 781 2063 ἐπισκύαντεςο
842 1994 1252 2062 ἰδεσαλϐάτους’
1311 2001 1463 2055 νανάο
1526 1999 1705 2063 δέους·
1762 1999 1936 2064 δέους·
1980 2022 2064 2057 σε·

406 2087 630 2147 ϐακιᾶὒ
686 2091 835 2147 νανάο
892 2085 1448 2164 δευμονογυγγύϐελε·
1490 2085 1777 2165 γυὸίλους·
1833 2087 2075 2165 γυϐἑλκ-

411 2199 515 2254 ρες’
566 2179 719 2236 νανάο
768 2173 1058 2253 γυϐίλουςο
1110 2172 1430 2252 γυϐέλαρεςυ
1477 2179 1627 2232 νανὰ’
1676 2183 1772 2233 τοῦ
1811 2177 2070 2253 γεγδεμαι

413 2268 470 2324 δὲ
519 2264 810 2325 τούλϐεΛε*
882 2270 1085 2329 νικάτω
1152 2264 1377 2322 τουλδο·
1447 2269 1593 2322 νανάο
1663 2269 1691 2323 ὁ
1732 2268 1975 2337 Ἐζεκίας
2014 2267 2067 2324 ἐν

408 2365 524 2421 τοῖς
584 2357 860 2431 πολέμοις
934 2354 1409 2428 καθοπλισάμενος
1486 2356 1818 2431 ’Δσσυρὶοις-
1879 2356 2065 2415 ἀνανάο

409 2450 506 2517 τήν
543 2445 741 2504 ἐλπίδα
778 2447 869 2502 καὶ
913 2446 1086 2519 μόνην
1143 2442 1291 2520 ἔχων
1338 2450 1473 2501 Θεοῦ
1511 2451 1608 2500 τοῦ
1648 2445 2063 2523 φιλανθρώπου·

407 2536 557 2591 νανά⁶
615 2536 791 2591 πάντα
852 2535 1101 2603 ὑπέταξεν
1159 2530 1282 2604 ἔθνη
1350 2534 1441 2589 καὶ
1496 2534 1671 2597 ἀθέων
1729 2536 1829 2604 τήν
1875 2556 2068 2612 τυραν-

400 2624 549 2680 νίδαο
599 2626 743 2699 ἅγια·
796 2626 828 2680 ὁ
876 2625 1084 2697 σωτὴρ,
1140 2622 1336 2698 ἀγαθοὶ
1390 2620 1858 2679 δεσπόται-λνανά·
1891 2626 2065 2682 πάντα

396 2711 601 2787 ὲχθρόν
660 2734 752 2775 σας
808 2710 1081 2767 δουλώσει
1134 2713 1242 2786 πρὸ
1307 2717 1417 2765 τῶν
1480 2708 1663 2767 ποδῶν
1726 2733 1838 2787 τις.
1901 2711 2060 2790 Ἰὅερο

407 2797 650 2874 {Sapiens
694 2806 789 2855 τοῦ
837 2802 1110 2877 ἷγγερουα·
1162 2800 1524 2875 γεργιρεθρῷ·
1572 2805 1727 2856 νανά·
1786 2801 2062 2860 σικαδιασε

405 2892 749 2963 περὲτουρες.
802 2912 826 2943 ι
873 2890 973 2947 Καὶ
1025 2890 1127 2945 εἶθ’
1174 2888 1348 2951 οὕτως
1406 2888 1659 2964 λέγουσιν
1707 2892 1760 2946 οἱ
1818 2891 2061 2965 μα’ἷστω-

397 2997 492 3052 ρες
525 2980 660 3051 μετᾶ
685 2979 774 3033 καὶ
804 2984 906 3033 τῶν
940 2976 1200 3051 δημοτῶν
1229 2979 1292 3034 τὸ
1324 2973 1728 3053 ἀλφαϐητάριν·
1774 3005 1800 3032 ‹‹
1846 2982 2054 3040 Ἀνανά.

393 3068 682 3139 Ἀηττήτῳ
730 3072 861 3122 Θεοῦ
909 3065 1142 3140 παλάμῃ
1185 3066 1498 3142 ἐστέφθητε,
1541 3065 1794 3123 δεσπόται
1828 3070 2057 3143 οὐρανό-

385 3159 495 3214 θεν.
531 3152 794 3231 Βραϐεἷον
825 3159 984 3228 νίλιης
1018 3154 1262 3235 ὥφθητε,
1295 3159 1709 3232 κοσμοπόθητοι
1750 3161 2050 3236 εὐεργέται.

384 3250 630 3300 Γενναῖοι
664 3242 884 3327 ὤφθητε
921 3252 1043 3310 τοῖς
1074 3246 1350 3316 ἐναντίοις,
1402 3245 1740 3321 δωρούμενοι
1770 3254 1887 3310 τοῖς
1916 3250 2052 3304 Ῥω-

2097 1958 2144 2025 Β

2194 670 2395 743 virgis,
2447 689 2596 743 quas
2636 683 2889 745 gestant,
2960 675 3284 746 pulsantes,
3343 687 3740 744 magnumque
3788 688 3855 727 eo

2191 761 3111 832 strepitumexcitantes,clamant
3142 761 3460 818 identidem
3480 777 3493 817 :
3510 784 3538 811 α
3552 760 3804 826 TulTul,
3822 781 3851 809 ››

2189 854 2248 903 et
2272 850 2357 904 sic
2388 858 2634 922 pergunt
2668 867 2853 923 usque
2888 852 3151 925 proxime
3181 851 3254 905 ad
3285 865 3511 905 sacram
3537 865 3842 918 mensam;

2188 952 2222 991 a
2246 952 2361 1005 qua
2391 940 2628 1010 quando
2662 957 2865 1011 parum
2903 942 3141 1006 absunt,
3174 946 3589 995 concurrentes
3608 937 3691 993 ibi
3718 953 3847 992 am-

2188 1026 2273 1080 bae
2304 1025 2441 1083 hinc
2471 1033 2528 1083 et
2558 1027 2721 1084 illinc
2741 1030 3025 1085 factiones
3082 1028 3340 1085 formant
3395 1025 3578 1081 aciem
3607 1039 3706 1080 seu
3730 1030 3848 1080 sta-

2187 1116 2407 1170 tionem
2454 1122 2735 1173 armatam
2796 1116 3209 1183 orbicularem,
3241 1115 3300 1171 hi
3354 1115 3510 1169 intra
3566 1111 3848 1168 circulum

2185 1203 2417 1272 inclusi,
2466 1204 2549 1259 illi
2584 1212 2821 1262 externo
2842 1206 3064 1262 circulo
3086 1205 3231 1262 istos
3261 1202 3570 1259 interiores
3606 1201 3849 1258 conclu-

2186 1292 2412 1349 dentes.
2461 1296 2580 1350 Hoc
2612 1295 2816 1351 ordine
2865 1300 2929 1351 ut
2959 1302 3048 1351 ter
3104 1295 3262 1351 circa
3321 1308 3548 1349 sacram
3581 1306 3847 1347 mensam

2183 1378 2633 1446 decucurcrunt,
2682 1383 2902 1438 secedit
2955 1383 3131 1439 factio
3186 1395 3430 1452 quisque
3478 1395 3649 1434 suum
3686 1378 3849 1434 inlo-

2181 1483 2338 1537 oum,
2369 1474 2427 1523 et
2457 1471 2787 1527 consistunt
2817 1472 3019 1542 quieti,
3051 1470 3259 1527 Veneti
3287 1468 3524 1540 quidem
3573 1469 3642 1523 ad
3693 1469 3847 1523 sini-

2181 1564 2386 1626 stram,
2422 1559 2645 1615 Prasini
2679 1564 2872 1616 autem
2903 1562 2976 1617 ad
3008 1561 3295 1626 dextram,
3326 1563 3386 1615 et
3434 1558 3701 1624 recitent,
3741 1557 3843 1627 qui

2180 1660 2250 1699 ex
2280 1647 2566 1702 ambabus
2599 1649 2887 1719 partibus,
2919 1649 3139 1706 Gothos
3162 1650 3439 1715 referunt,
3470 1646 3729 1702 carmina
3759 1647 3842 1700 sic

2180 1735 2332 1790 dicta
2363 1736 2630 1802 Gothica,
2664 1738 2825 1795 228
2860 1739 3140 1809 panduris
3172 1737 3405 1793 interim
3454 1733 3690 1791 modulo
3738 1750 3843 1789 suo

2180 1825 2603 1883 accinentibus.
2632 1831 2783 1883 Sunt
2810 1833 3005 1885 autem
3040 1828 3138 1882 illa
3160 1826 3407 1882 Gothica
3432 1826 3551 1880 hac
3576 1840 3589 1878 :
3614 1821 3834 1899 γαύζας·

2182 1909 2343 1984 βόνας
2374 1915 2456 1986 [et
2494 1914 2720 1985 reliqua
2758 1932 2886 1986 qua?
2915 1916 3131 1971 Gracia
3161 1931 3194 1970 e
3230 1913 3424 1969 verbis
3455 1913 3638 1984 repeti
3672 1918 3840 1983 pote-

2185 2004 2361 2074 runt].
2413 2033 2483 2044 —-
2522 2026 2550 2053 «
2607 2005 2901 2072 Ezechias,
2980 2004 3200 2059 bellum
3258 2006 3535 2058 adversus
3566 2002 3836 2071 Assyrios

2182 2105 2410 2161 gerens,
2431 2111 2459 2139 »
2482 2096 2706 2156 Anana,
2740 2112 2769 2139 η
2795 2091 3023 2146 unicam
3049 2090 3269 2146 habens
3299 2090 3360 2143 in
3394 2094 3505 2143 Deo
3535 2104 3701 2157 spem
3732 2089 3835 2143 ho-

2182 2181 2406 2234 minum
2422 2188 2673 2246 amante,
2692 2202 2719 2228 ››
2748 2179 2928 2247 Nana,
2962 2202 2991 2230 ‹‹
3024 2180 3254 2250 subegit
3285 2177 3554 2250 gentiles,
3575 2181 3635 2230 et
3656 2177 3834 2231 rebel—

2182 2266 2397 2323 lionem
2444 2267 2844 2337 ignorantium
2884 2267 3094 2323 Deum.
3130 2289 3157 2315 ν
3189 2266 3389 2335 Hagia.
3423 2286 3451 2314 «
3484 2264 3763 2329 Salvator,
3799 2280 3832 2318 ο

2182 2355 2316 2411 boni
2347 2354 2593 2423 domini,
2626 2376 2656 2405 ››
2688 2359 2874 2424 Nana,
2907 2377 2936 2405 ι(
2968 2360 3163 2427 ponat,
3197 2361 3262 2411 ut
3320 2352 3701 2423 mancipium,
3735 2368 3830 2407 co-

2158 2461 2305 2515 ram
2365 2445 2613 2516 pedibus
2671 2444 2880 2501 vestris
2943 2462 3181 2501 omnem
3232 2443 3395 2499 vobis
3452 2443 3828 2497 inimicum.»

2178 2534 2305 2588 lber
2334 2540 2445 2590 etc.
2477 2537 2614 2589 Poet
2628 2532 2745 2589 hac
2776 2551 2809 2590 a
2838 2534 3046 2589 Gothis
3076 2533 3384 2589 ambarum
3408 2532 3660 2603 partium
3674 2529 3832 2585 dicta

2176 2623 2427 2679 recitent
2442 2624 2705 2693 magistri
2738 2625 2910 2679 ambo
2941 2639 3059 2678 una
3086 2639 3222 2678 cum
3252 2620 3494 2693 plebeiis
3526 2620 3829 2690 utriusque

2175 2711 2443 2767 factionis
2473 2728 2708 2767 carmen
2741 2712 2850 2768 hoc
2889 2716 2975 2767 tot
3032 2716 3311 2767 constans
3353 2710 3640 2778 versibus,
3688 2713 3829 2778 quot

2172 2806 2311 2856 sunt
2344 2800 3067 2873 aplphabetiGriecilitteris,
3109 2813 3641 2871 unoquoqueversu
3672 2798 3745 2851 ab
3759 2813 3828 2851 ea

2169 2889 2366 2944 Graeca
2397 2890 2607 2957 littera,
2638 2906 2767 2961 quae
2807 2890 2915 2945 sibi
2949 2890 3136 2961 quoad
3172 2890 3401 2944 numeri
3430 2888 3695 2943 ordinem
3729 2903 3825 2941 re-

2169 2978 2441 3050 spondet,
2493 2980 2771 3035 ordiente.
2826 2979 2925 3035 Est
2955 2985 3152 3035 autem
3186 2978 3335 3033 hoc:
3384 2996 3410 3028 ii
3466 2977 3688 3031 Anana.
3737 2976 3822 3029 Ab

2166 3068 2395 3123 invecta
2458 3067 2554 3122 Dei
2615 3074 2789 3122 manu
2868 3066 3121 3121 coronati
3155 3065 3294 3120 estis
3335 3063 3556 3119 domini
3589 3062 3821 3117 caelitus

2165 3156 2386 3211 Braheo
2417 3156 2688 3211 victoriae.
2714 3155 3085 3211 Monstrastis
3108 3170 3209 3209 vos
3238 3152 3345 3208 toti
3376 3151 3501 3208 orbi
3532 3156 3818 3206 terrarum

2164 3244 2581 3303 desiderabiles
2616 3246 3031 3309 benefactores,
3063 3257 3376 3314 generosos
3414 3246 3473 3297 et
3505 3241 3682 3295 fortes
3714 3239 3819 3294 ho-

389 3334 577 3405 μαίοις
611 3335 934 3413 ζωηφόρους
984 3335 1314 3411 εὐεργεσίας.
1350 3358 1378 3389 ››
1413 3336 1513 3392 Καὶ
1548 3337 1644 3400 εἶθ’
1675 3335 1848 3401 οὕτως
1880 3338 2045 3394 πάλιν

2163 3336 2372 3406 stibus,
2403 3337 2687 3392 donantes
2719 3333 2997 3391 Romanis
3020 3333 3323 3398 beneficia,
3357 3346 3483 3403 qua:
3514 3332 3690 3384 vitam
3724 3344 3816 3383 se-

380 3426 639 3501 Λὲγουσιν
690 3427 742 3481 οἱ
796 3427 1124 3501 μαῒστωρες·
1180 3450 1208 3477 ‹‹
1260 3427 1449 3502 Ἀγίας
1478 3446 1564 3481 τα’
1596 3427 1691 3482 ἀνα
1720 3448 1778 3482 τε
1809 3428 2044 3491 ἀνετανε.

374 3513 639 3568 Ἔντολαί
669 3534 763 3576 σας
822 3514 954 3589 ὑπὲρ
1012 3515 1082 3568 τὰ
1145 3511 1292 3569 ὅπλα
1349 3512 1602 3588 ἰσχύουσι
1650 3516 1764 3568 κατ’
1834 3515 2048 3590 ἐχθρῶν

378 3600 655 3658 ἁπάντων.
715 3605 837 3671 Ζωή
900 3602 1189 3675 Ῥωμαίων
1242 3605 1333 3656 καὶ
1392 3602 1653 3669 πλοῦτος,
1708 3602 2043 3684 ἀλλοφύλων

378 3689 727 3752 κατάπτωσις
774 3684 970 3753 ὅντως.
1026 3691 1307 3765 Ηύρὲθητε
1356 3695 1544 3765 τεῖχος
1591 3696 1692 3759 τῆς
1737 3690 2042 3755 πολιτείας.

376 3778 507 3840 Θεός
568 3800 654 3835 σοι
711 3768 911 3836 ἔδωκέν
978 3777 1218 3842 κλάδους
1276 3782 1678 3853 συνομόθρονας
1736 3784 1835 3853 (1),
1894 3781 2045 3855 εὐερ-

2156 3442 2291 3481 cum
2324 3426 2667 3496 important.
2700 3447 2730 3477 »
2765 3425 2899 3482 Post
2927 3426 3151 3480 dictum
3182 3423 3340 3478 hunc
3370 3418 3814 3491 quaternionem

2154 3531 2429 3569 versuum
2464 3520 2735 3583 repetunt
2766 3514 3020 3587 magistri
3040 3512 3390 3568 formulam:
3423 3532 3451 3559 ‹‹
3485 3512 3703 3578 Hegias
3734 3514 3811 3564 ta.

2147 3606 2358 3659 -Anate.
2420 3609 2711 3671 Anetane;
2747 3624 2775 3652 »
2812 3608 2870 3658 et
2916 3608 3043 3657 tum
3097 3600 3515 3656 continuantur
3562 3611 3809 3651 versus:

2142 3690 2185 3743 ἀ
2210 3696 2410 3750 Edicta
2441 3701 2632 3750 vestra
2663 3694 2795 3765 plus
2829 3693 2886 3749 in
2919 3694 3114 3749 hostes
3145 3706 3348 3747 omnes
3383 3688 3599 3754 valent,
3630 3702 3810 3757 quam

2153 3800 2339 3848 ariua,
2373 3782 2504 3838 Vita
2549 3783 2649 3853 qui
2680 3784 2826 3839 estis
2841 3788 2898 3837 et
2926 3781 3144 3837 divitia:
3178 3779 3575 3836 Romanorum
3597 3775 3805 3846 preci-

1410 3907 1606 3966 JOAN.
1648 3909 1790 3967 JAC.
1835 3910 2095 3967 RElSKlI
2136 3908 2739 3967 COMMENTARIUS.

375 4016 524 4090 hiis,
547 4032 703 4086 voce,
727 4018 956 4075 scenica
985 4032 1118 4074 vero
1153 4018 1363 4074 fabula
1390 4035 1663 4075 sermone
1682 4024 1738 4073 et
1769 4021 2038 4090 gestibus

374 4089 671 4155 exhibita,
698 4098 754 4143 ut
786 4092 939 4145 clare
972 4095 1127 4161 patet.
1146 4108 1214 4145 ex
1244 4092 1522 4146 Athenaeo
1555 4107 1609 4161 p.
1642 4089 1796 4145 350.7
1832 4093 2034 4147 Verum

374 4174 570 4234 possm
598 4162 918 4234 dramatica
948 4178 1015 4217 eo
1042 4162 1528 4232 aevojamdudum
1545 4163 1818 4225 desierat,
1848 4179 2034 4234 neque

374 4230 488 4285 nisi
521 4230 731 4286 sacculo
759 4232 903 4295 XVI,
936 4230 1255 4288 demum'in
1299 4249 1471 4289 usum
1516 4234 1727 4303 rediit;
1762 4230 2031 4303 etaceriae,

375 4303 616 4377 nomine
640 4304 1017 4377 appellabant
1044 4305 1240 4377 medio
1262 4321 1378 4359 isvo
1408 4303 1475 4358 τὰ
1494 4302 1745 4374 Θαύματα
1791 4321 2031 4377 pagina-

373 4379 454 4441 ta,
488 4373 783 4447 inquibus
803 4378 1140 4447 spectacula
1161 4376 1385 4430 ludicra
1405 4384 1475 4430 ab
1503 4373 1889 4431 histrionibus
1918 4378 2032 4430 cir-

375 4446 774 4500 cumforaneis
841 4446 931 4502 edi
992 4447 1280 4508 solebant.
1332 4455 1397 4501 ut
1436 4462 1468 4501 e
1508 4461 1728 4502 canone
1758 4447 2029 4502 Concilii-

376 4516 866 4587 Aquisgranensis
911 4519 983 4573 de
1024 4535 1176 4573 anno
1243 4519 1369 4586 816,
1429 4525 1692 4585 apparet,
1751 4519 1889 4587 quod
1920 4534 2031 4573 non

378 4596 617 4661 oporteat
645 4587 948 4644 sacerdotes
970 4595 1069 4643 aut
1113 4589 1351 4645 clerico:
1381 4592 1799 4660 quibuscunque
1825 4598 2034 4661 specta-

379 4657 522 4731 culis
560 4659 617 4711 in
652 4662 835 4731 paceni:
880 4666 977 4715 aut
1034 4662 1244 4731 nuptiis
1275 4657 1557 4729 interesse,
1589 4657 1716 4715 aeif
1737 4657 2034 4731 antequam

376 4728 659 4803 thymelici
690 4728 1119 4798 ingrediantur,
1142 4747 1439 4802 exsurgere
1465 4728 1552 4787 eos
1581 4735 1849 4798 convenit,
1874 4728 2035 4803 atque

372 4802 814 4875 ruderum-edere.
852 4803 916 4857 Hi
968 4804 1264 4875 thymelici
1316 4810 1474 4867 sunt,
1505 4820 1652 4873 quos
1684 4806 1875 4859 medio
1906 4802 2024 4859 aivo

365 4871 694 4936 iaculatores
713 4871 1097 4941 dicebant,et
1126 4882 1399 4945 corrupto
1451 4871 1646 4930 italico
1704 4890 1800 4930 ore
1857 4891 2023 4931 voca-

370 4945 507 4996 bulo
536 4945 837 5010 zigoludri‘,
873 4949 1025 4999 unde
1058 4952 1320 5000 nostrum
1346 4946 1631 5015 Zi'geuner.

439 5016 555 5085 (‘39)
592 5016 795 5071 Procul
827 5017 1008 5071 dubio
1066 5016 1405 5087 gaudebunt
1446 5022 1748 5073 rimatores
1793 5018 2022 5072 veteris.

362 5084 650 5158 Scythicis
671 5095 772 5142 aut
802 5084 1298 5158 Gothicaavlinguaa
1329 5090 1402 5143 ob
1432 5092 1698 5153 antiquas
1737 5105 1901 5144 voces
1932 5089 2025 5144 hic

364 5173 433 5230 ex
465 5157 758 5230 oblivione
790 5162 848 5213 in
884 5160 1071 5213 lucem
1106 5157 1480 5230 prodeuntes.
1521 5160 1665 5214 Mihi
1713 5166 1908 5215 autem
1943 5162 2025 5227 in,

364 5226 484 5283 illis
507 5229 889 5302 barbarismis
910 5226 1177 5285 otium'et
1198 5232 1504 5302 ingenium
1518 5247 1863 5302 consumere
1891 5246 2027 5300 ope-

366 5312 440 5353 re
464 5300 714 5369 pretium
734 5316 847 5356 non
863 5302 1112 5357 videtur.
1142 5300 1339 5357 Posset
1371 5319 1488 5356 una
1518 5309 1575 5357 et
1600 5301 1777 5358 altera
1811 5319 2027 5369 marga-

366 5373 477 5444 rita
528 5372 666 5427 huic
725 5372 1098 5444 sterquilinio
1160 5375 1374 5441 inesse,
1434 5375 1533 5429 sed
1578 5390 1732 5443 saepe
1774 5390 2026 5444 quoque,

364 5440 807 5509 Constantinus,
869 5440 972 5499 aut
1015 5444 1282 5515 quisquis
1315 5440 1514 5499 auctor
1543 5452 1630 5499 est.
1658 5440 1829 5515 hujus
1858 5440 2026 5500 Gloso

363 5516 499 5587 sarii
528 5517 843 5587 barbarici,
874 5518 946 5569 ab
966 5516 1265 5587 imperitis
1298 5524 1400 5570 aut
1423 5517 1697 5585 malignis
1726 5520 2025 5587 deceptus,

362 5584 567 5641 fuisse.
627 5586 802 5641 Juvat
828 5587 915 5642 Cl.
954 5586 1167 5642 Leichii
1210 5587 1502 5657 judicium
1538 5584 1750 5642 alicubi
1783 5588 1840 5641 in
1873 5584 2029 5656 'eius

360 5658 714 5730 adversariis
765 5656 1092 5728 depositum
1144 5656 1260 5713 huc
1288 5660 1596 5713 ascribere.
1631 5659 1671 5730 '[
1704 5659 2031 5713 Constanti-

360 5744 475 5784 nus
508 5729 789 5799 Porphyr.
824 5730 1050 5799 ineptas
1078 5737 1136 5784 et
1176 5730 1509 5785 barbaricus
1540 5729 2026 5796 comminiscitur,

358 5799 770 5871 etymologiae,
810 5807 877 5856 ut
897 5799 1130 5857 diadora
1168 5801 1451 5857 Romanis
1499 5808 1586 5857 est
1614 5802 1727 5869 iam
1774 5804 1916 5871 erat,
1957 5802 2027 5855 de

2138 4021 2370 4075 admin.
2402 4020 2651 4091 imperio
2691 4034 2747 4089 p.
2779 4020 2850 4073 92
2879 4019 2982 4073 fin.
3043 4018 3136 4072 ed.
3178 4017 3515 4091 Bandur.]‘r
3548 4019 3611 4074 In
3671 4021 3805 4075 uni-

2146 4107 2381 4146 versum
2416 4089 2651 4161 quidem
2679 4090 2893 4160 injuria
2920 4089 3305 4161 Constantino
3329 4089 3446 4144 non
3497 4090 3579 4146 fit.
3642 4095 3718 4145 At
3744 4093 3802 4147 in

2143 4162 2391 4233 allegata
2421 4160 2602 4217 eausa
2635 4167 2828 4217 tamen
2871 4177 3003 4233 eum
3039 4160 3379 4233 defendere
3406 4164 3618 4217 ausim.
3667 4162 3803 4217 Dia-

2140 4229 2288 4305 dorii
2328 4239 2479 4289 recte
2517 4236 2747 4305 videtur
2794 4248 2891 4302 per
2942 4229 3140 4305 ἀπάρτι
3199 4230 3265 4305 ἦν
3323 4232 3390 4287 de
3438 4249 3588 4288 nunc
3658 4241 3801 4302 erat,

2142 4304 2328 4360 reddi.
2376 4305 2519 4359 Nam
2559 4304 2618 4357 Δι’
2648 4304 2824 4359 adora
2885 4304 3150 4359 Italicam
3202 4304 3432 4358 illorum
3464 4310 3797 4374 temporum

2142 4378 2299 4430 aliud
2336 4377 2481 4430 nihil
2517 4376 2829 4447 signiﬁcat.
2860 4379 3149 4431 Cmterum
3211 4374 3501 4445 placuisse
3558 4376 3669 4430 sibi
3699 4376 3801 4430 illa

2096 4512 2097 4515 η
2138 4452 2405 4517 tempora
2436 4446 2683 4517 nugacia
2707 4455 2763 4501 et
2795 4448 3177 4518 puerilitatem
3221 4446 3545 4518 litterarum
3580 4447 3801 4515 rejuve-

2140 4533 2376 4574 nascere
2400 4520 2779 4590 gestientium
2799 4517 2949 4573 'satis
2980 4518 3285 4590 prodentia
3314 4517 3374 4570 in
3406 4518 3622 4590 talibus
3653 4518 3798 4571 lusi-

2143 4591 2250 4646 bus
2282 4588 2427 4645 cum?
2458 4590 2775 4659 peregrinis
2806 4596 2864 4644 et
2894 4590 3173 4648 ignoratis
3225 4588 3508 4654 dialectis,
3563 4596 3799 4643 constat

2066 4648 2110 4712 Ι)
2143 4678 2272 4717 cum
2301 4679 2365 4716 ex
2396 4648 2503 4716 hoc
2535 4648 2726 4716 Nostri
2751 4661 2893 4724 loco,
2916 4667 3040 4714 tum
3073 4675 3139 4714 ex
3172 4659 3293 4727 illo,
3327 4648 3503 4730 quod.
3538 4661 3596 4713 in
3628 4675 3792 4714 coro-

2144 4734 2380 4788 natione
2438 4749 2600 4803 papae
2663 4732 2870 4787 soleret
2912 4730 3287 4803 Evangelium
3324 4730 3647 4803 subMissa
3678 4747 3792 4803 non

2134 4806 2326 4860 solum
2382 4801 2594 4868 Graece,
2654 4805 2751 4858 sed
2787 4804 2963 4858 etiam
3015 4802 3291 4856 Hebraice
3315 4801 3544 4872 praelegi
3581 4804 3653 4856 ab
3689 4802 3792 4856 ho-

2135 4876 2415 4937 minibus.
2474 4876 2572 4946 qui
2607 4875 2885 4930 Hebraice
2909 4882 2967 4929 et
2997 4875 3189 4929 Griece
3218 4888 3380 4944 neque
3411 4874 3558 4946 bene
3603 4874 3780 4928 calle-

2135 4948 2297 5013 bant,
2338 4944 2515 5016 atque
2575 4947 2833 5015 Europaei
2894 4962 2997 4999 nos
3053 4946 3316 5001 'l‘atarice
3366 4951 3470 5000 aut
3514 4944 3793 5016 Japanice

2135 5015 2433 5072 callemus.
2469 5019 2795 5073 Ridiculum
2828 5033 2989 5087 atque
3004 5032 3272 5071 acroama
3310 5017 3629 5071 monachos
3660 5015 3794 5071 illos

2135 5088 2412 5143 Hebraire
2443 5091 2815 5157 praelegentes
2846 5090 3067 5151 audire,
3100 5098 3272 5158 atque
3299 5087 3531 5158 Gothos
3561 5095 3616 5142 et
3643 5087 3795 5142 Grie-

2135 5162 2301 5233 culos
2323 5162 2378 5213 in
2404 5156 2512 5216 hoc
2538 5168 2735 5216 nostro
2758 5160 2943 5233 capite
2974 5175 3159 5233 suum
3180 5156 3403 5233 ’γαύζαι
3440 5157 3613 5233 βάν-ας
3657 5158 3787 5230 Bia-ii

2136 5228 2253 5290 διας
2278 5238 2412 5296 etc.,
2448 5238 2775 5287 recitantes.
2810 5230 3053 5285 Concilii
3102 5228 3300 5285 Pisani
3357 5228 3487 5285 acta
3516 5230 3589 5285 de
3636 5228 3790 5286 anno

2142 5304 2280 5358 “09
2309 5304 2567 5357 referunt
2595 5304 2688 5358 die
2716 5304 2749 5353 7
2780 5302 2943 5368 Julii,
2976 5318 3091 5373 quo
3140 5301 3459 5373 Alexander
3487 5318 3640 5372 papa
3679 5302 3790 5356 fuit

2138 5381 2474 5440 coronatus,
2507 5379 2716 5445 praeter
2736 5374 2853 5428 alia
2881 5371 3170 5445 solemnia
3200 5374 3373 5445 etiam
3406 5371 3549 5427 illud
3584 5373 3785 5445 fuisse,

2135 5446 2200 5501 de
2241 5445 2475 5514 epistola
2508 5444 2558 5499 et
2614 5445 2899 5515 evangelio
2946 5447 3007 5498 in
3057 5444 3220 5500 Missa
3268 5444 3465 5508 Grece,
3526 5444 3790 5515 Hebraice

2138 5524 2191 5574 et
2225 5515 2440 5571 Latine.
2500 5515 2629 5569 Vid.
2668 5514 2792 5585 quis
2824 5515 2972 5569 infra
3005 5516 3078 5571 de
3110 5531 3217 5569 usu
3267 5515 3555 5571 sermonis
3599 5514 3787 5569 Latini

2136 5588 2193 5643 in
2254 5590 2417 5642 curia
2460 5587 2796 5658 Byzantina,
2828 5596 2887 5640 et
2913 5588 3089 5641 Graeci
3124 5588 3179 5640 in
3214 5588 3392 5641 curiis
3420 5596 3474 5640 et
3502 5586 3784 5641 ecclesiis.

2136 5658 2598 5715 occidentalibus
2630 5660 2817 5712 dicam
2841 5659 2910 5712 ad
2955 5675 3007 5723 p.
3034 5659 3157 5712 431.

2209 5732 2287 5801 (1)
2324 5731 2445 5784 Duo
2508 5733 2603 5785 hic
2655 5721 3044 5801 observanda.
3100 5728 3316 5801 Unum,
3374 5721 3613 5801 κλάδους
3648 5726 3780 5795 poni

2138 5798 2243 5873 pro
2271 5798 2279 5801 ⁷
2297 5802 2431 5873 ﬁlii:
2461 5817 2475 5856 :
2510 5802 2667 5871 quod
2715 5800 2766 5857 si
2796 5798 3081 5872 exemplis
3118 5799 3325 5855 vellem
3356 5799 3778 5854 demonstrare.
