4104 6380
360 377 478 438 715

1438 361 1971 427 CONSTANTINI
2015 361 2714 426 PORPHYBOGENITI

3663 359 3781 422 ’716

365 510 532 583 legati
568 506 796 564 barbari
830 521 945 560 non
977 507 1134 558 sunt.
1168 503 1323 559 230
1354 502 1428 558 Ut
1467 501 1728 559 consedit
1756 501 2010 572 impera.

2124 499 2224 568 τήν
2287 496 2592 573 βασιλείαν,
2639 499 2728 554 καὶ
2789 499 2816 552 6
2847 497 3090 574 ἔπαρχος
3139 499 3250 552 τῶν
3307 515 3661 571 πραιτωριων
3693 495 3784 552 καὶ

357 606 446 656 tor
464 606 591 671 post
612 599 884 667 exceptos
907 594 979 648 ab
1005 593 1130 664 ipso
1153 597 1854 665 congregatosquecoram
1879 590 2010 660 ipso

353 691 498 746 aulae
545 704 665 743 sua:
719 699 1006 755 proceres,
1065 682 1184 736 abit
1233 698 1429 738 comes
1476 681 1902 736 admissionum
1953 686 2011 736 et

355 779 605 846 clamat;
650 797 678 826 «
721 774 890 841 Leva,
925 794 949 823 υ
997 771 1036 828 i.
1069 787 1118 826 e.
1154 787 1350 842 surge.
1393 770 1519 825 Non
1552 770 1706 824 enim
1742 768 1802 823 hi
1834 768 2008 839 legati

2122 588 2149 642 6
2209 583 2455 665 ἔπαρχος
2505 596 2605 659 τῆς
2662 587 2903 658 πόλεως,
2946 586 3142 642 λοιπὸν
3189 585 3362 648 οὕτως
3413 584 3668 660 δέχονται
3709 585 3785 648 ὡς

2125 677 2352 742 ἐνταῦθα
2411 675 2559 742 ὄντες
2611 674 2873 753 ἔπαρχοι,
2932 677 3022 732 καὶ
3089 677 3150 731 τὸ
3210 677 3477 750 περσῐκην
3536 677 3652 748 (44)
3698 674 3792 730 αὖ·

2121 773 2239 830 τοῖς
2280 769 2508 840 ἀπαντᾷ,
2571 769 2661 824 καὶ
2725 770 2753 824 6
2817 769 3116 844 μάγιστρος
3154 765 3288 840 μιτὰ
3338 769 3432 821 τὸν
3483 766 3791 841 μάγιστρον

1414 876 1610 933 JOAN.
1649 875 1796 932 JAC.
1839 874 2102 933 RElSKlI
2143 877 2740 935 COMMENTARIUS.

362 980 421 1035 in
454 976 708 1033 editione
741 972 1068 1045 Rigaltiana
1107 973 1410 1042 praemissi,
1457 987 1598 1045 usus
1629 971 2018 1045 ipsequoque

365 1051 476 1107 fuit
505 1066 570 1104 eo
603 1041 880 1103 vocabulo
913 1045 1058 1100 libro
1099 1041 1175 1109 iv,
1209 1045 1306 1098 sed
1341 1050 1398 1099 et
1430 1043 1652 1098 indices
1713 1041 1794 1095 illi
1827 1053 1878 1096 et
1912 1058 2019 1096 vox

366 1120 599 1178 serioris
631 1119 818 1174 aetatis
849 1123 1008 1172 sunt.
1036 1117 1288 1170 Dubium
1320 1115 1550 1170 interim
1587 1129 1764 1185 penes
1794 1129 1886 1185 me
1907 1118 2017 1185 est,

364 1192 626 1250 Graecine
678 1191 931 1257 Latinos,
992 1204 1064 1243 an
1097 1187 1156 1242 hi
1199 1187 1328 1242 illos
1356 1186 1568 1241 imitati
1589 1184 1837 1257 iuerint.
1875 1184 2018 1239 Nam

370 1265 616 1321 seriores
690 1278 806 1332 quo
879 1256 1065 1314 Latini
1144 1260 1487 1314 interlocutio
1566 1273 1668 1327 pro
1737 1256 2022 1332 allogutio,

364 1336 680 1392 dissertatio
706 1327 1001 1399 dicebant,
1056 1335 1121 1385 ut
1151 1338 1382 1386 constat
1425 1347 1494 1385 ex
1527 1328 1805 1397 prooemio
1839 1327 2022 1382 Chro-

370 1407 485 1463 nici
517 1402 1041 1460 Windesemensis:
1070 1403 1312 1472 prolixis
1359 1402 1535 1472 igitur
1561 1415 1903 1472 arengarnm
1926 1401 2023 1472 in-

369 1477 816 1534 terlocutionibus
848 1469 1173 1544 postpositis.
1215 1473 1285 1527 Ni
1329 1469 1610 1544 memoria
1641 1472 1809 1544 fallit,
1843 1469 2026 1544 habe-

367 1557 462 1605 tur
507 1563 755 1621 quoque
798 1543 1149 1621 interlocutio
1181 1561 1284 1616 pro
1325 1543 1619 1610 allocutio,
1653 1543 1932 1610 edictum,
1964 1543 2023 1596 in

369 1617 573 1676 Codice
609 1617 995 1674 Justinianeo.

441 1693 554 1762 (44)
611 1691 671 1745 Id
727 1695 818 1762 est
847 1706 1166 1762 Δπιερεξικιον,
1218 1684 1604 1762 marsupiuni,
1635 1684 1908 1762 sacellos.
1940 1686 2027 1739 Ita

371 1757 801 1830 certe'exponit
844 1757 1174 1828 Du'Cange.
1226 1759 1370 1812 Cum
1410 1767 1606 1830 autem
1659 1757 1857 1823 moris,
1907 1772 2023 1830 quo

2131 971 2330 1046 pulum
2361 979 2682 1046 spargeret,
2705 989 2876 1046 quam
2901 989 2989 1041 eo,
3011 973 3304 1046 utdonum
3321 971 3789 1046 gratuitumipse

2130 1045 2242 1100 sibi
2276 1044 2534 1112 haberet,
2569 1062 2684 1117 quo
2715 1044 2908 1102 oblato
2939 1045 3267 1116 respublica
3303 1061 3516 1099 novum
3551 1044 3663 1117 sibi
3689 1044 3790 1100 re-

2131 1126 2370 1184 olorem,
2404 1122 2461 1172 et
2491 1116 2627 1172 huic
2658 1133 2716 1172 se
2750 1119 3120 1187 faustamque
3150 1117 3445 1170 fortunam
3469 1116 3792 1186 gratulare-

2130 1191 2244 1242 tur.
2278 1193 2402 1244 Non
2435 1190 2590 1243 enim
2623 1205 2741 1243 una
2771 1189 2970 1256 bursa,
3002 1187 3105 1243 sed
3136 1188 3333 1259 plures
3365 1204 3512 1242 novo
3537 1189 3787 1258 impera-

2131 1263 2242 1313 tori
2298 1261 2770 1330 prasferebantur,
2831 1265 2894 1316 ut
2949 1276 3018 1315 ex
3075 1260 3112 1314 l.
3172 1275 3226 1315 c.
3278 1264 3518 1314 constat.
3574 1259 3786 1315 Verum

2134 1333 2442 1402 posteriori
2486 1331 2620 1387 huic
2669 1332 3009 1401 conjecturae
3059 1331 3257 1386 obstat
3289 1330 3385 1385 ille
3410 1331 3582 1402 locus
3609 1333 3790 1400 (infra

2135 1401 2192 1473 p.
2232 1403 2327 1456 241
2386 1419 2436 1458 c.
2481 1404 2554 1470 4),
2607 1419 2722 1474 quo
2753 1404 3026 1458 dicuntur
3075 1403 3183 1458 viri
3231 1401 3455 1458 ordinis
3504 1403 3788 1459 senatorii

2135 1489 2282 1545 novo
2333 1474 2673 1545 imperatori
2735 1475 3036 1543 pittacium
3090 1489 3193 1530 seu
3253 1475 3549 1530 cambium
3580 1476 3650 1530 de
3697 1479 3794 1530 ter

2136 1544 2292 1600 mille
2329 1544 2500 1600 libris
2531 1547 2659 1601 auri
2707 1552 2774 1601 ut
2803 1547 3024 1603 donum
3069 1545 3395 1617 gratuitum
3429 1545 3582 1600 urbis
3614 1545 3787 1617 regia

2133 1618 2358 1682 offerre,
2413 1622 2726 1688 postquam
2777 1618 2835 1672 in
2887 1616 3348 1689 precedentibus
3395 1617 3477 1688 (p.
3533 1617 3661 1686 240)
3692 1616 3788 1671 di-

2135 1694 2294 1760 ctum
2349 1695 2504 1744 esset
2537 1689 2648 1759 ipsi
2683 1689 2945 1760 praelatus
2976 1689 3154 1744 fuisse
3201 1703 3403 1744 cruces
3434 1698 3489 1743 et
3521 1689 3786 1759 persicia.

2137 1759 2260 1814 Non
2294 1776 2432 1832 ergo
2465 1759 2778 1832 potuerunt
2810 1761 3058 1832 persicia
3086 1761 3304 1815 donum
3330 1761 3644 1832 gratuitum
3677 1760 3794 1815 im-

370 1851 515 1890 novo
549 1827 1010 1904 prail'ectogurbis
1052 1827 1152 1884 aut
1194 1827 1446 1898 praetorii
1475 1829 1850 1904 marsupium
1883 1827 2020 1882 otfe-
2054 1839 2100 1904 Β
2133 1827 2388 1904 ρει-αἰοτῖ
2413 1827 2766 1888 destinatum
2810 1827 3132 1904 continere.
3183 1834 3256 1886 At
3289 1827 3450 1904 quid,
3497 1833 3546 1888 si
3578 1833 3789 1902 praste-

368 1900 596 1971 rebant,
630 1901 941 1973 vestigium
977 1917 1269 1972 nusquam
1304 1900 1638 1969 reperirem,
1671 1914 1858 1973 neque
1890 1914 2020 1969 pro-

371 1980 533 2033 tinus
564 1971 842 2047 exputare
872 1971 1123 2047 possem,
1163 1987 1439 2040 quorsum
1473 1987 1536 2026 ea
1560 1988 1651 2047 res
1685 1971 2022 2047 pertineret,

374 2049 521 2120 ccepi
551 2044 1315 2120 dubitare,_signi_ficaretne
1351 2059 1458 2097 vox
1488 2044 1790 2120 persicium
1821 2047 2027 2120 praeter

378 2113 747 2188 marsUpium
777 2113 967 2171 adhuc
999 2116 1152 2188 aliud
1179 2114 1343 2184 quid,
1379 2129 1586 2188 nempe
1608 2118 1812 2188 vestem
1845 2113 2024 2168 Persi-

372 2207 501 2246 cam
555 2183 654 2244 seu
701 2187 1016 2253 Medicam,
1060 2187 1117 2240 id
1162 2183 1252 2240 est
1297 2185 1538 2239 sericam
1581 2200 1717 2239 auro
1747 2183 2022 2250 illusam;

374 2264 562 2318 Persae
610 2261 764 2316 enim
813 2259 873 2313 in
931 2275 996 2313 eo
1026 2273 1233 2328 genere
1270 2255 1440 2309 valde
1499 2255 2026 2323 luxuriantur;aut

376 2339 590 2390 vestem
654 2331 806 2400 persi
865 2328 952 2384 vel
1011 2329 1221 2400 persici
1281 2328 1514 2400 coloris.
1563 2329 1617 2382 id
1660 2333 1747 2380 est
1778 2327 2024 2381 obscure

379 2406 603 2474 cyanei.
647 2398 940 2457 Habemus
967 2398 1138 2474 apud
1191 2399 1433 2474 Leonem
1477 2398 1932 2474 Grammaticum
1969 2417 2020 2468 p.

381 2469 506 2543 465,
537 2474 708 2547 γιτὼν
739 2469 1192 2547 χρυσξοςπὲΞᾶικρς.
1215 2469 1403 2525 tunica
1424 2469 1619 2547 [mrcis
1647 2469 1755 2547 ﬁlis
1788 2469 2021 2547 intea'ta,

382 2541 578 2603 coloris
608 2541 792 2617 ρει-,εὗ
832 2545 948 2598 vid.
983 2541 1065 2598 Du
1106 2544 1294 2617 Gange
1325 2557 1391 2617 v._
1413 2542 1626 2596 Persus.
1651 2612 1661 2617 _
1682 2541 1880 2596 Posset
1913 2543 2022 2595 ita-

375 2637 487 2690 que
532 2612 647 2672 no'n
693 2617 945 2690 absurde
993 2616 1194 2680 statui,
1242 2612 1533 2690 persicum
1584 2612 1765 2666 luisse
1802 2617 2018 2690 vestem

372 2683 691 2746 admodum
726 2689 1060 2759 pretiosam,
1092 2702 1222 2757 quas
1252 2687 1306 2759 in
1335 2684 1570 2759 honoris
1601 2683 2019 2759 recens‘collati

372 2763 600 2833 insigne
631 2754 999 2833 consueverit
1032 2754 1311 2833 praefectis
1333 2756 1577 2833 obviam
1596 2756 1749 2833 ferri.
1786 2754 2020 2833 Obtinet

371 2826 561 2889 adhuc
593 2831 763 2886 hodie
802 2847 948 2896 mos,
1000 2826 1068 2883 ex
1117 2827 1251 2883 aula
1283 2844 1394 2882 non
1429 2827 1622 2899 magis
1646 2826 2015 2882 orientalium

372 2906 712 2977 principum,
762 2917 937 2977 quam
979 2901 1308 2977 Graecorum
1343 2899 1400 2952 in
1440 2898 1758 2977 _Turcicam
1791 2899 2017 2977 deriva-

374 2971 490 3042 tus,
523 2971 624 3030 aut
655 2971 1214 3029 novi—sinvestiendis
1240 2979 1336 3024 aut
1363 2971 2018 3025 veteribusconﬁrman-

365 3041 708 3116 dislegatis
745 3045 832 3100 vel
882 3043 1147 3099 exarchis
1197 3042 1432 3116 (Bassas
1473 3041 1526 3095 id
1571 3058 1754 3116 genus
1785 3045 2018 3116 vocant)

366 3112 774 3189 quotannisin
799 3117 1144 3189 provincias
1175 3112 1210 3168 av
1236 3115 1472 3189 Su|_t_ano
1507 3112 1661 3189 mitti
1693 3121 1879 3167 vestes
1912 3113 2015 3167 ho-

364 3184 906 3277 norariastphallas
941 3187 1138 3270 Turcze
1179 3184 1493 3277 appellant,
1540 3184 1695 3277 unde
1739 3190 2006 3277 nostrpm
2041 3211 2089 3277 ο

363 3263 539 3328 Gala),
574 3255 861 3323 mittendi,
895 3275 1040 3328 quas
1071 3257 1130 3312 in
1172 3257 1403 3326 signum
1437 3255 1790 3328 investiturae
1822 3261 1878 3328 et
1911 3256 2008 3310 be-

363 3326 701 3388 nevolentiaa
763 3326 1096 3400 principalis
1135 3335 1192 3382 et
1239 3326 1679 3400 professionem
1713 3326 2010 3400 fidelitatis

362 3420 478 3460 suae
513 3409 697 3460 Bassaa
730 3397 1414 3461 d’ebent’induere.’Quia
1445 3404 1631 3452 tamen
1670 3397 1773 3452 hoc
1799 3400 1868 3452 ad
1898 3399 2007 3451 im-

363 3483 686 3548 peratorem
731 3475 927 3545 ipsum
971 3471 1398 3548 accommodari
1431 3485 1594 3538 eque
1646 3469 1811 3548 facile
1856 3469 2008 3548 haud

361 3541 566 3618 potest,
600 3547 692 3601 cui
735 3541 933 3599 recens
977 3546 1158 3618 electo
1205 3557 1378 3610 super
1417 3556 1659 3618 carruca
1803 3541 2005 3596 urbem

361 3612 602 3674 intranti
635 3619 912 3672 dicuntur
957 3632 1012 3684 p.
1061 3616 1185 3667 240.
1223 3629 1434 3684 cruces
1468 3616 1525 3666 et
1569 3612 1816 3683 persicia
1863 3629 2005 3684 pras-

358 3691 493 3745 ferri
517 3690 601 3745 vel
634 3691 863 3744 obviam
899 3683 1030 3740 ferri
1065 3686 1320 3755 (signum
1349 3683 1503 3736 enim
1538 3684 1923 3738 insvestiturze
1947 3685 2004 3737 in

357 3761 466 3816 hoc
491 3778 627 3817 casu
664 3761 910 3832 persicia
940 3761 1405 3832 essenequeunt,
1433 3770 1564 3808 cum
1591 3755 1920 3832 chlamydes
1951 3759 2009 3832 et

358 3849 582 3887 coronae
633 3825 681 3886 el
718 3831 831 3885 alia
870 3828 1132 3900 symbola
1182 3825 1309 3900 aint
1349 3827 1808 3900 imperatorum),
1857 3825 2008 3881 malo

358 3919 515 3957 nunc
560 3921 593 3957 a
639 3902 856 3972 vulgari
901 3898 1256 3970 expositione
1298 3898 1478 3972 hujus
1519 3899 1672 3972 vocis
1707 3914 1817 3951 non
1853 3913 2007 3972 rece-

359 3975 516 4039 dere,
541 3975 636 4028 sed
657 3970 849 4043 pot—ius
880 3973 952 4025 de
987 3972 1281 4041 marsupio
1297 3970 1386 4023 vel
1412 3970 2001 4043 bursainterpretari;

359 4047 479 4099 sive
504 4048 622 4111 jam
652 4040 919 4113 praefecto
951 4060 1016 4097 eo
1051 4047 1160 4096 line
1193 4040 1378 4095 bursae
1413 4041 1497 4095 ha:
1529 4042 1791 4096 nummis
1826 4040 2006 4112 plena;

359 4117 794 4188 praeferrentur,
821 4121 881 4168 ut
905 4131 1069 4188 suam
1092 4113 1265 4188 veluti
1291 4113 1624 4181 eparchiam
1650 4123 2007 4188 spargerent,

359 4185 855 4259 quemadmodum
893 4186 1022 4240 novi
1055 4185 1522 4259 _consules_su_um
1539 4186 1914 4259 consulatum
1929 4185 2004 4251 ,id

355 4255 442 4314 est
484 4260 726 4314 missilia
791 4259 846 4312 in
897 4256 1174 4328 populum
1235 4255 1589 4326 projicionda
1629 4257 1766 4328 (non
1811 4263 2006 4328 tamen

359 4331 603 4386 memini
637 4334 704 4386 de
738 4331 1025 4402 przel'ectis
1065 4330 1218 4402 idem
1255 4328 1405 4399 quod
1439 4329 1507 4381 de
1538 4327 1882 4402 consulibus
1915 4327 2005 4382 le-

360 4409 552 4474 gere):
600 4404 718 4458 sive
740 4399 1056 4457 donarium
1091 4401 1197 4454 hoc
1229 4399 1589 4474 esset,__quori
1628 4409 1722 4474 aut
1753 4401 2004 4474 impera-

358 4471 470 4541 tor,
497 4471 604 4529 aut
632 4476 768 4529 urbs
801 4490 944 4529 novo
979 4475 1244 4542 praefecto
1268 4471 1645 4526 conciliandae
1670 4471 2008 4525 benevolen-

357 4547 450 4602 tiae
481 4547 667 4617 gratia
718 4547 1033 4601 exhiberet.
1085 4543 1342 4617 Quid,_si
1388 4542 2001 4617 horumpersiciorum

358 4611 673 4686 imaginem
722 4618 1076 4672 haberemus
1126 4618 1181 4669 in
1226 4614 1511 4686 diptycho‘
1549 4611 1647 4666 illo
1687 4611 2004 4686 consulari,

356 4683 526 4759 cujus
563 4696 831 4760 ectypum
874 4688 1158 4760 deditpu
1198 4683 1553 4760 _Cange_tab.
1588 4700 1626 4739 ι.
1669 4685 1899 4760 dissert.
1934 4683 2005 4739 de

354 4755 609 4816 nummis
639 4755 743 4816 aevi
777 4760 978 4826 medii,
1013 4757 1111 4812 ubi
1145 4758 1214 4812 ad
1242 4755 1473 4825 singula
1507 4755 1688 4809 latera
1722 4755 1879 4811 sellae
1911 4771 2006 4809 cu-

355 4831 524 4898 rulis,
559 4832 650 4886 cui
676 4831 880 4886 consul
903 4825 1139 4893 insidet,
1165 4827 1610 4896 conspiciuntur
1631 4825 1847 4897 singuli
1873 4828 2002 4896 viri,

357 4905 622 4956 tenentes
648 4909 890 4972 utraque
913 4917 1086 4956 manu
1116 4914 1467 4972 mapparum,
1489 4898 1749 4972 lacinias,
1776 4899 1833 4952 in
1867 4915 2009 4972 qua-

357 4987 502 5043 rum,
525 4970 867 5043 mapparum
901 4973 1266 5042 mediojacet
1293 4970 1712 5043 aliquid,quod
1748 4971 2006 5025 nummis

355 5042 543 5114 simile
574 5040 717 5098 est?
747 5046 910 5098 Certe
959 5060 1062 5114 pro
1113 5040 1507 5096 nummisDu
1543 5040 1734 5114 Gange
1774 5058 2007 5114 quoque

353 5112 580 5178 habuit,
631 5115 801 5183 cujus
855 5112 974 5169 hinc
1022 5118 1160 5168 sunt
1212 5115 1387 5167 verba
1434 5114 1462 5179 §
1522 5112 1627 5166 12:
1687 5113 1878 5167 Nescio
1934 5131 2006 5168 an

355 5187 473 5252 ipsa
492 5186 768 5256 explicata
788 5191 1072 5240 ('enseatur
1093 5200 1208 5240 esse
1236 5184 1298 5238 in
1317 5184 1503 5238 eodem
1521 5183 1782 5253 diptycho
1799 5201 2007 5255 mappa

350 5256 405 5310 ib
452 5254 596 5309 binis
640 5255 860 5324 ﬁguris,
914 5271 1040 5327 quae
1081 5257 1236 5311 sellae
1292 5257 1558 5310 lateribus
1606 5254 2005 5325 appinguntur,

351 5343 586 5397 quarum
626 5329 863 5394 singqu
908 5329 1052 5381 binis
1098 5328 1360 5381 manibus
1419 5343 1668 5397 mappas
1698 5329 2006 5393 explicatas

347 5396 531 5452 tenent
565 5400 622 5452 in
655 5399 910 5452 ludorum
937 5399 1195 5452 editionis
1225 5399 1530 5468 symbolum
1550 5397 1577 5450 ‘I
1607 5396 1722 5451 nisi
1761 5404 1900 5467 forte
1929 5415 2006 5454 ενι

349 5485 561 5540 mappae
605 5473 917 5524 contineant
958 5486 1304 5523 nummorum
1357 5480 1569 5524 certam
1617 5472 2004 5539 quantitatem,

347 5546 446 5612 qui
490 5543 662 5612 efﬁeti
693 5541 1084 5612 quodammodo
1114 5543 1552 5611 conspiciuntur,
1580 5544 1679 5612 fita
1704 5546 1760 5595 ut
1792 5541 1863 5595 ad
1885 5557 2008 5597 con-

344 5609 556 5667 sulum
582 5609 837 5672 bna-ista:
877 5629 973 5666 seu
1005 5609 1251 5666 missilia
1272 5615 1473 5682 referri
1501 5611 1752 5668 debeant.
1782 5613 2005 5668 Pariter

341 5686 576 5754 gemino
629 5687 733 5740 hoc
765 5685 936 5738 modo
981 5683 1163 5749 accipi
1217 5693 1404 5754 posset
1451 5684 1611 5737 locus
1650 5700 1828 5754 supra
1876 5684 2006 5739 lan-

342 5757 523 5812 datus
576 5775 632 5828 p.
681 5757 808 5812 240.
860 5759 1044 5826 quue
1105 5756 1258 5828 enim
1305 5754 1603 5828 probabile
1654 5763 1742 5810 est
1793 5757 2004 5812 bursas

346 5843 500 5901 novo
522 5826 860 5901 imperatori
893 5844 960 5901 eo
986 5829 1099 5901 fine
1120 5826 1348 5882 oblatas
1373 5827 1572 5901 fuisse,
1610 5829 2004 5901 utpecuniam

335 5899 476 5975 inde
491 5897 895 5976 depromptam
915 5900 974 5956 in
991 5899 1471 5957 circumstantem
1488 5897 1763 5955 etinhian
1786 5906 2006 5974 tempo-

2132 1903 2264 1968 etis,
2315 1906 2543 1974 quoties
2578 1904 2977 1974 procederent,
3013 1903 3179 1958 toties
3229 1902 3518 1974 persicum
3551 1904 3779 1958 obviam

2131 1975 2423 2030 ferretur?
2454 1977 2613 2040 Quod
2648 1991 2794 2046 pene
2823 1975 3064 2046 colligas
3095 1990 3126 2029 e
3158 1991 3212 2045 p.
3246 1975 3372 2028 231.
3406 1975 3468 2028 ld
3502 1975 3552 2030 si
3583 1976 3786 2043 fuerit,

2133 2045 2448 2116 persicium
2500 2045 2682 2116 neque
2730 2051 2945 2102 vestem
2976 2045 3374 2118 honorariam,
3425 2061 3614 2118 neque
3645 2046 3788 2102 bur-

2132 2133 2258 2172 sam
2300 2119 2560 2172 nummis
2603 2119 2869 2173 refertam
2904 2117 3234 2189 signiﬁcare
3273 2123 3482 2189 potest.
3515 2117 3598 2173 Ad
3633 2119 3788 2175 hanc

2133 2190 2521 2271 objectionem
2556 2193 2705 2260 quod
2742 2206 3017 2271 reponam
3053 2205 3180 2271 ‘non
3213 2190 3417 2271 habeo.
3473 2189 3542 2271 ld_
3588 2196 3786 2271 tamen

2131 2265 2354 2315 certum
2404 2267 2511 2328 est,
2553 2261 2923 2317 consuevisse
2980 2266 3220 2328 veteres,
3255 2262 3412 2316 illius
3444 2261 3546 2316 aevi
3587 2263 3784 2317 homi-

2132 2346 2257 2404 nes,
2283 2331 2557 2403 pecunias
2581 2341 2677 2387 aut
2709 2332 2766 2386 in
2791 2332 3048 2388 scutellis
3071 2339 3127 2387 et
3148 2332 3381 2404 scyphis
3405 2333 3618 2404 aureis,
3654 2349 3785 2404 qua

2132 2402 2368 2472 quidem
2411 2404 2686 2458 manibus
2727 2405 3030 2475 gestatiles
3060 2413 3114 2458 et
3159 2402 3271 2459 non
3305 2403 3478 2458 nimis
3524 2402 3780 2474 grandes

2129 2480 2347 2540 essent,
2394 2481 2494 2529 aut
2527 2477 2966 2544 ponderosiores
2990 2492 3274 2541 summas,
3310 2475 3551 2544 ideoque
3583 2475 3781 2530 hume-

2132 2544 2212 2600 ris
2245 2546 2611 2616 bajulandas,
2639 2548 2698 2602 in
2732 2548 2920 2602 bursis
2951 2550 3163 2603 donare
3193 2552 3252 2601 et
3289 2547 3606 2600 secundum
3640 2545 3782 2600 bur-

2131 2633 2227 2671 sas
2270 2634 2594 2684 numerare,
2627 2620 3123 2688 quemadmodum
3182 2616 3373 2672 adhuc
3405 2617 3576 2672 hodie
3604 2616 3780 2672 Turci

2126 2688 2364 2762 faciunt.
2397 2690 2489 2762 Sic
2523 2690 2805 2746 Henricus
2846 2692 2945 2757 llI,
2996 2693 3309 2762 imperator
3350 2689 3588 2762 Alberto
3627 2688 3782 2744 vice-

2128 2761 2328 2815 comiti
2358 2761 2545 2832 epulis
2568 2762 2689 2816 suis
2714 2763 2973 2817 adhibito
2995 2768 3050 2818 et
3073 2759 3304 2818 abeunti
3333 2759 3510 2832 dabat
3539 2775 3779 2832 saccum

2127 2831 2422 2905 cervinum
2472 2839 2713 2905 argento
2764 2833 3023 2904 plenum,
3065 2838 3127 2889 ut
3160 2832 3428 2905 perhibet
3466 2831 3685 2888 Donizo
3715 2831 3776 2888 in

2126 2902 2255 2958 Vita
2288 2902 2588 2960 Mathildis
2618 2904 2655 2960 l.
2692 2921 2732 2974 ι,
2765 2902 2816 2960 c.
2852 2905 2954 2961 42:

2271 2992 2382 3047 Rex
2409 2991 2518 3047 sibi
2546 3002 2851 3048 mastrucas
2889 2996 3012 3060 post
3041 3007 3216 3047 escam
3244 2993 3491 3048 maxime
3518 2990 3775 3061 pulchras

2266 3065 2518 3128 Donavit,
2552 3066 2750 3134 ﬂarent
2778 3067 2996 3133 pariter
3023 3079 3233 3135 quoque
3259 3065 3580 3135 pelliceones

2265 3137 2378 3190 Hoc
2405 3133 2557 3203 regis
2582 3135 2861 3208 [Henrici]
2903 3133 3105 3190 munus
3137 3133 3298 3190 ducis
3338 3134 3667 3208 [Bonifacii]
3699 3133 3780 3188 ad

2398 3205 2680 3261 camaram
2722 3205 2975 3278 r[id'est
3031 3213 3340 3272 catonem,
3404 3205 3785 3275 vestiarium,

2409 3277 2852 3350 thesaurariam]
2895 3279 3043 3347 tulit,
3075 3295 3248 3333 unum

2265 3350 2328 3404 Et
2356 3352 2569 3405 corium
2606 3353 2772 3418 cervi,
2805 3349 2944 3421 quod
2973 3353 3218 3406 nummis
3238 3349 3354 3421 ipse
3381 3350 3637 3421 reﬂavit.

2119 3441 2275 3496 Idem
2309 3457 2434 3513 cap.
2468 3442 2499 3496 4
2527 3459 2539 3496 :

2409 3574 2421 3587 .
2467 3575 2479 3588 .
2528 3573 2539 3586 .
2586 3573 2599 3586 .
2645 3573 2657 3585 .
2703 3572 2716 3585 .
2750 3531 2894 3587 dedit
2938 3530 3029 3585 illi
3053 3530 3307 3600 plurima
3334 3531 3529 3600 gratis.

2261 3603 2518 3658 Cervinus
2545 3604 2733 3674 plenos
2758 3605 3001 3657 nummis
3029 3618 3209 3657 saccos
3238 3602 3521 3674 duodenos

2264 3671 2636 3746 Liquerat'in
2671 3677 2901 3746 prapria
2939 3677 3153 3744 genitor
3194 3689 3420 3728 camara
3441 3671 3772 3746 _Canusina,

2262 3743 2411 3817 Quos
2439 3743 2813 3816 penitus—totos
2839 3743 2986 3800 dedit
3015 3761 3123 3801 uno
3147 3752 3392 3816 tempore
3419 3743 3578 3799 dono.

2119 3835 2370 3889 Pertinet
2401 3835 2513 3889 huc
2545 3850 2774 3905 quoque
2824 3835 2986 3889 locus
3014 3833 3364 3905 Theodoreti
3413 3848 3684 3905 sermone
3716 3849 3774 3887 rx

2119 3852 2370 3889 rerunet
2401 3852 2513 3889 nuc
2545 3852 2656 3905 quo
2707 3852 2774 3888 ue
2824 3852 2986 3889 locus
3018 3852 3364 3890 't'ncouoreu
3413 3852 3684 3888 sermone
3716 3852 3772 3887 Ix

2116 3908 2184 3980 ad
2246 3905 2524 3980 Griecps:
2570 3852 2913 3980 Σρὶὶἰᾎὲγουσι
2969 3904 3042 3980 rei
3085 3906 3375 3980 ψήγμᾳτα,
3427 3900 3772 3980 διορύσσουρι

2115 3975 2180 4029 τὰ
2235 3973 2504 4050 μέταλλα,
2530 3975 2667 4050 ,κοιὶ⁸
2696 3973 2963 4050 ἐπξσημον
2989 3973 3278 4050 Δ[ςῲειὶέῐι]
3329 3973 3622 4050 γενόμενον
3677 3973 3769 4050 τὸγ

2117 4043 2320 4121 χρυὰὸν
2355 4047 2447 4138 κ’ᾳὶ
2489 4049 2580 4101 τὸν
2645 4043 2927 4138 βκαςιλιίὸν
2986 4043 3278 4138 ῖδέξάμενεπῖ
3304 4043 3668 4138 inputari”,
3697 4045 3770 4134 ρύ

2118 4137 2177 4138 ,,
2269 4119 2282 4134 ς
2411 4123 2430 4138 ρ
2490 4130 2510 4138 -
2638 4123 2650 4138 ς
2751 4123 2761 4138 .
2829 4122 2852 4138 ,ς
3692 4137 3699 4138 ,

2115 4116 2322 4194 χρυσὸς
2381 4116 2596 4188 ἔξωθεν,
2637 4116 2761 4174 ἁλλ’
2821 4116 3154 4194 ἢῗσκύτινὰι
3302 4116 3516 4194 ξῦλίναι
3572 4116 3771 4194 aeui)-

2116 4191 2266 4244 ἔθυσε
2303 4193 2486 4258 Θῆκπι.
2530 4194 2830 4249 Succurrit
2875 4193 2980 4246 hac
3012 4191 3337 4256 occasione,
3360 4192 3431 4246 de
3460 4206 3597 4246 voce
3619 4191 3774 4258 'per-

2115 4264 2317 4320 sicium
2347 4264 2688 4334 disputanti,
2723 4266 2891 4321 locus
2922 4262 3172 4328 Agnelli,
3225 4263 3322 4318 cui
3352 4279 3460 4316 vox
3490 4261 3593 4318 illa
3624 4261 3774 4334 forte

2117 4332 2479 4391 restituenda
2513 4337 2610 4392 sit.
2659 4337 2760 4393 Est
2809 4355 2864 4407 p.
2917 4335 3038 4390 155.
3074 4335 3214 4407 edit.
3264 4332 3772 4400 Murator.:Abie-

2116 4411 2326 4472 cer-unt,
2373 4408 2474 4472 ait,
2520 4411 2743 4476 feminae
2783 4406 2840 4463 in
2883 4407 3032 4462 luctu
3061 4406 3278 4477 publica
3316 4408 3540 4461 inaures
3578 4408 3773 4477 et_an-

2117 4481 2274 4552 natos
2325 4484 2376 4552 et
2423 4475 2711 4535 dextraria.
2759 4475 3076 4552 [armillas]:
3111 4482 3160 4532 et
3203 4477 3538 4552 pereselidas
3569 4475 3652 4546 [id
3681 4480 3776 4532 est

2117 4550 2515 4624 periscelides]
2548 4559 2598 4606 et
2637 4549 2872 4624 monilia
2902 4555 2952 4624 et
2980 4549 3289 4618 obfaetoria
3318 4559 3367 4605 et
3395 4555 3608 4624 acus__e_t
3637 4563 3769 4618 spe-

2114 4622 2240 4676 cula
2269 4625 2320 4677 et
2352 4619 2575 4678 lunulas
2593 4628 2644 4679 et
2667 4623 2868 4693 liliola,
2901 4621 3143 4693 [figuras
3172 4620 3480 4693 aureasgad
3513 4619 3767 4674 liliorum

2114 4693 2298 4766 instar
2330 4694 2528 4766 factas,
2562 4711 2707 4766 quas
2737 4691 2919 4766 super
2955 4691 3160 4766 fronte,
3193 4698 3293 4766 aut
3331 4691 3505 4749 etiam
3540 4694 3771 4766 pectore

2113 4764 2437 4841 gerebant_,]
2471 4760 2748 4822 laudosias
2790 4760 2841 4822 ἐι
2870 4764 3157 4841 praesidia.
3193 4763 3300 4841 Pro
3333 4780 3472 4821 voce
3500 4760 3768 4841 prasidi}:

2114 4835 2513 4905 reponendum
2549 4842 2746 4908 putem
2779 4835 2879 4892 aut
2907 4837 3175 4908 prandea,
3205 4837 3262 4892 id
3283 4835 3601 4908 estitzenias
3631 4835 3769 4908 seni-

2114 4901 2233 4980 ora—rs,
2277 4914 2374 4980 aut
2425 4901 2620 4979 potius
2664 4901 2952 4976 brasiolia,
2999 4901 3230 4977 fascias,
3276 4907 3486 4980 quibus
3526 4901 3769 4980 brachia

2115 4975 2442 5050 illigﬁabant;
2489 4984 2592 5034 aut
2641 4983 2867 5036 tandem
2911 4975 3172 5050 persicia,
3214 4975 3410 5036 id'est
3469 4975 3768 5050 bursulas,

2115 5046 2320 5119 quales
2352 5051 2540 5107 medio
2571 5068 2688 5106 aevo
2711 5068 2885 5123 super
2901 5046 3337 5122 cingulis'ethis
3359 5051 3581 5123 circum
3601 5046 3768 5123 volu-

2113 5129 2226 5188 tas,
2260 5127 2519 5178 ventrem
2552 5120 2896 5190 ambienies,
2927 5120 3030 5178 aut
3059 5123 3232 5178 etiam
3265 5138 3296 5177 e
3326 5122 3644 5178 femoribus
3674 5120 3774 5176 de-

2114 5191 2457 5264 pendentes,
2489 5198 2825 5265 gestabant,
2851 5194 3213 5266 magnumin
3247 5192 3320 5249 iis
3343 5193 3589 5249 luxurias
3620 5207 3775 5263 quie-

2114 5271 2310 5318 rentes
2342 5274 2779 5336 argumentum,
2824 5265 3105 5336 tantoque
3135 5265 3266 5320 illas
3299 5266 3672 5335 pretiosiores
3713 5266 3775 5319 et

2113 5335 2446 5411 ornatiores
2464 5355 2606 5393 auro
2632 5345 2690 5394 et
2720 5341 2972 5411 gemmis
3004 5335 3060 5392 et
3091 5337 3424 5411 margaritis
3450 5339 3773 5411 jactantes,

2112 5413 2326 5477 quanto
2349 5409 2484 5479 quis
2507 5416 2662 5466 esset
2686 5407 2937 5467 nobilior
2961 5417 3014 5464 et
3045 5407 3393 5479 opulentior,
3418 5414 3483 5463 ut
3505 5407 3775 5479 protinus

2112 5494 2142 5534 e
2173 5481 2334 5534 zonis
2375 5488 2430 5535 et
2463 5482 2654 5537 bursis
2684 5482 2801 5537 illls
2833 5479 3069 5549 agnosci
3106 5484 3296 5549 posset
3339 5480 3596 5536 hominis
3627 5494 3776 5534 con-

2112 5551 2274 5624 ditio.
2326 5554 2415 5624 Et,
2440 5554 2580 5624 quia
2623 5555 2785 5624 pictas
2814 5549 2952 5624 ifilis
3002 5554 3211 5624 aureis;
3243 5556 3301 5606 et
3329 5553 3623 5623 argenteis
3655 5549 3772 5624 ille

2112 5621 2302 5678 bursae
2335 5621 2601 5680 solebant
2623 5621 2779 5692 esse,
2812 5623 2952 5679 hinc
2996 5623 3162 5677 dictas
3193 5621 3428 5678 fuerunt
3458 5622 3771 5693 marsupia,

2114 5696 2167 5748 id
2196 5702 2283 5749 est
2307 5711 2391 5750 res
2421 5696 2959 5766 operepltrygionico
2988 5693 3315 5750 elaborata}.
3341 5695 3443 5748 Est
3464 5696 3618 5752 enim
3659 5710 3774 5766 vox

2113 5766 2380 5822 Arabica.
2416 5765 2816 5830 Quod’autem
2851 5769 2916 5820 ad
2953 5776 3306 5836 postremam
3338 5782 3534 5836 vocem
3570 5765 3773 5836 laudn-

2111 5838 2228 5906 sias
2258 5838 2487 5904 attinet,
2519 5838 2790 5892 videntur
2815 5833 3103 5904 laudosiar,
3132 5845 3188 5892 et
3219 5851 3349 5906 quae
3370 5835 3548 5906 idem,
3582 5837 3641 5892 ni
3666 5833 3778 5890 fal-

2113 5905 2221 5978 lor,
2250 5908 2586 5980 significant
2615 5909 2896 5979 laudante,
2931 5908 3069 5982 (vid.
3102 5908 3190 5968 Du
3216 5905 3412 5976 Gange
3443 5907 3503 5964 h.
3535 5905 3611 5982 ν.)
3641 5921 3775 5965 esse
