4104 6380
407 438 525 498 719
1463 436 1995 499 OONSTANTINI
2038 437 2747 499 PORPHYROGENITI
3710 445 3833 506 720

404 577 543 632 bant
592 591 769 647 penes
825 592 886 632 se
935 573 1276 646 imaginem,
1308 573 1714 644 Diaferentius,
1775 573 1872 647 qui
1929 578 2018 630 tur

2138 633 2142 641 _
2176 570 2374 645 μαίων,
2405 573 2496 626 καὶ
2537 568 2824 644 δεξάμενος
2856 573 3017 627 αὐτὸν
3051 574 3079 628 ὁ
3102 568 3330 644 εὐσεϐὴς
3363 570 3620 648 βασιλεὺς
3657 578 3825 650 ἡμῶν

398 666 706 738 praefectus
755 665 917 721 urbis
961 665 1196 720 CPtanse
1249 667 1394 730 erat,
1427 664 1840 734 pronuntiabat
1878 679 2018 735 pane

2163 660 2570 732 Ἰουστινιανός,
2610 660 2885 717 ἐκέλευσεν
2945 663 3110 718 αὐτὸν
3166 665 3240 725 ὼς
3271 658 3512 740 ἔπαρχον
3568 685 3820 742 πραιτω-

397 759 658 829 gyricum
711 757 768 812 in
823 755 1026 812 laudes
1086 754 1392 827 utriusque
1440 754 1830 826 imperatoris,
1884 753 2018 809 uti:

2168 751 2296 826 ρξων
2393 752 2482 807 καὶ
2584 754 2828 827 προϊέναι
2904 753 2994 807 καὶ
3071 753 3399 832 ἀναχωρεῖν,
3472 755 3560 811 καὶ
3645 760 3824 815 πάντα

399 845 757 913 Dioscorius,
807 847 1185 917 exprael‘ectus
1244 843 1430 900 urbis.
1493 843 1812 899 Mandabat
1895 842 2018 898 deir

2165 841 2340 903 οὕτως
2389 841 2477 896 ἐπὶ
2538 840 2706 896 αὐτοῦ
2756 841 3074 917 ἐπράττετο,
3121 843 3198 906 ὡς
3255 842 3343 898 ἒπὶ
3390 849 3498 900 τῶν
3565 845 3830 924 ἐπάρχων

395 952 531 1007 ceps
617 937 952 1008 imperator,
1010 935 1302 991 laureatas
1387 950 1487 1005 per
1554 939 1742 989 totum
1829 933 2018 988 differt

2161 931 2458 1001 ’Λνατολῆς
2469 976 2482 990 .

391 1027 727 1096 imperium,
783 1025 1205 1095 amborumque
1263 1025 1679 1094 imperatorum
1729 1023 2074 1092 conjunctas
2124 1021 2415 1094 imagines
2476 1021 2653 1078 simul
2713 1023 2983 1096 proponi.
3018 1024 3281 1082 Habebat
3338 1031 3531 1084 autem
3582 1027 3826 1088 dialalia

387 1118 471 1173 vel
505 1119 847 1173 mandatum
882 1133 978 1172 ore
1011 1132 1173 1171 sacro
1208 1113 1500 1186 prolatum
1533 1113 1635 1169 sic.
1671 1117 1749 1167 Ex
1798 1113 1942 1168 actis
1976 1129 1989 1168 :
2023 1134 2053 1163 ‹‹
2086 1113 2403 1185 Imperator
2432 1114 2624 1170 Caasar
2659 1115 2792 1169 felix
2823 1115 2931 1171 Leo
3008 1115 3210 1172 Victor
3239 1133 3472 1190 semper
3517 1121 3827 1192 Augustus

390 1208 530 1262 dixit
592 1223 605 1261 :
656 1205 1106 1261 Clementissimi
1179 1204 1461 1276 principis
1518 1202 1815 1258 Anthemii
1877 1201 2068 1274 imago
2151 1202 2250 1257 diu
2309 1220 2342 1258 a
2408 1203 2578 1258 nobis
2633 1209 2992 1273 exspectata,
3042 1221 3196 1261 nunc
3255 1206 3492 1263 tandem
3541 1209 3824 1284 exhibita,

385 1310 665 1366 magnum
717 1295 882 1349 nobis
925 1292 1203 1365 gaudium
1253 1291 1404 1346 tulit.
1440 1293 1804 1362 QuaprOpter
1852 1289 2050 1346 divina
2105 1291 2487 1346 annutatione
2516 1291 2642 1363 [seu
2675 1307 2839 1347 sacro
2884 1293 3103 1364 edicto]
3160 1295 3538 1366 precipimus
3587 1301 3644 1351 et
3681 1314 3827 1354 san-

386 1386 600 1450 cimus,
634 1388 699 1438 ut
735 1383 837 1438 illa
869 1383 1063 1454 imago
1112 1382 1348 1436 eosdem
1399 1380 1650 1436 honores
1701 1380 2024 1452 participet,
2056 1396 2204 1452 quos
2267 1387 2488 1447 nostra,
2512 1397 2627 1452 quo
2659 1382 2862 1454 populi
2906 1399 3114 1439 omnes
3141 1383 3456 1455 gaudeant,
3501 1401 3828 1458 omnesque

383 1475 563 1530 urbes
601 1474 745 1528 laetae
797 1472 1148 1543 intelligant,
1184 1471 1493 1526 ambarum
1534 1469 1810 1540 partium,
1843 1470 2085 1525 orientis
2133 1477 2189 1526 et
2237 1471 2576 1541 occidentis,
2612 1476 2933 1543 potestates
2965 1474 3382 1530 communione
3438 1489 3631 1532 rerum
3673 1478 3822 1549 jun-

379 1569 526 1632 ctas,
559 1581 665 1620 nos
712 1571 908 1619 autem
957 1564 1085 1633 ejus
1142 1561 1483 1632 [Anthemii]
1537 1560 1957 1616 Mansuetudini
1989 1562 2344 1618 coadunatos
2381 1579 2530 1618 esse.
2569 1584 2596 1612 »
2631 1563 2820 1618 Etiam
2867 1563 3062 1632 Liber,
3095 1565 3376 1637 patricius
3406 1571 3465 1622 et
3507 1569 3818 1639 prefectus

380 1655 720 1722 Gallarium,
753 1654 1092 1710 mittebatur
1122 1651 1437 1724 aliquando
1473 1653 1616 1707 hanc
1666 1651 1726 1705 in
1769 1652 1977 1708 urbem
2007 1669 2040 1706 a
2097 1653 2362 1718 Theuda,
2428 1669 2560 1725 rege
2615 1653 2962 1724 Gothorum,
3029 1659 3089 1710 et
3143 1672 3177 1711 a
3229 1662 3436 1712 senatu
3493 1657 3747 1714 Romano
3793 1679 3810 1730 ;

377 1763 552 1818 quem
604 1745 738 1817 pius
770 1745 1084 1816 imperator
1120 1742 1491 1798 Justinianus
1522 1758 1716 1798 corarn
1749 1742 2063 1798 admissum
2085 1743 2330 1813 jubebat
2357 1748 2476 1800 tam
2510 1743 2570 1799 in
2602 1760 2864 1814 accessu,
2899 1762 3088 1817 quam
3120 1745 3181 1802 in
3210 1747 3396 1817 abitu,
3448 1747 3638 1806 locum
3669 1766 3814 1821 prte-

376 1835 509 1890 fecti
567 1834 974 1906 praetoriorum
1035 1833 1317 1900 obtinere,
1349 1837 1406 1887 et
1436 1832 1495 1887 in
1545 1831 1819 1888 omnibus
1849 1832 2088 1888 omnino
2124 1831 2301 1888 rebus
2358 1834 2589 1889 tractari
2639 1838 2814 1907 atque
2843 1834 3031 1907 excipi
3077 1835 3265 1892 modis
3297 1837 3529 1907 iisdem,
3592 1839 3812 1910 quibus

369 1925 633 1995 praefecti
664 1923 922 1979 Orientis
963 1922 1149 1978 solent
1180 1923 1389 1992 excipi.

813 2015 913 2071 23
926 2017 960 2069 Ι
999 2013 1232 2070 CAPUT
1267 2012 1610 2070 LXXXVIII.

377 2105 742 2174 Obseruando,
815 2103 1032 2177 quando
1115 2105 1417 2177 imperator
1499 2103 1711 2177 eosdem
1785 2104 2037 2176 excipere

441 2179 560 2232 vult
590 2175 908 2248 legatos,‘eo
954 2177 1073 2246 ﬁne
1101 2182 1162 2230 ut
1209 2175 1535 2248 occidentali
1565 2175 1893 2246 imperatori
1937 2177 2034 2231 di-

453 2246 727 2377 gnitatem
797 2249 1145 2319 imperialem
1211 2246 1516 2316 conﬁrmet,
1574 2255 1628 2304 et
1689 2248 1890 2316 legatos
1945 2248 2032 2302 di-

444 2337 526 2376 mt
553 2331 608 2376 ια
641 2360 653 2374 .

441 2409 632 2466 Pridie
671 2416 984 2480 antequam
1036 2408 1213 2480 legati
1260 2424 1328 2465 ex
1379 2408 1543 2464 Italia
1572 2407 1872 2464 venientes
1905 2409 2032 2479 [pro

368 2500 628 2555 secunda
675 2498 820 2569 vice]
854 2499 923 2554 ad
963 2499 1278 2554 Dominum
1329 2497 1740 2566 admittuntur,
1774 2499 2032 2552 circum-

363 2589 655 2646 cursitant
703 2589 1096 2657 mandatores,
1152 2587 1555 2659 significantes
1588 2604 1718 2642 cras
1750 2588 1871 2643 fore
1910 2587 2030 2645 illis

361 2678 708 2749 recipiendis
730 2677 1041 2734 silentium.
1079 2677 1387 2748 Postquam
1422 2677 1600 2748 igitur
1633 2677 1693 2730 in
1740 2676 2026 2732 consisto-

362 2768 447 2824 rio
506 2769 840 2824 consederit
869 2769 1203 2838 imperator,
1233 2773 1291 2823 et
1341 2767 1617 2839 ingressi,
1663 2766 1762 2838 qui
1811 2767 2021 2835 solent,

360 2858 596 2914 fuerunt
626 2875 846 2926 omnes,
883 2859 944 2912 ﬁt
995 2858 1161 2928 ipsis,
1195 2857 1426 2927 legatis,
1464 2857 1656 2912 velum
1700 2857 2020 2928 proprium,

362 2950 420 3004 id
454 2957 546 3006 est
593 2951 839 3006 seorsim
891 2949 998 3005 soli
1041 2958 1171 3021 post
1204 2955 1490 3005 nostrates
1539 2965 1806 3020 proceres
1837 2949 2021 3005 intro-

362 3046 643 3095 vocantur
697 3046 755 3095 et
798 3041 1274 3108 introducuntur,
1305 3045 1361 3095 et
1392 3042 1604 3095 iterant
1633 3038 2019 3110 supplicatio-

355 3145 488 3185 nem
550 3145 714 3184 suam
751 3130 942 3200 prima
975 3129 1261 3200 proditam
1294 3130 1664 3200 exceptione;
1697 3144 1868 3198 quain
1905 3127 2019 3182 im-

358 3231 591 3291 perator
650 3221 953 3274 conlirmat
1005 3218 1340 3290 indulgens,
1373 3227 1470 3272 aut
1516 3218 1751 3288 scriptis
1783 3217 2014 3283 litteris,

353 3325 478 3378 qua
526 3307 796 3380 protinus
827 3307 1180 3364 exhibentur
1219 3313 1276 3362 et
1317 3307 1611 3363 adduntur
1641 3306 2014 3374 abeuntibus,

2072 2026 2118 2089 Β
2747 2015 3004 2072 ΚΕΦΑΛ.
3065 2015 3198 2072 HH'.

2147 2102 2297 2180 Ὅσα
2342 2097 2425 2156 δεῖ
2453 2173 2466 2180 _
2501 2099 3064 2180 ﬂqu?0)\_&‘5_teceat,_
3109 2102 3229 2180 ὅτε*
3279 2103 3474 2180 μέλλει
3553 2103 3810 2180 δέχεσθαι

2218 2174 2375 2262 ⁸ὶιξοὺςκ
2406 2169 2629 2262 αὐτοὶ)ςῖ
2661 2169 2937 2262 ξτρέσᾷεις,
3131 2169 3354 2250 βεόαὶοι
3417 2179 3459 2214 ⁴¹
3539 2169 3656 2253 (53⁸)
3709 2169 3811 2250 τὴν

2223 2244 2501 2320 βασιλείαν
2542 2244 2631 2300 καὶ
2663 2244 2921 2301 ἀπολύειν
2953 2244 3171 2308 αὐτοὺς,

2218 2409 2330 2482 Πρὸ
2393 2413 2519 2482 μιᾶς
2588 2406 2800 2465 δίδοται
2858 2407 3101 2484 μανδατα
3169 2409 3457 2486 σιλέντιον,
3519 2413 3608 2469 καὶ
3669 2413 3800 2479 τοὺς

2143 2497 2249 2552 ἀπὸ
2309 2497 2544 2560 Ἰταλίας
2608 2493 2860 2576 πρέσϐεις
2921 2497 3160 2576 δέχεται.
3211 2502 3315 2557 Καὶ
3371 2503 3504 2574 μετᾶ
3549 2503 3612 2557 τὸ
3667 2505 3793 2558 καθ-

2141 2586 2253 2641 ἱσαι
2285 2586 2445 2642 αὐτὸν
2476 2586 2528 2642 ἒν
2560 2592 2639 2660 τῷ
2686 2591 3063 2664 κονσιστωρίῳ
3111 2590 3200 2645 καὶ
3250 2587 3507 2654 εἰσελθεῖν
3539 2591 3675 2646 κατᾶ
3726 2592 3791 2647 τὸ

2139 2672 2259 2740 ἔθος
2292 2677 2500 2740 πάντας
2554 2677 2761 2755 γίνεται
2813 2676 2999 2743 αὺτοῖς
3033 2677 3177 2734 ’ἰδιον
3225 2674 3422 2752 δῆλον,
3474 2681 3565 2735 καὶ
3624 2681 3794 2758 εἰσέρ-

2141 2785 2354 2840 χονται,
2415 2766 2507 2821 καὶ
2559 2767 2798 2822 αῗτοῦσιν
2865 2769 3029 2824 πάλιν
3108 2769 3233 2843 περὶ
3295 2774 3401 2824 τῶν
3454 2767 3652 2841 αὐτῶν,
3701 2771 3794 2826 καὶ

2138 2850 2354 2930 βεϐαιοῖ
2411 2857 2439 2910 ὁ
2500 2855 2763 2931 βασιλεὺς
2836 2857 2872 2926 ἤ
2940 2857 3226 2934 ἐγγράφως
3278 2858 3313 2929 ἢ
3367 2861 3645 2936 ἀγράφως,
3701 2861 3803 2917 ὑπ-

2139 2946 2498 3021 ισχνούμενος
2545 2944 2846 3009 ἐπιστολὰς
2904 2947 3139 3021 πέμπειν
3199 2948 3326 3023 περὶ
3382 2951 3582 3005 τούτου
3658 2952 3794 3023 πρὸς

2132 3035 2314 3092 αὐτόν.
2377 3037 2475 3090 Καὶ
2518 3034 2734 3106 λοιπὸν,
2791 3037 2866 3100 ὡς
2915 3036 3152 3110 εἴρηται,
3203 3037 3256 3094 ἐν
3310 3045 3431 3102 τοῖς
3501 3040 3784 3105 σιλεντίοις

2130 3125 2495 3204 προέρχονται
2549 3126 2624 3186 ὡς
2696 3124 2960 3201 ἄρχοντες
3015 3131 3118 3182 τοῦ
3189 3126 3478 3202 βασιλέως,
3538 3129 3624 3186 καὶ
3690 3128 3776 3186 ἐὰν

2133 3212 2266 3269 ὦσιν
2309 3214 2545 3290 ἔπαρχοι
2695 3213 2962 3291 ἔπαρχος,
3027 3222 3451 3292 προσκυνοῦνται
3499 3221 3646 3294 παρὰ
3672 3225 3782 3276 τῶν

2128 3301 2461 3376 δομεστίκων
2520 3305 2610 3359 καὶ
2667 3307 3082 3383 προτηκτόρων,
3140 3308 3324 3364 καὶτὸ
3369 3311 3642 3384 Περσίκην
3689 3311 3784 3366 αὖ·

355 3405 456 3451 aut
485 3399 702 3467 absque
733 3397 945 3468 scripto
977 3397 1100 3453 sola
1144 3413 1245 3452 sua
1280 3396 1692 3469 promissione,
1717 3413 1780 3450 se
1807 3395 2018 3451 litteras

2138 3399 2250 3457 τοῖς
2309 3392 2534 3465 ἀπαντᾷ,
2593 3395 2684 3449 καὶ
2759 3395 2929 3450 πάντα
2977 3398 3114 3453 κατὰ
3185 3398 3248 3454 τὸ
3314 3399 3504 3460 εἰωθὸς
3551 3399 3774 3472 γίνεται.

352 3488 423 3542 de
456 3505 516 3543 re
569 3489 809 3560 quaesita
840 3491 908 3544 ad
961 3489 1155 3560 ipsum
1200 3489 1506 3560 legationis
1536 3493 1827 3544 auctorem
1863 3490 2014 3544 mis-

353 3594 561 3633 surum
593 3594 740 3634 esse.
777 3580 860 3633 Ab
895 3596 961 3634 eo
997 3584 1256 3651 tempore
1287 3579 1661 3647 conveniunt,
1698 3583 1762 3633 ut
1793 3577 2010 3633 dictum

356 3672 464 3737 est,
499 3668 555 3722 in
608 3668 842 3724 silentia
890 3668 1047 3723 velut
1080 3669 1448 3738 imperatoris
1480 3668 1664 3723 nostri
1696 3683 1963 3740 proceres
1996 3681 2010 3733 ;

352 3765 405 3813 et
436 3758 706 3829 quisquis
737 3774 938 3814 eorum
991 3759 1298 3828 praefectus
1329 3759 1523 3824 fuerit,
1549 3757 1646 3813 ille
1674 3776 1706 3812 a
1736 3757 2012 3813 domesti-

353 3849 435 3904 cis
493 3859 548 3904 et
596 3849 1025 3921 protectoribus
1077 3850 1370 3918 adoretur,
1424 3857 1477 3905 et
1534 3849 1848 3920 persicium
1904 3863 2006 3903 seu

353 3939 723 4010 masurpium
783 3939 1029 3995 occurrit
1089 3956 1188 3994 seu
1248 3940 1475 3995 obviam
1525 3941 1710 3994 fertur
1765 3938 1898 4010 ipsi,
1955 3945 2007 3992 et

346 4028 497 4082 ﬁunt
520 4028 743 4098 reliqua
773 4029 971 4084 omnia
1005 4031 1177 4086 modo
1211 4025 1511 4086 consueto.
1539 4028 1781 4092 Quando
1809 4033 2003 4082 autem

358 4116 672 4186 imperator
692 4115 810 4173 illis
840 4117 966 4173 vult
995 4119 1355 4175 audientiam
1381 4117 1814 4174 valedictoriam
1844 4117 2004 4182 dare,

2127 3485 2294 3539 Ἐπὰν
2343 3481 2398 3538 δὲ
2457 3483 2589 3555 θέλῃ
2641 3481 2913 3540 ἀπολῦσαι
2954 3485 3172 3556 αὐτοὺς,
3216 3484 3299 3542 δεῖ
3346 3488 3436 3542 τὸν
3478 3488 3776 3562 μᾶγιστρον

2124 3579 2351 3641 ποιῆσαι
2404 3577 2606 3648 γνῶσιν
2656 3576 2770 3646 (54)
2818 3576 2954 3629 κατά
3015 3577 3242 3652 γνώμην
3313 3580 3410 3632 τοῦ
3477 3575 3770 3652 βασιλέως,

2121 3662 2173 3715 τί
2208 3658 2429 3724 ἕκαστος
2463 3660 2661 3738 ὀφείλῃ
2710 3658 2922 3735 λαϐεῖν,
2977 3665 3067 3719 καὶ
3115 3665 3332 3721 πάντων
3386 3670 3496 3721 τῶν
3554 3666 3766 3742 ἀνθρώ-

2120 3773 2236 3807 πων
2298 3752 2475 3807 αὐτῶν
2553 3752 2608 3807 τί
2663 3748 2887 3815 ἕκαστος
2952 3749 3242 3829 λαμϐάνει,
3303 3757 3391 3810 καὶ
3452 3753 3636 3812 δοῦναι
3683 3763 3768 3832 τῷ

2119 3841 2325 3915 κόμητι
2371 3847 2478 3896 τῶν
2528 3840 2913 3918 λαργιτιὸνων.
2957 3843 3055 3899 Καὶ
3106 3844 3235 3900 ἐπὰν
3299 3851 3542 3910 κακεῖνος
3594 3848 3778 3918 εὐτρε-

2117 3933 2308 4004 πισθῇ,
2361 3929 2551 3985 δίδωσι
2606 3929 2869 3988 σιλέντιον
2921 3934 2949 3986 ὁ
3015 3933 3292 4008 βασιλεύς.
3338 3936 3441 3992 Καὶ
3515 3939 3584 4011 τῇ
3649 3937 3776 4008 ἑξῆς

2119 4023 2292 4077 πάντα
2322 4021 2528 4095 γίνεται
2561 4021 2636 4085 ὡς
2677 4021 2729 4076 ἐν
2783 4020 3058 4097 σιλεντίῳ,
3110 4025 3202 4079 καὶ
3251 4021 3502 4100 ἔρχονται
3545 4027 3596 4081 οἱ
3643 4028 3782 4103 πρέ-

2120 4106 2266 4172 σϐεις
2344 4110 2524 4166 οὐκέτι
2593 4111 2784 4175 πάντες
2851 4113 3014 4186 ὁμοῦ,
3066 4111 3193 4169 ἀλλ’
3241 4114 3316 4176 εἰς
3380 4115 3507 4178 τοὺς
3568 4116 3776 4181 τόπους

1716 4243 1952 4299 VARIE
1992 4239 2295 4298 LECTION
2305 4239 2407 4295 ES.

410 4356 452 4393 ¹¹
488 4350 712 4429 βεϐαιοῠ
744 4358 898 4430 conj.
933 4361 998 4412 R.

1383 4474 1583 4530 JOAN.
1616 4474 1761 4530 JAC.
1804 4470 2070 4528 REISKII
2109 4467 2714 4527 COMMENTARIUS.

332 4613 520 4680 Italia,
555 4612 833 4670 successit
863 4615 920 4668 et
950 4612 1076 4680 ejus
1110 4614 1350 4666 matrem
1383 4609 1868 4666 Amalasuntham
1897 4624 1990 4664 su-

329 4687 518 4742 stulit.
553 4687 659 4751 Qui
693 4691 882 4741 autem
936 4684 1099 4738 Petro
1129 4685 1294 4738 Liber
1317 4689 1441 4750 est,
1466 4683 1562 4738 ille
1595 4683 1871 4752 Procopio
1903 4683 1992 4735 est

325 4749 600 4837 lii-(ierim,
659 4758 730 4812 de
760 4757 898 4837 hac
957 4755 1243 4837 lcgatione
1273 4755 1356 4810 sic
1409 4753 1667 4837 narranti
1706 4753 1742 4808 Ι.
1777 4749 1846 4818 ’4,
1883 4751 1990 4837 6ος
2019 4771 2066 4837 D
2109 4749 2376 4837 (liot._\39‘)
2408 4767 2440 4837 p

323 4829 532 4883 thicor.
605 4846 674 4899 ρ,
750 4829 873 4883 171.
960 4828 1319 4899 Theodatus,
1407 4827 1510 4896 ait,
1599 4826 1752 4888 ideo,
1833 4825 1987 4899 quod

318 4897 806 4954 Amalasuntham
855 4901 915 4954 in
968 4898 1162 4953 lacum
1200 4897 1513 4967 Volsinum
1561 4897 1986 4967 deportarigcu-

322 4975 568 5034 raverat,
619 4977 948 5041 metuens“:
1011 4969 1104 5041 Μῄ
1140 4966 1384 5041 ,βασιλεῖ
1446 4970 1606 5039 ἡμῶν
1638 4963 1757 5041 -ἀᾷπ’
1817 4963 1984 5041 αὐτῆς

323 5040 777 5111 προσκεκρουκῲς
836 5038 980 5111 Αεῖἠ,
1066 5037 1262 5110 ἄνδρας
1349 5039 1408 5111 ἐκ
1493 5037 1596 5107 τῆς
1692 5039 1982 5111 Ῥωμαξων

318 5107 573 5234 an/tie
623 5107 874 5184 Λιϐἐριόν
960 5130 1018 5164 τε
1101 5107 1192 5164 καὶ
1268 5109 1511 5166 Ὀπίλιον
1596 5107 1812 5171 στείλας

346 5183 526 5234 τὲοοις
608 5182 717 5234 τισὶ
784 5183 1161 5234 παραιτεῖσθαι
1254 5185 1397 5234 πάσῃ
1486 5181 1711 5234 δυνάμει

346 5183 546 5257 τέροις⁸
608 5182 717 5257 τισὶ
761 5181 1161 5257 ξπαραιτεῖσθαι
1211 5185 1398 5257 Δπάσῃ
1486 5181 1711 5257 δυνάμει

1890 5109 1978 5179 ξὺν

1820 5181 1980 5255 βασι-

319 5250 468 5328 λείαν
529 5250 874 5328 ἐπήγγειλεγ’
900 5250 1576 5328 ἶσχᾼυριζομένουξμηδὶν
1616 5250 1764 5328 Δπρὸς
1805 5250 1977 5328 αυτοῦ

316 5323 483 5414 chap;
549 5323 1107 5414 cﬁ;‘Apa).’aco~3vtlp
1164 5323 1451 5414 ξυμϐῆναι
1535 5323 1770 5414 καίπερ·
1813 5325 1972 5414 αὐτὸν

312 5395 602 5473 etiame
634 5395 781 5451 δεινὰ
834 5395 1166 5473 εῖργασμένῃ
1207 5395 1269 5452 τὸ
1311 5399 1595 5473 πρότερον.
1641 5395 1813 5473 Paulo
1848 5405 1977 5468 post.

311 5474 465 5524 addit
499 5471 834 5542 Procopius,
860 5471 1084 5541 legatos
1116 5470 1222 5525 hos
1246 5470 1417 5527 CPlin
1451 5470 1760 5527 tendentes
1791 5471 1848 5524 in
1876 5473 1974 5525 via

308 5544 463 5610 apud
511 5543 819 5607 Aulonam,
854 5542 1007 5612 Epiri
1040 5543 1345 5612 Oppidum,
1381 5547 1689 5599 oll'endlsse
1735 5542 1970 5597 Petrum

307 5613 649 5684 Magistrum
685 5615 1069 5670 aJustiniano
1098 5616 1156 5668 in
1192 5615 1414 5670 Italiam
1452 5617 1810 5682 missum,th
1834 5630 1969 5669 cum

305 5685 606 5741 Theodato
633 5689 846 5756 pariter
871 5694 1044 5756 atque
1068 5689 1485 5743 Amalasuntba
1517 5687 1971 5742 consultationes

301 5760 569 5831 agitaret.
605 5758 766 5814 Unde
815 5763 974 5831 patet
1025 5757 1582 5831 hanchlegationem
1633 5760 1694 5814 in
1743 5774 1966 5831 annum

295 5828 517 5888 Justin.
559 5831 654 5888 Vll
687 5828 992 5890 exeuntem
1024 5835 1127 5886 aut
1174 5828 1314 5887 νιιῑ
1344 5831 1745 5904 incipientem,
1787 5829 1844 5886 id
1875 5834 1968 5886 est

2102 4605 2318 4661 Christi
2348 4605 2453 4660 534
2483 4608 2583 4660 aut
2601 4605 2729 4673 535,
2752 4604 3045 4662 incidisse.

2175 4678 2452 4758 (53)“)7‘id.
2499 4677 2639 4747 quid
2665 4678 2773 4758 hoc
2805 4678 2876 4732 de
2904 4677 3030 4734 loco
3062 4679 3410 4750 conjecturae
3441 4681 3536 4737 ad.
3572 4697 3626 4752 p.
3659 4681 3771 4739 228

2448 4764 2834 4818 roposuerim.

2178 4821 2294 4891 (54)
2325 4819 2489 4892 Quod
2536 4819 2717 4875 Gallis
2766 4819 2931 4875 hodie
2981 4827 3070 4878 est
3098 4825 3293 4892 notice,
3328 4823 3384 4880 id
3428 4827 3517 4880 est
3546 4824 3762 4882 Graecis

2099 4890 2319 4965 γνῶσις.
2352 4890 2660 4966 indicatus.
2695 4892 2804 4966 S_ed
2849 4896 2971 4948 erat
3002 4909 3235 4966 quoque
3267 4890 3487 4952 Latinis
3521 4897 3755 4953 illorum

2101 4963 2426 5038 temporum
2461 4965 2521 5017 in
2573 4979 2680 5018 usu
2726 4963 2840 5038 hoc
2876 4963 3070 5022 sensu.
3107 4963 3319 5023 Notitia
3359 4967 3585 5038 imperii
3613 4967 3756 5022 satis

2095 5041 2234 5090 nota
2255 5054 2284 5110 μς,
2317 5037 2458 5110 item
2493 5038 2695 5110 notitia
2729 5035 3091 5110 scriuiorum,
3125 5040 3329 5110 notitia
3353 5035 3493 5095 taiaa
3524 5059 3558 5096 a
3580 5039 3764 5110 magi-

2097 5108 2381 5162 stratibus
2415 5106 2620 5183 debitae
2645 5124 2748 5183 pro
2768 5107 3079 5183 codicillis,
3105 5114 3161 5164 et
3190 5109 3305 5166 alia
3325 5112 3464 5167 talia
3495 5106 3762 5183 frequen-

2095 5185 2186 5234 ter
2217 5186 2539 5253 occurrunt
2562 5181 2616 5253 in
2651 5181 2849 5253 codice
2880 5180 3280 5253 Theodosiano
3315 5202 3330 5253 ;
3361 5185 3476 5238 vid.
3511 5180 3757 5240 Guther.

2095 5267 2226 5320 pag.
2289 5250 2414 5304 363.
2447 5251 2611 5320 Apud
2665 5251 2996 5320 Fabricium
3048 5250 3323 5309 Bibliotb.
3375 5255 3583 5310 Graeca:
3628 5253 3758 5310 Vol.

2087 5319 2195 5399 ξίιί
2251 5319 2544 5399 ὴεὺειψίε
2598 5325 2799 5399 Γνῶσις
2847 5319 3051 5399 τίτλων
3087 5329 3205 5386 ταῖς
3253 5325 3504 5378 ἑκάστοτε
3535 5329 3756 5399 νεαραῖς

2087 5391 2942 5468 ἸουστινεανοῦνΑέπιγραῳέντων,
2993 5395 3165 5452 index
3223 5399 3518 5453 titulorum
3570 5391 3752 5454 Justi-

2085 5465 2531 5540 pianignovetlis
2587 5465 2965 5536 prae/iterum.
3011 5472 3248 5538 Gregor.
3305 5469 3500 5540 Magn.
3561 5470 3747 5540 Epist.

2085 5536 2182 5604 lll,
2216 5537 2282 5592 16
2314 5555 2326 5593 :
2361 5541 2625 5597 Omnium
2668 5555 2852 5592 rerum
2883 5555 2994 5593 non
3021 5536 3198 5611 solum
3241 5541 3306 5595 de
3353 5536 3746 5611 suscepta'eos,

2081 5615 2174 5680 qui
2204 5626 2294 5665 eas
2325 5611 2574 5678 tradunt,
2619 5613 2904 5682 percipere
2943 5610 3214 5678 volumus,
3265 5615 3360 5668 sed
3409 5617 3575 5669 etiam
3619 5630 3654 5668 a
3694 5610 3747 5670 te

2076 5681 2308 5807 ﬁctilia:
2341 5699 2531 5738 eorum
2569 5683 2845 5736 subtiliter
2881 5684 3137 5738 retineri.
3169 5684 3302 5739 Vid.
3350 5685 3426 5740 du
3460 5687 3652 5758 Cange
3681 5700 3741 5740 ν.

2126 5762 2302 5807 otttza.

2126 5756 2302 5810 otitia.
