4104 6400
313 381 432 444 723
825 448 831 449 ,
1394 385 1924 448 CONSTANTINI
1969 383 2666 449 POBPHYROGENITI
3612 384 3730 445 724

319 517 518 574 omnia
548 519 614 572 ut
645 515 703 571 in
737 514 992 584 silentio,
1046 517 1406 591 veniuntque
1433 520 1634 592 legati,
1665 536 1779 576 non
1830 521 1971 590 jam,
2007 528 2028 592 Α

2144 518 2429 594 ipim,qu
2488 517 2751 595 ἐγείρεται
2807 517 2834 572 ὁ
2887 515 3161 593 βασιλεὺς,
3196 516 3287 572 καὶ
3345 515 3432 571 ἐὰν
3488 517 3564 588 μὴ
3598 517 3730 571 ὦσιν

317 616 379 663 ut
409 611 601 677 antea,
632 606 904 675 seorsim,
937 607 1115 664 simul
1139 627 1343 667 omnes
1365 613 1424 667 in
1446 629 1561 668 uno
1584 628 1844 684 corpore,
1866 612 1965 666 sed

316 696 588 769 separati,
623 713 729 752 suo
761 697 1016 769 quisque
1048 698 1107 753 in
1139 699 1286 767 loco,
1322 702 1473 756 inter
1503 701 1633 757 illos
1665 702 1969 770 magistra-

315 790 436 855 tus,
469 787 541 841 ad
564 803 734 857 quos,
762 785 918 842 velut
947 788 1191 859 collega,
1225 792 1497 859 pertinet,
1529 792 1790 861 adeoque
1821 790 1970 845 Con-

319 877 862 949 stantinOpotitanis
911 880 1249 948 proceribus
1295 881 1568 936 immixti.
1619 881 1802 936 Jussu
1843 886 1969 936 tum

2189 877 2245 934 δὲ
2311 878 2362 932 ἐν
2423 882 2502 949 τῷ
2573 877 2796 951 μεγάλῳ
2870 876 3244 948 κονσιστωρίῳ
3321 874 3575 944 κάθηται,
3627 871 3737 929 ἅνω

320 966 698 1038 imperatoris
735 967 1052 1024 introducit
1082 969 1318 1026 decurio
1352 971 1673 1042 legatorum
1710 972 1972 1026 homines

2144 970 2188 1023 >ὸ
2236 975 2339 1038 τῆς
2389 968 2550 1041 θύρας
2601 970 2708 1020 τῶν
2749 962 3012 1038 δευτέρων
3047 967 3178 1036 (57),
3211 964 3300 1018 καὶ
3357 962 3738 1039 κατέρχονται,

325 1074 428 1114 seu
481 1059 850 1126 comitatum,
911 1076 1093 1114 unum
1127 1061 1389 1117 ordinem
1426 1067 1556 1131 post
1595 1062 1858 1128 alterum,
1892 1062 1975 1116 sic

2144 1058 2173 1111 ιὶ
2235 1057 2394 1129 μέσας
2455 1059 2694 1110 ποιοῦσι.
2747 1054 2822 1108 Τὰ
2881 1049 2938 1107 δὲ
2980 1053 3280 1128 γράμματα
3338 1056 3434 1107 τοῦ
3469 1052 3740 1127 βασιλέως

326 1163 425 1203 eos
481 1147 636 1202 clara
685 1163 820 1203 voce
861 1149 1150 1205 excitans:
1194 1173 1222 1200 «
1278 1151 1572 1223 [Adestote
1629 1168 1731 1206 vos
1789 1150 1974 1206 comi-

2144 1142 2356 1218 ῑμϐάνει
2388 1145 2416 1198 ὁ
2454 1145 2773 1219 μάγιστρος,
2804 1142 2895 1197 καὶ
2935 1137 3192 1217 ἔρχονται
3234 1143 3323 1196 καὶ
3360 1142 3741 1198 συντάττονται

327 1240 416 1292 tes
436 1237 697 1292 tribuum
724 1254 737 1304 ;
770 1259 800 1287 »
833 1254 934 1293 vos
976 1260 1003 1289 «
1037 1239 1368 1296 didascalici
1394 1241 1521 1313 [seu
1547 1240 1974 1312 magistriani];

2144 1238 2260 1308 'i-ct'p,
2296 1236 2382 1289 mi.
2416 1232 2638 1288 δίδωσιν
2671 1232 2827 1291 αὑτά.

326 1339 427 1381 vos
457 1346 487 1375 «ι
519 1323 857 1396 leucophori
905 1346 930 1376 ι»
977 1327 1105 1398 [seu
1149 1328 1466 1400 candidati]
1516 1345 1614 1384 vos
1659 1351 1688 1379 «
1731 1345 2036 1398 cursores;
2078 1345 2178 1382 vos
2212 1349 2238 1376 «
2269 1326 2507 1392 decani;
2540 1345 2564 1375 ι
2618 1330 2674 1380 et
2715 1325 2771 1378 in
2815 1324 3150 1379 universum
3184 1339 3411 1388 omnes,
3461 1323 3557 1394 qui
3609 1339 3742 1378 cum

331 1413 532 1486 legatis
589 1415 970 1486 advenerunt,
1035 1416 1281 1484 excitat;
1334 1420 1548 1489 quibus
1603 1418 1921 1490 imperator
1979 1416 2225 1489 singulis
2286 1432 2484 1487 regam
2538 1419 2637 1470 aut
2690 1413 2903 1484 stipem
2957 1413 3220 1484 largitur.
3273 1413 3393 1468 Illis
3444 1413 3745 1482 digressis,

332 1505 571 1562 tandem
624 1503 770 1574 ipsis
829 1521 1062 1577 quoque
1120 1507 1324 1577 legatis
1379 1509 1557 1563 donat
1612 1525 1700 1575 ea,
1753 1525 1880 1580 quae
1941 1509 2086 1580 ipsis
2135 1506 2447 1578 praeparari
2500 1507 2700 1575 jussit,
2761 1508 2884 1569 Quo
2944 1505 3093 1560 facto
3143 1505 3452 1560 silentiarii
3510 1521 3572 1560 se
3625 1505 3746 1575 jam

333 1599 696 1667 componunt
735 1595 810 1650 ad
855 1599 1315 1668 exspectandum
1358 1599 1729 1670 imperatoris
1779 1600 2028 1667 abitum,
2060 1603 2117 1655 et
2163 1599 2479 1670 imperator
2523 1599 2592 1654 de
2643 1598 2850 1654 throno
2898 1597 3180 1669 exsurgit,
3216 1606 3266 1652 et
3321 1595 3518 1668 legati,
3552 1595 3600 1652 si
3645 1613 3748 1668 pa-

334 1685 491 1742 tricii
553 1701 669 1740 non
727 1684 866 1753 sint,
928 1690 1172 1742 adorant
1236 1689 1453 1759 ipsum,
1516 1689 1756 1761 valeque
1809 1689 1920 1760 ipsi
1977 1690 2218 1758 dicunt;
2279 1689 2430 1760 quod
2491 1689 2577 1757 ﬁt,
2639 1688 2683 1744 si
2748 1688 3082 1758 praesederit
3141 1691 3199 1743 et
3254 1688 3590 1742 audentiam
3652 1687 3751 1742 de-

333 1774 478 1832 derit
518 1774 832 1844 imperator
872 1774 932 1831 in
965 1794 1140 1848 parvo
1188 1779 1386 1834 aestivo
1433 1780 1782 1836 consistorio
1830 1781 1982 1850 apud
2034 1781 2253 1852 gradus
2305 1779 2780 1851 porphyreticos;
2833 1779 2983 1834 232
3026 1778 3181 1849 quod
3243 1777 3292 1832 si
3348 1785 3543 1832 autem
3604 1778 3752 1832 ceri-

337 1863 532 1921 monia
560 1865 872 1936 contigerit
901 1866 960 1921 in
993 1884 1206 1940 magno
1247 1870 1618 1940 consistorio,
1641 1870 1709 1926 ﬁt
1738 1871 2043 1927 valedictio
2072 1871 2224 1940 apud
2261 1871 2411 1926 fores
2441 1871 2813 1927 deuterorum
2839 1888 2852 1938 ;
2878 1875 2936 1924 et
2967 1870 3207 1938 abeunt,
3241 1869 3551 1940 missaeque
3584 1869 3752 1924 ﬁunt.

339 1955 585 2012 Litteras
661 1965 854 2012 autem
931 1957 1302 2029 imperatoris
1377 1963 1450 2017 ad
1518 1961 1763 2018 alterum
1839 1961 2262 2019 occidentalem
2338 1963 2410 2018 ad
2487 1979 2548 2018 se
2619 1963 2804 2019 sumit
2891 1964 3186 2034 magister,
3265 1960 3757 2033 venientibusque

335 2039 409 2098 ad
442 2059 505 2098 se
535 2042 747 2114 legatis
778 2051 832 2100 et
863 2044 977 2100 sibi
1007 2047 1162 2102 domi
1197 2065 1315 2103 suae
1347 2049 1809 2107 valedicentibus
1839 2066 1938 2106 eas
1968 2051 2166 2106 tradit.

890 2133 1120 2192 CAPUT
1166 2136 1444 2194 LXXXIX.
2026 2143 2073 2207 Β

347 2219 697 2276 Obseruando
732 2223 834 2277 sub
882 2223 1181 2300 adventum
1223 2229 1414 2298 magni
1463 2234 1760 2284 Persarum
1810 2230 1994 2300 legati,

805 2309 972 2364 eoque
1002 2297 1062 2351 in
1092 2298 1226 2353 urbe
1252 2297 1541 2369 praesente.

419 2384 738 2451 Postquam
771 2381 842 2436 de
865 2383 1111 2440 adventu
1138 2389 1335 2458 magni
1371 2389 1544 2459 legati
1576 2389 1646 2444 ad
1681 2388 1879 2445 aulam
1913 2406 1999 2444 re-

351 2469 691 2526 nuntiatum
711 2476 813 2538 est,
841 2477 1070 2543 oportet
1100 2491 1134 2530 a
1167 2476 1442 2546 magistro
1463 2478 1874 2548 magistratum
1897 2478 2000 2533 ali-

351 2574 549 2629 quem,
577 2559 865 2615 illustrem
891 2561 1012 2632 [seu
1038 2565 1599 2638 protospatharium]
1622 2572 1723 2623 aut
1746 2568 2000 2623 silentia-

351 2649 504 2704 rium
559 2656 658 2703 aut
701 2650 1003 2732 tribunum
1046 2658 1149 2708 aut
1187 2654 1360 2709 etiam
1410 2673 1593 2711 unum
1632 2656 1890 2728 aliquem
1932 2659 2003 2712 de

352 2739 558 2794 ordine
587 2738 980 2811 episemorum
1007 2748 1110 2798 aut
1139 2743 1461 2817 insignium
1483 2750 1584 2802 aut
1603 2747 2006 2818 magistriano-

353 2844 504 2892 rum,
539 2834 640 2883 aut
671 2845 1082 2902 quemcunque
1124 2833 1220 2889 ille
1249 2835 1495 2890 voluerit
1525 2845 1578 2892 et
1609 2836 1911 2908 delegerit,
1944 2837 2004 2892 in

353 2917 640 2973 honorem
663 2917 768 2972 viri
799 2919 1167 2978 advenientis
1190 2923 1246 2978 in
1272 2925 1526 2980 confinia
1549 2926 1720 2992 mitti,
1747 2925 1847 2998 qui
1869 2942 2003 2982 eum

354 3006 438 3062 ibi
483 3007 754 3077 excipiat,
786 3007 845 3064 in
891 3013 1309 3079 protectionem
1351 3031 1516 3070 suam
1563 3015 1808 3086 recipiet
1848 3020 1904 3070 et
1935 3017 2006 3070 ad

359 3093 575 3150 Urbem
607 3100 917 3166 augustam
951 3099 1235 3171 sospitem
1261 3103 1560 3173 perducat.
1587 3104 1689 3159 Hic
1721 3104 1916 3172 itaque
1949 3106 2006 3160 in

362 3201 495 3242 eum
509 3185 685 3242 ﬁnem
712 3186 929 3245 missus
958 3190 1348 3261 proﬁciscitur
1371 3193 1827 3259 Nisibinam,ubi
1867 3195 2014 3265 lega-

2078 609 2383 685 πατρίκιοι,
2446 611 2840 684 προσκυνοῦσιν
2925 607 3108 678 αὐτὸν,
3158 606 3248 660 καὶ
3325 607 3731 676 συντάττονται,

2080 699 2125 756 εἷ
2180 700 2272 772 μὲν
2332 697 2384 754 ἐν
2425 703 2505 770 τῷ
2567 702 2745 771 μικρῷ
2786 697 3018 767 κάθηται
3071 694 3464 769 κονσιστωρίῳ,
3525 694 3734 770 ἐμπρὸς

2080 795 2190 845 τῶν
2248 793 2542 866 πορφυρῶν
2600 788 2816 862 βάθρων
2866 785 2916 840 ἐν
2959 790 3039 858 τῷ
3089 790 3286 859 θερινῷ
3317 785 3730 858 κονσιστωρίῳ·

2711 2141 2975 2195 ΚΕΦΛΛ.
3021 2139 3141 2194 ΠΘ’.

2177 2230 2317 2285 ’Όσα
2389 2224 2470 2281 δεῖ
2535 2221 3387 2304 παραφυλάττεινζ-πρεσϐευτοῦ
3448 2222 3688 2303 μεγάλου

2639 2299 2950 2374 ἐρχομένου
2992 2300 3232 2372 Περσῶν.

2184 2394 2294 2461 Δεῖ,
2357 2387 2700 2461 μτινυομένου
2765 2389 3004 2464 μεγάλου
3060 2383 3414 2463 πρεσϐευτοῦ,
3451 2387 3541 2441 τὸν
3592 2387 3760 2462 μέγι-

2111 2500 2267 2552 στρον
2308 2477 2519 2552 πέμψαι
2552 2478 2626 2541 εἷς
2653 2477 2718 2532 τὰ
2751 2477 2976 2552 μεθόρια
3005 2474 3100 2533 ἕνα
3139 2477 3379 2555 ἄρχοντα
3411 2475 3756 2548 ἷλλούστριον

2113 2570 2148 2639 ἢ
2197 2568 2560 2643 σιλεντιάριον
2608 2567 2643 2636 ἢ
2702 2563 2989 2643 τριϐοὖνον
3043 2569 3077 2638 ἢ
3124 2568 3209 2622 καὶ
3266 2563 3354 2621 ἕνα
3399 2569 3505 2619 τῶν
3567 2563 3759 2633 ἐπισή-

2118 2681 2233 2732 μων
2286 2661 2419 2730 (58),
2477 2657 2510 2726 ἢ
2576 2661 3003 2733 μαγιστριανῶν,
3054 2659 3088 2728 ἢ
3148 2657 3208 2710 ὃν
3267 2655 3323 2709 ἃν
3380 2652 3565 2726 συνίδῃ
3624 2651 3762 2727 πρὸς

2113 2749 2284 2820 τιμὴν
2331 2751 2426 2802 τοῦ
2477 2746 2782 2825 ἐρχομένου
2831 2747 3132 2820 προσώπου
3181 2745 3389 2818 πέμψῃ,
3420 2743 3506 2796 ἳνα
3549 2739 3767 2812 δέξηται

2115 2837 2202 2892 καὶ
2254 2833 2507 2890 διασώσει
2564 2837 2675 2907 (51³)
2709 2834 2890 2891 αὐτόν.
2922 2835 2984 2892 Ὀ
3017 2831 3072 2888 δὲ
3120 2831 3472 2906 πεμπόμενος
3518 2829 3772 2905 εἱσὲρχε-

2117 2947 2207 2983 ται
2253 2925 2328 2986 εἰς
2373 2924 2434 2979 τὸ
2485 2920 2772 2994 Νησίϐιος,
2815 2924 2905 2977 καὶ
2954 2923 3248 2992 ἀσπάζεται
3299 2921 3485 2992 αὐτὸν,
3537 2919 3624 2974 καὶ
3682 2917 3769 2972 ἐὰν

2119 3010 2236 3091 ἔχει
2279 3014 2580 3089 γράμματα
2642 3017 2740 3067 τοῦ
2809 3012 3104 3088 βασιλέως,
3165 3008 3535 3066 ἀποδίδωσινο
3597 3008 3662 3081 (εἰ
3713 3005 3769 3062 δὲ

2125 3105 2224 3177 μὴ,
2256 3107 2352 3158 τοῦ
2414 3103 2736 3176 μαγίστρου)
2790 3104 3164 3176 προτρέποντα
3224 3102 3336 3175 (60}
3394 3097 3573 3154 αὐτόν.
3605 3098 3768 3157 ’Ίσως

2123 3190 2181 3248 δὲ
2227 3189 2353 3246 οὐδὲ
2384 3192 2410 3245 ὁ
2455 3191 2752 3265 μάγιστρος
2797 3193 3015 3267 γράφει,
3049 3189 3175 3245 ἀλλ’
3203 3190 3262 3244 ἐκ
3298 3183 3575 3261 μανδάτων
3609 3184 3772 3258 μόνον

363 3282 489 3332 tum
534 3275 741 3332 invisit
780 3282 838 3333 et
876 3278 1113 3348 salutat,
1149 3281 1487 3355 litterasque
1529 3284 1900 3354 imperatoris
1941 3285 2011 3341 ad

365 3380 523 3429 eum,
556 3363 606 3419 si
644 3381 790 3435 quas
829 3365 941 3422 sibi
983 3368 1212 3423 additas
1245 3369 1437 3437 habet,
1485 3370 1594 3442 ipsi
1637 3371 1850 3438 tradit;
1893 3377 2012 3442 aut,

363 3453 414 3509 si
446 3471 562 3509 non
593 3455 977 3525 imperatoris,
1012 3460 1272 3532 magistri
1297 3461 1500 3517 saltem
1528 3478 1541 3528 ;
1576 3463 1790 3533 quibus
1821 3479 2012 3520 arces-
2048 3447 2091 3514 C

2123 3285 2158 3352 ἡ
2200 3283 2488 3356 προτροπή
2539 3280 2761 3356 γίνεται,
2803 3279 2882 3360 ἐφ’
2915 3280 2960 3352 ᾧ
3013 3279 3171 3335 αὐτὸν
3233 3277 3410 3334 ἐλθεῖν
3447 3277 3584 3350 μετὰ
3615 3277 3776 3330 εὐθυ-

2131 3371 2256 3445 μίας
2302 3371 2391 3424 καὶ
2439 3369 2724 3444 θεραπείας
2773 3372 2925 3442 (61)⁶
2983 3369 3070 3424 καὶ
3136 3367 3411 3442 ἐξέρχεται
3471 3364 3563 3420 σὺν
3610 3363 3778 3435 αότῷ.

2131 3465 2222 3516 Δεῖ
2270 3457 2327 3514 δὲ
2387 3457 2516 3521 τοὺς
2574 3457 2846 3534 ἄρχοντας
2903 3463 3003 3513 τοῦ
3062 3458 3235 3534 Δάρας
3306 3457 3417 3529 (62)
3474 3455 3781 3524 ἀπαντῆσαι

1448 3578 1653 3634 JOAN.
1693 3580 1843 3636 JAC.
1889 3581 2150 3638 REISKII
2187 3578 2774 3636 COMMENTARIUS.

443 3676 747 3752 (57)”Sitne
779 3675 888 3752 hoc
920 3693 953 3730 a
983 3673 1341 3752 nominativo
1365 3671 1630 3752 δεύτεροι,
1652 3694 1722 3731 an
1746 3695 1778 3732 a
1801 3672 2022 3752 δεύτερα

374 3747 488 3804 non
541 3747 802 3803 dixerim.
856 3748 1011 3802 Latet
1053 3747 1678 3820 ratiopppellatibnis;
1715 3747 2022 3820 vestigium

373 3822 504 3890 ejus
535 3820 764 3876 nullum
799 3820 854 3874 in
890 3823 1090 3874 nostro
1123 3818 1341 3874 codice.
1376 3819 1497 3882 Quo
1530 3826 1778 3882 constat,
1804 3818 2027 3876 mutata

375 3889 510 3964 post
529 3892 938 3947 Justinianum
971 3889 1167 3961 palatii
1190 3895 1501 3960 structura,
1522 3907 1733 3946 nomen
1758 3892 1866 3948 hoc
1889 3909 2028 3964 quo-

378 3979 499 4038 que
516 3966 564 4038 ‘d
575 3965 798 4038 esiisse.

453 4035 563 4103 (58)
602 4035 848 4090 Reddidi
879 4034 1217 4103 insignium;
1263 4033 1409 4088 forte
1442 4033 1658 4089 rectius
1686 4033 2034 4091 clarissimo—

384 4121 507 4177 rum
529 4122 550 4166 ,·
576 4107 646 4159 de
678 4108 889 4177 quibus
917 4121 971 4160 ν.
999 4105 1236 4160 Gnther.

455 4175 570 4247 (59)
611 4175 878 4233 Trdducat
908 4193 1033 4231 eum
1065 4192 1166 4247 per
1211 4176 1536 4246 provincias
1567 4176 1717 4246 juris
1749 4177 1992 4233 Romani
2021 4201 2035 4243 ;

385 4243 669 4316 διασώζειν
710 4255 799 4304 est
845 4243 1164 4316 conducere,
1205 4243 1420 4302 salvum
1451 4253 1502 4302 et
1541 4243 1877 4305 iheolumem
1927 4251 2040 4303 ali-

385 4335 544 4391 quem
573 4322 764 4392 aliquo
791 4319 1256 4392 perducere;ivid.
1289 4319 1371 4373 Du
1399 4319 1592 4389 Gange
1624 4321 1712 4375 Gl.
1749 4321 1844 4376 Gr.
1879 4327 1935 4376 et
1965 4321 2037 4374 ad

393 4391 679 4463 alexiady
722 4410 779 4463 p.
848 4392 974 4453 352.
1032 4391 1631 4463 LuitprandsLegat.
1712 4408 1842 4462 pag.
1913 4393 2038 4447 487.

394 4457 674 4536 διασώστῃ
707 4457 806 4536 [ioc
832 4473 911 4519 est
931 4463 1142 4517 ἄποιον-ἰ
1170 4457 1326 4528 meo;
1359 4462 1456 4516 ubi
1489 4457 1730 4536 quoque
1753 4457 2037 4536 queritur,

2133 3678 2304 3733 liceat
2334 3693 2484 3732 curis
2510 3678 2764 3750 corporis
2790 3693 3011 3746 vacare,
3045 3679 3321 3736 itinerum
3347 3678 3531 3750 spatia
3552 3683 3606 3750 et
3633 3675 3788 3730 vices

2137 3751 2354 3821 quietis
2402 3766 2474 3822 ex
2520 3749 2758 3822 arbitrio
2807 3751 3164 3822 dispensare.
3226 3749 3395 3808 Conf.’
3440 3749 3610 3822 paulo
3663 3751 3795 3816 post

2138 3820 2188 3877 ο.
2226 3820 2537 3895 12.,Μειιίηι
2571 3821 2768 3895 itaque
2802 3821 2860 3875 in
2895 3822 3112 3880 Latinis
3145 3826 3343 3894 reponi
3372 3820 3470 3895 per
3490 3823 3664 3877 otium
3694 3824 3800 3873 aut

2138 3907 2248 3947 non
2274 3893 2476 3961 absque
2509 3891 2839 3947 valetudinis
2869 3909 3022 3950 cura.

2211 3965 2323 4034 (62)
2368 3962 2601 4018 Celebre
2654 3966 2818 4018 urbis
2865 3964 3169 4022 limitaneaa
3219 3973 3274 4024 et
3305 3965 3544 4022 munitae
3584 3976 3798 4018 nomen

2143 4033 2294 4102 apud
2325 4033 2680 4107 Procopium
2713 4042 2771 4089 et
2810 4035 2954 4091 alios
2987 4039 3296 4107 scriptores
3331 4035 3676 4106 Byzantinos
3701 4048 3804 4107 Are-r-

2146 4123 2294 4181 rum_
2322 4105 2432 4174 ipsi
2485 4103 2821 4176 aequalium.
2856 4103 3243 4181 Theophanes
3288 4128 3342 4181 ρ.
3377 4103 3503 4181 129,
3536 4103 3811 4181 appellat

2145 4173 2358 4255 χωρίον
2409 4183 2508 4242 τῆς
2543 4173 2986 4255 ,Μεσοποταμίας
3022 4173 3182 4255 ’μέγα
3241 4173 3331 4255 διαὶ
3383 4173 3601 4252 ὀχυρὸᾶ
3628 4173 3806 4255 μέσον

2145 4247 2253 4324 tibi)
2288 4248 2430 4322 ὅρων
2473 4247 2724 4324 κείμενον
2755 4247 3056 4321 Ῥωμαίων
3092 4247 3150 4306 νε
3178 4252 3268 4306 καὶ
3304 4247 3546 4324 Περσὶὒν,
3570 4247 3818 4324 etiaddit

2149 4323 2221 4377 ab
2246 4321 2541 4376 Anastasio
2564 4321 2770 4376 Dicoro
2793 4325 3088 4379 conditam
3114 4321 3602 4392 Anastasiopolim
3628 4321 3811 4375 fuisse

2151 4393 2787 4468 dictam:__Conf,AGoar.
2823 4396 2893 4468 ad
2930 4396 2986 4450 h.
3031 4397 3070 4456 l.
3104 4397 3351 4452 Videtur
3382 4397 3621 4468 Δάρασος
3654 4405 3810 4468 esse,

2153 4481 2328 4536 quam
2367 4463 2645 4520 Hieroclis
2673 4467 3068 4536 Synecdemus
3100 4468 3157 4522 in
3193 4469 3414 4524 Isauria
3449 4463 3647 4537 ponit:
3686 4463 3802 4537 vid.

388 4533 498 4589 sibi
525 4539 576 4624 et
630 4533 746 4624 suis
786 4537 944 4624 datos
973 4549 1157 4624 equos,
1199 4537 1436 4624 sarcinis
1479 4549 1588 4588 non
1629 4533 1802 4616 item;
1856 4534 2047 4624 σώζειν
2084 4539 2127 4602 D
2260 4537 2407 4624 ’71ρῆ
2441 4537 2531 4590 ed.
2589 4533 2834 4624 Wessel.
2868 4539 3026 4624 ‘Sitn‘e
3070 4540 3192 4622 hec
3245 4533 3462 4624 tiaras,
3491 4534 3818 4624 apupot‘igg

391 4622 494 4688 pro
523 4607 831 4688 traducere,
864 4613 921 4661 et
951 4605 1220 4688 σώζεσθαι
1261 4621 1364 4674 pro
1406 4608 1835 4688 transmigrare,
1863 4612 2052 4688 trans-

390 4676 498 4744 ire,
541 4682 847 4749 pervenire,
879 4676 969 4732 vel
1002 4684 1058 4744 et
1094 4677 1331 4749 tendere,
1364 4681 1605 4749 veteres
1628 4693 1858 4747 quoque
1889 4678 2050 4749 dice-

395 4745 567 4821 bant.
602 4751 898 4821 Appianus
927 4749 965 4821 l_.
1000 4765 1038 4804 ι,
1087 4748 1248 4821 Civil.
1285 4748 1495 4821 p._403,
1533 4745 1699 4821 πέντε
1732 4745 1965 4819 σπειρῶν
1997 4746 2049 4821 ἐν

392 4823 474 4894 τῷ
515 4813 1176 4894 ἔργῴίσεσωσμὲνων-[ἰίί
1217 4813 1310 4894 est
1348 4813 1646 4894 ἐσσυμένω,
1674 4813 2051 4894 transgressis]

396 4888 455 4962 ξς
480 4888 573 4962 τὸν
592 4888 910 4948 Μέτελλον.
946 4888 1234 4947 Maximus
1266 4888 1673 4962 Tyriusserm.
1699 4893 1753 4956 5,
1779 4888 1930 4962 pI50
1961 4888 2052 4962 ed:

400 4960 600 5035 Heins.
625 4982 665 5035 ξ*
689 4964 744 5035 ﬂ
765 4968 862 5018 τοῦ
920 4964 1178 5034 σώματος
1223 4959 1386 5034 χρεία
1437 4959 1758 5035 πνλυμερής
1782 4959 1870 5015 “τε
1923 4961 2056 5015 οὖσα

401 5029 492 5084 καὶ
575 5029 871 5106 πολυδεής,
943 5029 1170 5102 σώζεται
1231 5029 1508 5106 [pervenit
1572 5029 1668 5088 ὺεῐ
1716 5029 1926 5158 tendit!)
1988 5037 2057 5106 τῇ

405 5102 688 5157 συντελεία
735 5109 842 5158 τῶν
882 5111 1059 5158 μερῶν
1092 5105 1228 5158 πρὸς
1278 5105 1378 5158 τῆς
1419 5104 1714 5158 ὑπτλοεσίαν
1755 5108 1854 5157 τοῦ
1922 5103 2057 5158 ¹λου.

405 5102 688 5178 συντελείᾳ
735 5102 1059 5178 τῶνμερῶν
1092 5102 1378 5178 πρὸγςντής
1419 5104 1714 5178 ὑπηρεσίαν
1755 5108 1854 5178 τοῦ
1900 5102 2058 5161 ὅλου.

411 5179 544 5249 Ipse
571 5177 693 5244 jam
725 5177 1044 5248 Sophocles
1069 5177 1251 5249 σωτήρ
1273 5178 1419 5232 dixit
1451 5177 1552 5247 pro
1575 5178 1786 5232 comite
1807 5177 2059 5242 itineris,

416 5246 514 5321 qui
549 5246 1012 5321 peregrin—antem
1040 5246 1265 5304 salvum
1293 5254 1349 5302 et
1379 5246 1658 5321 sospitem
1701 5265 1790 5321 eo.
1823 5266 1935 5318 quo
1960 5251 2062 5304 de-

409 5317 652 5374 stinatio
690 5317 841 5384 'fert,
890 5323 1164 5375 traducit.
1218 5322 1395 5376 Versu
1476 5317 1681 5375 ultimo
1735 5317 2062 5376 Philoctetae

417 5404 632 5464 nempe
676 5391 974 5464 Nymphas
1007 5393 1200 5445 νόστου
1239 5390 1499 5464 σωτείρας
1538 5390 1812 5464 appellat.

491 5461 604 5533 (60)
634 5461 1016 5519 Arcessentz'u...
1045 5464 1256 5518 Eodem
1283 5461 1456 5518 sensu
1493 5461 1660 5518 habet
1695 5463 1800 5518 hoc
1823 5465 2064 5518 verbum

415 5530 800 5604 Theophanes
841 5550 972 5606 pag.
1030 5535 1130 5587 145
1160 5539 1216 5587 et
1252 5536 1372 5589 146.
1407 5537 1508 5590 Est
1549 5537 1778 5606 proprie
1814 5551 2068 5605 prorsum

415 5609 628 5677 vertere
658 5606 867 5672 eloco,
910 5621 1082 5675 quem
1125 5606 1254 5676 quis
1294 5611 1557 5677 occupat,
1600 5621 1730 5661 eum
1771 5607 2070 5663 extrahere

420 5678 481 5729 et
500 5675 755 5761 ulterius
783 5691 1142 5761 promovere.

495 5747 607 5821 (61)
636 5747 939 5823 Signiﬁcat
970 5748 1079 5806 hoc
1108 5747 1218 5805 loci
1251 5751 1443 5816 otium,
1486 5749 1861 5815 commoditas,
1895 5749 1978 5806 sic
2009 5757 2072 5806 ut

2161 4605 2325 4678 'l‘arro,
2349 4607 2471 4673 illa,
2505 4623 2682 4678 quam
2716 4608 3136 4666 Constantinus
3163 4615 3218 4666 in
3245 4612 3368 4667 Vita
3406 4605 3683 4677 Basilii‘p.
3711 4605 3819 4659 166

2163 4677 2412 4753 Ταραντα
2452 4677 2900 4753 appellat,mihi
2956 4699 3069 4737 non
3107 4683 3328 4753 liquet;
3363 4683 3475 4737 vid.
3511 4680 3817 4753 Alemaun.

2162 4747 2257 4804 ad'
2296 4747 2547 4820 Procopf
2601 4768 2655 4819 p.
2717 4751 2807 4818 6t,
2869 4753 3003 4808 ﬁne.
3065 4747 3205 4810 Sim.
3264 4747 3613 4810 Aesemann.
3666 4747 3823 4805 Bibl.

2167 4821 2385 4896 Orient.
2420 4826 2462 4874 t.
2499 4823 2630 4896 I,_p.
2657 4821 2727 4875 26
2757 4824 2956 4896 etg‘28i,
2990 4826 3131 4879 item
3166 4832 3206 4879 t.
3238 4829 3308 4890 ΙΙ,
3335 4843 3389 4896 p.
3417 4826 3538 4879 119.
3563 4820 3826 4896 Evodius

2164 4895 2508 4970 aestimanti.
2561 4892 2854 4970 Martyrol,
2899 4902 2945 4970 At.
2992 4897 3033 4949 Ι.
3084 4914 3213 4970 pag.
3265 4892 3382 4952 141.
3431 4893 3718 4970 Abull'eda
3759 4892 3822 4946 in

2167 4963 2532 5039 Geographie
2563 4980 2627 5017 ex
2652 4966 2703 5016 al
2725 4963 3135 5039 _Moschtareco
3159 4963 3440 5039 appellat,
3472 4968 3826 5039 urbem__par-

2169 5052 2290 5090 vam
2322 5037 2378 5087 in
2410 5036 2543 5103 pede
2563 5036 2760 5090 montis
2793 5037 3179 5097 Mardinensis.
3205 5036 3367 5106 Quod
3391 5040 3436 5094 si
3462 5053 3596 5093 cum
3629 5037 3822 5092 Theo-

2170 5107 2490 5182 phanenon
2509 5109 2816 5182 consentit,
2837 5114 3226 5179 reputandum
3243 5113 3471 5182 lapsum
3489 5116 3824 5182 temporum

2169 5177 2226 5232 et
2274 5177 2928 5254 vicissitudinesrerum
2960 5185 3138 5238 veteri
3196 5177 3358 5239 urb-is
3392 5177 3830 5254 splendpride—

2172 5250 2437 5327 traxisse.
2474 5255 2687 5327 Auctor
2710 5251 3014 5327 fragmenti
3049 5250 3448 5327 geographici,
3481 5253 3632 5327 quod
3674 5251 3827 5306 Ban-

2170 5322 2375 5394 durius
2398 5322 2454 5394 in
2486 5323 2640 5376 notis
2673 5324 2743 5394 ad
2785 5322 3458 5382 Constantini'Tbemata
3485 5322 3540 5394 p.
3576 5325 3663 5390 10,
3700 5338 3834 5393 pro-

2173 5393 2356 5454 duxit,
2391 5393 2432 5446 si
2482 5410 2582 5461 per
2626 5393 2788 5466 Δάρες
2843 5397 2989 5452 banc
3038 5399 3220 5453 Dares
3269 5395 3616 5462 designavit,
3672 5394 3832 5466 quod

2176 5465 2381 5519 fecisse
2414 5466 2657 5528 videtur,
2685 5464 2867 5522 l'alsus
2895 5469 3089 5538 procul
3122 5469 3301 5524 dubio
3330 5471 3438 5522 fuit
3461 5470 3518 5523 in
3554 5483 3642 5530 eo,
3677 5464 3832 5538 quod

2175 5538 2438 5591 eamdem
2484 5554 2614 5592 cum
2649 5537 2905 5593 Taurizo’
2925 5540 3011 5594 vel
3044 5540 3287 5596 Tebriso
3319 5541 3473 5594 fecit.
3507 5539 3637 5594 Haec
3669 5537 3830 5591 enim

2177 5608 2378 5671 multo,
2405 5625 2576 5678 quam
2603 5609 2722 5674 illa,
2748 5619 2800 5664 et
2833 5611 3117 5666 recentior
3147 5616 3204 5666 et
3236 5615 3293 5668 in
3313 5612 3594 5667 orientem
3622 5610 3831 5678 borea:-

2175 5679 2288 5765 lem
2307 5680 2596 5807 Ιὶ-ιθῐξιοιὶοιι
2635 5685 2744 5737 est.
2783 5681 2964 5736 Verba
3011 5683 3323 5754 fragmenti
3358 5691 3496 5740 sunt
3544 5680 3730 5756 Δάρες,
3763 5677 3828 5734 τό

2175 5771 2264 5804 νυν
2357 5769 2536 5807 αυρες.

2172 5771 2264 5804 νυν
2307 5769 2514 5824 ἰἀυρες
2524 5792 2536 5805 .
