4104 6432
369 420 486 484 ’125

1224 419 1326 482 DE
1366 418 1818 481 CERIMONIIS
1863 415 2108 480 AUL/E
2146 419 2625 481 BYZANTIN/E
2670 421 2814 483 LIB.
2864 424 2912 485 I.

3678 424 3796 485 626

373 555 520 628 αὗτῷ
562 554 701 628 μετᾶ
760 559 870 610 τῶν
924 557 1270 630 στρατιωτῶν
1312 553 1364 608 ἐν
1422 559 1538 615 τοῖς
1599 551 1878 626 μεθορίοις
1943 553 2032 605 καὶ

2146 553 2314 609 situr.
2349 555 2647 610 Interdum
2701 571 2770 610 ne
2818 556 2932 626 ipsi
2971 557 3207 630 quidem
3257 560 3533 634 magister
3572 561 3796 618 litteras

374 643 618 717 δέξασθαι
662 646 758 700 τὸν
801 639 1136 720 πρεσϐευτὴν
1186 643 1276 698 καὶ
1328 642 1458 706 τοὺς
1489 642 1808 717 ἀνθρώπους
1839 639 2023 699 αὐτοῦ.

377 735 483 794 Καὶ
512 733 560 790 εἴ
591 735 686 810 μὲν
722 733 865 790 ἐστιν
910 755 962 790 τι
1012 731 1234 812 ὀφεῖλον
1285 731 1596 802 λαληθῆναι
1629 729 1681 786 ἒν
1717 736 1832 793 τοῖς
1865 742 2027 804 μεθο-

375 825 535 901 ρίοις,
570 823 843 893 λαλεῖται,
865 828 963 879 τοῦ
993 822 1263 900 ἄρχοντος
1291 826 1389 878 τοῦ
1421 816 1690 892 Νησίϐιος
1723 821 1885 897 μέχρι
1917 825 2025 875 τῶν

372 913 646 990 μεθορίων
674 913 810 987 μετᾶ
838 912 1094 983 πλήθους
1135 916 1359 987 Περσῶν
1409 911 1808 986 συνερχομένου
1839 908 2024 967 αὐτοῦ.

367 1004 435 1062 Εἰ
485 1000 545 1058 δὲ
601 1005 675 1076 μὴ
739 1001 993 1059 λαλεῖταί
1047 1001 1100 1057 τί
1147 1021 1300 1069 ποτε,
1349 1002 1440 1056 καὶ
1498 999 1670 1062 οὕτως
1703 997 1786 1055 δεῖ
1813 1001 2029 1062 πάντως

369 1093 648 1150 συνελθεῖν
700 1091 865 1148 αὐτὸν
921 1091 1058 1165 μετὰ
1107 1090 1380 1162 πλήθους,
1428 1091 1520 1146 καὶ
1573 1095 1682 1145 τῶν
1741 1088 2025 1162 Ῥωμαίων

366 1182 531 1238 αὐτὸν
586 1176 1126 1256 παραλαμϐανόντων
1183 1179 1269 1234 καὶ
1345 1180 1478 1242 τοὺς
1540 1179 1796 1240 συνόντας
1855 1179 2025 1250 αὐτῷ,

368 1269 453 1327 δεῖ
509 1270 640 1334 τοὺς
707 1268 939 1333 λοιποὺς
997 1269 1290 1342 ἀπομεῖναι
1347 1272 1454 1325 τῶν
1512 1273 1729 1343 Περσῶν
1795 1267 1848 1322 ἐν
1911 1271 2029 1329 τοῖς

366 1365 656 1436 Περσικοῖς
723 1359 936 1430 τόποις,
985 1360 1072 1415 καὶ
1125 1358 1286 1415 αὐτὸν
1340 1357 1502 1432 μόνον
1559 1357 1692 1431 μετᾶ
1750 1362 1858 1412 τῶν
1905 1377 2026 1411 συν-

366 1450 542 1506 όντων
605 1448 868 1506 ἑῖσελθεῖν
938 1448 1014 1512 εἷς
1077 1449 1140 1504 τὸ
1221 1449 1395 1524 Δάρας
1453 1448 1542 1502 καὶ
1612 1453 2023 1521 θεραπευθῆναι.

364 1541 644 1612 Προσήκει
677 1536 736 1593 δὲ
766 1539 894 1599 τοὺς
945 1535 1210 1614 ἄρχοντας
1255 1540 1353 1592 τοῦ
1403 1535 1573 1611 Δάρας
1613 1534 1831 1603 πολλὴν
1863 1537 2029 1610 ἀγρυ-

363 1628 525 1684 πνίαν
592 1629 683 1683 καὶ
734 1629 998 1703 πρόνοιαν
1052 1629 1350 1695 ποιεῖσθαι,
1402 1625 1542 1680 ὥστε
1611 1627 1686 1698 μὴ
1758 1625 2023 1700 προφάσει

361 1723 465 1775 τοῦ
529 1713 866 1794 πρεσϐευτοῦ
931 1719 1041 1792 (63)
1099 1716 1314 1787 πλῆθος
1374 1721 1592 1792 Περσῶν
1639 1713 2023 1786 συνεισελθεῖν,

365 1809 511 1865 κατᾶ
560 1809 719 1884 μέρος
775 1805 1236 1878 ἐπακολουθῆσαι,
1293 1805 1385 1861 καὶ
1443 1803 1596 1878 δόλῳ
1623 1811 1891 1880 κρατῆσαι
1921 1805 2022 1874 τήν

369 1898 560 1957 πόλιν.
600 1896 770 1955 Ἀλλὰ
796 1895 998 1953 τούτου
1027 1900 1126 1952 τοῦ
1179 1896 1377 1971 μέρους
1409 1893 1629 1964 πολλὴν
1657 1896 1916 1969 πρόνοιαν
1971 1895 2024 1949 οἳ
2059 1931 2105 1995 Β

366 1988 631 2066 ἃρχοντες
691 1987 909 2068 ὢφελον
967 1991 1262 2057 ποιεῖσθαι,
1340 1987 1427 2042 καὶ
1501 1985 1560 2040 ἐκ
1617 1990 1714 2041 τοῦ
1780 1987 2030 2062 ἀσυμφα-

362 2084 492 2142 νοῦς
521 2081 638 2150 (64)
669 2077 1045 2153 ἐγρηγορέναι,
1074 2077 1164 2133 καὶ
1209 2076 1498 2155 φυλάττειν
1528 2076 1591 2131 τὸ
1623 2082 1818 2150 σχῆμα
1844 2081 2027 2133 τοῦτο.

364 2171 436 2229 Οἱ
465 2167 714 2225 δουκικοὶ
747 2165 804 2224 δὶ
833 2169 969 2222 κατὰ
1016 2168 1078 2222 τὸ
1121 2165 1314 2231 εἰωθὸς
1342 2167 1404 2222 τὸ
1437 2163 1733 2238 δαπάνημα
1771 2167 1868 2232 τῆς
1900 2162 2028 2220 ὁδοῦ

369 2261 535 2335 μέχρι
610 2262 721 2313 τῶν
795 2254 1016 2312 ἐνταῦθα
1089 2258 1314 2330 ἡμερῶν
1371 2257 1448 2331 ργ¹
1504 2257 1615 2328 (65)
1673 2251 2025 2310 ἐπιδιδόασιν.

363 2353 639 2408 Τοσαῦται
706 2348 812 2422 γὰρ
851 2344 902 2416 ἐξ
942 2345 1123 2420 ἀρχῆς
1163 2347 1474 2418 ὡρίσθησαν
1527 2345 1704 2419 ἀρκεῖν
1747 2349 1825 2416 τῷ
1862 2365 2030 2418 πρεσ-

367 2433 532 2512 ϐευτῇ
582 2437 813 2506 ἀνιόντι,
853 2435 943 2490 καὶ
992 2437 1250 2490 τοσαῦται
1301 2433 1538 2492 ἀπιόντι.
1590 2435 1771 2489 Ἒστιν
1836 2431 1889 2488 δὶ
1940 2432 2030 2489 ὅτε

372 2525 613 2603 βραδύνῃ
649 2526 701 2582 ἐν
734 2531 803 2600 τῇ
832 2521 966 2596 ὁδῷ,
998 2524 1089 2578 καὶ
1120 2521 1332 2578 κελεύει
1363 2525 1390 2579 ὁ
1425 2523 1706 2597 βασιλεὺς,
1737 2522 1828 2577 καὶ
1860 2543 2029 2599 προσ-

370 2619 511 2688 θήκη
561 2616 710 2687 αὖτῷ
756 2614 985 2691 γίνεται.
1033 2614 1096 2670 Ἢ
1149 2609 1206 2668 δὲ
1251 2617 1448 2686 γνῶσις
1487 2617 1595 2667 τῶν
1628 2609 2026 2684 ἔπιδεδομὲνων

373 2704 520 2776 αἶ)τῷ
573 2705 799 2774 σώζεται
861 2700 913 2757 ἐν
975 2705 1054 2773 τῷ
1112 2701 1336 2776 σκρινίῳ
1392 2705 1502 2757 τῶν
1565 2695 1855 2776 βαρϐάρων
1886 2702 2025 2773 (66).

384 2792 488 2850 Καὶ
518 2790 702 2867 βερεδα
728 2795 842 2866 (67)
884 2789 942 2846 δὲ
971 2790 1109 2846 κατᾶ
1134 2789 1201 2845 τὰ
1244 2789 1422 2845 πάκτα
1451 2791 1590 2864 (68),
1623 2788 1709 2844 ἐπὶ
1742 2791 2030 2846 Κωνσταν-

389 2880 544 2935 τίνου
643 2881 870 2956 επάρχου
930 2879 1281 2955 πραιτωρίων
1338 2878 1632 2956 γενομένου
1709 2879 2024 2950 ἄπενεμήθη

378 2968 533 3040 αὖτῷ
584 2967 748 3040 πέντε,
800 2970 884 3025 καὶ
945 2973 1058 3040 ζῶα
1117 2967 1182 3024 λ’.
1237 2969 1298 3026 Ὁ
1353 2965 1409 3022 δὲ
1461 2966 1738 3043 βασιλεὺς,
1773 2965 1860 3023 ἐὰν
1891 2963 2022 3041 θέλῃ

365 3057 686 3133 θεραπεῦσαι
717 3057 898 3127 αὐτὸν,
931 3057 1078 3114 πολὺ
1125 3057 1292 3114 πλέον
1343 3056 1496 3129 αὗτῷ
1525 3058 1674 3128 αὐτῷ
1705 3054 2023 3126 ἐπιδοθῆναι

364 3146 598 3205 κελεύει.
633 3147 700 3202 Εἴ
728 3145 786 3203 δὲ
835 3147 981 3203 θέλει
1026 3148 1116 3202 καὶ
1161 3153 1394 3221 σιμῆσαι
1441 3145 1626 3212 αὐτὸν,
1667 3148 1780 3221 χρὴ
1813 3145 2025 3220 πέμψαι

365 3237 455 3292 καὶ
486 3235 730 3307 δέξασθαι
762 3235 922 3293 αὐτὸν
975 3234 1064 3291 διὰ
1109 3251 1260 3298 τινος
1308 3241 1416 3291 τῶν
1458 3235 1903 3308 εὐϋπολήμπτων
1937 3233 2024 3289 ἐπὶ

363 3299 628 3382 Γαλατίαν
689 3328 782 3382 καὶ
841 3321 1229 3381 Καππαδοκίαν
1280 3325 1368 3380 καὶ
1424 3326 1634 3400 θρέψαι·
1690 3299 1916 3398 -όμοίως
1966 3321 2023 3380 δὲ
2052 3299 2100 3366 C

357 3414 568 3491 πεμψαι
615 3415 711 3471 καὶ
760 3414 838 3478 εἷς
888 3416 1118 3472 Νικαιαν
1171 3416 1263 3470 καὶ
1323 3415 1516 3489 θρέψαι
1553 3415 1644 3470 καὶ
1678 3418 2020 3488 θεραπεῦσαι.

358 3509 448 3560 Δεῖ
505 3501 563 3560 δὲ
617 3503 716 3560 καὶ
768 3504 863 3559 τὸν
922 3503 1246 3578 μάγιστρον,
1305 3502 1612 3579 ἐρχομένου
1672 3503 1843 3558 αὐτοῦ
1899 3503 2024 3577 περὶ

358 3594 721 3670 ’Δντιόχειαν,
769 3593 982 3668 πέμψαι
1054 3593 1438 3668 μαγιστριανὸν
1493 3589 1785 3669 ὀφείλοντα
1850 3592 2024 3647 ἀπαν-

353 3685 517 3753 τῆσαι
564 3685 656 3739 καὶ
711 3682 1050 3748 ἀσπάσασθαι
1105 3682 1292 3751 αὑτὸν,
1340 3680 1430 3737 καὶ
1475 3685 1685 3749 μαθεῖν,
1737 3685 1853 3743 πῶς
1905 3679 2022 3737 δια-

2137 641 2328 714 legato
2359 643 2562 711 mittit,
2594 645 2692 700 sed
2727 646 2902 702 nudis
2936 650 3226 705 mandatis
3258 656 3315 706 et
3345 651 3796 723 signiﬁcationi-

2135 734 2245 790 bus
2275 733 2534 791 oralibus
2565 736 2865 803 invitatur,
2900 741 2964 793 ut
2989 755 3120 793 cum
3155 740 3387 810 fiducia,
3422 742 3709 797 hilaritate
3740 745 3798 798 et

2138 840 2242 895 per
2289 823 2474 878 otium
2523 823 2580 878 in
2626 824 2835 880 Urbem
2869 825 3074 881 veniat.
3111 827 3328 883 Missus
3371 829 3568 901 itaque
3600 838 3797 886 noster

2138 929 2272 968 cum
2305 911 2494 984 legato
2534 913 2763 970 Persico
2795 915 3056 971 Nisibiua
3084 933 3356 988 egressus
3390 920 3493 973 iter
3523 923 3580 974 et
3611 921 3798 974 dedu-

2137 1002 2389 1057 ctionem
2423 1002 2552 1072 ejus
2584 1005 2858 1059 lﬂStltUll.
2889 1003 3102 1076 Legato
3132 1005 3216 1060 illi
3249 1023 3550 1063 occurrere
3582 1010 3642 1063 in
3665 1025 3795 1063 con-

2137 1091 2295 1146 ﬁniis
2325 1091 2534 1147 debent
2565 1093 2814 1163 praefecti
2851 1093 3016 1150 Darsa
3047 1111 3180 1150 cum
3206 1095 3493 1152 militibus
3515 1097 3637 1151 suis
3654 1114 3796 1167 prte-

2137 1182 2412 1250 sidiariis,
2446 1182 2760 1254 ipsumque
2808 1183 3284 1258 famulitiumque
3329 1186 3456 1257 ejus
3508 1186 3794 1256 excipere.

2136 1273 2224 1339 Et,
2260 1272 2309 1327 si
2341 1272 2474 1342 quid
2507 1289 2652 1341 opus
2681 1279 2771 1328 est
2797 1273 2854 1328 in
2887 1275 3158 1330 conﬁniis
3191 1277 3414 1331 moueri
3447 1281 3624 1347 atque
3654 1292 3796 1331 con-

2137 1360 2251 1416 dici
2301 1362 2372 1415 ab
2406 1376 2518 1416 una
2548 1361 2798 1417 alterave
2830 1367 3011 1433 parte,
3040 1364 3091 1417 id
3127 1364 3492 1435 transigitur,
3529 1365 3796 1435 praefecto

2136 1449 2412 1505 Nisibinm
2444 1466 2579 1506 cum
2603 1467 2848 1506 numero
2879 1451 3183 1507 Persarum
3219 1453 3292 1508 ad
3323 1453 3575 1509 conﬁnia
3607 1470 3797 1525 usque

2135 1538 2395 1611 legatum
2456 1540 2791 1595 comitante.
2827 1540 2888 1595 Si
2935 1558 3068 1597 vero
3112 1542 3256 1598 nihil
3290 1542 3404 1598 tale
3440 1544 3796 1598 monendum

2135 1635 2426 1701 suppetat,
2449 1635 2678 1702 Oportet
2707 1631 3087 1687 nihilominus
3120 1638 3314 1688 tamen
3340 1635 3676 1704 praefectum
3698 1633 3795 1688 Ni-

2135 1719 2338 1776 sibinaa
2376 1735 2507 1774 cum
2541 1719 2775 1775 cohorte
2808 1737 3048 1776 suorum
3071 1737 3206 1777 eum
3238 1722 3527 1790 comitari,
3580 1723 3797 1777 Roma-

2136 1809 2344 1880 nisque
2377 1808 2628 1879 legatum
2660 1813 2717 1864 et
2747 1810 2873 1880 ejus
2906 1810 3146 1866 comites
3179 1812 3616 1881 excipientibus,
3645 1815 3797 1868 retro

2135 1898 2194 1954 in
2225 1899 2367 1953 locis
2400 1897 2675 1953 dictionis
2730 1899 2975 1955 Persicae
3027 1916 3159 1954 cum
3193 1899 3366 1972 globo
3397 1917 3501 1955 suo
3535 1917 3793 1970 manere,

2139 1990 2452 2057 solumque
2468 1986 2720 2059 legatum
2743 2004 2873 2043 cum
2891 1990 3172 2044 comitatu
3193 2006 3298 2043 suo
3319 1990 3375 2043 in
3394 1989 3595 2044 urbem
3612 1989 3793 2045 Dares

2139 2076 2367 2149 ingredi
2417 2079 2474 2131 et
2517 2093 2550 2131 a
2590 2077 2804 2132 nostris
2841 2077 2922 2131 ibi
2955 2077 3201 2150 dignum
3257 2078 3478 2132 cultum
3512 2078 3790 2150 accipere.

2137 2165 2298 2222 Darsa
2332 2165 2582 2238 praefecti
2616 2166 2769 2220 inter
2799 2166 2921 2222 hinc
2953 2167 3110 2237 vigili
3143 2184 3283 2222 cura
3313 2168 3795 2238 circumspiciant

2138 2260 2516 2328 eaveantque,
2551 2272 2622 2311 ne
2651 2256 2763 2310 sub
2794 2262 3074 2328 praetextu
3106 2257 3277 2329 legati
3310 2257 3624 2312 multitudo
3657 2262 3795 2313 Per-

2139 2362 2336 2401 sarum
2369 2345 2548 2400 simul
2578 2345 2641 2401 in
2671 2346 2875 2401 urbem
2909 2346 3108 2412 intret,
3131 2351 3233 2401 aut
3256 2362 3352 2418 per
3377 2356 3565 2417 partes
3597 2347 3796 2402 subse-

2140 2441 2372 2508 quatur,
2406 2440 2462 2490 et
2510 2435 2591 2490 sic
2630 2435 2769 2490 urbe
2805 2434 3125 2506 potiantur.
3168 2435 3335 2490 Hunc
3379 2436 3571 2505 itaque
3603 2436 3795 2491 locum

2138 2523 2450 2596 diligenter
2479 2523 2842 2594 solliciteque
2877 2525 3250 2580 meminerint
3281 2525 3555 2596 praefecti,
3604 2525 3798 2580 obser-

2137 2619 2388 2685 ventque
2433 2614 2633 2669 Persas
2694 2618 2913 2669 attento
2964 2613 3151 2680 oculo,
3195 2614 3662 2682 dissimulanter,
3735 2617 3799 2669 ut

2139 2702 2196 2758 id
2230 2704 2386 2775 ageri
2412 2703 2486 2758 ab
2519 2703 2659 2774 ipsis
2691 2719 2807 2758 non
2855 2704 3392 2774 deprehendantur.
3435 2703 3631 2759 Ducici
3665 2704 3798 2774 [hoc

2138 2796 2224 2848 est
2254 2792 2518 2847 homines
2553 2792 2620 2845 ad
2655 2791 2915 2847 ofﬁcium
2942 2793 3158 2846 ducum
3195 2791 3423 2846 illorum
3447 2792 3794 2858 thematum,

2138 2898 2241 2954 per
2263 2897 2388 2952 quae
2419 2882 2696 2951 trajectus
2729 2881 2812 2950 fit,
2837 2881 3215 2952 pertinentes]
3248 2881 3544 2951 impensas
3567 2879 3797 2936 itineris

2135 2971 2207 3025 ad
2240 2970 2392 3026 hanc
2425 2986 2612 3040 usque
2643 2969 2854 3026 Urbem
2890 2975 3203 3042 augustam
3238 2971 3293 3024 in
3328 2973 3563 3026 centum
3596 2977 3648 3025 et
3679 2973 3797 3025 tres

2135 3060 2260 3116 dies
2292 3063 2584 3131 praestant.
2621 3061 2730 3114 Tot
2771 3060 2927 3114 enim
2960 3061 3031 3115 ab
3064 3059 3230 3115 initio
3261 3060 3460 3115 statim
3493 3065 3551 3114 et
3581 3060 3709 3130 jam
3765 3076 3798 3113 a

2136 3146 2308 3220 longo
2355 3153 2610 3218 tempore
2647 3149 2844 3204 statuti
2885 3149 3123 3204 fuerunt
3155 3154 3211 3204 et
3251 3149 3524 3220 imputati
3556 3149 3682 3203 dies
3710 3148 3791 3204 le-

2134 3241 2291 3310 gato,
2315 3242 2435 3293 tam
2459 3237 2620 3292 illinc
2643 3237 2778 3304 huc,
2803 3254 2979 3310 quam
3006 3237 3294 3294 hincilluc
3320 3237 3597 3294 tendenti.
3625 3240 3801 3292 Inter-

2132 3329 2274 3384 dum
2306 3331 2502 3383 tamen
2525 3343 2716 3383 moras
2747 3328 2805 3382 in
2826 3328 2918 3384 via
2940 3328 3124 3383 trahit
3153 3336 3207 3384 et
3238 3327 3372 3399 plus
3391 3327 3672 3396 temporis
3693 3327 3801 3382 im-

2135 3416 2336 3490 pendit
2361 3434 2372 3446 ·
2398 3417 2660 3488 adeoque
2690 3416 2921 3472 indultu
2954 3417 3326 3488 imperatoris
3357 3417 3611 3482 additur,
3642 3417 3796 3487 quod

2133 3506 2384 3562 excurrit
2427 3505 2846 3576 impensarum.
2895 3507 3052 3562 238
3106 3506 3326 3562 Notitia
3363 3522 3497 3561 vero
3527 3506 3615 3562 vel
3646 3506 3798 3562 ind.-

2135 3593 2302 3651 culus
2332 3594 2390 3648 in
2414 3610 2549 3649 eum
2573 3594 2974 3666 impensorum
2995 3595 3308 3667 deponitur
3328 3595 3715 3650 asservandus
3737 3595 3797 3650 in

2135 3684 2351 3741 scrinio
2383 3686 2792 3742 barbarorum.
2816 3686 3234 3742 Attribuuntur
3261 3685 3453 3759 legato
3475 3685 3797 3743 secundum

1395 3811 1597 3868 JOAN.
1637 3811 1786 3868 JAC.
1828 3811 2092 3869 REISKII
2129 3811 2720 3871 COMMENTARlUS.

424 3939 540 4010 (63)
593 3938 838 4011 Egregie
911 3937 1070 3995 hunc
1131 3937 1324 3995 locum
1386 3936 1646 3993 illustrat
1699 3937 2016 4010 Praecpius

355 4010 587 4066 Hmsch.
620 4028 681 4066 ο.
711 4011 803 4066 85.

409 4027 587 4067 (28611.
620 4028 681 4068 D.
711 4027 803 4066 δῖ).

427 4028 830 4152 ῗὲἶῖὲξξίῗςῗνὶ
859 4081 1042 4138 01⁵ωοί
1075 4097 1180 4153 pro
1209 4079 1537 4136 ἀσυνόπτου.
1570 4080 1762 4153 Nicet.
1797 4097 1853 4151 p.
1891 4082 2014 4136 179.

349 4154 469 4212 vid.
495 4155 838 4226 Theophan.
866 4171 920 4226 p.
953 4152 1336 4226 329,’Cedre_n.
1354 4153 1551 4226 p.673,
1575 4152 2013 4226 Scylitz.p.8f26.

349 4225 641 4301 longave;
662 4221 790 4301 ’ριο
833 4221 1100 4278 σῦνοπτον
1135 4231 1236 4280 aut
1265 4221 1499 4301 ἐμφανὲς
1533 4225 1707 4279 habet
1733 4221 2014 4301 Polybius

347 4279 410 4370 ᾖ.
433 4279 547 4354 ’158
575 4279 669 4353 ed.
689 4279 874 4370 ἶῦιίοιι.
896 4279 1213 4370 nunquam
1247 4279 1370 4370 noti
1395 4297 1452 4350 in
1477 4279 2014 4370 compositionibus

350 4363 647 4444 alternam:
693 4367 756 4444 tv
806 4373 874 4444 et_
918 4363 1255 4444 qum—Verba
1283 4365 1373 4420 καὶ
1402 4363 1692 4444 φυλάττειν
1723 4365 1785 4444 τρ
1819 4371 2017 4444 σχῆμα

341 4443 515 4495 τοῦτο
549 4441 746 4496 nescio
777 4441 878 4512 qui
909 4441 1142 4512 (factum
1170 4444 1238 4512 fut
1269 4439 1508 4512 prorsus
1541 4439 1920 4512 praeterierim
1955 4440 2014 4493 in

341 4513 606 4581 Latinis;
653 4510 851 4568 deberit
898 4511 1045 4567 hunc
1087 4511 1335 4566 habitum
1363 4510 1528 4579 (cette
1569 4510 1848 4577 habitudo,
1883 4516 2018 4566 cette

344 4585 701 4656 manauere)
734 4598 945 4653 semper
972 4589 1026 4639 et
1050 4583 1254 4653 ubique
1282 4597 1518 4637 servare.

425 4656 538 4725 (65)
567 4651 746 4712 Miror
773 4651 860 4711 tot
888 4656 1034 4720 dies,
1071 4651 1183 4709 tres
1225 4669 1369 4722 pene
1404 4668 1537 4708 cum
1567 4651 1810 4725 dimidio
1841 4668 2015 4725 men-

347 4743 450 4784 ses
471 4723 644 4799 legati
675 4726 1011 4799 Persiciiper
1030 4724 1229 4782 Asiam
1253 4725 1536 4799 minorem
1569 4724 1762 4799 itineri
1782 4740 1816 4778 a
1837 4723 2014 4780 Daras

343 4799 487 4855 inde
521 4796 707 4871 usque
745 4799 821 4871 ad
866 4796 1307 4871 Hellespontum
1337 4796 1653 4871 imputari,
1683 4811 1824 4871 cum
1848 4802 2015 4871 Anna

341 4868 644 4927 Comnena
693 4869 911 4925 scribat
938 4869 1199 4925 Alexiad.
1233 4884 1290 4938 p.
1327 4868 1456 4934 169,
1500 4869 1572 4921 ab
1602 4868 1910 4923 Antiochia
1941 4869 2012 4922 ad

340 4943 598 4999 Nicmam
627 4941 784 4996 intra
812 4945 939 4996 octo
970 4941 1096 4995 dies
1128 4939 1435 5009 perveniri.
1477 4939 1656 5010 Finge
1695 4940 1751 4992 id
1785 4939 2012 4995 veredis

343 5011 653 5084 dispositis
675 5011 840 5067 nulla
859 5013 1084 5067 dierum
1106 5010 1621 5084 noctiumquetieri
1638 5011 1849 5082 quiete,
1873 5027 2010 5084 con-

337 5081 574 5142 tinuato
587 5100 783 5140 cursu.
809 5089 1082 5139 Attamen
1102 5082 1429 5137 Busbckius
1450 5081 1576 5137 ΟΡΙὶ
1599 5081 1671 5135 ad
1695 5083 2008 5151 Amasiam,

335 5174 470 5228 qua
501 5171 644 5212 sane
685 5156 842 5212 haud
876 5154 1350 5228 multumuabest
1377 5153 2012 5228 Au_astasiopoli,_intra

337 5224 610 5285 mensem
640 5243 705 5282 se
761 5227 991 5282 venisse
1019 5224 1219 5293 tradit,
1261 5224 1509 5296 epistola
1536 5224 1578 5280 Ι.
1629 5224 1803 5281 Debet
1833 5224 2012 5297 igitur

339 5301 556 5356 vitium
591 5299 809 5354 nostris
832 5297 1090 5353 numeris
1113 5298 1322 5352 inesse.

417 5372 528 5444 (66)
598 5370 706 5427 Ubi
759 5371 974 5444 chartae
1025 5369 1432 5444 ad_ba_rbaros
1476 5370 1806 5444 spectantes
1851 5369 2006 5444 jace-

337 5439 488 5500 bant
510 5439 570 5499 'et
602 5443 1076 5498 asservabantur.
1120 5439 1400 5495 Latissimi
1433 5441 1690 5494 ambitus
1737 5455 1846 5494 vox
1876 5441 2010 5494 bar-

334 5516 489 5572 bari.
533 5514 747 5570 Graecis
803 5513 1052 5568 vetustis
1103 5511 1474 5584 signiﬁcabat
1500 5525 1732 5584 (omnes
1757 5515 1816 5565 et
1853 5510 2006 5577 illos,

333 5589 439 5659 qui
466 5589 664 5642 Graece
703 5601 819 5659 non
867 5581 1262 5659 loquerentur,
1317 5587 1376 5637 et
1414 5583 1509 5650 qui
1554 5581 1735 5637 Grmci
1768 5598 1881 5636 non
1915 5599 2005 5638 es-

336 5655 474 5716 sent
511 5656 844 5728 sanguinis,
891 5655 1126 5712 etiamsi
1157 5655 1352 5728 Graeco
1384 5668 1654 5728 sermone
1686 5660 2006 5728 uterentur,

335 5736 410 5788 ut
431 5723 802 5788 Macedones.
825 5723 1044 5786 Latinis
1067 5726 1320 5782 vetustis
1345 5726 1666 5780 audiebant
1681 5723 1765 5780 sic
1782 5723 2005 5792 omnes,

344 5803 450 5875 qui
483 5801 688 5860 Latine
718 5817 837 5858 non
863 5799 1159 5858 cellarsnt.
1190 5799 1494 5868 Byzantini
1525 5796 1798 5870 deinceps
1827 5795 2009 5856 Graci

2125 3937 2212 3993 sic
2269 3937 2329 3992 in
2379 3939 2571 4008 specie
2628 3938 3002 4010 appellabant
3052 3939 3220 3993 initio
3250 3944 3475 4006 Persas,
3527 3941 3793 4009 tempore

2125 4019 2250 4081 post
2284 4011 2604 4065 Saracenos
2640 4028 2655 4077 ;
2697 4011 2883 4065 Latini
2929 4011 3217 4081 praecipue
3248 4011 3622 4066 Germanoso.
3661 4011 3790 4066 Vid.

2125 4080 2337 4153 Script.
2374 4087 2504 4152 post
2546 4081 2887 4151 Theophan.
2934 4080 2999 4152 7p.
3051 4083 3176 4136 835.
3235 4081 3558 4153 '[Germani
3615 4081 3792 4139 iidem

2125 4152 2490 4225 ac_ba_rbari;
2524 4153 2787 4207 Goldast.
2823 4155 2894 4208 ad
2929 4153 3241 4224 Eginhard.
3267 4152 3328 4224 7p.
3361 4153 3545 4225 l62.]'

2197 4222 2311 4294 (67)
2361 4227 2511 4278 Sunt
2558 4226 2686 4293 equi
2731 4222 2998 4279 curribus
3039 4225 3228 4294 juncti
3261 4222 3314 4280 et
3348 4222 3667 4295 praesertim
3703 4225 3789 4280 illi

2126 4295 2185 4366 in
2220 4311 2390 4350 usum
2425 4311 2631 4350 cursus
2665 4296 2906 4365 publici,
2941 4312 3036 4365 per
3067 4302 3260 4351 certas
3283 4297 3568 4352 stationes
3599 4297 3795 4366 dispo-

2125 4365 2240 4438 siti,
2292 4381 2523 4436 semper
2577 4367 2788 4438 promti
2833 4374 2890 4422 et
2944 4369 3152 4438 parati.
3191 4367 3314 4421 Non
3365 4373 3452 4421 est
3482 4384 3588 4422 vox
3636 4384 3669 4422 a
3699 4365 3792 4424 ee-

2125 4437 2323 4508 tuendo,
2376 4439 2530 4508 quod
2584 4437 2794 4508 putant
2841 4437 3232 4505 grammatici,
3274 4440 3381 4492 sed
3422 4439 3789 4494 Germanica.

2134 4507 2363 4583 Veteres
2396 4507 2683 4583 Germani
2713 4513 2877 4580 pered
2923 4527 3023 4580 pro
3073 4525 3222 4583 equo
3264 4510 3790 4583 dicebantsBelgaa

2127 4580 2319 4652 adhuc
2375 4582 2552 4637 Paerd
2609 4583 2835 4645 dicunt,
2879 4598 2985 4637 nos
3032 4581 3200 4650 Pferd
3239 4580 3410 4652 paulo
3459 4580 3789 4636 duriusz

2128 4650 2434 4708 Germanis
2463 4654 2521 4707 id
2563 4654 2914 4708 vocabulum
2945 4654 3014 4707 ad
3047 4650 3341 4708 Romanos
3371 4653 3702 4720 Thracicos,
3734 4661 3790 4710 et

2126 4723 2399 4796 deinceps
2431 4726 2503 4780 ad
2537 4726 2760 4780 Arabes
2791 4724 3022 4792 transit,
3055 4726 3156 4796 qui
3187 4723 3358 4779 Barid
3389 4739 3626 4796 cursum
3677 4741 3789 4794 pu-

2126 4794 2350 4851 blicum
2370 4796 2680 4866 appellant.
2706 4797 2779 4868 (In
2811 4798 2983 4867 cujus
3009 4794 3167 4851 vocis
3198 4795 3546 4868 etymologia
3585 4810 3788 4866 gram-

2126 4867 2325 4922 matici
2368 4868 2599 4924 Arabici
2631 4867 2796 4922 valde
2837 4885 2899 4923 se
2949 4867 3269 4936 macerant,
3317 4883 3506 4937 neque
3548 4871 3784 4922 mirum.

2123 4937 2248 4994 Erit
2294 4940 2365 4994 de
2395 4939 2504 4994 hoc
2551 4941 2618 4994 ad
2655 4939 3001 4996 Abulfedam
3047 4939 3279 4994 dicendi
3322 4939 3507 5002 locus,
3541 4940 3613 4993 ad
3644 4955 3785 4997 ann.

2119 5013 2192 5066 60
2248 5013 2398 5083 [Chr.
2449 5012 2577 5083 680]
2627 5028 2741 5082 quo
2785 5013 2867 5066 ait
2921 5011 3496 5083 Moaviampbiisse,
3531 5011 3627 5083 qui
3662 5011 3787 5083 pri-

2124 5079 2438 5154 mus'apud
2488 5079 2706 5137 Arabes
2755 5085 2807 5136 al
2841 5084 3035 5141 Barid.
3085 5081 3148 5136 τὸ
3183 5079 3398 5154 βέρεδον
3439 5079 3474 5151 ἤ
3527 5079 3620 5136 τὸν
3658 5081 3780 5154 ὀξέα

2121 5150 2372 5228 δρόμονξ-
2399 5155 2739 5228 instituerit,
2781 5170 2948 5228 quem
2986 5150 3470 5228 Muhammedani
3493 5150 3784 5228 principes

2121 5225 2224 5298 per
2254 5225 2441 5280 multa
2472 5225 2702 5298 saecula,
2735 5231 2792 5280 et
2821 5227 3008 5280 adhuc
3049 5227 3263 5281 saeculo
3305 5243 3412 5281 xm
3451 5225 3781 5295 servabant,

2120 5297 2221 5354 sed
2261 5302 2327 5351 ut
2356 5297 2543 5366 regale
2576 5299 2797 5368 privato
2819 5298 3038 5352 nemini
3074 5298 3321 5354 licitum.

2191 5370 2306 5440 (68)
2336 5369 2508 5423 Pacta
2555 5375 2694 5424 sunt
2733 5369 2877 5424 alias
2904 5370 3145 5435 tributa,
3181 5386 3312 5438 quas
3351 5385 3469 5424 una
3517 5385 3662 5440 gens
3694 5369 3781 5424 al-

2119 5441 2226 5497 teri
2256 5456 2324 5495 ex
2369 5446 2535 5509 pacto
2573 5445 2630 5496 et
2657 5441 2926 5495 condicto
2975 5441 3163 5496 debet.
3196 5444 3302 5495 Hic
3333 5446 3473 5496 sunt
3501 5440 3631 5511 ipsa
3682 5443 3782 5496 foe-

2120 5514 2278 5580 dera,
2312 5519 2668 5580 contractus,
2720 5512 3150 5582 stipulationes.
3190 5513 3268 5566 [ta
3312 5511 3556 5566 annales
3603 5512 3781 5566 Berti-

2121 5584 2283 5640 niani
2333 5585 2397 5637 A.
2448 5583 2555 5636 812
2606 5600 2619 5638 :
2679 5582 2870 5652 Legati
2918 5583 3200 5638 Michaelis
3250 5585 3323 5638 ad
3379 5583 3637 5640 Carolum
3706 5583 3774 5638 Μ.

2117 5656 2278 5711 missi
2320 5655 2662 5726 Aquisgram’
2704 5657 2970 5726 scriptum
3013 5658 3161 5725 pacti
3205 5655 3378 5726 abieo
3416 5652 3777 5726 suscipientes

2121 5743 2269 5784 more
2297 5723 2416 5796 suo,
2460 5727 2517 5781 id
2567 5730 2645 5782 est
2677 5723 2878 5798 lingua
2907 5723 3121 5797 Greece,
3169 5725 3360 5782 laudes
3410 5724 3464 5780 ei
3491 5723 3767 5779 dixerunt.
