4104 6404
341 367 454 430 ’131

1408 364 1940 428 CONSTANTINI
1984 364 2686 428 PORPHYROGENITI

3646 363 3764 424 732

340 504 532 560 siones
574 505 631 559 et
660 501 847 574 ipsius
875 505 932 558 et
961 502 1316 560 famulorum
1345 504 1471 573 ejus
1513 504 1666 574 usui,
1700 507 1756 559 et
1793 506 1983 576 optio-

2112 499 2236 554 ιατιὶ
2282 500 2564 556 πιττάκιον
2615 501 2729 573 (78)
2776 501 2874 553 τοῦ
2926 495 3229 574 μαγίστρου
3279 495 3532 567 ἀπολύει,
3575 498 3702 567 ἤτοι
3736 500 3764 554 6

339 608 471 647 nem
506 592 888 648 barbarorum
927 592 1174 662 mittere,
1206 592 1433 665 ipsique
1454 609 1738 666 expensas
1757 606 1991 649 enume-

339 696 464 736 rare
496 681 684 753 legato
718 699 820 754 per
848 681 1012 737 illum
1039 682 1192 737 diem
1226 683 1439 751 diesve,
1464 700 1610 757 quos
1632 682 1991 738 Chalcedone

338 771 745 842 transigendos
760 770 1049 838 habuerit,
1076 771 1383 834 faciendas.
1400 777 1455 825 et
1475 773 1649 827 simul
1675 788 1776 842 per
1796 771 1990 842 ipsum

338 862 509 916 xenia
539 878 638 917 seu
684 862 1036 917 munuscula
1069 878 1169 932 pro
1212 861 1375 918 felice
1413 863 1662 917 adventu
1707 861 1991 933 peregrini

339 950 515 1007 amici
545 951 775 1007 mittere
818 971 832 1020 ;
875 953 974 1005 sed
1010 955 1064 1006 et
1104 951 1354 1018 mittere,
1397 951 1496 1022 qui
1533 968 1657 1019 suo,
1700 951 1984 1021 magistri.

337 1041 573 1095 nomine
600 1041 876 1112 legatum,
909 1040 1344 1110 quamprimum
1389 1039 1702 1112 appulerit,
1744 1040 1995 1096 salutent

339 1132 398 1184 et
426 1129 798 1201 interrogent,
823 1129 1114 1201 quomodo
1137 1129 1453 1198 advenerit,
1477 1134 1534 1184 et
1565 1146 1702 1185 num
1726 1130 1997 1200 aegrimo-

341 1219 499 1274 niam
548 1219 902 1287 injuriamve
951 1223 1007 1274 et
1053 1219 1492 1274 incommodum
1545 1236 1749 1290 passus
1798 1220 1993 1276 fuerit.

341 1307 551 1376 Verbo,
584 1309 750 1364 decet
782 1308 1122 1380 magistrum
1157 1325 1259 1379 pro
1286 1308 1435 1364 virili
1471 1326 1580 1364 sua
1609 1309 1798 1380 legato
1830 1315 1998 1382 grata

340 1397 536 1454 omnia
562 1403 618 1451 et
648 1397 836 1452 amica
857 1398 1049 1452 ofﬁcia
1081 1403 1373 1468 praestare.
1412 1401 1542 1468 Ipsa
1572 1400 1630 1454 in
1659 1399 1802 1455 urbe
1833 1416 1999 1471 opor-

341 1491 424 1542 tet
462 1491 743 1542 metatum
786 1503 887 1542 seu
945 1488 1309 1542 mansionem
1360 1488 1486 1557 ejus
1531 1488 1768 1560 dignam
1812 1488 1998 1560 ipsius

342 1592 594 1647 persona
622 1580 678 1632 et
709 1575 1096 1646 multitudini,
1117 1593 1293 1648 quam
1318 1594 1511 1654 secum
1535 1578 1732 1648 trahit,
1764 1594 1998 1634 accom-

347 1666 648 1721 modatam
707 1667 1036 1736 praeparari,
1088 1667 1146 1721 in
1187 1684 1304 1738 qua
1334 1671 1542 1738 praesto
1575 1668 1691 1723 sint
1729 1666 1996 1740 grabbati

345 1770 444 1810 seu
479 1753 632 1819 lecti,
664 1758 721 1809 et
751 1760 1028 1811 stromata
1061 1772 1162 1811 seu
1205 1756 1495 1827 stragulae,
1538 1761 1596 1811 et
1635 1756 1850 1812 clibani
1895 1773 1996 1812 seu

343 1843 519 1912 furni,
556 1852 608 1899 et
638 1843 812 1899 arulaa
866 1861 966 1899 seu
1011 1845 1202 1914 foculi,
1245 1849 1302 1901 et
1349 1861 1562 1901 mensae
1592 1850 1648 1902 et
1696 1863 1881 1918 operae
1923 1847 1998 1901 ad

2098 588 2491 664 σακκελλάριος
2522 593 2619 643 τοῦ
2655 587 2946 664 βασιλέως·
3001 590 3110 661 (νῦν
3162 588 3266 663 γὰρ
3315 585 3391 650 εἷς
3438 585 3597 642 αὐτὸν
3627 610 3761 661 μετ-

2097 675 2304 752 ηνέχθη
2357 680 2392 749 ἡ
2454 678 2614 753 χρεία
2738 678 2805 732 τὰ
2862 674 2921 732 δὲ
2967 671 3270 751 κραϐϐάτια
3310 676 3398 730 καὶ
3431 675 3631 755 σκύφια
3660 681 3754 732 καὶ

2095 769 2354 843 τραπέζια
2408 768 2497 822 καὶ
2555 762 2812 822 κλιϐάνια
2865 768 2957 821 καὶ
3015 766 3220 842 χύτρας
3273 767 3301 820 ὁ
3353 760 3599 844 ἔπαρχος
3661 775 3764 837 τῆς

2098 856 2313 920 πόλεως
2371 855 2624 926 ἀπολύει,
2683 854 2848 911 πάλιν
2905 857 3042 911 κατά
3106 856 3392 910 πιττάκιον
3440 859 3538 910 τοῦ
3591 856 3763 932 μαγί-

2101 967 2282 1022 στρου.
2317 948 2427 1009 Τὰς
2457 944 2514 1001 δὲ
2545 944 2820 1020 ἁρούλλας
2854 947 2906 1000 οἱ
2935 950 3043 1000 τῶν
3082 939 3363 1024 φαϐρίκων
3404 947 3447 980 ¹⁴
3480 947 3767 1021 παρέχου-

2100 1057 2180 1091 σιν
2222 1039 2356 1108 (79).
2407 1037 2806 1108 Ἀπονέμονται
2867 1032 2925 1090 δὲ
2974 1035 3123 1106 αὖτῷ
3156 1035 3304 1109 παρὰ
3348 1038 3447 1089 τοῦ
3505 1033 3760 1110 ἐπάρχου

2099 1125 2190 1179 καὶ
2222 1123 2410 1198 ὄπερες
2436 1121 2495 1179 ἐκ
2523 1123 2630 1179 τῶν
2667 1121 2984 1194 καπηλείων
3016 1126 3148 1195 (80).
3183 1122 3285 1179 Καὶ
3334 1119 3417 1177 δεῖ
3464 1124 3528 1178 τὸ
3587 1123 3767 1198 βαλα-

2101 1217 2240 1268 νεῖον
2301 1217 2397 1268 τοῦ
2455 1211 2613 1268 οἴκου
2671 1211 2877 1266 ἐκείνου
2928 1214 3064 1284 (81),
3124 1209 3178 1265 ἐν
3237 1212 3282 1283 ᾧ
3336 1209 3529 1284 μέλλει
3563 1213 3757 1286 οἰκεῖν,

2103 1304 2516 1377 ὲτοιμασθῆναι,
2546 1300 2582 1372 ἤ
2613 1303 2676 1358 τὸ
2707 1301 2943 1371 πλησίον
2977 1301 3162 1369 αὐτοῦ,
3195 1301 3308 1367 ἳνα,
3344 1299 3433 1357 ὅτε
3481 1302 3768 1377 βούλεται,

2103 1393 2192 1446 καὶ
2237 1393 2399 1454 αὐτὸς
2444 1392 2533 1447 καὶ
2603 1391 2654 1446 οἱ
2725 1392 2840 1464 μετ’
2887 1389 3051 1445 αὐτοῦ
3103 1387 3384 1460 λούονται,
3436 1391 3527 1445 καὶ
3581 1391 3776 1458 αὐτοῖς

2109 1481 2298 1554 μόνοις
2329 1479 2591 1557 σχολάζει
2620 1481 2682 1534 τὸ
2735 1479 3040 1556 βαλανεῖον.
3090 1479 3190 1535 Καὶ
3235 1477 3363 1534 ἐπὰν
3391 1478 3765 1556 καταπλεύσῃ,

2107 1567 2189 1624 δεῖ
2214 1572 2306 1624 τὸν
2341 1571 2638 1646 μάγιστρον
2669 1570 2879 1642 πέμψαι
2930 1565 3253 1643 βασιλικοὺς
3290 1568 3515 1633 ἳππους⁶
3551 1567 3770 1642 (δίδωσι

2105 1660 2161 1717 δὲ
2209 1662 2406 1725 αὐτοὺς
2454 1663 2482 1717 6
2533 1663 2827 1735 σπαθάριος
2875 1665 2972 1716 τοῦ
3025 1660 3342 1737 βασιλέως)
3389 1661 3481 1716 καὶ
3514 1658 3770 1738 δέχονται

2103 1751 2265 1808 αὐτὸν
2325 1751 2383 1807 ἐκ
2441 1752 2547 1808 τῶν
2606 1748 2916 1826 δρομόνων,
2973 1751 3063 1804 καὶ
3122 1750 3488 1830 ἀποφέρουσιν
3547 1751 3625 1815 εἷς
3672 1753 3768 1808 τὸν

2104 1841 2251 1897 οἷκον
2313 1841 2500 1898 αὐτοῦ.
2561 1840 2664 1898 Καὶ
2725 1839 2880 1902 εὐθὺς
2957 1837 3162 1912 πέμπει
3225 1841 3253 1894 6
3318 1841 3614 1916 μάγιστρος
3669 1842 3763 1897 καὶ

341 1948 552 2002 aquam
587 1934 979 2004 aggerendam
1012 1938 1068 1989 et
1085 1934 1198 1990 alia
1231 1935 1799 2005 praestandasordida
1828 1936 1998 1991 mini-

2112 1933 2394 2002 ὶσπάζεται
2441 1932 2627 1997 αὐτὸν,
2673 1932 2764 1986 καὶ
2811 1929 2980 1985 πάλιν
3019 1929 3195 2005 ἐρωτᾷ
3243 1930 3431 2003 αὐτὸν,
3480 1937 3598 1996 πῶς
3649 1928 3763 1988 διε-

339 2020 531 2078 steria.
567 2022 867 2088 Stragulas
898 2022 1129 2093 quidem
1164 2023 1305 2079 olim
1337 2025 1672 2080 extradebat
1689 2029 1745 2080 et
1771 2030 1998 2094 praesta-

341 2110 441 2166 bat
470 2126 665 2166 comes
697 2113 1052 2180 privatorum
1084 2113 1155 2168 ad
1191 2112 1454 2177 magistri
1498 2115 1842 2169 mandatum
1877 2115 1998 2186 pit—

346 2198 470 2254 acio
521 2198 610 2254 vel
661 2199 943 2255 schedula
999 2201 1112 2255 sibi
1165 2201 1489 2256 exhibenda
1551 2202 1937 2275 perscriptum
1978 2219 1991 2259 :

344 2303 503 2344 nunc
533 2288 813 2343 translata
843 2293 932 2344 est
964 2289 1081 2344 haec
1113 2306 1253 2346 cura
1285 2290 1343 2346 in
1375 2291 1777 2348 saccellarium
1811 2292 1995 2364 impe-

339 2377 568 2433 ratoris.
604 2377 806 2434 Lectos
837 2382 1031 2435 autem
1062 2384 1117 2435 et
1147 2380 1397 2452 scyphos
1429 2385 1485 2436 et
1516 2397 1749 2438 mensas
1779 2387 1836 2438 et
1864 2384 1997 2438 fur-

341 2483 447 2522 nos
474 2474 526 2522 et
565 2466 712 2523 ollas
744 2469 1048 2538 praefectus
1080 2469 1243 2524 urbis
1276 2475 1526 2541 praestat,
1551 2477 1607 2526 et
1631 2471 1750 2541 ipse
1773 2489 1999 2544 quoque

337 2556 409 2611 ad
453 2555 758 2625 pittacium
803 2558 1086 2629 magistri.
1124 2562 1301 2614 Focos
1332 2566 1518 2615 autem
1554 2565 1832 2631 praestant
1865 2579 2000 2632 prae-

336 2645 472 2701 fecti
512 2645 862 2700 fabricarum
908 2647 1230 2720 [armorum
1291 2648 1653 2719 publicarum
1694 2667 1898 2722 nempe
1945 2656 2002 2708 et

337 2750 643 2805 operarum
711 2734 1053 2808 fabrilium].
1114 2738 1270 2794 284
1324 2738 1635 2794 Praefectus
1685 2740 1847 2796 urbis
1885 2741 1998 2813 ipsi

339 2837 589 2895 quoque,
615 2822 805 2894 legato
839 2829 997 2894 puta,
1035 2842 1243 2897 operas
1269 2843 1299 2882 e
1320 2827 1574 2883 tabernis
1603 2828 1688 2883 vel
1720 2830 2001 2902 cauponis

340 2911 573 2966 sufficit.
605 2912 792 2967 Etiam
815 2912 1086 2969 balneum
1111 2914 1270 2970 illius
1305 2915 1535 2984 domus,
1562 2933 1736 2988 quam
1766 2917 2002 2974 inhabi-

339 3001 484 3056 tabit
509 3001 751 3072 legatus,
776 3009 875 3056 aut
899 3003 1104 3058 saltem
1129 3005 1350 3069 vicinae,
1376 3011 1642 3077 paratum
1663 3023 1790 3062 esse
1809 3008 1999 3074 debet,

342 3107 456 3162 quo
485 3097 542 3146 et
573 3092 716 3160 ipse,
749 3095 1216 3166 quandocunque
1254 3095 1510 3165 libuerit,
1545 3103 1602 3153 et
1631 3099 1755 3168 ejus
1795 3098 1997 3154 famuli

2106 2023 2276 2094 σώθη.
2336 2021 2547 2093 Ηέμπει
2607 2018 2664 2075 δὲ
2718 2022 2870 2092 αὐτῷ
2936 2019 3028 2075 καὶ
3079 2020 3219 2091 ξὲνια
3275 2017 3364 2076 διὰ
3417 2025 3513 2077 τοῦ
3573 2022 3770 2078 ὀπτίο-

2103 2134 2214 2182 νος,
2290 2111 2322 2165 ἃ
2399 2110 2677 2186 βούλεται·
2744 2111 2820 2172 ὡς
2866 2108 2956 2166 ἐπὶ
3030 2108 3175 2165 πολὺ
3251 2107 3310 2166 δὲ
3375 2112 3467 2166 καὶ
3545 2112 3573 2167 6
3639 2110 3771 2186 πρὲ-

2106 2198 2252 2264 σόεις
2323 2201 2550 2274 πέμπει,
2625 2201 2715 2255 καὶ
2791 2200 3183 2271 ἀντασπάζεται
3266 2201 3358 2256 τὸν
3440 2199 3765 2280 μάγιστρον.

2108 2293 2206 2348 Καὶ
2317 2291 2430 2367 χρὴ
2505 2291 2596 2346 τὸν
2675 2291 2972 2365 μάγιστρον
3077 2286 3324 2359 δέξασθαι
3414 2291 3598 2360 ἠπίως
3671 2292 3764 2348 τὸν

2109 2380 2410 2457 ἐρχόμενον
2474 2381 2567 2434 καὶ
2635 2377 2822 2434 δοῦναι
2897 2377 3282 2452 ἀνταπόκρισιν
3350 2376 3617 2453 ἁρμοδίαν
3687 2383 3770 2453 τῷ

2109 2471 2402 2542 ἀσπασμῷ.
2451 2467 2628 2539 Δηλοῖ
2677 2465 2735 2523 δὲ
2782 2468 2929 2539 αὐτῷ
2977 2465 3066 2522 διὰ
3110 2471 3207 2522 τοῦ
3247 2466 3450 2522 οἰκείου
3481 2468 3770 2541 ἀνθρώπου

2110 2559 2138 2614 6
2189 2558 2510 2634 μάγιστρος,
2558 2559 2639 2612 ὅτι
2695 2581 2720 2609 τι
2753 2557 3082 2627 Ἀνάκτησαι
3129 2555 3343 2623 σαυτὸν,
3393 2555 3484 2610 καὶ
3529 2553 3617 2610 ὅτε
3647 2576 3770 2610 συν-

2111 2653 2238 2724 ορᾷς
2307 2649 2440 2721 (82),
2498 2644 2813 2719 ἀσπάζομαι
2883 2666 2960 2704 σε.
3013 2668 3042 2697 ››
3115 2645 3369 2706 Κάκεῖνος
3427 2648 3496 2719 τῇ
3550 2644 3672 2714 ἑξῆς
3733 2644 3770 2714 ἤ

2113 2739 2247 2812 μετὰ
2281 2737 2406 2810 μίαν
2439 2734 2770 2812 προμηνύει,
2821 2735 2913 2790 καὶ
2963 2734 3184 2811 ἔρχεται
3221 2733 3310 2791 καὶ
3360 2732 3655 2803 ἀσπάζεται
3686 2733 3777 2789 τὸν

2115 2830 2436 2903 μάγιστρον,
2467 2826 2556 2880 καὶ
2589 2823 2806 2900 δέχεται
2849 2823 3013 2881 αὐτὸν
3059 2825 3166 2880 ἀπὸ
3213 2823 3484 2896 στόματος
3517 2825 3649 2897 (83),
3680 2823 3774 2879 καὶ

2112 2916 2287 2990 ἐρωτᾷ
2341 2914 2503 2970 αὐτὸν
2548 2915 2574 2968 6
2633 2915 2932 2989 μάγιστρος
2981 2914 3088 2990 πρὸ
3136 2913 3351 2968 πάντων
3398 2913 3522 2987 περὶ
3571 2918 3675 2982 τῆς
3709 2911 3772 2968 ὖ-

2109 3006 2258 3080 γείας
2322 3010 2420 3059 τοῦ
2492 3004 2761 3080 βασιλέως
2830 3006 2941 3076 (84)
2999 3002 3189 3073 αὐτοῦ,
3251 2999 3436 3058 ἔπειτα
3491 3001 3581 3057 καὶ
3646 3002 3770 3075 περὶ

2110 3099 2217 3150 τῶν
2249 3094 2450 3150 τέκνων
2496 3098 2595 3148 τοῦ
2660 3092 2928 3168 βασιλέως
2985 3094 3153 3148 αὐτοῦ
3204 3091 3295 3148 καὶ
3347 3093 3473 3167 περὶ
3528 3095 3633 3147 τῶν
3665 3089 3767 3165 ἂρ-

340 3179 522 3235 lavari
557 3187 796 3252 queant,
827 3187 886 3238 et
912 3185 1182 3240 balneum
1209 3185 1460 3242 habeant
1481 3186 1593 3242 sibi
1617 3187 1754 3242 solis
1777 3188 2001 3259 privum

2115 3185 2328 3261 χόντων
2383 3193 2472 3239 καί
2529 3185 2654 3256 περὶ
2713 3191 2810 3254 τῆς
2873 3183 3041 3240 αὐτοῦ
3099 3182 3189 3237 καὶ
3249 3185 3346 3238 τοῦ
3396 3182 3556 3237 οἲκου
3605 3178 3768 3236 αὺτοῦ

344 3274 403 3326 et
433 3288 664 3328 vacans.
698 3273 958 3345 Appulso
999 3275 1071 3330 ad
1114 3275 1256 3332 litus
1296 3276 1458 3332 urbis
1504 3277 1734 3334 obviam
1777 3278 2001 3333 mittere

2119 3260 2317 3350 nivatam,
2351 3275 2439 3329 καὶ
2469 3279 2587 3336 πῶς
2617 3272 2775 3344 ἦλθε,
2834 3275 2910 3347 μή
2957 3272 3010 3329 τί
3058 3293 3190 3328 ποτε
3227 3271 3278 3328 ἰν
3329 3275 3400 3346 τῇ
3452 3269 3566 3344 ὁδῷ
3596 3270 3775 3326 ἐσιάν-

1690 3373 1934 3432 VARI/E
1975 3373 2286 3432 LECTlON
2293 3374 2396 3430 ES.

417 3465 464 3500 ¹⁴
494 3467 706 3524 ΣΧΟΛ.
736 3471 966 3541 τεχνῶν.

1369 3571 1573 3627 JOAN.
1613 3571 1760 3629 JAC.
1813 3571 2077 3628 REISKII
2113 3569 2704 3629 COMMENTARIUS.

418 3661 532 3753 (78.)
602 3663 940 3747 '[Piuacium
1017 3669 1106 3722 est
1169 3666 1468 3724 schedula.
1532 3673 1802 3733 Anastas,
1863 3684 1994 3794 pag.

421 3733 495 3794 4.]
571 3733 703 3790 νιᾱ.
743 3737 991 3792 Salmas.
1035 3737 1108 3793 ad
1146 3738 1265 3793 Scr.
1318 3742 1388 3793 Η.
1433 3745 1581 3794 Aug.
1622 3739 1733 3794 t.l.
1784 3757 1839 3794 ο.
1871 3741 1936 3794 91
1983 3783 1994 3794 .

350 3733 522 3811 1044⁸
571 3733 703 3790 Vid.
730 3737 991 3811 _Salm_as.
1035 3737 1108 3793 ad
1146 3738 1265 3793 Scr.
1318 3742 1388 3793 Η.
1433 3745 1581 3811 Aug.
1622 3743 1665 3794 t.
1692 3739 1733 3807 l,
1784 3757 1839 3811 p.
1866 3733 1998 3808 91?,

344 3807 622 3880 Grestser.
676 3807 748 3863 ad
799 3809 999 3880 dein.
1052 3825 1127 3880 p._
1161 3811 1281 3865 162.
1336 3807 1636 3880 Interpret.
1689 3807 1999 3866 ad'Petro.

346 3878 533 3940 nium.
579 3880 683 3954 Est
719 3897 750 3934 a
789 3877 1205 3954 πὲτωλπέτάω,
1264 3877 1536 3954 expando,
1578 3879 1762 3950 πέταξ,
1805 3881 2000 3954 πεττά·

345 3967 485 4025 κιμον,
517 3949 824 4009 πιττάκιον.
869 3953 1031 4009 Unde
1063 3949 1298 4025 quoque
1329 3949 1495 4010 novis
1544 3949 1757 4009 Graecis
1787 3953 1918 4008 πίτα
1943 3961 2002 4011 et

345 4021 513 4099 πίττα
541 4031 633 4082 est
662 4025 815 4078 idem
838 4033 1023 4099 atque
1056 4021 1324 4096 πλακοῦς,
1359 4027 1637 4097 placenta,
1686 4032 2002 4099 utrumque

349 4109 384 4148 a
414 4094 606 4163 plano,
643 4096 894 4166 rependo
924 4094 981 4151 et
1011 4095 1143 4152 lato.

424 4166 538 4243 (79)
572 4162 937 4243 Fabricenses,
981 4167 1033 4220 oi
1073 4162 1452 4243 φᾳϐρικήσιοι,
1493 4169 1590 4239 qui
1625 4169 1698 4225 ad
1741 4169 2002 4243 publicas

353 4236 604 4296 fabricas
655 4241 965 4308 pertinent,
1013 4236 1194 4295 et'in'
1226 4236 1306 4295 iis
1339 4236 1629 4306 laborant,
1669 4236 1770 4296 aut
1825 4241 2001 4297 etiam

352 4308 602 4368 fabricas
643 4310 906 4379 publicas
955 4311 1195 4367 faciunt.
1235 4312 1385 4367 Sunt
1423 4311 1579 4366 enim
1621 4313 1852 4368 fabricis
1901 4318 2006 4369 aut

347 4380 616 4451 ofﬁcium,
641 4383 700 4437 in
732 4382 948 4454 quibus
968 4399 1132 4438 arma
1161 4388 1218 4439 et
1248 4383 1363 4439 alia
1392 4382 1528 4438 talia
1559 4384 1791 4454 publica
1830 4401 2008 4448 opera

350 4457 701 4522 conﬁebant,
754 4455 1110 4525 parabantur
1151 4473 1164 4521 ;
1227 4464 1324 4510 aut
1364 4455 1493 4524 ipsa
1531 4472 1706 4526 opera
1753 4456 2003 4526 publica,

349 4527 615 4584 ediﬁcia.
647 4543 830 4590 arma.
862 4532 973 4581 etc.
1006 4531 1127 4582 Hoc
1152 4542 1326 4582 sensu
1356 4527 1641 4597 accipitur
1661 4527 1819 4598 apud
1854 4529 2008 4583 Lam-

349 4599 497 4669 prid.
552 4599 712 4655 Alex.
760 4598 950 4653 Sever.
999 4602 1040 4653 t.
1090 4599 1132 4668 Ι,
1177 4602 1297 4654 Scr.
1348 4598 1496 4654 llist.
1557 4600 1810 4669 Aug.7p.
1852 4599 1952 4653 921
1991 4617 2004 4654 :

345 4668 642 4739 uectigalia
665 4670 994 4726 civitatibus
1031 4669 1102 4724 ad
1126 4671 1388 4740 proprias
1417 4668 1670 4740 fabricas
1706 4668 2006 4740 deputavit,

351 4741 408 4796 id
441 4749 530 4798 est
561 4744 800 4807 remisit,
836 4745 898 4797 ut
926 4756 996 4796 ex
1025 4741 1096 4797 iis
1130 4745 1364 4809 possent
1393 4757 1570 4812 opera
1601 4741 1832 4812 publica
1863 4742 2013 4809 ﬁeri,

352 4815 664 4884 restaurari
734 4818 792 4868 et
848 4813 1186 4868 sustentari.
1247 4813 1411 4869 Conf.
1469 4812 1709 4868 Guther.
1770 4830 1824 4882 p.
1885 4814 2012 4884 614,

354 4883 616 5009 gagrott.
659 4887 842 4943 Gloss.
884 4884 1148 4950 Cedreni,
1188 4889 1275 4940 Du
1315 4885 1509 4956 Gange
1553 4884 1740 4941 Gloss.
1795 4889 1916 4940 Lat.
1957 4901 2010 4942 v.

400 4971 434 5008 a
476 4971 630 5009 mae.

400 4971 630 5012 αονισέε.

426 5026 538 5096 (80)
597 5027 741 5100 Puto
790 5021 1068 5100 καπηλεῖα
1119 5042 1248 5083 esse
1293 5026 1550 5100 hospitia
1609 5025 1891 5100 publica,
1920 5032 2011 5082 ta-

356 5096 568 5169 bernas
599 5099 732 5152 vino
764 5103 821 5151 et
851 5097 986 5169 aliis
1014 5097 1340 5169 liquoribus
1362 5096 1704 5155 vendendis.
1730 5099 2012 5163 Qualibus

355 5168 415 5222 in
447 5169 672 5223 aedibus
705 5184 840 5223 cum
873 5167 1051 5224 multa
1076 5167 1199 5224 sint
1223 5173 1466 5238 agenda,
1501 5170 1703 5226 multis
1735 5187 1885 5238 opus
1915 5172 2007 5238 sit,

360 5243 425 5294 ut
451 5238 508 5313 in
543 5238 890 5313 hominuum
925 5241 1270 5312 frequentia.
1305 5243 1593 5298 ministris
1628 5247 1686 5298 et
1712 5242 2009 5313 vigilibus,

359 5309 531 5384 credo
587 5312 959 5366 consuevisse
1017 5309 1451 5384 aiterbanuriis
1515 5330 1546 5369 e
1605 5309 1881 5384 praetorio
1938 5315 2010 5369 ad

362 5382 620 5455 diurnos,
641 5399 784 5438 usus
814 5386 1028 5455 petitos
1060 5383 1244 5440 fuisse
1277 5402 1377 5455 pro
1408 5382 1672 5442 mercede
1701 5385 1758 5439 in
1802 5385 2012 5441 ﬁscum

360 5453 669 5527 inferenda
686 5456 942 5527 captivos
964 5453 1289 5512 Saracenos
1305 5463 1362 5512 et
1379 5456 1543 5519 alios,
1568 5458 1637 5512 ad
1674 5457 2013 5527 purgandus

365 5525 517 5600 aedes
541 5527 772 5600 aliaque
786 5526 1018 5600 sordida
1034 5527 1357 5600 ministeria
1376 5525 1724 5599 peragenda,
1741 5525 2018 5600 quemad-

365 5597 608 5671 modum
651 5597 842 5671 adhuc
881 5597 1054 5671 hodie
1093 5598 1221 5655 CPli
1258 5597 1468 5671 captivi
1506 5597 1816 5656 Christiani
1853 5617 1885 5655 e
1924 5615 2014 5655 se-

362 5673 522 5740 ptem
553 5669 637 5724 sic
669 5667 842 5744 dictis
873 5669 1127 5727 turribus
1170 5667 1388 5742 petenti
1419 5672 1627 5744 cuique
1665 5673 1736 5726 ad
1771 5672 2016 5728 diurnas

361 5755 568 5813 operas
609 5740 1049 5811 permittuntur,
1103 5740 1211 5815 prb
1253 5740 1796 5811 mercede'statuta,
1837 5758 2014 5815 quam

2108 3667 2320 3738 captivi
2363 3667 2475 3739 ipsi
2509 3667 2757 3738 pendere
2787 3682 2894 3722 suo
2923 3666 3152 3739 custodi
3194 3670 3252 3739 et
3289 3665 3494 3739 erario
3519 3661 3770 3739 publica

2109 3734 2342 3806 debent,
2374 3734 2483 3794 sub
2508 3734 2807 3809 vesperam
2839 3737 3086 3794 vinculis
3117 3737 3484 3809 restituendi.
3519 3737 3683 3809 Idem
3709 3734 3774 3790 in

2111 3805 2481 3882 nostratibus
2505 3805 2740 3882 quoque
2773 3809 3099 3880 majoribus
3142 3809 3388 3882 urbibus
3413 3808 3550 3882 fieri
3601 3805 3774 3874 solet,

2110 3881 2212 3938 ubi
2245 3881 2488 3937 malefici
2519 3880 2916 3948 asservantur,
2959 3881 3193 3936 aeternis
3235 3880 3485 3937 vinculis
3522 3887 3577 3934 et
3618 3883 3776 3934 stru-

2110 3957 2293 4081 gturt-is
2323 3953 2697 4077 ctaslellorum
2729 3952 3098 4024 aliorumque
3128 3952 3498 4024 publicorum
3531 3964 3774 4022 operum

2152 4041 2215 4081 es
2247 4041 2344 4080 ina
2372 4041 2408 4079 ι.

2152 4025 2408 4081 estinati.

2185 4094 2296 4168 (81)
2335 4095 2542 4168 Adhuc
2585 4095 2754 4168 hodie
2793 4094 2924 4151 ΟΡΙί
2965 4100 3106 4150 sunt
3145 4098 3348 4168 praeter
3386 4093 3626 4168 balneas
3666 4109 3779 4165 pu-

2113 4165 2298 4224 blicas
2320 4167 2572 4223 etiamin
2595 4167 2821 4222 aedibus
2847 4165 3159 4222 lautiorum
3184 4166 3488 4222 hominum
3516 4165 3776 4235 private,

2112 4240 2246 4304 quia
2294 4244 2351 4294 et
2399 4239 2460 4293 in
2515 4238 2762 4310 publicis
2813 4241 3034 4309 σαπρῶς
3087 4235 3329 4303 λούεται,
3382 4242 3449 4292 ut
3497 4234 3643 4292 scite
3698 4234 3783 4290 ait

2112 4310 2410 4382 Epictetus
2441 4310 2594 4380 apud
2629 4312 2966 4377 Arrianum,
2992 4316 3050 4366 et
3076 4311 3250 4366 aliam
3285 4325 3512 4382 quoque
3541 4309 3783 4382 obesu-

2114 4377 2262 4460 sam,
2296 4381 2369 4438 ob
2398 4377 2574 4454 quam
2600 4383 3018 4460 nolunt_marili
3045 4398 3248 4460 uxores
3273 4377 3512 4437 suas'ad
3542 4377 3780 4460 publica

2114 4453 2343 4509 lavacra
2373 4452 2720 4510 cemmeare.
2792 4455 3010 4510 Tutum
3076 4453 3236 4511 enim
3304 4469 3420 4508 non
3487 4452 3598 4521 est,
3666 4452 3782 4516 Qui

2042 4531 2085 4596 D
2117 4526 2266 4582 scire
2296 4525 2477 4593 cupit,
2510 4525 2682 4581 adeat
2713 4525 2985 4582 Busbekii
3016 4525 3318 4596 epistolam
3354 4523 3605 4579 tertiam.

2187 4595 2317 4668 (82)
2395 4596 2636 4660 Quando
2692 4596 2869 4666 voles,
2924 4593 3162 4668 quando
3224 4593 3782 4668 commodum__tibl

2119 4665 2313 4740 fuerit,
2346 4669 2583 4740 quando
2611 4665 2894 4726 censebis.
2927 4665 3164 4739 Proprie
3194 4667 3559 4740 quidem‘est
3597 4665 3782 4740 idem,

2120 4739 2278 4812 quod
2315 4735 2495 4812 alr—ter,
2521 4739 2736 4812 videre,
2777 4735 3226 4812 censerefSedf
3252 4739 3348 4795 hic
3390 4737 3571 4794 nihilo
3620 4735 3779 4812 plus,

2119 4810 2295 4884 quam
2327 4811 2575 4882 simplex
2605 4810 2732 4884 ὁρᾷν
2771 4815 2952 4884 notat.
2985 4813 3156 4884 Amat
3185 4811 3246 4884 in
3299 4825 3580 4884 novorum
3621 4810 3784 4884 Gra-

2119 4879 2318 4956 corum
2353 4879 2759 4956 serino_ne'ouv_
2791 4882 2856 4956 _i_n
2897 4882 3237 4956 compositis
3273 4881 3615 4956 redundare.
3657 4879 3785 4935 Imo
3849 4951 3856 4956 α

2119 4955 2344 5026 συνορᾷν
2373 4954 2495 5026 jam
2532 4954 2681 5026 Lyco
2707 4953 3090 5025 philosophus
3122 4953 3269 5008 dixit
3285 4953 3440 5026 apud
3466 4953 3783 5026 Diogenem
3822 5001 3826 5008 .

2121 5023 2312 5082 Laert.
2349 5023 2404 5096 ρ.
2434 5023 2648 5093 306,8.
2683 5023 3162 5081 Veteres'tamen
3201 5023 3435 5079 συνιδεῖν
3489 5023 3785 5096 malebant

2119 5113 2293 5168 quam
2339 5092 2585 5166 συνορᾷν.
2630 5097 2792 5154 Conf.
2833 5097 3170 5169 Theophan.
3216 5114 3273 5168 p.
3313 5097 3442 5166 269,
3490 5096 3620 5164 301,
3661 5092 3784 5151 No-

2117 5169 2248 5226 vell.
2279 5169 2493 5224 Justiu.
2529 5185 2586 5240 p.
2623 5169 2708 5223 12.

2192 5240 2300 5310 (83)
2327 5241 2490 5313 Idem
2519 5236 2696 5313 "quod
2735 5242 2956 5313 veteres
2992 5239 3105 5313 ἀπὸ
3139 5236 3422 5313 γλώσσης,
3471 5238 3651 5313 verbis
3690 5251 3788 5313 ore

2115 5307 2361 5389 prolatis
2405 5329 2419 5377 ;
2468 5307 2722 5389 ξέχεσθαι
2763 5310 2871 5366 ἀπὸ
2910 5307 3204 5389 στόματος,
3247 5307 3496 5389 aliquem
3540 5307 3790 5389 altoquiq

2119 5378 2204 5438 vel
2237 5378 2869 5456 cottoquio'przsentem
2902 5378 3171 5455 excipere,
3191 5378 3199 5381 ⁷
3221 5378 3540 5456 opponitur
3567 5378 3788 5456 1:596:26

2120 5459 2337 5530 γραφῆς
2389 5455 2478 5512 νει
2526 5455 2835 5527 μηνύσεως,
2881 5472 3005 5511 cum
3045 5457 3227 5526 aliqua
3268 5455 3375 5539 per
3425 5455 3641 5537 litteras
3680 5455 3789 5508 aut

2119 5529 2535 5584 internuntium
2576 5544 2760 5599 agere.
2805 5527 2940 5583 Ἀπὸ
2998 5523 3196 5594 λέξεως
3233 5528 3380 5583 dmt
3427 5525 3789 5597 Nicephorus

2120 5599 2367 5655 Breviar.
2403 5600 2550 5655 Hist.
2586 5616 2644 5672 p.
2683 5600 2774 5672 l6,
2807 5600 2858 5654 3.

2195 5672 2304 5743 (84)
2338 5672 2466 5728 Vid.
2501 5668 2668 5728 Cont.
2698 5668 2962 5741 Theoph.
2995 5685 3049 5741 p.
3083 5669 3173 5724 60.
