4104 6390
341 398 472 466 733

1198 400 1302 460 DE
1347 399 1802 461 CERIMONIIS
1845 398 2082 462 AULE
2126 403 2601 468 BYZANTINZE
2642 409 2797 468 LIB.
2843 408 2894 466 Ῑ.

3657 407 3775 467 734

333 538 441 608 θη,
487 535 560 608 μή
611 533 666 588 τί
698 553 833 589 ποτε
888 529 1252 608 παρελείφθη,
1294 533 1385 587 καὶ
1449 531 1599 606 λέγει
1648 529 1729 586 ὅτι
1788 554 1816 584 ‹‹
1868 533 2013 588 Ἐκε-

2127 537 2298 594 debet
2329 540 2604 612 magister
2643 539 2972 610 imperiales
3003 554 3208 610 equos,
3241 555 3390 611 quos
3436 538 3772 610 spatharius

341 626 662 697 λεύσθημεν
701 623 851 698 παρὰ
884 626 983 677 οοῦ
1041 615 1294 684 εὐσεϐοῦς
1326 623 1485 696 ἡμῶν
1525 619 1789 677 δεσπότου
1846 622 2016 676 πάντα

340 717 436 778 εἷς
482 714 767 789 θεραπείαν
818 733 915 766 σου
960 717 1208 780 ποιῆσαι-
1261 709 1347 765 ἐὰν
1392 711 1487 764 οὗν
1559 711 1613 765 τί
1653 731 1784 765 ποτε
1846 731 2013 784 παρεο

336 805 572 877 λειφθη,
621 805 783 858 τοῦτο
843 801 1116 875 ἡμέτερόν
1178 798 1319 855 ἐστιν
1386 804 1652 872 πταῖσμα.
1723 801 1826 856 Καὶ
1907 821 2017 854 πα-

340 892 698 972 ρακαλοῦμεν
753 892 894 964 ὑμᾶς
946 891 1060 964 (85)
1106 891 1245 961 μήτε
1313 887 1624 959 λυπηθῆναι
1693 891 1805 962 (86)
1873 886 2011 960 μηδὲ

343 989 656 1052 σιωπῆσαι,
679 979 826 1036 ἀλλὰ
857 977 1028 1034 εἰπεῖν
1061 981 1220 1051 ἡμῖν,
1248 975 1342 1032 ’ἶνα
1373 975 1665 1052 διόρθωσις
1703 978 1946 1053 γένηται.
1984 1003 2012 1029 ››

345 1075 757 1148 ιιροσκυνοῦσιν
811 1066 870 1124 δὲ
915 1068 1006 1123 τὸν
1067 1068 1364 1142 μάγιστρον
1408 1069 1498 1122 καὶ
1559 1069 1609 1122 οἱ
1663 1069 1779 1140 μετ’
1840 1067 2010 1122 αὖτοῦ

337 1164 497 1223 ὅντες
550 1160 770 1230 πάντες,
811 1158 1092 1232 ῥίπτοντες
1122 1156 1343 1218 ἑαυτοὺς
1387 1155 1473 1212 ἐπὶ
1494 1161 1591 1211 τοῦ
1613 1154 1842 1234 ἐδάφους
1871 1159 2006 1230 (87).

344 1251 450 1310 Καὶ
501 1248 592 1305 ὅτε
630 1246 759 1323 δόξῃ
809 1251 891 1319 τῷ
943 1246 1161 1322 βασιλεῖ
1203 1244 1448 1315 δέξασθαι
1491 1245 1675 1311 αὐτὸν,
1719 1244 1922 1320 πέμπει
1981 1249 2008 1300 6

344 1342 650 1415 μᾶγιστρος
715 1336 805 1391 καὶ
864 1332 1034 1404 δηλοῖ
1092 1334 1240 1408 αὐτῷ
1285 1337 1369 1389 ὅτι
1424 1359 1452 1388 ‹‹
1502 1335 1826 1405 ,Έκέλευσέν
1880 1357 1936 1390 σε
1981 1336 2008 1390 ὁ

345 1428 621 1497 δεσπότης
673 1423 959 1481 εἰσελθεῖν.
1016 1448 1042 1475 n
1097 1425 1217 1500 Χρὴ
1253 1423 1310 1479 δὲ
1348 1425 1437 1479 καὶ
1488 1425 1580 1480 τὸν
1641 1422 1906 1494 δεσπότην
1958 1423 2010 1479 ἐν

345 1514 695 1588 Χαλκηδόνι,
742 1516 832 1570 καὶ
884 1515 1118 1590 ἐνταῦφα
1169 1513 1475 1590 ἐρχομένου
1539 1513 1731 1586 αὐτοῦ,
1797 1514 2008 1588 πέμψαι

345 1605 699 1680 δηκουρίωνα
767 1605 854 1659 καὶ
916 1603 1254 1668 ἀσπάσασθαι
1328 1603 1485 1658 αὐτὸν
1558 1604 1647 1658 καὶ
1734 1603 2008 1678 ἐρωτῆσαι

340 1699 470 1772 περὶ
514 1703 614 1765 τῆς
649 1693 832 1769 ὑγείας
871 1697 970 1748 τοῦ
1023 1692 1294 1767 βασιλέως
1342 1694 1533 1764 αὐτοῦ,
1565 1694 1806 1757 καὶπῶς
1849 1693 2006 1755 αὐτὸς

344 1787 610 1856 διεσώθη.
649 1784 817 1841 Ἐπὰν
862 1779 920 1838 δὲ
970 1779 1202 1858 δέχηται
1254 1783 1435 1851 αὐτὸν,
1474 1783 1678 1856 πέμπει
1732 1784 1837 1838 ἀπὸ
1909 1784 2007 1856 ὀψὲ

2125 627 2491 695 imperatoris
2525 631 2776 699 praestat.
2811 627 2878 681 Hi
2909 643 3043 681 eum
3077 627 3429 694 comitesque
3474 645 3504 683 ο
3549 629 3773 685 dromo-

2125 716 2300 773 nibus
2330 720 2712 774 escendentes
2745 717 3062 788 excipiunt,
3083 722 3138 772 et
3161 719 3397 772 domum
3422 734 3587 774 suam
3612 719 3772 775 dele-

2125 810 2281 862 runt.
2307 807 2430 871 Quo
2463 809 2612 864 facto
2643 807 2918 877 magister
2941 807 3200 878 protinus
3217 823 3346 861 eum
3384 823 3484 878 per
3515 808 3771 880 legatum

2124 895 2359 962 salutat,
2392 902 2449 952 et
2477 899 2669 952 denuo
2701 900 3104 968 percontatur,
3137 913 3254 967 qua
3285 895 3510 951 ratione
3532 901 3587 951 et
3617 899 3770 952 satin

2123 1001 2189 1041 ex
2220 993 2348 1040 voto
2381 987 2705 1041 conductus
2753 1003 2854 1057 per
2891 985 3042 1040 viam
3077 989 3132 1041 et
3166 987 3279 1040 huc
3313 984 3540 1039 delatus
3574 986 3768 1041 fuerit.

2122 1073 2466 1128 Munuscula
2490 1073 2664 1129 simul
2690 1072 3190 1128 beneventationis
3214 1071 3322 1143 ipsi
3355 1089 3454 1141 per
3475 1073 3770 1143 cptionem

2122 1161 2318 1232 mittit,
2371 1162 2565 1233 qualia
2613 1162 2912 1234 placuerit.
2969 1166 3044 1217 Ut
3095 1161 3412 1231 plurimum
3473 1178 3606 1216 vero
3645 1161 3772 1232 ipse

2119 1269 2354 1324 quoque
2386 1253 2612 1323 legatus
2638 1270 2740 1325 per
2762 1269 3002 1308 suorum
3035 1253 3348 1323 quemdam
3381 1252 3570 1306 reddit
3591 1251 3773 1323 magi-

2118 1345 2236 1396 stro
2257 1341 2625 1396 salutationis
2642 1342 2829 1408 vices;
2853 1357 3022 1412 quem
3049 1339 3338 1411 hospitem
3361 1340 3767 1395 advenientem

2120 1429 2384 1502 magistri
2409 1435 2497 1484 est
2517 1431 2824 1486 commode
2844 1429 3210 1500 benigneque
3229 1429 3770 1500 excipere,respon-

2119 1534 2372 1590 sumque
2404 1518 2746 1574 salutationi
2777 1535 3098 1590 congruum
3134 1518 3394 1572 reddere.
3420 1519 3555 1584 Quae
3579 1521 3770 1573 autem

2121 1609 2398 1680 magister
2443 1607 2633 1680 legato
2684 1624 2785 1678 per
2830 1607 3168 1662 ministrum
3203 1623 3375 1661 suum
3423 1606 3767 1662 familiarem

2120 1697 2369 1767 nuntiat,
2394 1697 2514 1752 haec
2545 1699 2719 1752 ferme
2751 1701 2911 1752 sunt.
2945 1697 3121 1752 Jubet
3161 1696 3351 1767 ipsum
3384 1695 3768 1764 animumque

2116 1793 2172 1841 et
2195 1802 2406 1858 corpus
2439 1788 2555 1841 otio
2589 1791 2646 1842 et
2677 1786 2868 1856 quiete
2899 1787 2972 1841 ab
3006 1786 3229 1840 itineris
3262 1784 3449 1839 taediis
3472 1791 3528 1840 et
3551 1785 3766 1857 fatigiis

341 1878 374 1933 ὁ
431 1875 728 1950 μάγιστρος
787 1866 1182 1927 σουϐαδίουϐαν
1214 1873 1261 1910 1⁵
1314 1874 1449 1946 (88),
1504 1873 1593 1927 καὶ
1643 1870 1812 1943 δηλοῖ
1856 1874 2005 1945 αὐτῷ

2119 1890 2374 1930 recreare
2400 1892 2413 1943 ;
2437 1891 2500 1930 se
2523 1877 2713 1947 ipsum
2734 1891 2928 1929 coram
2952 1875 3346 1930 salutaturum
3365 1889 3512 1938 esse,
3531 1874 3761 1944 quando

335 1964 425 2020 ὅτι
487 1988 517 2017 ‹‹
589 1959 903 2020 Ἐκέλευσὲν
979 1981 1035 2015 σε
1111 1963 1139 2016 ὁ
1218 1959 1475 2036 βασιλεὺς
1549 1959 1858 2036 προελθεῖν,
1911 1962 2000 2016 καὶ

331 2053 596 2129 πρόελθε.
644 2075 674 2104 ››
728 2051 835 2106 Καὶ
879 2051 906 2105 ὁ
965 2048 1220 2125 βασιλεὺς
1278 2050 1487 2122 ὁμοίως
1549 2048 1751 2123 πέμπει
1816 2048 2000 2105 δικου-

336 2143 534 2220 ρίωνα,
584 2139 676 2195 καὶ
724 2137 1018 2208 ἀσπάζεται
1078 2139 1265 2209 αὐτὸν,
1321 2138 1410 2193 καὶ
1470 2136 1637 2209 δηλοῖ
1701 2139 1850 2211 αὐτῷ
1917 2141 2000 2194 δτι

335 2257 367 2285 n
402 2234 489 2296 Τῆ
519 2229 644 2301 ἑξῆς
679 2225 958 2302 δεχόμεθά
1008 2247 1086 2297 σε,
1131 2228 1218 2282 καὶ
1267 2225 1524 2302 πρόελθε.
1566 2250 1594 2280 ››
1639 2225 1854 2283 Δίδοται
1907 2227 2000 2283 οὖν

344 2318 591 2395 μανδάτα
638 2319 746 2374 ἀπὸ
817 2317 918 2389 όψὶ
983 2315 1278 2386 σιλὲντιον,
1345 2317 1436 2372 καὶ
1496 2317 1587 2371 τὸν
1665 2312 1998 2391 πρεσϐευτὴν

340 2415 452 2464 τῶν
505 2411 723 2476 Περσῶν
773 2403 1014 2480 δέχεται.
1063 2405 1166 2462 Καὶ
1218 2407 1330 2484 χρὴ
1385 2407 1476 2461 τὸν
1545 2403 1999 2479 ἀδμισσιονάλιον

343 2498 519 2555 ἐλθεῖν
573 2498 663 2552 καὶ
708 2494 982 2572 ἐρωτῆσαι
1014 2494 1106 2549 τὸν
1152 2497 1451 2570 μάγιστρον
1500 2496 1622 2568 περὶ
1673 2501 1780 2551 τῶν
1829 2493 2005 2552 λαϐα-

353 2586 573 2663 ρτ,σίων,
621 2587 711 2640 καὶ
763 2582 972 2640 δίδοται
1035 2581 1301 2657 μανδάτα,
1343 2583 1431 2639 ’ἱνα
1471 2585 1569 2654 ,καὶ
1627 2584 1778 2640 αὐτοὶ
1831 2585 2000 2640 ἀπαν-

359 2678 611 2744 τήσωσιν,
671 2673 758 2729 καὶ
828 2671 914 2729 δεῖ
981 2679 1171 2742 στῆναι
1231 2671 1432 2735 αὐτοῦς
1491 2673 1566 2735 εἷς
1605 2674 1734 2736 τοὺς
1799 2675 2003 2737 τόπους

378 2764 557 2835 μῦτῶν
591 2767 713 2835 μετᾶ
758 2768 856 2819 τοῦ
925 2765 1197 2837 ἅρματος.
1269 2765 1650 2839 Προέρχονται
1692 2763 1748 2819 δὲ
1804 2765 2002 2826 πάντες

373 2853 428 2907 οἱ
470 2848 720 2926 ἄρχοντες
752 2853 848 2908 ἀπὸ
883 2849 1251 2926 ὁλοσηρίκων,
1292 2853 1380 2906 καὶ
1423 2852 1732 2927 εἰσέρχεται
1774 2854 1802 2908 ὁ
1842 2854 2003 2928 πρεσ-

361 2951 480 3005 θεις
541 2937 629 2994 διὰ
655 2944 750 3006 τῆς
798 2941 998 3017 ῥιγίας,
1039 2942 1131 2996 καὶ
1173 2938 1391 3015 δέχεται
1424 2941 1585 2997 αὐτὸν
1630 2943 1658 2996 ὁ
1711 2941 2004 3018 μάγιστρος

348 3049 407 3085 ιν
447 3032 519 3102 τῇ
553 3028 730 3108 σχολῇ
785 3029 972 3099 αὐτοῦ,
1007 3029 1096 3084 καὶ
1137 3029 1312 3104 ἐρωτᾷ
1378 3029 1561 3099 αὐτὸν,
1627 3029 1672 3085 εἰ
1706 3031 1843 3106 ξένια
1888 3030 2007 3110 ἔχει

344 3123 446 3175 τοῦ
505 3119 802 3194 βασιλέως,
862 3120 952 3174 καὶ
1022 3122 1133 3194 χρὴ
1207 3118 1366 3175 αὐτὸν
1429 3117 1561 3175 ἰδεῖν
1628 3120 1823 3192 πάντα,
1881 3122 2008 3192 πρὶν

353 3205 692 3276 εἲσέλθωσιν,
761 3207 852 3261 καὶ
920 3202 1107 3262 λαϐεῖν
1175 3207 1275 3275 τήν
1361 3213 1561 3282 γνῶσιν
1638 3206 1833 3263 αὐτῶν.
1912 3206 2007 3264 Καὶ

2113 1965 2442 2036 permiserit
2471 1969 2527 2021 et
2556 1965 2933 2020 commodum
2968 1963 3081 2034 ipsi
3115 1964 3306 2019 fuerit.
3339 1963 3504 2018 Tunc
3533 1961 3762 2034 legatus

2110 2059 2212 2109 aut
2243 2054 2507 2126 proximo
2539 2058 2639 2109 aut
2669 2055 2837 2109 tertio
2859 2054 3011 2109 diem
3037 2052 3334 2124 signiﬁcat
3365 2052 3646 2122 magistro
3662 2067 3764 2122 per

2113 2145 2483 2215 praemissum
2509 2144 2810 2212 nuntium,
2833 2159 2893 2198 se
2917 2144 2984 2198 ad
3021 2145 3215 2214 ipsum
3240 2147 3573 2211 venturum,
3597 2146 3656 2196 et
3678 2140 3763 2195 sic

2113 2234 2334 2291 accedit
2364 2235 2436 2288 ad
2471 2233 2821 2304 magistrum
2845 2247 3096 2303 eumque
3122 2232 3356 2286 salutat.
3374 2233 3558 2296 Quem
3582 2230 3764 2301 magi-

2113 2327 2231 2378 ster
2255 2322 2516 2378 vicissim
2541 2327 2885 2393 prasentem
2904 2321 3026 2392 jam
3068 2335 3326 2390 praesens
3367 2319 3615 2390 benigno
3646 2317 3763 2373 col-

2112 2411 2311 2484 loquio
2343 2410 2577 2482 excipit.
2611 2409 2787 2481 Cujus
2809 2410 2866 2464 id
2901 2409 3158 2480 primum
3191 2413 3247 2463 et
3278 2409 3634 2480 praecipuum
3667 2424 3762 2461 ar-

2112 2509 2458 2574 gumentum
2483 2504 2664 2568 est,ut
2691 2499 2970 2568 magister
2987 2500 3139 2568 apud
3166 2499 3423 2568 legatum
3457 2501 3762 2568 perconte-

2113 2600 2228 2662 tur,
2263 2594 2555 2666 quomodo
2586 2594 2710 2663 ejus
2739 2593 3012 2664 princeps
3043 2591 3249 2656 valeat,
3276 2592 3405 2646 dein
3431 2591 3567 2662 quid
3593 2594 3774 2662 agant

2111 2683 2279 2740 liberi
2304 2682 2674 2754 principales,
2699 2687 2824 2735 tum
2851 2681 2988 2752 quid
3016 2685 3072 2735 et
3094 2679 3300 2751 quales
3323 2681 3452 2750 ejus
3471 2695 3772 2749 proceres;

2119 2788 2292 2844 porro
2324 2772 2382 2825 in
2438 2771 2652 2842 quibus
2697 2785 2892 2824 rerum
2945 2771 3068 2839 ipse
3112 2768 3343 2838 legalus
3390 2778 3667 2834 versetur,
3719 2771 3779 2822 et

2121 2857 2414 2929 quomodo
2448 2857 2635 2912 valeat
2667 2855 2890 2911 familia
2919 2856 3082 2926 ejus;
3117 2854 3407 2924 quomodo
3441 2855 3551 2908 iter
3577 2853 3775 2908 confe-

2116 2946 2294 3012 cerit;
2341 2962 2481 3000 num
2538 2945 2976 2999 incommodum
3029 2944 3388 2999 damnumve
3445 2941 3772 3014 acceperit:

2118 3051 2255 3090 num
2289 3035 2430 3106 quid
2452 3034 2776 3089 ofﬁciorum
2813 3033 2926 3104 ipsi
2957 3032 3286 3088 debitorum
3329 3050 3364 3087 a
3393 3031 3772 3099 nostratibus,

2117 3127 2345 3182 itineris
2393 3125 2728 3192 comitibus,
2766 3127 3244 3195 praetermissum.
3282 3143 3310 3173 ‹‹
3362 3121 3480 3178 Nos
3532 3122 3774 3194 quidem

2127 3216 2228 3287 (ita
2260 3215 2432 3270 debet
2454 3214 2724 3283 magister
2749 3229 2846 3269 eos
2871 3228 3095 3268 errores
3127 3213 3427 3282 excusare)
3453 3211 3512 3267 in
3537 3212 3777 3267 manda-

348 3294 659 3370 εἰσέρχεται
705 3297 843 3370 πρὸς
898 3296 990 3350 τὸν
1030 3291 1257 3352 ϐασιλέα
1300 3297 1328 3351 ὁ
1372 3297 1695 3371 μάγιστρος,
1740 3297 1832 3352 καὶ
1877 3297 2008 3352 ἁνα-

2119 3285 2192 3360 tis
2221 3321 2253 3358 a
2273 3303 2366 3375 pio
2402 3308 2598 3359 nostro
2621 3303 2867 3359 Domino
2893 3302 3442 3366 babuimus,omnia
3466 3302 3522 3355 in
3549 3300 3773 3356 cultum

343 3383 496 3462 φέρει
541 3385 690 3457 αὐτῷ
723 3386 791 3440 τὰ
856 3385 978 3459 περὶ
1019 3389 1129 3440 τῶν
1169 3383 1669 3455 ξενίων,ἐπιδίδωσι
1737 3383 1796 3441 δὲ
1863 3387 2009 3459 αὐτῷ

342 3475 436 3529 καὶ
513 3477 614 3544 τήν
672 3479 898 3550 γνῶσιν.
959 3475 1017 3532 ’0
1083 3471 1140 3530 δὲ
1205 3469 1448 3550 πρὲσεης
1518 3472 1763 3547 ἀναμένει
1830 3474 1881 3530 ἔν
1940 3479 2008 3550 τῇ

347 3565 541 3642 σχολῇ
607 3570 708 3621 τοῦ
770 3565 1094 3642 μαγίστρου.
1148 3568 1252 3621 Καὶ
1300 3565 1433 3639 μεθὸ
1492 3562 1763 3644 δεχθῶσιν
1819 3567 1870 3620 oi
1911 3564 2010 3637 ἄρ-

345 3676 543 3735 χοντες
585 3655 677 3711 καὶ
728 3653 1041 3711 εἰσέλθωσιν
1085 3655 1162 3717 εἰς
1210 3656 1272 3710 τὸ
1327 3655 1738 3728 κονσιστώριον.
1783 3651 1865 3709 δεῖ
1919 3655 2011 3710 τὸν

345 3743 805 3817 ἆδμισσιονάλιον
876 3743 967 3798 καὶ
1023 3742 1151 3805 τοὺς
1208 3741 1654 3822 χαρτουλαρίους
1715 3747 1821 3797 τῶν
1872 3745 2006 3818 βαρ-

347 3829 537 3909 ϐάρων
595 3835 686 3888 καὶ
742 3834 870 3897 τοὺς
929 3833 1266 3908 ἑρμηνευτᾶς
1332 3833 1622 3909 ἀναγαγεῖν
1687 3832 1780 3887 τὸν
1847 3832 2009 3908 πρὲσ-

344 3919 478 3994 6ην,
533 3921 624 3978 καὶ
690 3921 904 3987 καθίσαι
982 3922 1141 3977 αὐτὸν
1218 3920 1268 3976 ἐν
1343 3926 1422 3994 τῷ
1496 3923 2012 3997 ἀντικονσιστωρίῳ,

343 4011 538 4068 δοῦναι
570 4011 627 4068 δὲ
669 4012 798 4074 τοὺς
838 4011 1280 4088 χαρτουλαρίους
1329 4013 1418 4067 καὶ
1467 4013 1797 4086 ἒρμηνευτᾶς
1853 4033 2014 4067 κιτα-

341 4105 519 4176 τώριν
563 4105 659 4157 τοῦ
729 4102 1036 4177 μαπίστρου
1101 4108 1218 4164 τοῖς
1283 4099 1779 4176 ἆδμισσιοναλίοις,
1813 4102 1901 4156 καὶ
1944 4103 2013 4157 τὰ

343 4189 498 4248 ἄλλα
528 4192 773 4269 γίνονται
804 4191 955 4253 ὡςέν
994 4189 1271 4264 σιλεντίῳ.
1313 4193 1431 4265 Χρή
1463 4189 1521 4246 δὲ
1559 4191 1649 4246 τὸν
1713 4194 2008 4268 μάγιστρον

340 4281 635 4355 ἓτοιμάσαι
703 4278 1055 4344 κανδιδάτους
1108 4282 1152 4318 1⁸
1198 4280 1479 4356 ἀρμάτους
1531 4283 1644 4356 (89)
1703 4281 1792 4335 καὶ
1843 4283 2011 4337 πούε-

2123 3393 2615 3464 commodumque
2668 3397 2831 3447 tuum
2875 3392 3079 3448 facere.
3112 3390 3334 3461 Siquid
3367 3389 3546 3462 igitur
3574 3405 3777 3445 eorum

2123 3483 2582 3555 praetermissum
2636 3482 2768 3549 fuit,
2816 3481 3084 3537 socordia
3122 3481 3409 3551 culpaque
3459 3496 3528 3536 ea
3585 3487 3779 3533 nostra

2121 3576 2248 3633 est:
2285 3585 2670 3644 rogamusque
2701 3576 2756 3626 te
2799 3571 3161 3641 comitesque
3192 3576 3347 3637 tuos,
3379 3567 3578 3624 nolitis
3622 3567 3771 3623 illud

2121 3677 2274 3733 aegre
2307 3661 2455 3717 ferre
2494 3666 2597 3716 aut
2619 3659 2851 3716 silentio
2883 3658 3110 3726 celare;
3144 3660 3241 3714 sed
3275 3659 3545 3729 eloquere
3571 3656 3774 3724 libere,

2122 3753 2186 3804 ut
2217 3750 2606 3822 imposterum
2655 3750 2952 3819 providere
3000 3753 3058 3802 et
3107 3748 3420 3804 emendare
3461 3746 3779 3802 commissa

2122 3855 2432 3911 queamus.
2459 3860 2486 3890 »
2521 3843 2768 3910 Legatus
2786 3840 2858 3894 ad
2885 3839 3004 3893 haec
3030 3837 3308 3907 magistro
3330 3838 3554 3907 gratias
3581 3834 3703 3906 agit
3724 3841 3780 3891 et

2121 3931 2551 3986 venerationem
2597 3933 3043 3984 commonstrat.
3078 3927 3215 3998 Ejus
3266 3925 3507 3982 comites
3556 3925 3779 3996 pariter

2122 4019 2470 4090 magistrum
2506 4016 2837 4073 humillimo
2859 4017 3020 4071 cultu
3040 4017 3285 4071 adorant
3308 4015 3364 4069 in
3400 4020 3617 4069 terram
3650 4029 3779 4085 pro-

2121 4106 2325 4162 voluti.
2345 4107 2536 4170 Quum
2562 4107 2697 4161 dein
2727 4105 3065 4177 imperatori
3085 4105 3279 4160 visum
3312 4105 3486 4160 fuerit
3517 4103 3774 4176 legatum

2122 4211 2318 4251 coram
2369 4213 2430 4251 se
2471 4195 2800 4262 admittere,
2851 4194 3144 4266 significat
3173 4209 3240 4250 ea
3271 4195 3341 4249 de
3391 4209 3450 4248 re
3501 4191 3777 4263 magister

2122 4283 2315 4357 legato
2349 4301 2449 4356 per
2477 4283 2821 4341 familiarem
2855 4285 3172 4356 quemdam
3213 4284 3300 4340 bis
3335 4283 3559 4338 verbis:
3586 4281 3776 4338 «Vult

1720 4380 1966 4437 VARI/E
2004 4382 2305 4441 LECTION
2312 4384 2395 4439 ES

414 4477 461 4514 “
495 4478 702 4534 ΣΧΟΛ.
731 4471 1066 4548 ὑποϐόηθον.
1145 4477 1190 4512 ⁸⁸
1222 4476 1428 4533 ΣΧΟΛ.
1462 4474 1719 4537 ἁπλίτας.

1415 4587 1612 4642 JOAN.
1654 4586 1796 4643 JAC.
1842 4587 2102 4645 REISKII
2143 4588 2721 4646 COMMENTARIUS.

419 4675 535 4761 (65)
591 4675 980 4762 Per-frequens
1033 4679 1124 4732 est
1159 4678 1332 4762 .ap'ud
1392 4675 1622 4762 Graecqs
1669 4679 1727 4731 et
1767 4676 2009 4762 Latinos
2041 4682 2086 4745 D
2189 4681 2421 4762 (8711a
2476 4684 2684 4762 terram
2724 4679 3034 4762 pro-uoluti,
3079 4681 3200 4762 toto
3249 4691 3528 4762 corpore;
3571 4673 3772 4731 minus

340 4749 537 4818 ἡμεῖς,
571 4753 630 4804 et
654 4765 753 4803 nos
784 4747 886 4821 pro
913 4763 1007 4819 ego
1038 4748 1196 4821 poni.
1225 4747 1438 4804 Verum
1465 4747 1642 4819 ὑμεῖς,
1675 4749 1881 4821 υοε,νὶιι
1913 4748 2007 4821 ale

343 4821 646 4875 locutione
676 4821 747 4875 ad
780 4820 1304 4891 alterumeumque
1339 4820 1878 4891 unum,praesertim
1911 4820 2005 4874 cui

335 4893 780 4947 venerationem
815 4893 1014 4948 testari
1046 4893 1312 4947 studium
1345 4896 1489 4959 erat,
1523 4891 1871 4946 insolentius
1894 4898 2002 4947 est.

342 4967 478 5019 Non
511 4963 729 5019 desunt
760 4972 953 5019 tamen
983 4963 1272 5033 exempla,
1303 4962 1362 5017 in
1395 4964 1612 5034 quibus
1649 4964 1823 5018 etiam
1857 4979 2004 5034 prae-

341 5051 489 5107 sens
520 5034 816 5107 locusest,
863 5052 991 5107 quae
1044 5037 1191 5090 mori
1244 5035 1452 5090 borum
1494 5034 1836 5107 saeculorum
1877 5037 2004 5105 jam

339 5105 614 5175 antiquis
647 5106 765 5161 illis
797 5105 1111 5177 prélusum
1135 5107 1316 5161 fuisse
1348 5106 1690 5177 ostendunt.

419 5174 535 5249 (86)
565 5179 756 5244 Irasci,
797 5174 1142 5245 succensere,
1195 5177 1418 5248 oﬂendi.
1460 5177 1605 5233 Nam
1649 5174 1798 5245 λύπη
1834 5177 2002 5232 novis

339 5247 564 5320 Graecis
594 5249 975 5320 oﬂensionem,
1024 5247 1393 5316 simultatem,
1432 5251 1872 5320 malevolentiam
1899 5264 2003 5320 n07-

339 5325 434 5375 tat
459 5337 480 5393 ;_
507 5318 714 5393 vid._"p.
735 5321 860 5393 245,
891 5321 1286 5393 Theophanes
1312 5321 1488 5393 p184,
1511 5323 1602 5387 85,
1635 5322 1706 5376 86
1729 5337 1742 5374 :
1765 5319 1847 5374 Τὰ
1877 5318 2001 5393 περὶ

343 5385 697 5467 βουλχερὲίας
759 5385 982 5467 λυπηρᾶ
1029 5385 1167 5446 δίατᾶ
1219 5385 1554 5467 Φλαϐιανοῦ,
1592 5385 1670 5448 ’θα
1698 5406 1826 5467 quas
1855 5385 2004 5447 circa

338 5461 708 5519 Pulcheriam
755 5461 1096 5527 acciderant,
1131 5468 1383 5520 animum
1429 5461 1719 5520 Eudociae'
1743 5464 2002 5519 adversus

333 5535 678 5590 Flavianum
732 5537 1163 5603 exacerbantia;
1214 5536 1354 5591 item
1415 5553 1470 5606 p.
1537 5537 1660 5602 126,
1710 5535 1835 5606 195,
1874 5536 2003 5600 208,

337 5607 451 5662 402
473 5624 494 5679 ;ί
521 5607 762 5679 Cedren.
798 5623 854 5679 p.
887 5608 1032 5676 337;
1066 5607 1530 5665 vid.Cbilmead.
1564 5609 1636 5679 ad
1671 5605 1863 5679 Malal.
1887 5611 1928 5661 t.
1957 5607 2002 5675 Ι,

340 5695 401 5751 p.
435 5678 526 5736 50.
590 5676 900 5751 Usurpavit
941 5679 1530 5751 jamuDemostbenes
1587 5676 1877 5734 λυπεῖσθαι
1935 5692 2002 5735 eo

341 5749 518 5806 sensu
551 5765 607 5822 ρ.
642 5749 769 5818 373,
797 5751 853 5809 9.
886 5751 1027 5808 edit.
1059 5749 1283 5808 Morel].

2122 4749 2364 4807 recte'in
2399 4751 2616 4806 Latinis
2644 4751 2909 4818 reddidi;
2944 4751 3060 4806 vid.
3094 4751 3164 4805 ad
3198 4766 3252 4819 p.
3283 4749 3412 4804 236.

2190 4824 2300 4893 (88)
2332 4823 2670 4892 Subadiuvat
2699 4827 2784 4878 est
2813 4823 3066 4878 vicarius
3097 4818 3382 4893 adjutoris
3411 4819 3501 4874 vel
3526 4818 3769 4889 adjuve,

2119 4892 2307 4977 utLIbic
2335 4895 2769 4977 estmagistri;
2803 4895 2919 4949 vid.
2954 4893 3192 4977 Qutber.
3220 4911 3270 4974 p.
3307 4892 3432 4973 39t.

2187 4966 2301 5036 (89)
2334 4959 2603 5035 Reddidi,
2637 4972 2701 5020 nt
2732 4967 2789 5021 in
2825 4965 3186 5021 membranis
3217 4959 3773 5036 inveni,mis_cellam

2115 5033 2340 5109 graecas
2381 5033 2716 5109 scriptionis
2765 5046 2820 5093 et
2873 5037 3304 5109 terminationis
3355 5051 3490 5090 cum
3543 5033 3770 5088 Latina.

2115 5107 2156 5180 _P
2188 5125 2290 5180 pro
2325 5108 2370 5163 R
2420 5117 2474 5164 et
2502 5107 2853 5164 terminatio
2885 5108 2973 5164 US
3006 5126 3109 5180 pro
3141 5108 3227 5180 OS
3269 5109 3464 5162 Graeca
3502 5113 3662 5180 sunt,
3688 5119 3772 5158 re-

2113 5178 2272 5250 liqua
2305 5180 2549 5247 Latina;
2586 5181 2669 5235 vel
2705 5182 2896 5250 potius
2930 5178 3266 5234 terminatio
3292 5196 3356 5235 us
3395 5178 3606 5250 Graecis
3634 5191 3768 5250 cum

2113 5248 2286 5322 vulgo
2313 5251 2514 5307 Latino
2537 5248 2873 5307 communis
2895 5261 2980 5305 est
3009 5251 3195 5306 Etiam
3217 5251 3538 5322 grandibus
3562 5248 3770 5322 litteris

2116 5319 2402 5391 bis'ipsis,
2437 5340 2582 5391 quas
2624 5324 2803 5390 vides,
2857 5323 3058 5391 lector,
3093 5319 3431 5378 exaraverat
3473 5319 3771 5387 librarius,

2115 5397 2268 5464 quod
2307 5396 2529 5465 passim
2559 5395 2692 5449 fecit
2723 5397 2778 5449 in
2813 5395 3050 5449 vocibus
3066 5392 3555 5450 Latinis.Solebut
3575 5402 3772 5465 autem

2114 5463 2322 5536 vulgus
2372 5466 2653 5532 Latinum,
2688 5483 2790 5520 seu
2826 5469 2976 5537 quod
3015 5467 3095 5520 sic
3128 5474 3297 5521 vetus
3328 5465 3588 5535 vulgaris
3623 5463 3771 5537 Lati:-

2116 5532 2242 5593 nus“
2262 5552 2452 5592 sermo
2482 5553 2517 5591 a
2561 5532 2877 5606 majoribus
2927 5541 3198 5606 acceptus
3241 5532 3457 5596 terret:
3475 5550 3578 5588 seu
3613 5532 3771 5604 quod

2115 5608 2446 5665 Graecorum
2497 5610 2861 5663 consuetudo
2910 5609 2966 5662 id
3017 5608 3352 5672 invexisset,
3400 5610 3766 5659 accusativus

2157 5682 2385 5752 lurales
2421 5696 2569 5752 quos
2613 5681 2979 5752 grammatici
3011 5679 3070 5735 in
3120 5695 3178 5735 os
3236 5677 3577 5752 terminant,
3611 5676 3667 5729 in
3701 5690 3764 5752 as

2157 5699 2371 5736 Iurales
2421 5699 2569 5752 quos
2613 5699 2979 5752 grammatici
3012 5699 3070 5735 ω
3120 5699 3178 5735 08
3236 5699 3577 5739 ιϐΓωιωιηι,
3611 5699 3667 5729 In
3701 5699 3762 5728 us

2112 5699 2298 5810 ﬁnire.
2343 5751 2416 5808 Ut
2465 5751 2560 5808 hic
2606 5759 2858 5810 armatus
2905 5769 3007 5824 pro
3058 5756 3299 5807 armatos
3337 5746 3648 5812 habemus,
3680 5745 3765 5800 sic
