4104 6380
355 381 478 439 739

1452 374 1986 439 CONS'I‘ANTINI
2031 371 2725 435 PORPHYROGENITI

3669 373 3790 432 740

355 537 458 591 per
486 518 601 574 tria
631 515 755 573 vela
785 515 1110 572 holoserica
1148 516 1388 570 curatur
1431 519 1497 570 ut
1535 530 1565 570 θ
1607 513 1798 570 tribus
1830 511 2008 584 portis

2123 505 2326 562 πάλλιν
2384 508 2458 579 (2)
2526 503 2561 574 ἤ
2615 503 2869 577 κοσμίδιν
2920 505 2993 578 (3)
3051 501 3086 572 ἢ
3138 500 3455 576 ὁτιδήποτε,
3488 500 3577 558 ἐάν
3640 503 3786 559 ἐστιν

352 608 739 680 dependeant.
783 604 1063 672 Tandem,
1103 621 1286 675 quum
1321 619 1584 675 proceres
1616 619 1817 658 omnes
1840 619 1873 656 a
1904 606 2009 656 Do-

349 698 510 753 mino
532 697 746 766 accepti
771 704 823 750 et
853 694 1096 750 admissi
1125 694 1361 758 iuerint,
1395 693 1557 758 citat,
1597 697 1660 746 ut
1680 690 2009 760 exemplum

350 787 591 858 ﬁngam,
625 785 707 841 sic
739 783 898 840 verbi
931 783 1115 854 gratia
1139 798 1152 836 :
1177 806 1202 832 ‹‹
1240 781 1489 837 Vocetur
1517 781 1820 846 Jesdecus,
1853 778 2009 850 lega-

351 882 450 933 tus
473 875 764 940 Chosrois,
798 873 952 946 regis
993 873 1325 936 Persarum,
1361 877 1415 926 et
1448 870 1548 942 qui
1583 885 1714 925 cum
1743 885 1808 924 eo
1839 884 2011 923 vene-

355 971 530 1034 runt;
565 972 623 1021 et
653 971 910 1019 arcessat
960 960 1243 1032 [decurioi
1293 964 1571 1015 armatos.
1599 977 1629 1010 ››
1682 958 1838 1012 Hanc
1871 957 2008 1011 cita-

354 1057 573 1111 tionem
607 1055 824 1110 debent
855 1052 1201 1122 interpretes
1233 1054 1289 1104 et
1345 1047 1684 1104 chartularii
1726 1048 2012 1102 barbaro-

353 1161 507 1214 rum,
543 1148 607 1200 ut
629 1147 753 1214 jam
783 1143 1004 1197 dictum
1021 1145 1128 1207 est,
1155 1138 1676 1194 admissionalibus
1707 1136 2006 1192 exhibere:

350 1244 404 1290 et
441 1233 524 1300 hi,
557 1230 1031 1297 admissionales,
1063 1233 1188 1282 tum
1215 1227 1538 1284 conﬁciunt
1569 1227 1718 1282 duas
1745 1225 2005 1293 chartas,

351 1339 531 1378 unam
575 1323 809 1394 quidem
853 1318 1080 1391 magnis
1120 1317 1333 1371 litteris
1366 1315 1771 1387 conscriptam,
1831 1330 2008 1386 quam

355 1411 680 1467 silentiario
697 1410 957 1476 tradunt,
991 1406 1154 1463 ethic
1186 1422 1358 1478 porro
1385 1405 1564 1460 tradit
1595 1403 1831 1460 ostiario
1867 1421 2009 1476 ;quo

353 1500 502 1555 facto
535 1497 635 1554 illa
665 1496 863 1554 citatio
897 1513 964 1552 ex
1020 1495 1226 1551 eodem
1285 1492 1604 1565 exemplari
1667 1492 1938 1548 recitatur
1977 1509 2010 1547 a

2119 597 2325 670 τίμιον,
2387 601 2496 651 τῶν
2565 593 2623 650 δὲ
2673 593 2864 650 ἄλλων
2915 592 3141 656 ἕκαστος
3195 593 3249 648 ’ἐν
3313 592 3459 659 εἶδος
3511 595 3790 669 βαστάζει.

2123 689 2249 760 Χρή
2304 683 2360 740 δὲ
2403 687 2908 759 προετοιμασθῆναι
2959 685 3154 745 αὐτοὺς
3204 680 3292 737 διὰ
3337 688 3443 738 τῶν
3514 684 3791 757 ἑρμηνευ-

2119 781 2225 830 τῶν
2260 774 2310 830 ἐν
2341 780 2419 848 τῷ
2465 774 2981 849 ἀντικονσιστωρίῳ,
3015 774 3102 827 καὶ
3155 773 3520 848 βαστάζοντας
3571 775 3780 838 πάντας

2121 863 2318 928 ἐλθεῖν.
2378 865 2472 920 Καὶ
2533 864 2688 918 αὐτοὶ
2743 861 2800 918 δὲ
2857 864 3050 925 πάντες
3111 861 3188 924 εἲς
3235 863 3327 916 τὸν
3384 862 3606 936 ἀντικρὺ
3677 872 3782 936 τῆς

2119 953 2324 1023 σὲλλῃς
2373 959 2566 1028 τοῖχον
2623 951 2724 1023 ἔξω
2769 957 2864 1007 τοῦ
2901 953 3079 1028 βήλου
3106 949 3378 1024 ἵστανται,
3411 954 3498 1007 καὶ
3562 953 3789 1029 ἐπαιρο-

2123 1043 2285 1116 μὲνου
2314 1047 2412 1096 τοῦ
2447 1041 2654 1117 βήλου,
2688 1041 2968 1115 ῥίπτουσιν
3011 1040 3234 1104 ἑαυτοὺς
3264 1040 3350 1095 ἐπὶ
3391 1045 3488 1095 τοῦ
3527 1041 3790 1120 ἐδάφους,

2119 1134 2208 1188 καὶ
2265 1132 2435 1188 πάλιν
2499 1133 2843 1208 εἶσέργονται
2916 1135 3016 1202 τήν
3092 1133 3275 1208 θύραν,
3335 1132 3425 1186 καὶ
3495 1131 3779 1208 ῥίπτουσιν

2121 1223 2367 1292 δαυτοὺς,
2423 1227 2518 1277 καῖ
2575 1223 2781 1304 τρίτον.
2831 1226 2992 1277 τοῦτο
3051 1226 3322 1278 ποιοῦσιν.
3374 1221 3477 1278 Καὶ
3527 1223 3649 1278 τότε
3695 1221 3789 1280 δὲ-

2120 1331 2313 1386 χονται
2370 1313 2421 1366 οἱ
2474 1311 2830 1388 σιλεντιάριοι
2879 1313 3050 1366 πάντα
3097 1311 3164 1366 τὰ
3196 1308 3365 1385 δῶρα,
3396 1312 3486 1365 καὶ
3534 1309 3787 1369 κίνδυνον

2121 1397 2339 1475 ἔχουσιν
2377 1403 2450 1475 (li)
2500 1407 2831 1478 καταγαγεῖν
2895 1400 3030 1455 αὐτᾶ
3087 1401 3224 1456 κατᾶ
3280 1402 3382 1469 τὴν
3426 1405 3621 1477 γνῶσιν
3685 1407 3789 1458 τοῦ

2127 1492 2426 1568 μαγίστρου
2486 1491 2563 1555 εἷς
2610 1495 2712 1562 τήν
2767 1493 3130 1568 βεστοσάκραν
3191 1494 3235 1529 ²¹
3293 1491 3382 1546 καὶ
3450 1489 3787 1566 παραδοῦναι

1675 1600 1920 1656 VARI/E
1993 1600 2403 1660 LECTIONES.

422 1706 464 1743 ³³
503 1707 718 1762 ΣΧΟΛ.
753 1701 940 1777 τιμίαν
983 1699 1202 1772 ἐσθῆτα,

1422 1799 1620 1856 JOAN.
1655 1798 1796 1855 JAC.
1830 1798 2086 1855 REISKII
2128 1799 2708 1858 COMMENTARIUS.

419 1904 497 1975 (2)
521 1905 606 1959 Ad
635 1920 800 1974 reges
847 1901 1104 1958 Orientis
1144 1899 1366 1970 absque
1435 1914 1680 1954 munere
1727 1898 2004 1955 accedere
2038 1905 2084 1970 Β
2116 1915 2316 1965 neuse,
2355 1902 2454 1969 Ill,
2477 1902 2568 1967 20,
2602 1917 2786 1969 regem
2823 1901 2994 1971 [lmp.
3019 1900 3458 2044 Germanicum}
3473 1903 3532 1957 in
3565 1902 3786 1960 Italiam

419 1977 571 2030 mini
601 1975 753 2030 licet.
813 1976 970 2029 Inter
1019 1975 1172 2028 dona
1213 1974 1410 2044 itaque
1461 1971 1756 2044 otl'erenda
1807 1971 2006 2044 preci-
2115 1982 2412 2027 venturum
2441 1989 2574 2040 esse,
2610 1975 2858 2043 perrexit
2893 1973 3116 2041 [Abbas
3179 1973 3426 2028 ccenobii
3519 1975 3786 2044 Amatﬁn,

347 1971 571 2031 nemini
601 1971 753 2030 licet.
813 1976 970 2029 Inter
1019 1975 1172 2028 dona
1213 1974 1410 2044 itaque
1461 1971 1756 2044 otl'erenda
1807 1971 2006 2044 preci-

351 2063 530 2117 puum
559 2047 750 2100 locum
776 2047 1038 2101 obtinent
1090 2045 1284 2117 pallia,
1317 2041 1492 2117 idest
1523 2041 1782 2117 supellex
1822 2042 2006 2096 serica

350 2113 623 2172 vestiaria
646 2120 1056 2187 cujuscunque
1087 2113 1338 2186 generis,
1366 2114 1500 2167 dein
1543 2113 1710 2184 equi;
1745 2129 1871 2169 raro
1904 2129 2002 2168 au-

350 2205 482 2244 rum
531 2198 584 2243 et
639 2195 965 2256 argentum,
1020 2205 1148 2241 raro
1207 2200 1471 2258 gemmae,
1505 2202 1634 2239 raro
1673 2187 2000 2258 mancipia.

349 2259 483 2314 Haec
509 2260 810 2331 accipiunt
842 2275 1006 2329 reges
1036 2259 1143 2331 illi,
1189 2255 1308 2331 hac
1359 2258 1610 2310 reddunt
1670 2255 1808 2331 illis,
1853 2272 2003 2331 qu_o_s

351 2326 658 2386 honorare'
687 2326 935 2402 cupiunt
976 2347 988 2396 ;
1023 2330 1141 2382 vid.
1205 2328 1652 2402 Murator._Ant.
1688 2326 1821 2402 Ital.
1854 2333 1894 2382 t.
1927 2327 2002 2396 II,

349 2420 403 2472 p.
437 2403 535 2456 841
575 2419 703 2473 sqq.
742 2397 950 2456 {unde
982 2407 1211 2455 tantum
1239 2416 1420 2454 unum
1451 2398 1771 2473 alterumve
1809 2397 2004 2473 locum

355 2469 1082 2528 excitaboi'Admirabiles
1138 2475 1348 2541 nuptiae
1425 2485 1529 2541 pro
1595 2469 2006 2541 ea_illediolani

349 2547 514 2615 factae
543 2549 692 2610 sunt,
719 2545 798 2598 ait
855 2544 1178 2599 Chronicon
1212 2539 1468 2597 Astense.
1511 2539 1687 2615 clibi
1723 2541 1855 2595 data
1879 2545 2006 2609 [ue-

348 2612 478 2671 runt
492 2616 906 2686 jocutatoribus
934 2617 1058 2685 plus
1092 2631 1258 2683 quam
1278 2612 1678 2686 septemmillia
1693 2629 2005 2686 pannorum

349 2683 685 2744 bonorum...
720 2683 1054 2742 Domz'nabus
1085 2686 1364 2741 Paduanis
1411 2686 1587 2738 multa
1629 2683 1844 2754 jocalia
1872 2700 2001 2738 con-

345 2759 574 2814 donavit
596 2768 646 2814 et
674 2761 1088 2829 joculatoribus
1131 2759 1337 2812 multas
1401 2761 1589 2829 vestes,
1653 2756 1846 2824 quibus
1876 2757 2006 2829 deﬁ-

349 2831 622 2886 cientibus
648 2827 850 2885 aurum
871 2836 923 2883 et
951 2834 1244 2900 argentum
1275 2843 1378 2897 pro
1421 2827 1794 2896 supplemento
1826 2828 2001 2900 largi-

348 2908 437 2956 tus
479 2912 578 2957 est.
641 2904 800 2957 Idem
833 2897 1097 2956 etiamin
1133 2900 1380 2955 Historia
1437 2899 1702 2954 orientali
1757 2897 1998 2953 obtinet.

351 2975 519 3056 Quod
561 2975 915 3056 joculatores
950 2973 1312 3056 principibus
1361 2969 1686 3056 Europaeis).
1730 2969 1786 3023 id
1824 2978 2002 3052 poetae

349 3041 578 3100 Arabici
614 3041 980 3116 principibus
1011 3041 1392 3099 orientalibus
1422 3046 1607 3116 erant.
1645 3045 1760 3116 Hos
1792 3057 1928 3111 ergo
1952 3041 2002 3116 si

351 3116 568 3172 donare
592 3112 832 3171 munere
867 3134 967 3187 pro
1008 3117 1260 3187 carmine
1292 3113 1639 3187 panegyrico
1667 3112 2004 3187 oblato_vel-

351 3187 492 3256 lent,
527 3203 673 3259 equo
705 3194 803 3244 aut
850 3183 1044 3259 pallio,
1087 3185 1241 3257 quod
1274 3183 1357 3238 illi
1389 3183 1636 3259 chattam
1683 3183 1998 3259 appellant.

2115 1982 2412 2046 venturum
2441 1989 2574 2040 esse,
2610 1975 2858 2043 perrexit
2893 1973 3116 2041 [Abbas
3179 1973 3452 2046 ccenobii]
3519 1975 3787 2046 Amatﬁn,

2116 2045 2306 2115 ibique
2331 2046 2533 2114 viginti
2561 2060 2773 2112 pannos
2811 2047 3040 2109 sericos,
3072 2060 3206 2115 quos
3258 2045 3533 2100 triblattos
3562 2045 3778 2112 vocant,

2114 2116 2333 2180 coe'mit,
2377 2127 2454 2181 ut,
2487 2115 2538 2169 si
2567 2118 2712 2185 forte
2753 2119 3129 2171 necessarium
3168 2125 3323 2180 esset,
3357 2116 3579 2172 haberet
3616 2126 3779 2185 certe,

2115 2188 2257 2258 quod
2290 2187 2409 2257 regi
2439 2187 2685 2251 donaret,
2717 2204 2818 2257 pro
2847 2188 3021 2242 tutela
3050 2186 3320 2242 videlicet
3341 2192 3393 2242 et
3425 2189 3631 2244 honore
3655 2205 3778 2244 mo-

2115 2262 2354 2313 nasterii
2385 2261 2570 2329 hujus.
2609 2264 2682 2313 De
2718 2275 2875 2313 more
2910 2258 3240 2330 principum
3278 2261 3589 2331 utriusque
3619 2261 3780 2317 orbis

2116 2331 2401 2403 etsteculi
2438 2331 2612 2386 medii
2635 2331 2906 2403 vestibus
2938 2347 3036 2385 eos
3063 2331 3348 2396 donandi,
3384 2333 3600 2403 quibus
3632 2333 3781 2389 bene

2119 2401 2350 2465 vellent,
2385 2418 2548 2470 agam
2579 2402 2647 2456 ad
2683 2418 2739 2472 p.
2781 2402 2906 2457 2‘71.

2188 2473 2263 2544 (3)
2299 2474 2505 2528 Joeatia
2567 2471 2944 2542 appellabant
2994 2472 3188 2528 medio
3221 2489 3355 2528 aevo.
3390 2471 3687 2528 Pertinent
3709 2488 3778 2530 eo

2113 2561 2278 2608 auro,
2311 2551 2548 2613 argento
2584 2549 2735 2599 facta
2758 2561 2955 2616 opera,
2986 2544 3248 2616 pyxides,
3282 2545 3771 2612 teenize,gemmm,

2116 2619 2466 2686 margaritae,
2511 2616 2722 2686 plumaa
2771 2617 2964 2670 avium
3029 2617 3312 2686 pretiosae,
3360 2631 3524 2686 arma
3556 2616 3774 2672 aii‘abre

2116 2685 2285 2750 facta,
2312 2685 2531 2752 omnia,
2558 2689 2774 2758 quibus
2812 2685 3043 2758 corpus
3069 2693 3308 2742 ornatur
3337 2692 3394 2740 et
3424 2685 3772 2758 illustratur.

2187 2761 2265 2829 (4)
2301 2760 2448 2814 Rara
2479 2757 2600 2814 haec
2633 2760 2830 2827 dictio,
2867 2757 3260 2827 mihiquidem
3298 2774 3591 2829 nusquam
3630 2757 3778 2816 alias

2113 2837 2362 2900 reperta,
2397 2836 2581 2896 notat,
2605 2832 2758 2900 quod
2797 2846 2978 2886 nexus
3010 2841 3063 2884 ei
3094 2830 3240 2884 ratio
3296 2829 3404 2885 loci
3466 2835 3774 2898 monstrat,

2117 2901 2364 2958 laborem
2395 2903 2615 2969 habent,
2651 2904 2706 2956 id
2731 2908 2820 2956 est
2851 2901 3626 2972 deputatum,commissum
3655 2918 3771 2957 suae

2114 2990 2283 3028 curae.
2321 2973 2731 3046 improbabilia
2753 2978 2817 3028 ut
2849 2974 3072 3046 accidat
3089 2975 3160 3028 ob
3184 2973 3514 3046 novitatem,
3537 2989 3771 3029 necesse

2113 3051 2221 3099 est.
2253 3046 2360 3100 Sed
2396 3045 2520 3115 ejus
2543 3047 2772 3115 generis
2798 3046 2852 3098 in
2889 3045 3158 3115 hoclibro
3193 3045 3376 3099 multa
3411 3050 3593 3111 sunt;
3626 3050 3770 3100 etne

2113 3117 2198 3170 sic
2229 3111 2466 3187 quidem
2505 3111 2725 3170 ratione
2747 3121 2921 3171 caret.
2947 3111 3212 3187 Κίνδονος
3247 3116 3412 3170 novis
3437 3116 3648 3171 Graecis
3679 3119 3770 3172 est

2111 3186 2669 3258 tormentum,p(ena,
2705 3186 3048 3257 supplicium
3087 3188 3235 3254 ;vid.
3275 3189 3577 3256 Nicephor.
3611 3187 3766 3242 Patr.

355 3256 912 3349 donaba_p_t.Item'si
943 3256 1722 3349 ii‘iajorpriiicepsr'ninogem
1761 3257 2004 3349 honqra-
2033 3285 2075 3349 ρ
2119 3260 2368 3342 Breviar.
2413 3256 2792 3349 p.'lt.et'19.
2814 3256 3037 3314 Eodem
3083 3276 3260 3349 sensu
3307 3259 3494 3342 Latini
3543 3274 3776 3349 quoque

349 3337 456 3402 ret,
494 3331 735 3402 pallium
755 3337 812 3386 et
843 3327 1428 3402 equus'mittebatur.
1451 3329 1510 3381 ln
1547 3327 1696 3402 ludis
1717 3328 2000 3402 equestri-

354 3401 463 3456 bus
494 3397 672 3457 inedii
702 3397 1292 3472 mviproponebantur
1322 3401 1476 3454 inter
1507 3397 1859 3472 lria_brabea
1895 3399 2001 3460 nri-

353 3489 516 3527 mum
549 3470 944 3528 etmaxim—um'
966 3473 1239 3544 pallium,
1265 3475 1418 3525 unde
1442 3475 1575 3524 nata
1593 3470 1778 3544 ‘dictio
1811 3486 2000 3524 cursus

353 3543 425 3599 ad
469 3545 730 3615 pallium,
764 3547 816 3598 id
853 3550 941 3599 est
966 3539 1093 3614 'pro
1136 3543 1306 3614 pallio
1333 3539 1780 3615 obtinendo,“
1811 3547 2002 3597 Mura-

349 3614 528 3670 tor.’l.
563 3633 612 3670 c.
650 3634 706 3687 p.
751 3617 876 3670 850.
913 3621 1010 3670 Est
1043 3622 1258 3679 autem,
1323 3614 1548 3687 utdixi,
1586 3614 1830 3683 pallium
1884 3630 1996 3687 non

349 3687 404 3757 id
457 3684 669 3757 solum,
714 3690 863 3757 quod
891 3688 1090 3741 stricte
1127 3687 1207 3740 sic
1239 3684 1629 3756 appellamus,
1663 3688 1756 3757 sed
1803 3685 1999 3757 omnis

353 3751 619 3827 ἀναϐολή.
653 3751 826 3814 omne
867 3759 1022 3829 quod
1085 3751 1349 3812 induitur
1375 3755 1876 3829 autgappenditur,
1912 3756 1998 3811 vel

346 3831 629 3900 injicitur,
667 3828 1012 3886 insternitur
1043 3831 1266 3900 corpori
1299 3828 1566 3899 tegendo,
1609 3829 1869 3900 fovendo,
1905 3845 1998 3881 or-

345 3899 556 3969 nando,
587 3904 758 3957 verbo
783 3903 1081 3971 suppellcx
1098 3899 1392 3965 vestiaris,
1429 3899 1822 3971 integrtetelze
1859 3915 1996 3971 pan-

351 3973 432 4040 ni,
456 3980 511 4026 et
542 3966 778 4043 quidem
807 3966 997 4029 serici.
1044 3973 1288 4027 Pallium
1343 3972 1522 4036 enim,
1554 3966 1994 4043 Ξταλλίονλοιίυά

349 4045 493 4098 nihil
527 4042 637 4109 est,
657 4061 827 4114 quam
853 4063 1063 4110 πχνιον,
1090 4061 1303 4114 pannus
1325 4060 1344 4104 ;
1377 4058 1425 4097 v.
1464 4047 1545 4095 Du
1580 4043 1771 4110 Gange
1803 4042 1995 4096 Gloss.

349 4120 596 4187 utroque
622 4113 742 4170 h.v.
761 4113 891 4171 Otto
909 4113 1295 4187 Frisingensis
1319 4115 1675 4183 opulentiam
1696 4114 1996 4184 Byzantini

347 4186 722 4251 laudaturus,
757 4189 835 4242 ibi
889 4186 1122 4243 abunde,
1168 4189 1242 4241 ait
1275 4201 1388 4241 esse
1436 4187 1563 4240 auri
1603 4187 1651 4239 et
1691 4187 1918 4256 argenti
1947 4189 1997 4240 et

347 4260 668 4326 patliorum.
705 4259 926 4314 Pariter
952 4255 1688 4329 RadulphusCadomensis
1722 4255 1775 4310 in
1811 4259 1998 4311 Gestis

348 4333 673 4386 Boamundi
697 4337 753 4386 et
781 4333 1063 4386 'l‘ancredi
1096 4328 1410 4385 introducit
1441 4328 1708 4382 Alexium
1743 4333 2000 4382 Comme-

347 4419 487 4458 nun'i
523 4405 671 4473 Imp.
708 4405 792 4458 sic
824 4403 1159 4474 loquentem
1191 4403 1250 4455 in
1295 4399 1544 4474 epistola
1580 4417 1612 4452 a
1635 4415 1696 4474 se
1719 4402 1995 4474 conficta:

344 4474 452 4529 Hic
481 4470 806 4546 [CPlijsunt
831 4470 1031 4546 pallia,
1069 4475 1160 4528 hic
1189 4470 1420 4546 aurum,
1445 4470 1534 4526 hic
1571 4471 1798 4546 caballi,
1833 4471 1931 4546 hic
1953 4481 2000 4527 te

345 4543 593 4601 omnium
624 4543 811 4601 manet
832 4543 1136 4617 afﬂuentia
1168 4545 1575 4617 thesaurorum
1604 4543 1997 4617 Joanneslllo-

347 4618 638 4712 gach‘usin
657 4614 1136 4712 VltaS.Ot.iIIQUIS‘
1167 4617 1390 4712 abbatis
1404 4614 1995 4712 EIPEE‘Oﬁt-lnsishlnll,1t
2036 4648 2081 4712 Β

338 4691 559 4745 Relictis
585 4706 827 4760 namque
849 4691 1055 4744 nativis
1079 4698 1240 4758 atque
1268 4688 1501 4760 assuetis
1527 4687 1866 4760 vestimentis
1895 4703 2002 4740 cce-

338 4771 543 4832 perunt
571 4758 791 4832 fucatas
806 4761 1037 4832 [nempe
1053 4777 1083 4816 e
1098 4776 1380 4832 purpura,
1395 4758 1498 4832 aut
1520 4763 1672 4812 certe
1685 4759 2000 4832 coloribus,

342 4829 624 4905 coloreas]
657 4829 823 4905 atque
867 4829 1052 4902 ﬂuaias
1097 4829 1181 4902 [id
1218 4829 1302 4884 est
1334 4829 1590 4905 amplas,
1615 4829 1997 4905 syrmatosas]

384 4901 625 4974 allioqué
655 4901 740 4974 [id
760 4910 847 4959 est
863 4901 1068 4974 serico]
1088 4901 1312 4958 Ornatas
1343 4901 1707 4974 circumferre
1736 4901 2000 4956 cucullas.

400 4972 721 5040 urpinusc.
753 4976 824 5028 29
863 4972 1159 5044 (apud—Du
1214 4975 1404 5040 Gange
1447 4972 1724 5037 Caietam,
1755 4989 1858 5042 pro
1889 4990 2002 5042 quo

342 5045 768 5100 restituendum
784 5053 1050 5114 care-tum,
1067 5062 1176 5100 une
1187 5047 1480 5104 charrette.
1495 5059 1682 5115 genus
1695 5044 1998 5115 vehiculi):

341 5115 573 5170 Beatum
624 5116 998 5171 Rothlandum
1028 5133 1194 5187 super
1223 5116 1360 5171 duas
1395 5113 1581 5187 mutas
1625 5121 1810 5170 careto
1833 5113 2000 5172 aureo

341 5187 673 5252 subvectum,
705 5187 905 5256 palliis
936 5186 1130 5244 tectum
1147 5188 1220 5243 ad
1249 5187 1506 5242 Blavium
1540 5186 1765 5242 Carolus
1793 5187 2002 5258 deferri

342 5261 583 5313 curavit.
627 5258 1017 5328 Luitprandus
1050 5259 1106 5314 in
1153 5260 1485 5330 Legationis
1518 5274 1636 5313 suae
1664 5261 1998 5315 narratione

344 5331 638 5402 aitimulta
663 5331 915 5402 pretiosa
947 5331 1123 5402 pallia
1153 5347 1212 5386 se
1229 5331 1697 5397 CPlicoemisse;
1733 5332 1831 5384 sed
1861 5347 1994 5386 cum

343 5401 517 5473 vellet
549 5401 603 5456 in
627 5401 852 5456 Italiam
887 5401 1138 5467 mittere,
1164 5403 1487 5473 intercepta
1520 5403 1575 5473 in
1606 5405 1730 5473 ipso
1765 5411 1926 5472 portu
1943 5410 1998 5458 et

343 5471 714 5542 imperatoris
756 5475 926 5540 jussu
990 5480 1232 5529 retracta
1289 5471 1490 5528 fuisse.
1527 5471 1814 5529 Nol'ebant
1839 5475 1994 5528 enim

343 5543 524 5599 Graeci
560 5547 630 5599 ad
655 5545 1043 5601 occidentales
1085 5543 1256 5600 luxus
1310 5545 1398 5600 sui
1433 5544 1676 5600 delicias
1708 5545 1999 5599 transmit-

346 5619 489 5688 tere.
515 5615 638 5678 Quo
684 5618 920 5680 factum,
960 5624 1040 5680 ut,
1078 5618 1339 5688 quamvis
1371 5616 1731 5681 Amallitani,
1779 5617 1996 5683 Pisani,

341 5686 671 5743 Januenses
702 5696 758 5743 et
793 5690 988 5744 Veneti
1051 5686 1182 5744 cum
1218 5689 1600 5743 orientalibus
1647 5689 1998 5743 commercia

343 5771 695 5826 exercerent,
732 5761 915 5816 serica
959 5767 1150 5816 tamen
1205 5761 1384 5814 vestis
1419 5760 1565 5813 inter
1607 5761 1913 5814 carissima
1942 5767 2000 5815 et

347 5832 651 5888 rarissima
716 5833 954 5904 EurOpae
995 5839 1205 5904 nostra:
1237 5830 1466 5904 cimelia
1508 5831 1837 5902 haberetur,
1870 5848 1996 5901 qua!

345 5904 494 5976 ipsis
527 5918 754 5974 quoque
809 5903 1262 5976 imperatoribus
1293 5903 1535 5976 dignum
1571 5919 1787 5976 munus
1818 5909 1992 5976 esset.

348 5973 434 6029 Ita
469 5990 592 6029 cum
649 5973 838 6032 rumor
861 5973 1280 6047 percrebuisset,
1315 5973 1395 6028 ait
1451 5973 1774 6029 Chronicon
1832 5975 1998 6031 Casi-

2117 3327 2426 3401 sequiores
2470 3330 2797 3402 periculum.
2827 3335 3140 3401 usurpant-
3176 3331 3320 3385 Hinc
3354 3331 3496 3401 ipsis
3526 3327 3776 3391 κίνδυνος

2112 3409 2202 3457 est
2259 3419 2450 3470 omne,
2512 3403 2665 3472 quod
2724 3419 2858 3457 cum
2919 3402 3186 3458 cruciatu
3241 3402 3619 3472 conjunctum
3653 3407 3767 3470 est,

2109 3490 2389 3540 aerumna,
2423 3475 2588 3529 labor
2617 3475 2772 3528 tmdii
2819 3473 3045 3543 plenus,
3081 3475 3376 3528 contentio
3406 3473 3761 3543 defatigans.

2110 3547 2418 3602 At‘tirmare
2467 3547 2657 3600 ausim
2720 3546 2872 3600 hanc
2924 3545 3411 3616 significationem
3466 3545 3772 3616 veteribus

2109 3617 2322 3671 Graecis
2353 3619 2856 3688 incognitamAnon
2889 3615 3091 3673 fuisse.
3126 3618 3297 3672 Sume
3331 3618 3506 3682 locos,
3551 3616 3607 3670 in
3643 3615 3776 3686 qui-

2109 3689 2215 3742 bus
2244 3683 2587 3744 vocabulum
2624 3683 2863 3747 κίνδυνος
2897 3689 3126 3759 legitur,
3147 3705 3369 3752 omnes,
3393 3693 3448 3742 et
3469 3683 3726 3757 expende
3754 3708 3769 3756 ;

2107 3760 2334 3814 videbis
2365 3777 2564 3816 eorum
2596 3759 2767 3830 longe
2793 3759 3060 3830 plurimis
3081 3760 3570 3829 significationem
3607 3759 3770 3830 labo-

2109 3832 2188 3885 ris
2220 3833 2556 3897 aerumnosi,
2583 3829 2996 3886 sollicitudinis
3040 3837 3234 3902 (prout
3265 3847 3473 3902 nempe
3527 3830 3586 3885 in
3621 3829 3764 3884 Cod.

2108 3902 2406 3958 Theod.et
2437 3903 2655 3958 Justin.
2693 3903 2925 3974 legitur)
2962 3920 3071 3957 non
3119 3904 3319 3957 minus
3379 3903 3544 3967 bene,
3579 3917 3758 3974 quam

2108 3974 2350 4044 periculi
2437 3972 2777 4045 congruere.
2853 3974 3085 4045 Diodori
3163 3975 3462 4045 Siculi__e.
3517 3990 3565 4045 c.
3607 3972 3765 4028 illud

2108 4041 2254 4099 libro
2283 4062 2440 4120 XVIII,
2475 4049 2530 4100 in
2554 4041 2698 4098 ’ﬁne
2730 4045 2906 4120 πάντα
2955 4041 3204 4120 κίνδυνον
3263 4042 3618 4120 ἀναδέχεσθαι
3653 4060 3772 4098 non

2109 4124 2296 4187 magis
2350 4118 2495 4172 hanc
2555 4133 2729 4183 quam
2790 4119 2949 4171 illam
3005 4117 3493 4186 signiﬁcationem
3537 4117 3766 4187 tolerat.

2109 4186 2283 4243 Recte
2315 4189 2486 4254 igitur
2528 4188 2686 4258 dixit
2734 4189 3003 4258 Zosimus
3064 4191 3177 4243 fine
3235 4189 3444 4258 capitis
3492 4188 3582 4252 6'2,
3618 4186 3656 4241 l.
3695 4203 3713 4240 1
3753 4204 3768 4242 :

2107 4264 2280 4332 Ἔργα
2309 4255 2714 4332 καξγγινδύνους
2749 4255 3152 4332 ἀποδείξασθαι,
3214 4255 3544 4332 ubi'dubito
3577 4263 3772 4332 recte-

2110 4323 2184 4404 ne
2224 4323 2590 4404 ’ὑποδέξασθαι
2647 4323 3026 4404 emendatum
3078 4323 3233 4404 eant.
3281 4331 3444 4385 Certe
3475 4323 3606 4404 ἔργα
3639 4328 3774 4382 ὑπο.

2110 4399 2359 4475 δέχεσθαι
2381 4399 2552 4458 nemo
2580 4402 3029 4475 unquaquixit.
3061 4403 3388 4475 Allegarem
3413 4399 3774 4475 Polyaenum,

2109 4469 2263 4546 apud
2296 4493 2469 4544 quem
2505 4493 2558 4546 p.
2596 4469 2718 4542 158,
2751 4469 3000 4532 κίνδυνος
3033 4489 3098 4530 eo
3142 4469 3356 4530 in'loco
3385 4469 3638 4546 positum
3657 4477 3772 4542 est,

2108 4545 2224 4616 quo
2249 4547 2396 4602 alius
2423 4545 2756 4617 quicunque
2787 4547 3022 4602 Graecus
3075 4547 3326 4617 scriptor
3358 4545 3613 4617 purioris
3645 4559 3772 4599 ser-

2115 4612 2304 4688 monis
2337 4612 2638 4674 studiosus
2661 4612 2806 4688 ᾆγών
2840 4612 3210 4688 adhibuisset
3237 4635 3248 4671 :
3283 4612 3374 4676 Ὡξ
3399 4612 3456 4688 δ’⁸
3477 4613 3529 4688 ἐν
3553 4613 3772 4688 ἰσχυρῷ

2114 4685 2384 4762 κινδύνῳη
2445 4683 2786 4762 ταραχωδῶς
2838 4685 3208 4762 Animadvsz
3234 4757 3247 4762 _
3283 4689 3372 4762 καὶ
3419 4683 3538 4762 ’διᾶ-
3580 4683 3776 4762 viges}.-

2116 4754 2332 4834 φεύγειν
2367 4754 2694 4833 βιασθέντες,
2753 4754 3073 4814 ἀπέὗαλλον
3116 4757 3323 4815 πολλοὶ
3377 4758 3473 4820 τὰς
3515 4754 3777 4834 itania“,

2113 4831 2278 4887 multi
2318 4831 2599 4901 jacturam
2657 4837 2938 4887 scutorum
2983 4834 3249 4900 fecerant,
3284 4841 3341 4887 ut
3379 4834 3438 4885 in
3470 4831 3779 4886 vehementi

2114 4905 2261 4959 lucta
2291 4904 2400 4974 (vel
2434 4905 2817 4974 contentione),
2841 4907 2891 4959 et
2932 4903 3134 4959 invecti
3163 4920 3289 4959 cum
3324 4904 3591 4968 tumultu,
3621 4917 3780 4974 coac-

2113 4976 2262 5048 tique
2280 4991 2380 5046 per
2408 4973 2854 5048 noctemﬂfugere.
2899 4974 3008 5030 Sed
3040 4975 3194 5048 absit
3224 4993 3257 5030 a
3281 4991 3395 5042 me,
3429 4979 3493 5029 ut
3522 4973 3774 5048 scripto-

2113 5044 2230 5102 rem
2266 5044 2385 5101 tam
2430 5044 2776 5113 infantilem,
2840 5053 2961 5101 tam
2996 5047 3235 5115 anilem,
3278 5051 3400 5101 tam
3457 5044 3681 5116 judicio
3711 5051 3772 5098 et

2111 5119 2446 5189 eloquentia
2484 5117 2648 5190 omni
2693 5133 2950 5185 cassum,
2998 5119 3187 5190 ipsius
3234 5120 3450 5173 intimae
3480 5123 3539 5190 et
3571 5117 3768 5190 ferrem

2111 5188 2438 5246 Graicitatis
2465 5188 2740 5258 dedecus,
2771 5195 2934 5244 aetate
2965 5188 3238 5261 argentea
3261 5190 3369 5258 (sic
3401 5189 3554 5243 enim
3575 5189 3769 5261 Anto-

2111 5265 2386 5317 ninorum
2445 5261 2729 5333 aequalem
2776 5260 3092 5333 appellant)
3125 5264 3367 5331 dignum
3416 5260 3777 5316 existimem.

2107 5335 2284 5400 Quem
2309 5350 2412 5406 nos
2443 5332 2732 5388 habemus
2755 5332 3114 5406 Polyaenum,
3148 5335 3355 5404 exejus
3408 5335 3778 5406 commenta-

2110 5407 2214 5460 riis
2238 5421 2373 5461 cum
2398 5404 2612 5460 insutis
2641 5406 2763 5460 suis
2795 5403 3146 5460 commentis
3167 5403 3362 5473 nugax
3391 5403 3604 5472 aliquis
3628 5403 3779 5457 Gra-

2111 5478 2280 5532 culus
2312 5477 2759 5532 consarcinavit.
2780 5476 2839 5531 In
2856 5476 3186 5548 Thucydide
3202 5479 3397 5531 videor
3420 5473 3563 5548 mihi
3584 5473 3776 5548 signi-

2110 5549 2345 5604 ﬁcatum
2391 5551 2660 5604 eumdem
2730 5546 3238 5617 vocabuli'huius
3287 5546 3774 5617 deprehendisse,

2108 5620 2238 5676 scil.
2275 5621 2369 5691 III,
2407 5621 2473 5675 14
2507 5638 2528 5691 εγ
2558 5621 2651 5688 Μὴ
2685 5619 3111 5691 πρόησθξᾼὴμᾷς
3148 5612 3302 5672 νῖ¹διον
3340 5612 3438 5691 μὲν
3467 5616 3560 5671 τὸν
3589 5612 3776 5670 κίνδυὲ

2109 5712 2196 5744 νον
2225 5689 2334 5745 τῶν
2360 5684 2650 5762 ’σωμάτων
2683 5684 3234 5762 παραϐαλλομένους,
3295 5684 3396 5762 qui
3423 5690 3590 5762 lqcus
3650 5705 3772 5746 non

2107 5766 2273 5820 video
2317 5781 2430 5834 qua
2461 5757 2685 5818 ratione
2733 5757 2944 5832 exponi
3007 5757 3348 5833 queat,'nisi
3378 5757 3624 5815 κίνδυνον
3660 5776 3767 5832 pro

2107 5835 2261 5906 πόνῳ
2293 5836 2546 5906 accipias
2581 5850 2594 5889 :
2628 5837 2870 5889 nesim‘te
2898 5849 2994 5889 nos
3019 5835 3269 5892 laborem
3299 5843 3619 5892 nostrorum
3643 5846 3775 5889 cor-

2105 5905 2299 5977 p0rum
2333 5905 2647 5960 discrimini
2690 5921 2985 5978 exponere.
