4104 6376
332 386 443 446 741

1178 388 1280 448 DE
1324 387 1774 451 CERIMONIIS
1818 388 2053 452 AULE
2095 388 2569 453 BYZANTINE
2613 389 2758 450 LIB.
2808 388 2855 450 Ι.

3617 394 3737 457 742

331 519 417 574 καὶ
464 515 669 595 γίνεται
730 517 909 574 αὐτῶν
959 513 1301 592 διατίμησις,
1349 518 1442 574 καὶ
1482 517 1565 575 δεῖ
1609 519 1739 583 τοὺς
1787 522 2008 594 βεστο-⁴

2089 522 2443 581 chartulario
2475 522 2535 579 in
2567 521 2832 579 cubiculo
2877 536 3073 578 coram
3122 522 3493 596 imperatore.
3538 528 3740 599 prius-

331 609 619 686 σακράνους
705 610 807 678 τὴν
906 606 1224 683 διατίμησιν
1311 615 1419 665 τῶν
1510 608 1701 687 δώρων
1776 611 1976 675 εὐθέως

328 700 537 776 ἀγαγεῖν
595 704 677 772 τῷ
731 699 1037 776 μαγίστρῳ,
1069 697 1210 755 ὥστε
1261 697 1453 755 εἰδέναι
1508 701 1694 770 αὐτὸν,
1724 700 1779 756 τί
1837 701 1977 757 ἐστιν

329 788 385 843 τὸ
412 789 796 863 προσενεχθὲν,
829 789 918 844 καὶ
978 786 1029 843 ἐν
1072 793 1248 863 καιρῷ
1299 787 1611 865 ἀντιδώρων
1663 791 1974 864 ὑπομνῆσαι

325 876 408 932 τὸν
471 876 722 953 βασιλέα,
771 878 822 932 τί
884 878 995 954 χρὴ
1046 877 1207 933 αὐτὸν
1264 878 1597 954 ἀντιπέμψαι
1664 876 1753 935 διὰ
1822 877 1972 935 ἰδίων

324 961 681 1041 πρεσϐευτῶν.
714 972 831 1021 Τῶν
878 964 1073 1042 δώρων
1134 965 1226 1022 οὗν
1280 968 1773 1043 προσενεχθέντων,
1827 968 1975 1044 λέγει

325 1055 633 1130 ὁβασιλεὺς
686 1060 765 1128 τῷ
815 1052 1027 1132 πρὲσόῃ
1054 1077 1066 1090 ·
1098 1081 1125 1109 ‹‹
1165 1057 1487 1126 ’Ᾱνάκτησαι
1545 1058 1739 1114 σαυτὸν
1787 1057 1976 1134 ὀλίγας

320 1144 544 1221 ἡμέρας,
595 1145 684 1201 καὶ
752 1144 807 1201 εἷ’
843 1168 895 1201 τι
953 1140 1162 1223 ἔχομεν
1226 1145 1490 1217 λαλῆσαι,
1545 1144 1844 1221 λαλοῦμεν,
1883 1152 1974 1203 καί

324 1236 447 1308 μετὰ
484 1233 663 1290 καλοῦ
711 1232 1027 1309 ἀπολύομέν
1074 1257 1131 1291 σε
1160 1236 1303 1311 πρὸς,
1327 1237 1418 1291 τὸν
1450 1234 1687 1314 ἀδελφὸν
1724 1240 1907 1311 ἡμῶν.
1947 1262 1974 1289 ››

321 1325 414 1381 Καὶ
468 1324 787 1399 εὐχαριστεῖ
819 1325 847 1379 6
878 1319 1120 1397 πρὲσὸης
1176 1325 1267 1380 καὶ
1324 1332 1641 1401 προσκυνεῖ,
1671 1326 1760 1381 καὶ
1807 1324 1971 1381 πάλιν

322 1414 614 1486 προσκυνεῖ
661 1413 737 1476 εἷς
795 1414 921 1475 τοὺς
977 1412 1174 1476 αὐτοὺς
1224 1414 1449 1485 τόπους,
1508 1415 1600 1470 καὶ
1670 1416 1974 1491 ἀναχωρεῖ,

324 1504 409 1558 Καὶ
459 1502 596 1556 ἐπὰν
645 1501 901 1576 χαλασθῇ
962 1503 1024 1558 τὸ
1088 1501 1531 1578 βῆλον,“ίσταται
1564 1506 1592 1559 ὁ
1656 1502 1972 1580 δικουρίων,

318 1590 399 1645 καὶ
453 1591 690 1647 κιττεύει
741 1593 769 1648 6
806 1592 1110 1669 μάγιστρος
1142 1617 1170 1645 ‹‹
1216 1600 1490 1670 Στρανφερ
1545 1596 1613 1665 ²²,
1644 1596 1745 1668 (5),
1790 1620 1817 1646 ››
1883 1595 1973 1649 καὶ

320 1676 578 1755 λαμϐάνει
633 1683 761 1745 τοὺς
810 1682 1087 1757 ἀρμάτους
1146 1681 1502 1747 κανδιδάτοος
1574 1686 1601 1739 6
1660 1682 1973 1760 δικουρέων,

317 1771 397 1825 καὶ
452 1766 716 1826 ἐκϐάλλει
802 1771 880 1835 εἷς
968 1772 1032 1828 τὸ
1122 1773 1315 1849 μικρὸν
1399 1774 1824 1851 κονσιστώριον.
1871 1774 1973 1831 Καὶ

320 1858 428 1914 τότε
502 1859 779 1915 ἀνίσταται
840 1860 867 1915 6
929 1859 1211 1935 βασιλεὺς,
1274 1863 1363 1916 καὶ
1441 1862 1505 1918 τὰ
1558 1863 1729 1918 λοιπὰ
1798 1864 1972 1919 πάντα

326 1947 513 2023 γίνεται
575 1951 713 2004 κατᾶ
767 1949 830 2005 τὸ
899 1947 1038 2012 ἔθος.
1072 1951 1189 2026 Χρή
1226 1948 1283 2005 δὲ
1311 1951 1404 2005 τὸν
1450 1946 1786 2025 πρεσϐευτήν
1820 1954 1969 2007 κάτω

323 2036 589 2112 ἀναμεῖναι
646 2038 724 2100 εἷς
773 2040 871 2109 τὴν
932 2037 1146 2115 σχολήν
1198 2045 1294 2094 τοῦ
1348 2040 1670 2115 μαγίστρου,
1730 2042 1821 2095 καὶ
1878 2042 1969 2096 τὸν

327 2128 603 2205 μάγιστρον
669 2128 952 2194 κατελθεῖν
1020 2130 1111 2184 καὶ
1191 2132 1543 2201 συντάξασθαι
1640 2132 1787 2204 αὐτῷ
1873 2133 1963 2187 καὶ

328 2216 605 2276 ἀπολῦσαι.

2090 629 2262 686 quam
2292 613 2342 669 is
2362 612 2422 669 in
2445 612 2859 668 consistorium
2883 612 3251 685 egrediatur;
3278 614 3524 671 alterum
3547 622 3738 673 autem

2082 702 2374 775 exemplar
2407 702 2560 758 286
2594 706 2832 757 exarant
2890 706 3122 757 tantum
3176 708 3239 757 ut
3287 704 3593 775 pittacium
3638 716 3739 764 aut

2085 792 2449 863 schedulam,
2469 809 2645 865 quam
2663 792 2940 864 magistro
2960 794 3196 848 tradunt
3211 795 3504 850 memoria:
3522 800 3706 867 gratia
3720 838 3734 852 .

2083 882 2191 937 Sed
2224 889 2281 938 et
2321 884 2685 937 tertiocerius
2733 881 3067 952 exemplum
3118 882 3411 938 citationis
3452 886 3653 951 sumit,
3677 892 3734 943 et

2085 976 2248 1026 stans
2269 976 2421 1027 retro
2448 972 2799 1043 magistrum
2835 972 3281 1027 commonefacit
3302 971 3493 1042 ipsum
3515 976 3584 1028 de
3608 991 3735 1044 pro-

2084 1062 2409 1117 nuntianda
2438 1061 2732 1127 citatione,
2767 1063 2999 1132 quando
3022 1066 3253 1132 tempus
3277 1062 3473 1117 instat.
3500 1062 3633 1119 Post
3655 1067 3741 1119 ci-

2084 1150 2359 1206 tationem
2393 1151 2587 1221 itaque
2618 1150 2883 1223 magistri
2912 1151 3091 1206 intrat
3123 1153 3359 1207 decurio
3401 1151 3459 1205 in
3493 1169 3737 1223 parvum

2083 1241 2904 1311 consistorium,sumptosque
2918 1256 3115 1295 secum
3133 1246 3383 1296 armatos
3397 1242 3738 1299 candidatos

2084 1329 2244 1385 illinc
2275 1329 2533 1385 educens
2566 1329 2883 1384 introducit
2915 1328 2999 1399 [in
3040 1330 3346 1400 magnum]
3392 1335 3448 1386 et
3496 1331 3738 1387 collocat

2084 1419 2399 1489 dextraque
2439 1418 2793 1489 sinistraque
2819 1434 3011 1472 coram
3041 1419 3377 1489 proceribus
3411 1420 3671 1490 proxime
3703 1436 3737 1474 a

2082 1508 2519 1564 consularibus.
2556 1507 2679 1571 Quo
2715 1509 2862 1562 facto
2887 1507 3003 1562 exit
3035 1523 3261 1574 rursus,
3290 1508 3614 1580 vidensque
3646 1527 3737 1580 pav

2083 1605 2275 1653 ratum
2333 1614 2460 1652 esse
2519 1596 2800 1667 legatum,
2861 1596 3118 1651 clamat:
3178 1618 3206 1645 κ
3243 1597 3402 1664 Leva,
3444 1618 3470 1647 »
3532 1597 3588 1652 id
3648 1601 3740 1654 est

2087 1707 2114 1736 ‹‹
2147 1685 2283 1741 tolle
2314 1707 2342 1733 »
2376 1684 2624 1757 [scilicet
2654 1683 2750 1756 te].
2788 1684 2926 1739 Velo
2965 1685 3035 1739 ad
3074 1685 3193 1739 haec
3242 1701 3481 1741 sursum
3529 1686 3735 1754 levato,

2082 1779 2398 1847 prosternit
2430 1792 2489 1829 se
2520 1775 2743 1845 legatus
2774 1778 2936 1829 extra
2966 1774 3401 1841 consistorium,
3437 1774 3496 1829 in
3520 1778 3733 1832 terram

2083 1865 2186 1931 ibi,
2224 1864 2318 1918 ubi
2343 1864 2634 1918 rotundus
2667 1862 3113 1934 porphyreticus
3140 1864 3283 1934 lapis
3317 1865 3372 1917 in
3397 1864 3735 1935 pavimento

2083 1953 2435 2024 conspicuus
2453 1957 2641 2020 jacet;
2667 1952 3090 2022 Dominumque
3113 1953 3339 2019 adorat,
3361 1954 3732 2024 eoquefacto,

2079 2043 2349 2113 resurgit.
2400 2040 2709 2112 Ingressus
2756 2041 2967 2094 deinde
3008 2055 3108 2110 per
3152 2040 3321 2108 fores,
3372 2042 3637 2111 protinus
3674 2058 3737 2097 se

2079 2147 2278 2188 rursus
2294 2130 2629 2201 prosternit,
2646 2129 2967 2199 aderatque
2987 2128 3298 2184 Dominum
3325 2130 3485 2184 humi
3504 2132 3734 2200 jacens,

2076 2233 2130 2277 et
2163 2219 2440 2291 resurgit.
2479 2220 2654 2273 [terat
2687 2217 2835 2273 hanc
2860 2218 3285 2273 venerationem
3319 2218 3489 2273 tertia
3522 2222 3641 2274 vice
3675 2219 3735 2274 in

325 2310 494 2365 medio
524 2310 914 2367 consistorio:
950 2328 1067 2382 qua
1098 2317 1354 2384 peracta,
1389 2313 1628 2383 propius
1686 2314 1965 2368 accedens
1995 2312 2303 2369 osculatur
2336 2312 2507 2381 pedes
2541 2309 2815 2379 Augusti,
2848 2313 2905 2363 et
2935 2310 3128 2363 adstat
3177 2325 3394 2376 coram,
3445 2311 3738 2382 traditque

334 2397 532 2457 litteras
562 2401 651 2456 sui
685 2400 1045 2472 principalis,
1078 2406 1135 2457 et
1162 2401 1411 2458 salutem
1448 2404 1787 2475 imperatori
1817 2406 1945 2473 ejus
1987 2402 2223 2458 nomine
2265 2400 2519 2455 nuntiat.
2568 2399 2734 2455 Tunc
2780 2400 3100 2470 interrogat
3163 2398 3510 2470 imperator:
3548 2421 3576 2447 ‹‹
3601 2404 3737 2455 Fra-

334 2489 409 2539 ter
426 2494 609 2544 uoster
630 2490 925 2560 quomodo
957 2489 1111 2547 valet
1142 2507 1243 2561 per
1272 2492 1518 2563 gratiam
1556 2493 1649 2547 Dei
1677 2492 1704 2546 ?
1736 2492 2027 2547 Laetamur
2049 2507 2249 2562 sospes
2275 2491 2322 2544 si
2356 2489 2527 2543 fuerit
2560 2505 2573 2555 ;
2614 2511 2635 2539 a
2675 2492 2729 2542 et
2760 2487 2874 2542 alia
2903 2488 3097 2555 verba,
3130 2504 3257 2557 qua:
3284 2488 3483 2542 animo
3512 2506 3615 2544 suo
3648 2505 3739 2544 se-

333 2590 446 2630 cum
468 2579 636 2634 volvit
662 2586 720 2634 et
747 2580 950 2651 agitat.
984 2580 1135 2635 Tum
1168 2581 1308 2636 dicit
1346 2584 1576 2653 legatus
1606 2598 1619 2636 :
1656 2604 1684 2631 ‹‹
1711 2582 1911 2637 Frater
1942 2587 2080 2637 tuus
2111 2582 2267 2636 misit
2298 2579 2402 2634 tibi
2434 2580 2609 2645 dona,
2647 2594 2775 2648 quas
2827 2593 2965 2648 rogo
3000 2577 3134 2632 velis
3185 2586 3505 2649 acceptare.
3545 2600 3573 2627 »
3614 2586 3738 2634 An-

341 2673 520 2725 nuente
565 2671 925 2741 imperatore,
966 2673 1077 2727 exit
1128 2673 1355 2745 legatus
1416 2674 1497 2743 [in
1540 2674 2131 2745 anticensistorium],
2172 2677 2226 2728 et
2284 2671 2450 2726 affert
2501 2670 2625 2741 ipse
2676 2686 2793 2725 una
2837 2685 2967 2724 cum
3018 2669 3407 2723 familiaribus
3458 2670 3579 2725 suis
3638 2670 3740 2726 illa

354 2750 644 2813 donaintus
672 2759 743 2814 ad
774 2768 1151 2831 conspectum
1185 2761 1434 2817 Domini.
1471 2762 1540 2817 Et
1569 2762 1693 2833 ipse
1742 2763 1976 2834 quidem
2020 2770 2117 2818 aut
2168 2761 2379 2833 pallam
2435 2764 2534 2815 aut
2586 2759 2895 2830 pretiosam
2943 2758 3113 2812 aliam
3176 2759 3380 2812 mundi
3432 2759 3734 2814 muliebris

353 2842 733 2912 snpellectilem
786 2858 885 2906 aut
952 2850 1106 2906 aliud
1154 2852 1565 2923 quodcunque,
1621 2853 1936 2909 dummodo
1988 2853 2189 2923 magni
2239 2856 2296 2906 et
2345 2849 2688 2905 excellentis
2730 2848 2947 2903 valoris
2996 2848 3111 2914 sit;
3146 2856 3468 2903 ceterorum
3525 2849 3738 2904 barba-

340 2945 518 2988 rorum
553 2934 750 3007 singuli
776 2940 1040 3012 singulas
1078 2941 1303 3012 species
1351 2941 1635 3011 bajulant.
1691 2943 1909 2997 Debent
1950 2949 2142 2999 autem
2198 2942 2363 3013 prius
2414 2942 2473 2994 in
2522 2938 2991 2993 anticonsistorio
3041 2953 3142 3008 per
3185 2937 3528 3007 interpretes
3574 2938 3735 2993 ordi-

327 3021 438 3075 nati
460 3023 630 3081 luisse
659 3032 827 3100 atque
861 3031 1189 3101 praeparati,
1225 3047 1451 3104 suaque
1481 3033 1731 3103 quisque
1762 3034 1990 3088 sarcina
2021 3031 2317 3097 instructi,
2352 3034 2408 3084 et
2439 3030 2656 3097 absque
2697 3043 2859 3083 mora
2890 3043 3023 3082 cum
3057 3027 3181 3082 suis
3210 3026 3483 3082 oneribus
3515 3027 3571 3081 in
3607 3044 3733 3082 ma-

319 3128 476 3181 gnum
527 3117 940 3177 consistorium
988 3121 1223 3178 intrare.
1283 3126 1509 3178 Stantes
1561 3124 1633 3178 ad
1687 3124 1986 3193 parietem,
2038 3122 2135 3193 qui
2187 3132 2269 3176 est
2318 3136 2347 3175 e
2399 3120 2631 3190 regione
2685 3117 2813 3172 solii
2881 3123 3039 3172 extra
3083 3117 3303 3179 velum,
3358 3121 3734 3188 prosternunt

320 3216 454 3273 sese,
483 3206 658 3262 simul
702 3225 768 3265 ac
800 3209 945 3265 illud
979 3213 1336 3277 sublevatur,
1375 3213 1557 3280 humi,
1590 3218 1714 3267 tum
1750 3218 2036 3284 surgunt;
2069 3217 2124 3267 et
2148 3210 2393 3283 ingressi
2430 3227 2531 3281 per
2562 3212 2813 3279 portam,
2849 3210 3229 3277 prosternunt
3270 3222 3399 3261 sese
3429 3208 3641 3261 iterum
3675 3211 3732 3262 et

318 3292 528 3350 tandem
561 3298 802 3353 tertium
827 3316 1080 3372 quoque.
1102 3300 1419 3357 Silentiarii
1440 3307 1576 3357 tunc
1600 3302 1901 3374 excipiunt
1926 3302 1996 3357 ab
2020 3302 2138 3357 illis
2155 3307 2328 3367 dona,
2358 3314 2680 3369 curamque
2700 3302 2757 3353 et
2790 3296 3053 3352 officium
3082 3295 3224 3350 illud
3274 3296 3512 3363 habent,
3542 3300 3606 3351 ut
3630 3295 3732 3351 illa

306 3386 618 3442 secundum
650 3390 1045 3460 cognitionem
1078 3407 1176 3446 seu
1207 3392 1536 3448 indiculum
1571 3410 1605 3447 a
1636 3394 1913 3465 magistro
1948 3392 2059 3448 sibi
2092 3391 2372 3447 traditum
2426 3391 2481 3445 in
2523 3393 2911 3444 vestosacram
2962 3401 3062 3441 seu
3112 3402 3342 3443 sacrum
3392 3387 3728 3441 vestiarium

300 3470 692 3545 deportentm',
736 3484 795 3534 et
843 3479 901 3534 in
954 3496 1162 3536 manus
1222 3486 1767 3538 vestosacranorum
1819 3483 2146 3538 tradantur.
2209 3480 2316 3536 Ubi
2375 3481 2763 3547 aestimantur,
2798 3478 3131 3547 debentque
3188 3476 3580 3532 vestosacrani
3639 3475 3726 3531 vel

294 3561 546 3622 officium
579 3567 726 3624 sacri
758 3570 1013 3627 vestiarii
1072 3572 1341 3644 protinus
1371 3589 1500 3629 eam
1548 3574 1837 3629 donorum
1887 3574 2330 3630 aestimationem
2379 3572 2438 3626 in
2491 3570 2709 3643 scripto
2760 3569 3033 3641 magistro
3084 3567 3376 3637 exhibere,
3419 3584 3533 3635 quo
3579 3566 3727 3623 sciat

289 3650 399 3722 ille,
439 3656 587 3729 quid
623 3675 936 3715 munerum
967 3665 1025 3717 et
1068 3664 1275 3734 quanti
1307 3663 1475 3734 pretii
1522 3662 1750 3735 legatus
1798 3666 2078 3735 attulerit,
2112 3665 2409 3735 possitque
2454 3661 2788 3733 imperatori
2843 3664 2972 3731 ejus
3022 3659 3104 3714 rei
3160 3660 3507 3715 memoriam
3559 3674 3726 3714 reno-

288 3757 409 3800 vare
448 3763 573 3819 quo
603 3753 860 3821 tempore
890 3750 1005 3806 alia
1035 3752 1188 3808 dona
1212 3754 1269 3808 in
1320 3754 1567 3809 istorum
1610 3754 2148 3825 compensationem
2193 3754 2582 3825 comparanda
2639 3757 2697 3807 et
2734 3767 2868 3805 cum
2914 3748 3279 3806 nostratibus
3330 3748 3538 3819 legatis
3588 3748 3729 3803 illuc

289 3836 643 3893 remittenda
672 3844 832 3896 sunt.
866 3840 1044 3896 Donis
1075 3842 1134 3897 in
1168 3841 1325 3897 hunc
1359 3843 1595 3899 modum
1656 3844 1952 3911 exhibitis,
2002 3844 2264 3900 hortatur
2322 3844 2636 3912 imperator
2686 3839 2943 3910 legatum
3003 3838 3150 3893 237
3190 3837 3284 3891 his
3331 3836 3561 3892 verbis:
3598 3856 3623 3887 ct
3657 3836 3720 3891 In

288 3926 603 3993 praesentia
633 3928 871 3998 quidem
909 3929 1026 3998 abi,
1061 3935 1193 4002 post
1242 3932 1577 4003 interiectos
1614 3950 1829 4005 paucos
1873 3933 1997 3988 dies
2029 3949 2232 3987 rursus
2266 3931 2339 3986 ad
2372 3929 2731 3999 colloquium
2792 3928 2861 3981 de
2910 3926 3083 3981 rebus
3128 3924 3473 3981 necessariis
3513 3940 3721 3981 vocan—

284 4013 406 4082 dus,
438 4017 835 4089 honestisque
867 4020 1146 4077 omnibus
1174 4022 1363 4078 modis
1395 4024 1465 4078 ad
1502 4024 1741 4078 fratrem
1777 4029 2041 4079 nostrum
2071 4022 2480 4077 remittendus.
2516 4021 2741 4073 Interea
2772 4017 2967 4087 quiete
3006 4021 3062 4071 te
3113 4032 3328 4084 recrea,
3364 4020 3718 4088 tempusque

282 4101 551 4163 hilariter
582 4111 861 4179 transtge.
904 4130 932 4158 »
964 4109 1048 4165 Ad
1092 4110 1214 4166 haec
1245 4111 1465 4182 gratias
1499 4114 1621 4184 agit
1662 4113 1908 4185 legatus,
1941 4118 1999 4167 et
2030 4112 2233 4166 adorat
2263 4110 2443 4165 semel
2491 4113 2663 4178 atque
2697 4109 2905 4162 iterum
2940 4106 3149 4161 iisdem
3184 4106 3240 4160 in
3279 4106 3439 4174 locis,
3474 4108 3532 4160 in
3583 4106 3715 4178 qui-

279 4192 383 4251 bus
414 4198 472 4251 id
530 4200 702 4252 antea
731 4198 945 4254 fecerat
991 4201 1298 4269 accedens,
1330 4206 1387 4257 et
1415 4203 1501 4257 sic
1558 4203 1698 4257 abit.
1736 4203 1946 4257 Laxato
1978 4208 2101 4257 tum
2164 4199 2533 4269 demisseque
2564 4196 2709 4265 velo,
2753 4196 3013 4268 procedit
3061 4194 3294 4251 decurio
3343 4198 3402 4251 in
3463 4196 3717 4251 medium

280 4283 726 4353 consistorium,
757 4284 1010 4357 citatque
1040 4303 1143 4343 seu
1175 4289 1391 4344 clamat
1429 4292 1803 4362 magisterzu
1853 4291 2130 4345 Transfer.
2188 4311 2217 4337 »
2260 4289 2382 4353 Quo
2424 4286 2625 4341 audito
2673 4284 2905 4339 decurio
2950 4288 3205 4339 armatos
3240 4284 3589 4339 candidatos
3633 4298 3720 4338 se-

278 4385 402 4426 cum
436 4372 503 4429 in
546 4390 790 4444 parvum
821 4377 1241 4434 consistorium
1274 4381 1569 4437 transfert.
1609 4382 1811 4453 Surgit
1842 4386 1969 4436 tum
2002 4379 2339 4449 imperator,
2363 4381 2688 4446 ceteraque
2730 4374 2880 4429 ﬁunt
2931 4390 3032 4445 pro
3065 4379 3344 4427 consueto
3392 4387 3572 4427 more.
3608 4372 3720 4427 Le-

274 4467 443 4531 gatus
473 4465 709 4521 interea
739 4463 908 4521 debet
940 4466 1089 4522 infra
1121 4467 1203 4539 [id
1233 4473 1323 4524 est
1352 4469 1509 4540 apud
1542 4470 1847 4526 introitum
1900 4469 2122 4543 palatii]
2156 4470 2213 4524 in
2265 4466 2465 4524 schola
2506 4466 2771 4538 magistri
2818 4465 3165 4535 magistrum
3217 4467 3573 4535 exspectare,
3607 4463 3719 4519 do-

275 4566 373 4608 nec
400 4554 504 4611 hic
542 4554 595 4622 [e
626 4555 864 4627 palatio]
896 4556 1208 4615 descendat
1235 4559 1468 4632 ipsique
1498 4561 1623 4618 vale
1654 4561 1831 4631 dicat,
1864 4566 1921 4618 et
1946 4561 2027 4617 sic
2050 4561 2293 4618 domum
2327 4574 2459 4615 eum
2491 4557 2771 4613 dimittat.

925 4673 1301 4750 KscAA.tz

270 4756 405 4814 Ὅσα
446 4756 544 4813 δεῖ
574 4757 628 4813 ἐν
654 4764 776 4822 ταῖς
806 4758 1007 4823 ἄλλαις
1046 4763 1294 4840 ἡμέραις,
1330 4763 1420 4819 ἐπὶ
1465 4768 1563 4821 τοῦ
1610 4759 1944 4840 πρεσϐευτοῦ

849 4835 1360 4911 παραφυλάττεσθαι
1372 4880 1384 4893 .

338 4918 631 4993 Ἐντυχὼν
663 4925 781 4984 τοῖς
818 4922 1135 4997 γράμμασιν
1188 4925 1215 4978 ὁ
1275 4923 1549 5000 βασιλεὺς,
1602 4926 1691 4983 ὅτε
1744 4927 1945 5003 βούλε-

266 5028 376 5075 ται,
429 5006 719 5083 επιτρὲπει
783 5016 865 5083 τῷ
918 5012 1199 5088 μαγίστρῳ
1258 5011 1507 5085 δηλῶσαι
1551 5017 1631 5089 τῷ
1680 5011 1944 5092 πρεσϐευ-

2695 4671 2928 4729 CAPUT
2971 4674 3077 4729 XC.

2056 4770 2132 4823 De
2164 4768 2260 4835 iis,
2283 4772 2642 4839 quaeror-tet
2666 4780 2765 4839 per
2802 4772 3003 4839 ceteros
3050 4762 3188 4839 dies,
3234 4778 3372 4833 quos
3406 4763 3614 4839 tegulas
3652 4761 3713 4816 in

2324 4834 2775 4906 Urbe’lransi'git,
2806 4838 2955 4891 circa
2984 4850 3108 4890 eum
3134 4834 3442 4891 observari.

2128 4928 2443 5000 Postquam
2476 4926 2561 4982 sic
2594 4931 2797 4981 nactus
2838 4929 2927 4981 est
2975 4924 3290 4995 imperator
3340 4922 3705 4995 perlegitque

2059 5018 2236 5074 Persas
2267 5017 2515 5084 litteras,
2556 5016 2807 5087 imperat
2847 5014 3084 5086 quando
3132 5014 3247 5085 ipsi
3298 5013 3554 5081 libuerit,
3589 5029 3719 5070 ma-

1646 5173 1886 5231 VARIIE
1928 5173 2347 5232 LECTIONES.

338 5299 388 5335 π
423 5300 635 5359 ΣΧΟΛ.
672 5304 958 5379 μεταφερε.

1349 5475 1551 5534 JOAN.
1584 5476 1727 5533 JAC.
1763 5476 2025 5533 REISKII
2053 5474 2654 5534 COMMENTARIUS.

341 5615 430 5697 (.5)-
468 5615 555 5668 Ita
589 5615 959 5700 membrana,
994 5620 1144 5700 quod
1174 5634 1245 5700 eo
1292 5637 1523 5700 moneo,
1558 5639 1630 5700 n_e
1668 5627 1940 5700 typogra-

274 5685 474 5760 pbicis
527 5685 732 5760 oper_i_s_
753 5687 955 5744 vitium
1008 5685 1344 5760 imputetur.
1394 5685 1531 5748 Mira
1582 5685 1942 5751 inest-novis

272 5754 508 5811 Grmcil
534 5762 589 5812 et
622 5756 871 5816 ridicula
903 5754 1167 5818 scaevitas
1197 5764 1313 5819 oris
1348 5764 1406 5820 in
1438 5766 1752 5823 efferendis
1782 5782 1942 5839 pere-

2054 5624 2237 5693 grinis
2269 5622 2593 5679 vocabulis.
2620 5623 3028 5693 Transponere
3053 5622 3277 5675 litteras
3309 5616 3709 5693 detestabilem

2054 5687 2111 5751 in
2148 5699 2385 5751 modum
2420 5695 2629 5751 solent.
2660 5687 2830 5749 Recte
2859 5700 3051 5749 tamen
3083 5694 3229 5747 infra
3255 5709 3308 5762 p.
3342 5690 3466 5755 404,
3501 5687 3710 5757 legitur

2053 5765 2341 5839 Transfer.
