4104 6384
357 364 472 427 ’147

1431 368 1952 431 CONSTANTINI
2002 370 2692 432 PORPHYBOGENITI

3653 371 3772 432 748

357 502 792 571 comitatenses]
815 511 868 556 et
899 501 1150 573 denique
1170 501 1406 569 milites,
1430 519 1608 574 quam
1639 503 1816 559 etiam
1861 508 2002 559 Ana-

2121 501 2326 580 σχολαὶ
2356 502 2444 557 καὶ
2473 504 2524 556 οἱ
2556 507 2904 576 στρατιῶται,
2927 507 3088 559 τοῦτο
3121 500 3179 558 δὶ
3203 505 3294 558 καὶ
3318 504 3636 568 Ἀνατόλιος
3657 509 3772 581 (14)

356 590 554 658 ῒοίἱση,
579 596 706 646 tum
729 590 1202 661 archiepiscopus
1215 591 1925 664 Constantinopolitanus,
1949 598 2007 649 et

353 680 634 736 Martialis
685 681 1003 751 magister;
1037 679 1369 752 labarisque
1417 687 1471 737 et
1502 683 1682 752 signis
1727 681 2004 752 humija-

355 769 644 838 cantibus,
704 770 1064 840 incipiebant
1119 786 1324 826 omnes
1377 771 1631 826 clamare
1676 788 1688 825 :
1751 794 1778 821 ‹‹
1833 772 2004 839 Audi,

355 864 535 928 Deus,
577 869 630 917 te
677 878 969 930 rogamus.
1006 861 1244 926 Exaudi,
1295 877 1327 915 ο
1364 862 1549 928 Deus;
1585 861 1788 916 Leonis
1826 862 2004 917 vitam

355 951 614 1022 indulge.
652 950 794 1006 Audi
822 967 855 1006 ο
887 950 1037 1005 Deus
1067 968 1080 1016 ;
1115 949 1225 1006 Leo
1255 949 1519 1021 imperet.
1554 949 1598 1004 Ο
1630 951 1780 1005 Deus
1812 949 2004 1005 homi-

357 1043 534 1098 nibus
569 1041 856 1110 benigne;
900 1040 1148 1094 Leonem
1181 1040 1590 1109 imperatorem
1637 1055 1724 1094 res
1770 1039 2006 1110 publica

355 1131 610 1201 ﬂagitat;
645 1131 931 1187 exercitus
983 1130 1228 1185 Leonem
1283 1129 1687 1200 imperatorem
1740 1129 2002 1199 ﬂagitat;

355 1220 607 1277 Leonem
649 1220 966 1292 respiciunt
998 1219 1154 1291 leges
1181 1235 1194 1284 ;
1233 1218 1480 1274 Leonem
1513 1222 1812 1289 exspectat
1845 1218 2003 1290 pala-

353 1309 528 1364 tium.
562 1308 692 1364 Haac
738 1315 877 1364 sunt
915 1316 1043 1364 vota
1093 1307 1329 1377 palatii:
1382 1307 1468 1360 ha:
1519 1311 1656 1362 sunt
1706 1307 2004 1378 supplica-

356 1398 544 1454 tiones
573 1403 931 1463 castrorum;
956 1397 1074 1452 haec
1097 1405 1232 1452 sunt
1254 1397 1544 1452 desideria
1575 1402 1818 1452 senatus
1845 1413 1859 1464 ;
1884 1396 2004 1452 hec

355 1491 492 1542 sunt
524 1494 654 1542 vota
704 1486 923 1558 pupuli.
959 1487 1206 1542 Leonem
1240 1486 1400 1540 orbis
1447 1490 1733 1540 terrarum
1765 1501 2004 1557 exspec-

353 1581 476 1646 tat;
513 1578 762 1632 Leonem
795 1576 1084 1632 exercitus
1101 1581 1418 1646 exspectat.
1449 1577 1771 1631 Commune
1802 1576 2001 1641 decus,

354 1667 492 1732 Leo,
523 1667 733 1722 veniat.
759 1667 1080 1721 Commune
1103 1667 1342 1733 bonum,
1371 1666 1495 1730 Leo,
1518 1669 1736 1736 regnet.
1766 1665 2000 1732 Exaudi,

352 1773 385 1812 ο
429 1756 605 1824 Deus,
667 1764 718 1811 te
771 1771 1065 1828 rogamus.
1101 1777 1129 1805 ››
1179 1755 1246 1809 Ει
1297 1755 1558 1824 protinus
1605 1755 2002 1810 adducebatur

348 1849 481 1914 Leo,
507 1848 606 1918 qui
629 1849 768 1901 tunc
802 1861 995 1900 comes
1023 1849 1078 1899 et
1099 1844 1368 1899 tribunus
1393 1843 1814 1899 Mattiariorum
1855 1848 1996 1907 erat.

349 1935 520 2004 eique
552 1935 610 1988 in
634 1934 890 1990 tribunal
913 1933 1430 2003 enisoimponebat
1454 1932 1740 2004 Busalgus
1772 1933 1996 2004 campi-

349 2023 556 2078 ductor
598 2028 863 2093 torquem
924 2039 1100 2094 super
1146 2027 1376 2092 caput;
1449 2022 1602 2078 239
1662 2022 1999 2094 imponebat

352 2113 530 2168 etiam
562 2111 747 2167 alium
767 2117 1036 2183 torquem
1055 2111 1381 2182 Olympius,
1413 2115 1470 2166 et
1499 2111 1550 2167 is
1581 2127 1816 2182 quoque
1845 2127 1998 2168 cam-

2029 1892 2076 1958 Β

2119 593 2147 646 6
2211 591 2646 668 ἀρχιεπίσγοπος
2707 591 3358 664 Κωνσταντινουπόλεως,
3429 594 3772 671 Μαρτιαλίου

2116 681 2270 744 ὄντος
2332 683 2654 756 μαγίστρου·
2717 682 2807 738 καὶ
2857 686 2964 737 τῶν
3025 678 3280 758 λαϐάρων
3308 684 3397 738 καὶ
3426 689 3535 739 τῶν
3568 685 3769 759 σίγνων

2115 770 2198 826 ἐπ’
2231 769 2460 850 ἐδάφους
2515 773 2780 844 κειμένων
2839 775 2973 844 (15),
3031 771 3263 846 ἤρξαντο
3306 775 3504 837 πάντες
3553 777 3770 852 κράζειν

2116 859 2308 923 οὕτως·
2385 885 2412 913 (ι
2482 860 2830 931 Εἶσάκουσον,
2897 862 2925 915 6
2993 862 3145 930 Θεὸς,
3206 864 3262 918 σὲ
3323 863 3770 940 παρακαλοῦμεν.

2115 949 2474 1014 Ἐπάκουσον,
2507 951 2535 1005 6
2566 949 2716 1011 Θεός’
2752 953 2942 1006 Λὲοντι
2980 954 3116 1022 ζωή.
3151 952 3502 1023 Εἶσάκουσον,
3536 955 3564 1009 6
3615 955 3766 1017 Θεός·

2114 1037 2262 1093 Κέων
2316 1037 2646 1112 βασιλεύσει,
2715 1041 2810 1094 est
2851 1038 3228 1116 φιλάνθρωπε,
3288 1043 3490 1098 Λέοντα
3541 1044 3772 1120 βασιλέα

2111 1127 2174 1180 τὸ
2231 1133 2460 1201 πρᾶγμα
2496 1128 2559 1182 τὸ
2593 1124 2862 1200 δημόσιον
2912 1128 3070 1184 αἰτεῖ·
3105 1130 3134 1184 6
3166 1131 3394 1204 στρατὸς
3427 1133 3638 1188 Λὲοντα
3671 1136 3771 1208 βα-

2114 1215 2271 1272 σιλέα
2319 1218 2477 1273 αἰτεῖ·
2511 1217 2720 1274 Κέοντα
2768 1220 2819 1273 οἱ
2877 1218 3040 1293 νόμοι
3088 1217 3424 1296 ἐκδέχονται⁸
3460 1224 3660 1279 Λέοντα
3705 1227 3770 1280 τὸ

2112 1304 2382 1361 παλάτιον
2439 1304 2741 1382 ἐκδέχεται·
2797 1308 2950 1363 αὗται
3002 1309 3161 1384 εὐχαὶ
3187 1314 3284 1364 τοῦ
3333 1310 3624 1368 παλατίου·
3669 1315 3770 1368 αὗ-

2112 1415 2201 1449 ται
2269 1395 2529 1466 ἐντεύξεις
2587 1401 2684 1452 τοῦ
2750 1396 3152 1474 στρατοπέδου·
3224 1400 3379 1455 αὗται
3443 1402 3605 1479 εὐχαὶ
3665 1411 3768 1474 τῆς

2113 1484 2456 1561 συγκλήτου.
2508 1486 2664 1542 αὗται
2708 1487 2867 1562 εὐχαὶ
2905 1492 3002 1542 τοῦ
3051 1486 3207 1543 λαοῦ·
3253 1489 3456 1546 Λέοντα
3488 1493 3516 1546 6
3559 1494 3767 1566 κόσμος

2113 1572 2382 1646 ἀναμένει·
2436 1575 2638 1631 Λέοντα
2687 1577 2715 1631 6
2775 1578 3006 1650 στρατὸς
3080 1575 3380 1652 ἐκδέχεται·
3450 1581 3512 1635 16
3587 1584 3764 1638 κοινὸν

2113 1663 2279 1718 καλὸν
2312 1667 2445 1736 (16),
2498 1663 2667 1735 Λέων,
2707 1663 2934 1728 ἐλθέτω·
2982 1665 3044 1720 16
3100 1668 3282 1721 κοινὸν
3336 1669 3549 1744 ἀγαθὸν,
3594 1669 3764 1738 Λέων,

2117 1750 2447 1826 βασιλεύσει·
2511 1753 2843 1824 εἰσάκουσον,
2896 1755 2924 1808 6
2956 1755 3107 1825 Θεὸς,
3142 1756 3197 1810 σὲ
3246 1758 3693 1834 παρακαλοῦμεν.
3738 1785 3766 1812 ››

2113 1842 2210 1896 Καὶ
2264 1845 2610 1918 παραχρῆμα
2669 1841 2844 1913 Λέων,
2883 1842 3064 1915 κόμης
3115 1841 3190 1898 ὥν
3215 1845 3302 1899 καὶ
3341 1843 3629 1920 τριϐοὖνος
3659 1855 3768 1906 τῶν

2110 1932 2441 2006 ματτιαρίων
2497 1933 2635 2004 (1'7),
2684 1933 2919 2006 ἠνέχθη,
2960 1932 3050 1986 καὶ
3101 1931 3425 1998 ἀνελθόντος
3472 1937 3639 1992 αὐτοῦ
3690 1937 3766 1994 εἷς

2108 2020 2171 2075 τὸ
2227 2015 2636 2095 τριϐουνάλιον,
2697 2019 3011 2096 Βοῦσαλγος
3073 2019 3504 2101 καμπιδούκτωρ
3557 2027 3769 2084 "E116-

2109 2110 2270 2178 Θηκεν
2311 2111 2428 2182 (18)
2456 2112 2524 2183 τῇ
2555 2107 2769 2185 κεφαλῇ
2801 2108 2968 2164 αὐτοῦ
3013 2110 3105 2164 τὸν
3149 2110 3424 2184 μανιάκιν,
3455 2113 3543 2168 καὶ
3593 2113 3767 2180 ἄλλος

1707 2239 1945 2296 VAHIIE
1986 2237 2404 2296 LECTlONES.

423 2351 470 2386 ³⁸
499 2347 712 2404 ΣΧΟΛ.
745 2336 1200 2416 παιδαγωγιανός.

1405 2426 1606 2482 JOAN.
1647 2426 1782 2482 JAC.
1827 2427 2089 2484 REISKII
2131 2425 2716 2484 COMMENTARIUS.

357 2531 668 2590 ϐουνάλιον.
708 2529 982 2587 Solebant
1029 2541 1238 2597 nempe
1288 2523 1558 2580 solennes
1605 2524 1663 2579 in
1714 2524 2001 2596 Campum

354 2606 758 2682 processiones
790 2604 996 2682 facere.
1017 2597 1359 2682 ’[M'aria‘nus
1376 2613 1493 2651 una
1509 2613 1654 2682 cum.
1669 2598 2003 2682 patriarcha

353 2669 758 2753 processiones
791 2669 1084 2753 solemnes
1111 2670 1171 2753 in
1217 2669 1497 2753 campum
1553 2669 1706 2750 facit.
1739 2669 2000 2753 Theopp.

351 2737 482 2823 ᾔδε’
540 2751 609 2823 94
652 2767 665 2804 ἶ
715 2739 1160 2823 Βασιᾎίσκοςμλέγ
1364 2737 1612 2823 Κάμπιθ.
1653 2737 1996 2822 ἀνηγορεῦοη

353 2812 636 2951 EaEt/teéc,
667 2817 921 2888 Theoph.
962 2833 1017 2902 p.
1058 2816 1176 2868 104.
1211 2813 1290 2868 De
1321 2828 1527 2882 campo
1561 2812 1999 2883 Martio'regum

381 2898 714 2949 ‘rancorum
747 2906 800 2944 v.
849 2888 1072 2951 Abregé
1123 2885 1194 2939 de
1253 2887 1510 2951 Mézeray
1566 2893 1604 2938 t.
1660 2885 1726 2938 ll.
1786 2885 1996 2951 p.128.

381 2885 714 2949 Francorum
747 2885 1072 2955 vabrégé
1123 2885 1194 2939 de
1253 2887 1510 2955 Mézeray
1566 2893 1604 2938 t.
1660 2885 1726 2938 ll.
1786 2885 1996 2955 p.128.

352 2965 608 3022 Reinesii
645 2962 826 3016 Varia:
861 2966 918 3014 et
949 2954 1208 3012 defensio
1250 2954 1579 3022 Vartarum,
1613 2956 1872 3010 Giornal.
1907 2954 1996 3010 dei

355 3037 622 3092 Letterati
658 3034 726 3092 ll.
763 3032 881 3086 104.
917 3031 1150 3084 Rtvmus
1177 3029 1245 3081 de
1279 3027 1568 3090 Maiumts,
1599 3027 1682 3081 Du
1717 3029 1906 3091 Gange
1930 3029 1997 3080 ad

351 3107 624 3166 Joinville
655 3105 899 3160 Dissert.
935 3101 1024 3163 1V,
1063 3118 1116 3170 p.
1153 3101 1297 3168 152]'
1325 3105 1396 3152 Ue
1430 3115 1590 3153 more
1623 3101 2000 3166 imperatores

2112 2525 2455 2608 Germanici
2481 2523 2836 2608 tribunorum
2881 2525 3372 2608 centurionumque
3400 2527 3651 2608 humeris
3680 2531 3764 2586 ci-

2111 2613 2268 2671 neres
2337 2597 2720 2671 partaoantur,
2788 2597 3173 2666 prter-edebant
3208 2597 3533 2671 hincpmpta
3599 2601 3764 2671 signa

2115 2670 2244 2742 [hoc
2265 2665 2538 2742 Cstrltfté,
2576 2665 2842 2742 purpura
2857 2676 2911 2742 et
2935 2684 3076 2742 auro
3096 2667 3386 2742 spoliata].
3420 2665 3565 2726 versi
3586 2665 3765 2742 [uices

2111 2739 2331 2796 Similis
2368 2741 2502 2794 huic
2535 2755 2661 2794 mos
2695 2739 2868 2794 medii
2903 2741 3028 2804 aevi,
3062 2740 3119 2795 in
3154 2739 3482 2798 interdictis
3530 2739 3632 2798 seu
3665 2761 3766 2800 ex-

2112 2813 2748 2868 communicationibus
2797 2811 3135 2866 denudandi
3189 2814 3417 2879 altaria,
3463 2831 3670 2871 cruces
3711 2824 3770 2872 et

2111 2884 2390 2955 reliquias
2421 2892 2759 2938 sanctorum
2793 2883 2863 2936 ad
2908 2889 3124 2955 terram
3158 2886 3482 2952 sternendi,
3515 2894 3570 2940 et
3599 2903 3764 2955 cym-

2113 2954 2246 3010 bala
2273 2957 2591 3010 invertendi
2620 2970 2634 3019 ;
2670 2957 2739 3027 de
2771 2954 2923 3024 quod
2957 2956 3072 3010 vid.
3105 2956 3187 3010 Du
3231 2956 3427 3027 Gange
3448 2973 3500 3011 ν.
3535 2954 3766 3015 Interdi-

2108 3037 2274 3082 ctum.
2311 3027 2389 3081 De
2427 3026 2804 3080 inclinatione
2853 3031 2907 3080 et
2960 3028 3340 3096 prostratione
3375 3026 3670 3084 hastarum
3703 3035 3762 3085 et

2108 3100 2413 3168 signorum
2433 3097 2671 3152 devictis
2693 3097 2954 3150 hostibus
2968 3099 3136 3152 adem
3149 3107 3370 3168 ptorum
3389 3108 3443 3156 et
3472 3101 3531 3156 in
3555 3102 3759 3156 trium-

351 3183 409 3235 in
463 3195 691 3250 campo,
740 3192 854 3231 non
908 3168 1102 3250 Romae
1159 3179 1258 3250 aut
1298 3170 1560 3250 Byzantii
1603 3175 1854 3250 tantum,
1903 3171 1998 3250 sed
2033 3171 2076 3237 C
2110 3172 2219 3238 pho
2263 3171 2676 3250 producturum
2709 3168 3015 3250 eritMini'ra
3053 3171 3262 3242 agendi
3308 3172 3473 3228 locus
3515 3175 3584 3228 ad
3631 3171 3757 3228 libri

354 3253 530 3308 etiam
559 3240 698 3305 alibi
728 3243 1177 3302 renuntiandiv.
1203 3241 1396 3298 Vales.
1422 3243 1490 3296 ad
1516 3244 1706 3296 Amm.
1743 3240 1999 3296 Marcell.

356 3342 743 3465 Quid
786 3389 894 3465 hic
954 3384 1286 3465 patriarcha
1355 3388 1463 3465 aut
1517 3383 2002 3465 archiepiscopus

352 3456 799 3534 CP‘tanus'apud
829 3456 1322 3534 renuntiationem
1355 3456 1572 3534 Leonis
1595 3457 1796 3534 egerit,
1829 3459 2005 3534 codex

353 3543 547 3592 noster
579 3527 703 3590 non'
738 3532 975 3586 indicat.
1027 3530 1192 3583 Certe
1237 3529 1410 3582 claris
1457 3527 1652 3582 verbis
1692 3543 1805 3581 non
1840 3527 2002 3594 dicit,

351 3625 481 3664 eum
519 3621 789 3661 coronam
825 3618 972 3657 novo
1003 3599 1208 3655 Caesari
1258 3599 1633 3669 imposuisse.
1667 3599 1762 3652 Ait
1809 3604 2001 3652 tamen

353 3675 902 3750 Nicephorusllist.
963 3671 1184 3750 Eccles.
1243 3669 1363 3750 κν,
1404 3672 1488 3750 15,
1533 3671 1613 3750 de
1637 3671 1822 3750 Leope
1854 3669 1999 3750 hoc:

351 3738 539 3820 Ψτςφίρ
578 3749 740 3818 κοινῇ
779 3751 879 3811 τῆς
912 3739 1530 3820 συγκλήτου-βασιλέας
1559 3738 2004 3820 Ῥωιμαίέυνλάνα-

349 3805 636 3895 γορέύέται
690 3805 786 3870 τὀὖ
823 3805 1183 3895 ξπατρίαρχου
1240 3805 1563 3867 ’Ᾰνατολίου
1629 3805 1735 3895 16“
1759 3808 2002 3895 διᾶδᾎαα

350 3885 720 3964 ἇτεριτιθέντος
779 3885 961 3958 αὐτῷ(
996 3885 1126 3941 Vidi
1205 3903 1330 3957 qua
1389 3887 1458 3940 ad
1521 3903 1573 3954 p.
1633 3885 1738 3939 239
1795 3891 1850 3939 et
1895 3885 1996 3939 241

351 3966 567 4019 dicam.

425 4036 532 4104 (15)
566 4034 778 4088 Labara
816 4047 957 4104 esse
998 4029 1202 4084 vexilla
1237 4029 1518 4104 quadrata
1547 4043 1718 4082 cruce
1749 4027 1996 4104 signata,

355 4102 610 4176 etsigna
661 4102 1292 4176 vexilladimperatoris
1352 4105 1674 4176 protomam
1719 4102 1998 4170 gerentia,

354 4194 447 4232 res
481 4171 616 4233 nota
648 4182 738 4231 est
768 4181 822 4230 et
853 4174 986 4230 alibi
1013 4171 1053 4228 7a
1102 4173 1271 4227 nobis
1321 4176 1540 4226 notata.
1581 4171 1757 4241 Signa
1802 4176 1996 4225 autem

352 4249 672 4304 invertendi
725 4253 822 4303 aut
880 4247 1058 4301 humo
1108 4245 1403 4299 sternendi
1461 4259 1585 4297 mos
1641 4249 1742 4297 aut
1773 4242 1994 4297 luctum

350 4321 737 4392 signiﬁcabat,
773 4317 1375 4392 autsnbinissionem,
1410 4323 1508 4392 aut
1538 4313 1998 4392 deniqueinsul-

347 4385 626 4449 tationem
660 4401 710 4447 et
735 4388 1204 4445 bumiliationem
1229 4389 1377 4456 ejus,
1403 4387 1576 4456 cujus
1609 4386 1776 4455 signa
1811 4385 1995 4439 inver-

347 4469 630 4520 terentur.
701 4464 958 4518 Primum
1020 4459 1114 4513 hic
1175 4459 1281 4513 loci
1342 4458 1583 4513 obtinet.
1645 4458 1998 4512 Sternebant

2115 3243 2360 3297 secundi
2395 3248 2571 3312 caput
2606 3241 2690 3305 19,
2722 3256 2776 3312 p.
2811 3240 2935 3294 351.

2187 3314 2300 3394 (16)
2361 3311 3222 3394 62mmun.er__d_ecu_s,helogium
3284 3313 3764 3394 imperatoribus

2114 3383 2292 3508 tnibui
2327 3384 2588 3508 gglitum.
2623 3383 2810 3453 '[Vita
2841 3383 2899 3438 S.
2934 3383 3204 3440 Germani
3245 3384 3317 3440 ab
3348 3385 3581 3442 Herrico
3613 3389 3762 3442 scri-

2115 3473 2150 3508 n
2181 3472 2211 3508 a
2244 3474 2300 3508 n.
2411 3499 2421 3508 .

2158 3466 2211 3510 ta
2244 3474 2300 3511 ο.
2333 3459 2421 3511 58.

2115 3473 2211 3528 pm
2244 3473 2541 3584 ιἲίιῗιῗίίὺιιις
2563 3526 2626 3581 hi
2654 3526 2945 3597 plaudunt,
2991 3527 3300 3596 persultant
3328 3528 3612 3598 plausibus
3644 3530 3759 3600 illi,

2257 3601 2331 3672 Et
2349 3613 2635 3672 commune
2660 3600 2836 3672 decus
2871 3600 3040 3668 parili
3068 3603 3287 3672 pietate
3307 3600 3619 3672 :atutant.]°

2184 3671 2593 3742 (l7)Mattiarii
2643 3670 2945 3724 dicebatur
2993 3670 3201 3726 cohors
3242 3671 3434 3742 aliqua
3480 3670 3759 3730 militum.

2115 3746 2190 3797 De
2224 3743 2479 3798 nominis
2537 3742 2760 3808 origine
2816 3758 2929 3795 non
2975 3747 3236 3808 constat;
3289 3745 3403 3798 vid.
3447 3743 3638 3799 Vales.
3687 3745 3760 3800 ad

2111 3815 2404 3868 Ammian.
2438 3813 2688 3868 Marcell.
2734 3829 2787 3882 p.
2839 3814 2961 3867 311.
3013 3815 3337 3869 Chtlmead.
3371 3815 3440 3870 ad
3493 3817 3759 3871 Malalam

2112 3890 2152 3939 t.
2191 3887 2257 3951 ll,
2295 3903 2350 3957 p.
2387 3886 2472 3944 18.
2505 3889 2562 3957 et
2595 3886 2673 3957 Du
2727 3884 3012 3957 Cangeih.
3068 3885 3370 3957 v.7Dicam
3414 3891 3564 3941 unde
3615 3887 3760 3942 mihi

2111 3955 2382 4012 Mattiarii
2419 3955 2901 4010 dictivideantur.
2929 3956 3054 4010 Erat
3086 3956 3457 4028 aliudtagma
3490 3958 3760 4027 militare,

2114 4028 2419 4083 Bucellarii
2450 4029 2626 4094 dicti;
2661 4043 2772 4080 non
2810 4028 3062 4097 profecto
3093 4044 3161 4082 ex
3190 4045 3279 4095 eo,
3312 4027 3462 4099 quod
3500 4027 3761 4085 bucellas

2111 4104 2438 4171 acciperent
2464 4115 2565 4154 seu
2607 4099 2793 4171 diaria
2828 4099 2992 4170 panis
3034 4099 3273 4171 biscocti
3305 4119 3318 4169 ;
3353 4117 3557 4156 omnes
3599 4103 3758 4157 enim

2111 4170 2328 4226 milites
2377 4186 2472 4225 eas
2513 4170 2916 4238 accipiebant;
2967 4171 3066 4226 sed
3118 4170 3273 4241 quod
3323 4188 3423 4228 eas
3469 4181 3758 4241 pararent,

2109 4245 2264 4314 quod
2301 4243 2548 4313 pistores
2580 4243 2759 4296 totius
2789 4242 3074 4314 exercitus
3104 4248 3316 4298 essent.
3353 4243 3422 4299 Ut
3452 4244 3631 4300 multa
3655 4259 3756 4299 ne-

2109 4313 2358 4370 cessaria
2388 4318 2527 4368 sunt
2556 4313 2851 4379 exercitui,
2886 4313 2970 4367 sic
3003 4330 3230 4384 quoque
3262 4314 3597 4371 lanionibus
3639 4332 3756 4372 non

2108 4387 2300 4441 minus
2331 4385 2414 4459 illi
2446 4401 2591 4459 opus
2623 4391 2732 4459 est,
2757 4400 2927 4453 quam
2959 4385 3298 4459 pistoribus.
3332 4388 3499 4453 Quid,
3535 4389 3584 4443 si
3617 4402 3759 4459 ergo

2107 4458 2385 4542 mattia_rii
2417 4458 2499 4542 sip
2697 4457 2934 4542 fuerunt
2954 4457 3172 4542 abiarte
3200 4457 3288 4513 vel
3321 4459 3569 4542 opiﬁcio,
3601 4456 3756 4542 quod

345 4537 501 4592 enim
538 4536 753 4590 milites
775 4536 960 4603 signa,
987 4532 1125 4602 quia
1148 4530 1482 4600 imperator,
1508 4529 1766 4603 cujusin
1815 4528 1992 4603 hono-
2025 4538 2069 4603 D
2103 4528 2494 4603 exercebant?
2546 4527 2752 4603 Mutare
2807 4533 2912 4603 est_
2953 4531 3191 4599 antiqua
3234 4527 3375 4603 _vox—
3409 4527 3758 4603 Germanica

346 4623 464 4663 rem
497 4613 690 4664 erecta
722 4600 1106 4675 gestarentur,
1135 4619 1248 4656 non
1281 4603 1499 4668 aderat,
1519 4600 1828 4675 Marciano
1850 4601 1992 4675 vivis

344 4685 633 4750 exempto,
663 4671 939 4733 etﬁLeone
988 4675 1249 4750 nondum
1300 4673 1649 4750 renuntiato.
1702 4671 1992 4750 Ubifacta

345 4742 713 4815 renuntiaiio,
739 4766 945 4804 rursus
976 4747 1372 4811 elevabantur,
1412 4744 1631 4798 indicio
1664 4742 1860 4811 gaudii
1883 4759 1988 4815 ςᾷν,

347 4821 672 4877 Casaubon.
702 4813 783 4876 ad
816 4818 1107 4890 Spartiani
1142 4817 1439 4890 severumh
1471 4819 1512 4890 t_.
1545 4815 1595 4890 Ι,
1623 4832 1696 4890 _p.
1722 4815 1847 4870 601.
1880 4813 1990 4868 Va-

347 4890 452 4945 les.
487 4894 560 4946 ad
591 4899 786 4947 Amm.
822 4886 1074 4946 Marcell.
1111 4907 1164 4958 p.
1196 4889 1299 4941 507
1333 4894 1388 4941 et
1411 4887 1537 4940 512.
1570 4886 1729 4940 Alias
1759 4901 1992 4956 quoque

348 4971 575 5030 quoties
610 4981 788 5017 novus
835 4965 1151 5030 imperator
1182 4967 1282 5013 aut
1313 4961 1503 5013 Caesar
1533 4967 1988 5025 nuncuparetur,

345 5029 758 5088 sternebantur
785 5029 952 5103 signa
984 5043 1039 5087 et
1072 5033 1269 5095 h-istaa,
1318 5029 1772 5103 etiamsiisenior
1806 5032 1991 5099 impe-

343 5111 499 5158 rator
521 5107 771 5169 adesset,
805 5102 1244 5158 etcoronatione
1278 5109 1512 5171 peracta
1543 5102 1780 5156 demum
1811 5118 1991 5156 resur-

343 5177 554 5244 gebant
592 5185 655 5228 ut
693 5177 936 5230 discitur
966 5192 996 5228 e
1033 5182 1215 5244 Leone
1246 5177 1566 5244 Grammat.
1603 5191 1657 5241 p.
1692 5173 1832 5244 1166}
1868 5173 1988 5227 Τῶν

340 5238 631 5316 σκήπτρων
675 5246 949 5300 πεσόντων
995 5245 1068 5303 ὡς
1111 5241 1231 5304 ἓοος
1280 5238 1498 5316 ἔστεψεν
1548 5243 1576 5296 ὁ
1607 5238 1839 5316 Μιχαὴλ
1896 5243 1988 5296 τὸν

339 5318 642 5375 Βασίλειον.
679 5324 897 5373 Pariter
928 5320 1360 5371 invertebantur
1395 5319 1622 5370 illarum
1661 5316 1988 5370 cohortium

338 5390 709 5458 legionumve
742 5395 931 5459 signa,
963 5405 1089 5458 quas
1122 5405 1243 5442 cum
1278 5389 1517 5442 infamia
1548 5395 1986 5442 exauctoraren-

332 5466 446 5515 tur.
486 5463 567 5516 lta
601 5469 773 5516 relert
824 5464 1167 5530 Spartianus
1225 5469 1496 5514 Severum
1559 5463 1988 5530 imperatorem,

331 5549 468 5587 curn
508 5534 748 5588 Romam
784 5529 1038 5588 venisset
1073 5538 1130 5587 et
1179 5534 1578 5602 praetorianos.
1604 5532 1701 5601 qui
1750 5530 1862 5585 sibi
1894 5529 1992 5602 ad-

330 5610 539 5661 versati
575 5607 824 5674 fuerant,
859 5601 1310 5671 exauctoraSSet,
1363 5608 1684 5672 perrexisse
1727 5603 1783 5657 in
1831 5601 1989 5673 pala-

334 5674 483 5731 tium
542 5679 799 5748 praalatis
853 5679 1049 5744 signis,
1095 5689 1221 5746 qua?
1265 5675 1635 5800 grwtoriunis
1693 5676 1987 5739 ademerat,

334 5749 573 5800 supinis.
605 5766 714 5800 non
739 5751 969 5800 erectis:
1018 5764 1071 5800 ν.
1105 5753 1222 5800 Scr.
1315 5746 1412 5800 ist.
1439 5748 1580 5800 Aue.
1613 5753 1654 5800 t.
1690 5748 1731 5800 l.
1777 5765 1829 5800 η.
1862 5746 1987 5798 601.

333 5746 573 5821 supinis,
605 5766 714 5806 non
739 5751 931 5806 erectis
955 5765 969 5814 ;
992 5764 1071 5821 Av.
1105 5753 1222 5802 Scr.
1265 5746 1580 5821 wanting.
1613 5753 1654 5821 t.
1690 5748 1731 5813 l,
1777 5765 1829 5818 p.
1862 5746 1987 5821 601.

335 5816 566 5879 Nerrat'
590 5838 821 5897 quoque
866 5819 1106 5877 Tacitus
1164 5817 1371 5874 Annal.
1404 5817 1501 5886 Ill,
1532 5819 1587 5885 2,
1613 5819 1670 5874 in
1705 5816 1990 5889 exsequiis

2145 4619 2206 4656 ro
2237 4601 2462 4665 ccedere,
2495 4600 2848 4664 occidere;v.
2888 4600 2970 4654 Du
3015 4604 3202 4669 Cange
3234 4600 3291 4655 h.
3326 4617 3380 4655 ν.
3408 4602 3755 4658 Adhucdum

2145 4674 2275 4728 odie
2313 4673 2544 4742 Metzger
2614 4669 3000 4742 appellamus,
3059 4672 3373 4742 lapicidam
3430 4674 3753 4730 Steinmetz.

2103 4745 2338 4800 Fuerint
2397 4758 2533 4812 ergo
2582 4758 2652 4796 ex
2683 4758 2808 4796 mea
2866 4743 3104 4812 quidem
3157 4745 3446 4800 sententia
3477 4744 3754 4801 mattiarii

2103 4817 2335 4881 milites,
2357 4825 2615 4886 tempore
2636 4821 2790 4886 certe
2815 4815 3196 4870 institutionis
3221 4817 3728 4886 primae,Germani

2102 4888 2254 4958 quod
2290 4885 2602 4958 appellatio
2625 4884 2766 4958 satis
2791 4888 3022 4953 prodit;
3055 4884 3272 4943 secutis
3303 4898 3495 4943 autem
3529 4899 3752 4958 tempo-

2103 4956 2264 5012 ribus
2296 4956 2611 5026 potuerunt
2635 4956 2752 5010 illis
2779 4959 3025 5012 Romani
3046 4963 3103 5013 et
3133 4959 3230 5012 alii
3263 4961 3504 5015 admixti
3548 4956 3752 5029 fuisse,

2102 5031 2203 5100 qui
2236 5029 2502 5083 victimas
2538 5044 2636 5097 pro
2667 5029 2918 5083 exercitu
2957 5032 3310 5087 mactabant.
3354 5034 3597 5099 Papias:
3634 5031 3752 5086 Ma-

2103 5106 2204 5168 lia,
2238 5103 2526 5162 intestina,
2550 5116 2668 5169 quae
2689 5101 3142 5156 sordescmittunt
3164 5103 3350 5162 ;unde
3377 5106 3474 5173 qui
3521 5119 3584 5158 ea
3632 5111 3750 5156 tra-

2101 5181 2259 5227 ctnnt
2290 5177 2343 5226 et
2377 5173 2614 5226 vendunt
2642 5173 3218 5228 mattiarz'idicuntur.
3254 5173 3320 5230 V.
3355 5175 3438 5228 Du
3473 5177 3658 5235 Canae
3693 5189 3746 5229 ν.

2101 5245 2381 5299 Mazacam
2426 5251 2480 5297 et
2531 5243 2881 5300 Memorium.
2945 5245 3090 5301 Hinc
3148 5247 3293 5300 forte
3347 5247 3444 5301 lux
3513 5245 3753 5301 accedat

2103 5319 2221 5369 voci
2257 5317 2484 5377 Mattea’,
2517 5316 2588 5387 de
2619 5333 2734 5387 qua
2764 5317 2879 5370 vid.
2937 5316 3185 5387 lnlerpp.
3223 5317 3492 5372 Petronii.
3527 5317 3750 5381 Quodsi

2102 5387 2211 5442 hoc
2243 5385 2622 5460 improbabile
2642 5385 2940 5460 videatur.
2975 5385 3160 5457 possit
3205 5405 3416 5444 nomen
3461 5408 3492 5444 a
3541 5387 3752 5460 Mattio,

2101 5462 2243 5514 urbe
2274 5459 2612 5524 Germaniae,
2649 5459 2815 5514 hodie
2843 5459 2974 5514 Mm
3004 5460 3206 5530 repeti.

2101 5565 2104 5568 ~
2173 5533 2283 5602 (18)
2314 5533 2475 5586 Actio
2495 5537 2757 5597 torquem
2787 5530 2960 5585 alicui
2988 5531 3044 5584 in
3073 5531 3601 5602 caputimponendi
3626 5536 3754 5588 erat

2101 5603 2237 5658 olim
2272 5604 2422 5660 apud
2445 5604 2824 5673 imperatores
2846 5603 3036 5672 quarti
3056 5607 3115 5656 et
3138 5605 3533 5672 proximorum
3560 5604 3746 5659 duum

2102 5675 2444 5730 saeculorum
2473 5672 3399 5744 praecipuaparsinaugurationis
3421 5681 3476 5730 et.
3509 5677 3749 5730 maxime

2100 5747 2450 5818 essentialis.
2473 5745 2762 5818 Frequens
2793 5745 3010 5818 mentio
3039 5746 3265 5818 torquis
3289 5747 3344 5800 in
3365 5757 3534 5818 caput
3563 5747 3749 5818 impo-

2100 5820 2224 5875 siti.
2257 5817 2490 5876 Celeber
2518 5814 2610 5872 est
2637 5814 2734 5870 ille
2780 5816 3074 5872 Ammiani
3125 5814 3450 5876 Marcellini
3481 5819 3643 5872 locus
3672 5816 3746 5874 de
