4104 6382
335 371 454 433 ’155

1414 369 1941 432 CONSTANTINI
1990 367 2684 432 PORPHYROGENITI

3630 371 3749 435 ’156

337 505 436 561 ille
466 520 598 560 cum
632 519 740 559 suo
770 501 925 560 clero
957 503 1015 558 in
1049 503 1318 576 Magnam
1351 503 1693 560 ecclesiam:
1746 504 1847 558 sed
1880 502 1977 557 ad-

2097 496 2398 576 προέλαϐεν
2448 501 2524 565 εἰς
2553 503 2651 570 τήν
2703 501 2970 577 Μεγάλην
3026 498 3339 574 ἐκκλησίαν·
3393 498 3752 578 πρεσϐύτεροι

336 601 472 651 sunt
530 592 846 665 presbyteri
906 594 964 648 in
1011 594 1319 665 papilione.
1353 596 1478 664 (Est
1525 600 1720 649 autem
1782 593 1993 663 papilio

335 684 515 740 dictio
550 684 812 739 Romana
842 683 932 737 vel
954 683 1178 750 Latina,
1206 685 1549 754 signiﬁcans
1572 684 1715 738 illud
1751 680 1992 738 animal-

335 774 535 828 culum
568 774 654 828 vel
696 774 1009 839 insectum,
1043 775 1198 843 quod
1245 773 1395 828 circa
1438 773 1709 827 cramben
1771 777 1828 825 et
1881 770 1994 825 alia

335 863 487 919 olera
519 863 819 918 obvolitat.
848 863 1012 917 Ratio
1057 861 1465 933 appellationis
1526 862 1646 916 haec
1712 865 1819 916 est.
1853 859 1993 916 Vela

335 952 651 1023 papilionis
680 952 766 1008 vel
798 951 1056 1017 tentorii,
1106 951 1282 1006 variis
1340 950 1636 1007 coloribus
1690 949 1988 1015 distincta,

337 1047 601 1100 referunt
630 1045 1016 1100 similitudine
1056 1045 1178 1098 alas
1222 1043 1382 1098 illius
1439 1041 1803 1111 animalculi,
1837 1041 1991 1110 quod

336 1131 581 1188 Romani
613 1131 963 1204 papilionem
997 1130 1308 1202 appellant.
1346 1129 1420 1184 Ex
1445 1146 1509 1185 eo
1541 1130 1782 1195 factum,
1817 1133 1876 1183 ut
1906 1127 1991 1181 in-

335 1221 475 1277 secti
507 1237 720 1276 nomen
753 1220 1002 1275 tentorio
1050 1235 1282 1291 quoque
1315 1219 1665 1288 adhreserit.)
1719 1219 1782 1272 In
1834 1217 1986 1272 hunc

333 1309 533 1381 itaque
565 1309 918 1381 papilionem
939 1309 1122 1364 intrat
1152 1309 1485 1378 imperator,
1520 1314 1578 1364 et
1608 1312 1741 1379 post
1763 1306 1988 1378 deposi-

335 1403 456 1454 tam
489 1399 545 1452 in
583 1398 896 1454 mutatorio
929 1415 1224 1464 coronam,
1259 1398 1339 1453 ibi
1373 1414 1570 1469 preces
1585 1399 1655 1452 ad
1691 1397 1875 1452 Deum
1910 1396 1988 1450 fa-

336 1487 414 1543 cit
442 1505 455 1554 ;
489 1488 588 1544 sed
619 1487 779 1543 illinc
810 1503 1082 1559 egressus
1105 1487 1357 1558 imponit
1386 1488 1500 1542 sibi
1525 1487 1799 1559 deinceps
1831 1501 1988 1542 coro-

335 1593 472 1632 nam
505 1594 726 1644 rursus,
757 1587 810 1633 et
843 1577 1130 1632 inscendit
1160 1577 1218 1631 in
1269 1593 1486 1647 equum
1545 1575 1743 1631 album
1780 1593 1793 1630 :
1829 1578 1988 1630 data-

334 1681 446 1734 que
505 1666 941 1738 magistratibus
998 1666 1167 1721 venia
1228 1666 1443 1736 pariter
1498 1666 1557 1720 in
1607 1682 1786 1736 equos
1846 1681 1985 1720 suos

335 1754 739 1816 inscendendi,
810 1755 1071 1825 procedit
1158 1754 1214 1808 in
1295 1754 1586 1825 {obsequio
1672 1755 1742 1807 ad
1800 1754 1982 1808 aedem

2105 588 2146 607 κς
2244 593 2256 612 ε
2313 591 2323 610 Ι
2588 591 2601 610 Ἰ
2724 596 2750 606 «-
3025 598 3050 607 η.
3166 595 3178 607 r
3266 590 3306 609 κς
3406 597 3432 608 υ
3681 597 3706 609 0

2102 605 2158 646 οε
2206 611 2545 665 ευρισκονται
2583 613 2635 646 εν
2684 613 2763 663 τῳ
2811 591 3108 651 παπιλιωι.
3143 595 3226 666 [Η
3262 611 3319 647 οε
3340 614 3436 648 του
3468 593 3754 648 παπιλιω-

2097 701 2180 735 νοι
2232 682 2574 756 προσηγορία
2613 684 2894 754 Ῥωμαῖκή
2947 683 3060 737 ἐστι
3106 684 3302 754 Papili.
3365 684 3434 740 ’Ὁ
3498 683 3600 757 γὰρ
3653 681 3750 738 λέ-

2098 791 2270 847 γεται,
2306 773 2334 825 ὅ
2371 771 2630 826 καλοῦσιν
2674 773 2725 826 οἱ
2771 771 3046 842 Ἓλληνες
3097 772 3367 848 ψυχάριον
3418 775 3534 844 (36)
3563 774 3623 828 τὸ
3655 795 3754 829 πε-

2094 860 2326 932 τάμενον
2377 861 2500 934 περὶ
2545 861 2640 924 τὰς
2680 857 2926 934 κράμϐας
2993 860 3082 916 καὶ
3143 862 3210 916 τὰ
3277 861 3448 938 γοιπά
3510 861 3750 942 λάχανα-

2095 946 2281 1018 ἐπειδή
2325 950 2420 1004 οὖν
2471 951 2536 1005 τὰ
2567 951 3031 1024 παραπετάσματα
3068 955 3166 1006 τοῦ
3196 950 3542 1013 παπιλιῶνος
3566 951 3742 1007 ἔοικεν

2094 1045 2212 1102 τοῖς
2255 1045 2475 1113 πτεροῖς
2518 1044 2614 1094 τοῦ
2665 1040 2904 1118 ζωῢφίου
2940 1042 3158 1111 τούτου,
3201 1039 3291 1095 δῖὰ
3331 1045 3493 1096 τοῦτο
3537 1043 3588 1096 οἱ
3617 1047 3752 1098 Ῥω-

2097 1133 2249 1202 μαῖοι
2282 1133 2601 1184 παπιΛιῶνα
2630 1129 2789 1186 αὐτὸν
2835 1129 3118 1185 καλοῦσιν.
3145 1133 3162 1204 )
3210 1129 3314 1187 Καὶ
3363 1131 3692 1203 ἀποθέμενος
3723 1132 3753 1186 6

2099 1216 2351 1291 βασιλεὺς
2385 1218 2437 1273 ἐν
2485 1223 2568 1290 τῷ
2618 1218 2982 1292 μουτατωρίῳ
3028 1219 3118 1274 τὸν
3169 1218 3448 1296 στέφανον,
3511 1219 3754 1296 εἷλσὲρχε-

2092 1327 2177 1360 ται
2235 1307 2326 1362 καὶ
2370 1305 2612 1382 εὔχεται,
2661 1309 2752 1363 καὶ
2809 1308 2974 1365 πάλιν
3023 1309 3380 1383 ἐξερχόμενος
3433 1315 3615 1382 φορεῖ,
3660 1310 3752 1365 καὶ

2092 1395 2323 1464 κάθηται
2353 1394 2533 1468 λευκῷ
2550 1395 2711 1469 ’ίππῳ
2744 1399 2876 1468 (37),
2927 1397 3016 1450 καὶ
3064 1394 3339 1471 ἐπιτρέπει
3378 1402 3494 1459 τοῖς
3540 1400 3754 1473 ἄρχου-

2091 1503 2172 1538 σιν
2205 1484 2440 1554 καθίσαι,
2471 1485 2559 1538 καὶ
2595 1484 2986 1558 ὀψικευόμενος
3037 1478 3258 1563 ἔρχεται
3301 1484 3379 1547 εἷς
3419 1486 3511 1540 τὸν
3560 1487 3748 1561 ’Ἄγιον

2089 1561 2347 1644 Ἰωάννην
2390 1580 2481 1630 τὸν
2533 1577 2840 1644 Βαπτιστὴν
2887 1577 3026 1647 (38),
3057 1576 3144 1629 καὶ
3186 1573 3238 1628 ἐν
3272 1579 3349 1646 τῷ
3383 1575 3749 1650 μουτατωρίῳ

2088 1669 2170 1736 τῷ
2231 1664 2627 1738 εὐτρεπισθέντι
2669 1663 2876 1737 ἐπαίρει
2925 1665 3014 1718 τὸν
3069 1665 3352 1742 στέφανον,
3397 1667 3488 1720 καὶ
3520 1663 3744 1721 δίδωσιν

2091 1754 2254 1809 αὐτὸν
2307 1759 2384 1826 τῷ
2442 1754 2805 1827 πραιποσίτῳ’
2859 1756 2888 1809 6
2941 1752 2996 1809 δὲ
3060 1756 3422 1830 πραιπόσιτος
3492 1758 3748 1813 ὑποκάτω

334 1845 389 1900 S.
420 1844 666 1898 Joannis
687 1844 976 1913 Baptistae.
1010 1843 1190 1913 Cujus
1219 1844 1276 1898 in
1301 1844 1636 1910 mutatorio,
1659 1843 1814 1914 quod
1849 1849 1977 1898 ante

2101 1844 2358 1918 βαστάζει
2397 1844 2580 1912 αὑτὸν,
2627 1844 2716 1898 καὶ
2760 1845 2850 1898 ὅτε
2907 1843 3123 1918 εἰσέλθῃ
3185 1844 3261 1906 εἷς
3318 1847 3418 1914 τήν
3484 1847 3750 1920 τράπεζαν

333 1935 461 2002 ejus
493 1937 808 1988 adventum
844 1941 1228 2004 praeparatum
1262 1933 1389 1996 fuit,
1427 1933 1661 2003 deponit
1712 1948 1985 1988 coronam

337 2028 394 2078 et
445 2022 755 2093 praeposito
813 2023 1010 2087 tradit,
1069 2022 1169 2093 qui
1213 2038 1335 2076 eam
1389 2022 1661 2077 manibus
1719 2022 1988 2077 demissis

335 2119 559 2184 gestat;
588 2113 998 2183 accedenlique
1039 2115 1107 2167 ad
1136 2128 1398 2168 mensam
1419 2113 1505 2167 vel
1538 2113 1717 2167 altare
1747 2112 1984 2167 domino

335 2216 542 2254 rursus
575 2200 836 2272 porrigit.
871 2201 953 2254 Ibi
989 2200 1264 2255 dominus
1323 2215 1449 2254 eam
1511 2201 1567 2253 in
1601 2216 1765 2254 sacra
1789 2216 1988 2255 mensa

337 2288 611 2360 deponit;
644 2305 827 2361 eoque
868 2289 1041 2353 facto,
1074 2287 1224 2343 tollit
1263 2305 1466 2344 rursus
1513 2295 1570 2345 ct
1618 2289 1808 2344 reddit
1841 2305 1986 2359 pra-

336 2377 546 2448 posito,
572 2383 630 2432 et
676 2379 907 2433 cimelia
956 2394 1053 2432 seu
1105 2383 1486 2434 monumenta
1536 2379 1777 2433 donaria
1819 2377 1988 2433 olfert

335 2469 611 2539 ecclesiae,
644 2469 838 2538 qualia
876 2468 1020 2536 vult,
1074 2470 1286 2524 comite
1334 2470 1690 2541 privatarum
1751 2485 1817 2524 ea
1871 2468 1984 2540 ipsi

333 2557 726 2615 ministrante.
761 2559 902 2613 Dein
937 2575 1203 2614 reversus
1243 2559 1300 2613 in
1362 2560 1742 2614 mutatorium
1799 2559 1987 2614 induit

332 2664 628 2717 coronam,
661 2654 719 2703 et
740 2648 1031 2704 inscendit
1060 2648 1118 2702 in
1147 2664 1401 2720 equum;
1454 2665 1569 2720 quo
1598 2649 1846 2716 vehitur,
1879 2649 1985 2704 do-

331 2752 435 2793 nec
466 2738 538 2792 ad
571 2737 919 2794 Helenianas
950 2737 1186 2795 venerit.
1229 2740 1313 2794 Ibi
1339 2743 1531 2794 autem
1574 2739 1897 2807 descendit,
1931 2743 1989 2794 et

332 2828 589 2882 occurrit
616 2827 727 2900 ipsi
759 2835 952 2883 custos
986 2827 1185 2897 palatii
1209 2828 1389 2899 [quod
1421 2829 1492 2883 ab
1526 2827 1743 2884 Helena
1774 2844 1986 2884 nomen

333 2916 556 2989 habet],
613 2918 1062 2990 ingressumque
1121 2935 1221 2991 per
1279 2924 1503 2991 portam
1563 2920 1786 2992 palatii,
1834 2936 1986 2993 genu

2099 1929 2413 1987 ἐπιδίδωσιν
2465 1934 2614 2004 αὺτῴ
2662 1934 2752 1988 τὸν
2792 1931 3072 2011 στέφανον,
3112 1933 3200 1988 καὶ
3244 1933 3548 2006 ἐπιτίθησιν
3588 1937 3750 1992 αὐτὸν

2097 2021 2185 2077 ἐπὶ
2234 2026 2334 2094 τήν
2377 2022 2531 2097 άγίαν
2583 2024 2873 2096 τράπεζαν,
2923 2024 3014 2078 καὶ
3056 2023 3262 2099 ἐπαίρει
3312 2024 3480 2080 πάλιν
3532 2026 3621 2081 καὶ
3673 2024 3753 2083 δί-

2097 2109 2260 2167 δωσιν
2320 2112 2476 2167 αὐτὸν
2531 2117 2609 2183 τῷ
2645 2111 3016 2186 πραιποσίτῳ,
3066 2113 3155 2167 καὶ
3210 2113 3501 2194 προσφέρει
3555 2119 3753 2190 κειμή-

2093 2200 2208 2271 λια,
2259 2205 2348 2256 οἷα
2400 2201 2680 2278 βούλεται,
2735 2204 3136 2277 ὑπουργοῦντος
3195 2207 3292 2257 τοῦ
3341 2204 3590 2277 κόμητος
3641 2211 3748 2261 τῶν

2091 2286 2394 2366 πριϐάτων.
2459 2291 2554 2346 Καὶ
2623 2290 3013 2366 εἰσερχόμενος
3090 2289 3169 2353 εἷς
3241 2292 3303 2347 τὸ
3373 2294 3748 2367 μουτατώριον

2093 2385 2252 2457 φορεῖ
2325 2382 2412 2434 τὸν
2483 2380 2763 2457 στέφανον,
2798 2380 2886 2434 καὶ
2953 2381 3184 2451 κάθηται
3247 2385 3328 2453 τῷ
3389 2380 3548 2455 ’ίππῳ
3613 2382 3748 2458 ἄχρι

2095 2467 2442 2538 Ἐλενιανῶν,
2500 2468 2588 2524 καὶ
2642 2471 2968 2545 κατέρχεται
3027 2470 3158 2538 ἐκεῖ,
3203 2470 3292 2524 καὶ
3343 2470 3550 2541 ἀπαντᾷ
3595 2471 3746 2545 αὖτῷ

2093 2561 2122 2614 6
2172 2557 2342 2637 φύλαξ
2391 2563 2488 2613 τοῦ
2535 2557 2828 2626 παλατίου,
2879 2557 2966 2614 καί
3014 2565 3328 2635 προσκυνεῖ,
3377 2557 3460 2614 ἐὰν
3523 2561 3600 2634 μὴ
3657 2559 3741 2632 εἶή

2094 2650 2341 2723 Κυριακή
2400 2651 2534 2722 (39),
2587 2649 2720 2721 μετὰ
2763 2649 2824 2703 τὸ
2894 2647 3151 2704 εἰσελθεῖν
3216 2648 3372 2704 αὐτὸν
3423 2649 3521 2717 τὴν
3577 2648 3741 2726 θύραν

2091 2739 2189 2794 τοῦ
2215 2737 2506 2794 παλατίου.
2542 2740 2639 2792 Καὶ
2690 2738 2778 2792 ἐὰν
2836 2736 2920 2808 εἷή
2957 2739 3350 2811 ἀξιωματικὸς,
3384 2735 3600 2814 δέχεται
3652 2739 3750 2795 αὖ·

2092 2830 2182 2884 τὸν
2212 2829 2318 2883 ἀπὸ
2372 2826 2661 2900 στόματος*
2704 2825 2816 2882 ἐκεῖ
2863 2825 2920 2882 δὲ
2960 2827 3109 2900 αὐτῷ
3141 2827 3348 2898 ἀπαντᾷ
3385 2826 3475 2881 καὶ
3516 2827 3544 2882 ὁ
3575 2848 3748 2884 σταυ-

2098 2919 2188 2994 ρὸς
2223 2917 2281 2973 ἐκ
2338 2915 2522 2987 δεξίῶν
2583 2916 2746 2972 αὐτοῦ
2780 2917 3068 2991 ἱστάμενος
3119 2917 3202 2974 ἐπ’
3224 2915 3455 2996 ἐδάφους
3483 2921 3574 2974 καὶ
3616 2939 3747 2994 κρα-

1373 3046 1573 3102 JOAN.
1614 3047 1739 3103 JAC
1781 3047 2040 3104 REISKII
2078 3046 2663 3104 COMMENTARIUS.

390 3171 502 3243 (36)
531 3173 842 3229 Credebam
878 3173 1216 3244 aliquando,
1251 3177 1353 3228 aut
1386 3189 1566 3229 unum
1600 3180 1702 3230 aut
1731 3177 1975 3231 alterum
2007 3177 2050 3244 C

322 3248 651 3300 membrum
688 3246 1008 3310 abundare,
1059 3251 1115 3299 et
1147 3261 1276 3298 nam
1314 3247 1455 3315 quod
1511 3245 1724 3300 dicitur
1785 3247 1970 3302 nihilo

322 3319 455 3387 plus
485 3317 694 3383 dicere,
720 3334 897 3388 quam
925 3317 1069 3386 quod
1089 3318 1238 3369 enim
1263 3317 1441 3372 Graeci
1471 3320 1772 3387 appellunt.
1806 3319 1973 3373 Nunc

321 3399 514 3441 tamen
545 3389 840 3460 crederem
876 3389 1158 3460 potiusiin
1207 3389 1516 3457 postremis
1566 3391 1972 3460 reprehensio-

321 3474 453 3533 nem
477 3467 531 3512 et
561 3459 977 3533 correctionem
1004 3459 1261 3533 priorum
1287 3476 1432 3514 esse.
1458 3461 1608 3533 Quod
1636 3459 1785 3515 enim
1814 3462 1972 3533 vulgo

316 3531 540 3593 dicitur,
574 3529 840 3603 imo_vero
881 3531 1033 3603 _quod
1071 3529 1337 3603 iHellenes
1364 3547 1460 3585 seu
1492 3531 1806 3588 idololatra:
1848 3529 1973 3603 [pro

319 3616 424 3656 sua
455 3600 898 3672 superstitione]
928 3602 1282 3672 psychorium
1307 3604 1598 3670 appellant
1628 3619 1728 3658 seu
1754 3600 1970 3658 ani—rhu-

319 3673 451 3746 lam.
489 3671 614 3727 Non
651 3672 858 3746 probat
879 3671 1016 3746 ergo
1050 3688 1216 3746 usum
1250 3675 1424 3743 hujus
1447 3675 1732 3738 vocabuli,
1767 3681 1974 3746 putans

317 3743 372 3799 id
400 3745 856 3818 rnugasigentilis
888 3744 1274 3818 philosophiae
1312 3762 1538 3816 sapere.
1592 3743 1974 3818 Pythagorica

315 3817 472 3889 enim
505 3822 562 3870 et
591 3817 863 3872 Heracliti
889 3815 1102 3872 scholae
1125 3815 1307 3889 ψυχάς
1329 3815 1702 3888 appellabant
1723 3815 1974 3873 animal-

315 3888 469 3952 oula,
502 3889 718 3958 quibus
750 3895 847 3943 aér
877 3893 1081 3960 scatet,
1114 3894 1171 3942 et
1217 3888 1570 3960 papilionem
1608 3906 1841 3960 quoque
1872 3907 1971 3960 pro

323 3960 587 4031 symbolo
613 3961 819 4014 animae
845 3959 1182 4031 pingebant.

385 4030 498 4098 (37)
538 4033 716 4102 rConl’.
761 4032 910 4084 inl'ra
961 4030 1023 4101 'p.
1068 4031 1203 4102 288.
1279 4031 1455 4102 Equis
1513 4031 1778 4087 candidis
1839 4031 1968 4086 vehi

317 4107 444 4175 erat
471 4101 987 4175 triumphantium.
1020 4101 1262 4175 Vid.l)iro
1293 4101 1524 4158 Cassius
1549 4121 1602 4175 p.
1628 4104 1733 4158 350
1761 4110 1818 4158 et
1844 4105 1969 4158 669.

313 4171 422 4251 Leo
456 4171 831 4251 Grammatic.
866 4175 927 4251 iu
955 4174 1274 4251 Theophilo
1303 4193 1356 4246 p.
1382 4171 1564 4251 _{i53_:'
1585 4175 1830 4251 Ἐκεῖθεν-
1866 4177 1967 4251 ἀφ-

317 4242 567 4320 ικόμενος
597 4242 674 4304 εἷς
703 4244 810 4320 τήν,
833 4243 997 4320 πόᾎιν
1019 4244 1086 4299 τὰ
1115 4241 1332 4320 λάφυρα
1355 4241 1795 4320 ’ἐθριάμλϐευσενγγ
1818 4241 1972 4299 ἱππι-

313 4314 407 4392 κὸν
436 4317 673 4392 ποιήσας
721 4316 814 4392 καὶ
878 4315 940 4370 τὸ
997 4314 1216 4390 πρῶτον
1266 4314 1453 4390 “βα·ίον’
1490 4314 1702 4392 παίξας,
1755 4319 1966 4392 ἅρματι

311 4383 494 4464 λευκῷ
523 4385 968 4464 ἐπρχῃσάμενος,
1001 4383 1056 4445 et
1081 4394 1164 4445 Du
1205 4383 1398 4460 (lange
1440 4407 1490 4446 ν.
1524 4383 1664 4460 Equi
1683 4383 1962 4461 albi-,‘qui

312 4459 544 4514 abunde
575 4459 794 4514 de'illis
824 4461 960 4531 egit.

379 4531 495 4628 (L38)
552 4531 828 4628 ﬁolebant
869 4533 1021 4628 novi‘
1067 4532 1469 4628 imperatore,
1528 4538 1849 4628 antequam.
1891 4533 1960 4628 in
1995 4565 2039 4628 Β

309 4606 517 4657 urbem
548 4603 852 4672 intrarent,
893 4603 952 4658 in
1004 4607 1286 4675 templum
1337 4611 1393 4660 Β.
1423 4605 1661 4660 Joannis
1684 4603 1959 4674 Baptistae

309 4689 410 4730 seu
444 4675 745 4730 Prodromi
778 4677 1081 4742 divertere,
1107 4677 1225 4731 sive
1258 4681 1318 4730 ut
1347 4676 1424 4730 ibi
1451 4676 1756 4731 donarium
1789 4675 1960 4743 depo-

309 4753 514 4802 nerent
546 4748 601 4802 in
634 4748 822 4809 altari.
859 4763 985 4818 qua:
1023 4750 1166 4802 ratio
1217 4747 1309 4801 hic
1365 4745 1648 4817 allegatur
1676 4749 1734 4801 in
1768 4756 1960 4802 nostro

308 4819 531 4882 codice,
561 4819 682 4890 sive
707 4824 770 4890 ut
799 4820 1178 4888 imperatores
1205 4818 1800 4890 ibirenuntiarentur,
1832 4835 1959 4890 qua

312 4902 487 4942 causa
518 4905 588 4943 ex
613 4889 1245 4962 Gedrenointelligitur,
1279 4891 1399 4945 sive
1429 4889 1664 4945 tandem
1687 4896 1749 4944 ut
1777 4908 1809 4944 a
1838 4889 1959 4947 toto

313 4960 740 5033 _senatu_aulico
771 4961 830 5033 in
861 4960 1104 5033 corpore
1134 4962 1211 5016 ibi
1264 4963 1658 5018 salutarentur
1704 4967 1761 5016 et
1801 4963 1960 5018 velut

312 5028 652 5111 homagium
676 5028 1038 5111 acciperent.
1074 5033 1351 5111 Solebant
1390 5036 1555 5111 enim
1581 5050 1846 5111 proceres
1879 5034 1960 5089 ibi

311 5103 748 5170 imperatorem,
769 5103 999 5173 quoties
1026 5104 1082 5158 in
1110 5106 1313 5160 urbem
1346 5106 1725 5169 veniret,sive
1756 5122 1960 5161 recens

311 5174 931 5246 creatumlsivejam
981 5182 1301 5242 vetustum,
1352 5177 1432 5230 ibi
1492 5177 1771 5246 excipere.
1829 5177 1958 5234 Vid.

310 5243 542 5319 Contip.
575 5244 914 5319 Theophila.
949 5261 1006 5315 p.
1043 5247 1110 5301 12
1131 5253 1187 5303 et
1239 5249 1480 5304 Cedren.
1533 5265 1588 5319 p.
1621 5243 1746 5319 1:85,.
1801 5249 1956 5319 Idem

310 5331 378 5393 pl
403 5315 548 5393 403;
579 5316 650 5371 de
680 5315 904 5393 _Phoca
949 5321 1194 5393 tyranno
1261 5321 1378 5375 ait:
1439 5315 1854 5393 Ἀνᾶγορεύεται
1904 5317 1956 5373 ἓν

309 5384 390 5451 τῷ
446 5389 575 5462 ν-αῷῌ
613 5387 710 5438 τοῦ
761 5384 1112 5462 Προδρόμου,
1163 5393 1524 5462 renuntiatur
1571 5384 1870 5462 imperator
1899 5393 1960 5447 in

308 5459 512 5541 templo
543 5459 932 5520 PrmcursOris,
964 5459 1053 5514 καὶ
1092 5460 1226 5532 μετὰ
1255 5459 1350 5516 δὺο
1407 5462 1618 5532 ἡμέρας
1649 5459 1767 5516 -ἑπί
1801 5462 1960 5588 ἔασι-

308 5526 469 5588 λικης
499 5526 713 5588 ἁμάξης
773 5530 1134 5588 καθεζόμενος
1193 5534 1268 5588 εἱς
1323 5532 1390 5588 τὰ
1424 5531 1674 5588 Βασίλεια
1716 5532 1798 5588 εἰσ
1828 5553 1957 5588 ονε-

308 5526 469 5597 λικῆς
499 5526 713 5600 ἁμάξης
773 5526 1134 5604 καθεζόμενός
1193 5534 1268 5593 εἱς
1323 5532 1390 5588 τὰ
1423 5526 1674 5607 βασίλεια
1716 5526 1957 5609 εἰσέρχε-

305 5619 416 5655 ται.

382 5674 490 5749 (39)
520 5672 742 5730 Similis
773 5672 908 5749 huic
929 5679 984 5730 et
1011 5674 1268 5749 insignis
1282 5680 1370 5749 est
1393 5676 1555 5732 locus
1577 5692 1755 5749 supra
1786 5694 1840 5748 p.
1865 5677 1955 5731 95.

311 5761 426 5817 quo
455 5747 733 5804 docemur
761 5746 834 5802 ob
849 5747 1231 5805 reverentiam
1245 5746 1674 5807 dieiDominico
1701 5746 1959 5805 habitam

2090 3191 2203 3248 non
2233 3175 2690 3248 adoratumpsse
2723 3175 3134 3248 imperatorem
3169 3190 3236 3230 eo
3257 3175 3350 3230 die
3381 3190 3396 3232 :
3429 3173 3504 3231 Ei’
3531 3176 3624 3248 μὲν
3649 3193 3746 3248 ουκ

2087 3245 2153 3318 ᾖν
2214 3246 2454 3318 Κυριακή
2506 3315 2516 3318 _
2557 3243 2781 3318 ἔπιπτον
2811 3243 2826 3246 “
2866 3245 3036 3316 κάτω,
3111 3243 3548 3318 προσκυνοῦντες
3622 3247 3748 3308 τοὺς

2081 3314 2414 3377 δεσπότας...
2475 3315 2523 3369 εἷ’
2791 3314 3062 3391 Κυριακή,
3151 3314 3253 3391 ὸύβ
3313 3316 3536 3391 ἔπιπτον
3597 3321 3747 3391 κάτω

2077 3392 2524 3463 προσκυνοῦντες,
2556 3386 2702 3463 ἀλλά
2745 3386 2910 3463 μέχρι
2966 3393 3072 3443 τῶν
3123 3386 3370 3463 γονάτων
3411 3389 3631 3444 ἐποίουν
3681 3389 3746 3444 τὸ

2081 3455 2238 3521 σέϐας
2258 3467 2359 3528 τῆς
2390 3455 3053 3531 προσκυνήσεωςξνῧοοῒ.
3207 3464 3294 3527 40,
3348 3465 3484 3518 item
3527 3479 3582 3532 p.
3619 3463 3744 3528 101,

2081 3536 2177 3588 ubi
2197 3535 2409 3588 dicitur
2430 3535 2823 3603 orphanorum
2849 3543 3078 3590 curator
3102 3535 3195 3588 die
3235 3535 3381 3590 festo
3413 3533 3746 3607 symbolum

2081 3607 2215 3660 ﬁdei
2248 3607 2539 3661 Nictenum
2575 3609 2630 3659 in
2670 3607 3018 3676 membrana
3055 3609 3362 3676 scriptum
3406 3605 3746 3676 imperatori

2079 3679 2324 3749 offerens
2354 3681 2674 3749 προσκυνεῖν
2731 3676 2822 3749 τὸν
2878 3673 3132 3749 βασιλέαΔ
3165 3673 3240 3747 μὴ
3289 3673 3508 3736 τελέως
3533 3674 3746 3730 πίπτων

2077 3767 2249 3814 κατω,
2291 3741 2408 3800 ἀνθί
2463 3747 2535 3800 ὧν
2588 3748 2842 3821 βαστάζει
2872 3741 2938 3802 τὰ
2987 3741 3266 3819 σύμϐολα,
3320 3755 3581 3813 adorare,
3631 3765 3746 3821 non

2075 3835 2305 3892 promus
2319 3831 2498 3874 tamen
2520 3820 2691 3892 usque
2711 3824 2770 3874 in
2799 3821 3029 3875 humum
3049 3821 3254 3885 delabi,
3276 3827 3572 3890 propterea
3601 3820 3747 3892 quod

2076 3889 2380 3962 symbolum
2408 3889 2631 3946 sacrum
2686 3895 2848 3960 ferat.
2892 3894 2966 3946 At
3011 3908 3076 3947 eo
3118 3894 3331 3947 tradito
3376 3889 3500 3962 jam
3559 3889 3747 3945 πίπτει

2076 3960 2245 4016 κάτω.
2281 3963 2678 4044 Memorabilia
2711 3965 2830 4044 haec
2861 3970 3000 4018 sunt
3039 3964 3233 4030 verba,
3257 3960 3534 4044 quoniam
3560 3966 3747 4044 gemi-

2078 4049 2214 4089 num
2249 4050 2435 4106 genus
2466 4035 2820 4089 adorationis
2853 4043 3200 4099 memorant,
3248 4036 3405 4090 humi
3442 4035 3744 4105 procidere,

2076 4116 2125 4160 et
2155 4122 2322 4175 usque
2349 4107 2419 4161 ad
2447 4122 2625 4174 genua
2654 4112 2868 4160 tantum
2899 4111 3063 4176 caput
3112 4107 3404 4162 inclinare.
3452 4106 3612 4162 Prior
3650 4107 3749 4162 ille

2078 4182 2287 4232 modus
2317 4176 2433 4232 duo
2463 4179 2721 4232 diversos
2753 4179 3180 4243 complectitur.
3216 4180 3334 4233 Aut
3361 4179 3514 4234 enim
3555 4179 3611 4232 in
3648 4193 3748 4249 ge-

2077 4265 2196 4304 nua
2245 4265 2350 4303 sua
2418 4249 2796 4315 procidebant
2856 4249 3167 4304 adorantes
3198 4254 3255 4303 et
3298 4252 3469 4318 pedes
3519 4251 3749 4305 adorati

2075 4319 2531 4387 osculabantur;
2555 4327 2655 4375 aut
2689 4322 2853 4391 proni
2882 4323 3160 4391 jacebant
3189 4327 3308 4377 toto
3339 4337 3580 4392 corpore
3613 4337 3748 4390 por-

2075 4393 2237 4458 recti,
2261 4392 2534 4462 expansis
2561 4395 2836 4447 manibus
2861 4393 3228 4463 pedibusque
3249 4393 3410 4448 velut
3446 4393 3745 4463 pulverem

2072 4468 2235 4518 terrai
2269 4463 2828 4536 lingentessGradus
2853 4466 2956 4518 hos
2987 4465 3192 4519 ordine
3236 4467 3600 4536 persequitur
3621 4465 3747 4520 Udo

2071 4536 2144 4589 de
2177 4535 2396 4605 Uiogilo
2427 4535 2610 4605 (apud
2647 4541 2724 4589 Uu
2758 4537 2949 4598 Gange
2979 4553 3031 4590 ν.
3090 4535 3482 4606 Ροιῃιιινοηέα)
3514 4551 3532 4590 :
3577 4536 3745 4605 Poly-

2069 4607 2308 4661 chroniaz
2341 4615 2607 4661 vocantur
2633 4607 2974 4676 reverentia,
3005 4623 3140 4676 quas
3161 4624 3271 4661 non
3313 4608 3490 4661 solum
3524 4607 3746 4676 regibus

2068 4677 2160 4761 sed
2187 4680 2355 4733 etiam
2379 4677 2714 4761 quibuslibet
2736 4678 2860 4761 suis.
2879 4679 3209 4761 majoribus
3251 4681 3548 4761 exhibent,‘
3567 4684 3739 4746 caput

2069 4757 2120 4804 et
2147 4765 2345 4819 corpus
2377 4749 2701 4804 submissius
2748 4751 3100 4813 inclinantes,
3126 4751 3210 4804 vel
3247 4752 3377 4820 ﬁxis
3418 4752 3477 4805 in
3511 4749 3740 4804 'terram

2071 4821 2333 4892 gentibus,
2381 4821 2462 4875 vel
2518 4822 2689 4875 etiam
2743 4837 2857 4876 sese
2895 4825 3001 4876 toto
3040 4837 3262 4891 corpore
3301 4823 3736 4892 prosternentes.

2071 4891 2300 4947 Primus
2345 4895 2552 4962 modus
2600 4896 2765 4962 caput
2802 4901 2854 4946 et
2881 4908 3073 4962 corpus
3101 4893 3427 4949 submissius
3453 4894 3743 4948 inclinare

2069 4971 2154 5018 est
2184 4962 2378 5036 ποιεῖν
2435 4961 2513 5036 τὸ,
2556 4956 2713 5036 σέϐας
2765 4968 2865 5030 τῆς
2909 4956 3330 5036 προσκυνήσεως
3394 4964 3558 5036 μέχρι
3615 4966 3729 5018 τῶν

2068 5034 2332 5108 γονάτῶν,
2360 5034 2612 5104 ofﬁcium
2640 5034 2978 5090 adoratiouis
3009 5052 3177 5108 usque
3206 5038 3276 5090 ad
3304 5034 3728 5105 genua’facere,

2074 5107 2131 5178 id
2164 5111 2254 5160 est
2283 5117 2454 5175 caput
2489 5122 2657 5161 suum
2692 5123 2874 5177 usque
2913 5109 2984 5162 ad
3024 5107 3214 5178 genua
3252 5125 3357 5164 sua
3397 5109 3727 5163 demittere.

2067 5176 2196 5230 Vid.
2233 5178 2384 5231 intra
2419 5195 2470 5247 p.
2504 5179 2628 5234 346.
2664 5176 2923 5249 Efﬁgiem
2967 5176 3048 5232 sic
3076 5181 3377 5236 adorantis
3410 5179 3604 5234 videre
3638 5184 3736 5234 est

2068 5249 2128 5331 in
2172 5249 2495 5331 Menologio
2542 5249 2826 5331 Basiliano
2859 5257 2899 5308 t.
2953 5251 3022 5314 ll,
3076 5268 3135 5331 _p.
3181 5252 3272 5306 57.
3323 5251 3392 5331 Et
3433 5250 3642 5331 Bassi,
3677 5252 3729 5304 si

2072 5321 2219 5392 bene
2250 5320 2508 5386 memini,
2543 5321 2872 5392 superiores
2904 5337 3042 5376 suos
3075 5320 3180 5377 hoc
3207 5323 3379 5377 modo
3407 5321 3671 5386 adorant,
3697 5340 3731 5376 a

2069 5391 2282 5448 Graecis
2331 5393 2502 5448 docti.
2553 5391 2739 5465 Latini
2789 5394 3086 5465 sequiores
3126 5409 3262 5465 eum
3308 5393 3729 5448 inclinationem

2066 5466 2195 5518 ante
2221 5473 2272 5520 et
2302 5475 2442 5520 retro
2472 5464 2788 5536 appellant.
2812 5464 2968 5521 Miris
3011 5464 3418 5534 appellationis
3443 5467 3732 5520 rationem

2069 5536 2330 5606 suggerit
2362 5536 2663 5592 Udalricus
2696 5537 2735 5591 Ι.
2769 5552 2853 5601 ιιι,
2893 5536 3166 5595 Consuet.
3207 5537 3494 5601 Cluniac.,
3526 5552 3576 5592 ο.
3608 5537 3662 5590 2.
3709 5554 3726 5603 ;

2069 5609 2335 5679 Qualibet
2365 5609 2607 5664 novitius
2635 5617 2714 5664 est
2735 5609 3113 5679 instruendus,
3143 5612 3202 5661 ut
3231 5608 3574 5676 regulariter
3587 5606 3732 5663 sciat

2066 5678 2229 5750 caput
2259 5679 2556 5748 inclinare,
2604 5680 2812 5734 scilicet
2859 5694 2970 5750 non
3019 5678 3176 5733 dorso
3221 5688 3448 5735 arcuato
3502 5720 3514 5732 .
3565 5720 3578 5734 .
3635 5679 3729 5734 sed

2069 5749 2172 5819 ita,
2207 5757 2267 5805 ut
2295 5751 2518 5807 dorsum
2545 5750 2618 5806 sit
2655 5749 2999 5815 summisius,
3045 5765 3220 5821 quam
3263 5750 3444 5806 lumbi
3480 5760 3531 5807 et
3559 5758 3732 5821 caput
