4104 6390
340 368 464 433 765

1213 375 1317 436 DE
1359 374 1815 439 CERIMONIIS
1859 379 2098 442 AULIE
2138 381 2615 446 BYZANTINAB
2657 387 2811 447 LIB.
2859 389 2910 448 Ι.

3645 394 3764 456 766

340 504 432 560 ἐὰν
463 502 521 560 ὃὶ
552 503 724 594 θέλει,
762 507 849 560 καὶ
904 504 1191 580 συνάγεται
1242 509 1374 580 (48),
1405 510 1497 564 καὶ
1546 509 1844 585 ἀναχωρεῖ,
1877 511 1994 568 ἐπι·
2026 568 2032 580 ι

2107 513 2305 582 luerit,
2327 517 2512 585 oﬂ'ert,
2537 524 2639 573 aut
2668 527 2720 576 et
2752 520 3050 591 signatum
3083 538 3313 594 quoque
3343 541 3552 582 aurum
3575 526 3765 584 donat

341 595 580 656 τιθέντος
639 593 789 666 αὐτῷ
851 595 943 650 τὸν
1007 595 1265 672 στέφανον
1329 603 1428 653 τοῦ
1496 598 1796 654 ἐπισκόπου
1861 604 1997 674 (49),

342 683 481 738 κατὰ
510 683 572 738 τὸ
603 676 724 746 ἔθος
774 687 882 738 τῶν
937 683 1252 758 προκέσσων
1300 693 1399 754 τῆς
1449 686 1748 757 ἐκκλησίας
1791 689 1997 762 ῥογεύει

341 778 464 834 τοῖς
519 771 835 846 κληρικοῖς,
893 774 984 827 καὶ
1045 771 1264 849 ἔρχεται
1319 773 1406 829 ἐπὶ
1465 777 1528 832 τὸ
1587 776 1997 848 παλάτιον,καὶ

342 862 652 918 ἀπαντῶσιν
683 862 833 934 αὐτῷ
864 862 1057 922 πάντες
1101 864 1153 918 οἱ
1185 863 1545 939 συγκλητικοὶ
1589 864 1693 922 ἔσω
1739 872 1840 933 τῆς
1898 869 1996 943 ῥη-

342 952 494 1027 γίας’
532 952 813 1006 ἀπαντῶσι
863 949 920 1007 δὲ
968 951 1116 1025 αὐτῷ
1155 954 1246 1007 καὶ
1278 955 1329 1008 οἱ
1360 956 1600 1028 κόμητες
1632 962 1742 1012 τῶν
1774 957 1996 1033 σχολῶν

342 1043 395 1097 οἱ
441 1041 768 1120 φυλάξαντες
815 1042 905 1110 τήν
963 1040 1126 1097 πόλιν
1188 1044 1278 1098 καὶ
1319 1045 1382 1099 τὸ
1429 1045 1696 1102 παλάτιον
1729 1045 1835 1117 (δεῖ
1893 1049 1997 1124 γάρ

341 1153 495 1194 τινας
526 1131 704 1186 αὐτῶν
735 1131 1024 1204 ἂπομεῖναι
1197 1132 1286 1187 καὶ
1334 1131 1566 1211 φυλάξαι
1614 1137 1677 1191 τὸ
1728 1136 1995 1192 παλάτιον

344 1221 514 1298 μέχρι
573 1223 637 1277 οὗ
695 1221 1010 1296 ὑποστρέψῃ
1070 1223 1097 1276 ὁ
1138 1221 1430 1297 γενόμενος
1493 1223 1794 1300 βασιλεὺς),
1826 1247 1997 1301 προσ-

339 1315 592 1366 κυνοῦσιν
632 1311 821 1381 αὐτὸν,
854 1309 942 1365 ἐὰν
1007 1312 1082 1384 μή
1144 1309 1230 1380 εἴη
1284 1314 1678 1386 Κυριακή,καὶ
1744 1313 1994 1393 φιλοῦσιν

337 1402 467 1464 τοὺς
523 1399 716 1471 πόδας,
743 1401 834 1455 καὶ
893 1398 1110 1474 δέχεται
1171 1398 1368 1464 αὖτοὺς
1414 1401 1520 1456 ἀπὸ
1551 1401 1858 1476 στόματοςο
1905 1405 1998 1459 καὶ

343 1491 482 1564 μετᾶ
535 1493 704 1544 ταῦτα
744 1487 1140 1565 προσφέρουσιν
1188 1489 1340 1560 αὐτῷ
1383 1491 1440 1543 οἱ
1495 1491 1853 1565 συγκλητικοί
1883 1493 1997 1565 ἅμα

339 1585 418 1651 τῷ
447 1578 677 1653 ἐπάρχῳ
715 1584 814 1647 τῆς
860 1578 1076 1640 πόλεως
1119 1579 1402 1633 πιττάκιον
1430 1581 1758 1660 τρισχιλίων
1793 1581 1992 1654 λιτρῶν

337 1669 600 1745 ἀργύρου,
639 1669 733 1724 καὶ
777 1667 907 1742 μεθὸ
963 1667 1202 1741 δέξηται,
1250 1667 1655 1744 ἀντιχαρίζεται
1703 1671 1886 1734 αὐτοῖς
1931 1673 1993 1728 τὸ

337 1761 642 1829 πιττάκιον,
683 1760 774 1815 καὶ
827 1759 1000 1822 οὕτως
1047 1759 1355 1834 εἰσέρχεται
1415 1758 1840 1836 δηριγευόμενος
1889 1763 1994 1818 ὑπὸ

339 1852 578 1917 πάντων,
620 1850 708 1905 καὶ
771 1848 1152 1904 συντάσσονται
1201 1849 1252 1902 οἱ
1314 1847 1548 1926 ἔπαρχοι
1601 1851 1689 1906 καὶ
1737 1851 1762 1905 ὁ
1822 1847 1985 1928 ἔπαρ-

339 1960 444 2016 χος
484 1942 528 1976 ²⁹
553 1941 751 2011 (51)ἒν
781 1936 862 2011 τῷ
908 1938 1278 2012 κονσιστωρίῳ
1329 1941 1470 1994 κατὰ
1515 1939 1579 1995 τὸ
1633 1938 1771 2004 ἔθος.
1805 1943 1874 1998 O't
1933 1940 1989 1998 δὲ

337 2028 703 2108 συγκλητικοὶ
761 2028 851 2082 καὶ
909 2029 1104 2090 πάντες
1165 2029 1218 2082 οἱ
1276 2028 1536 2104 ἄρχοντες
1580 2027 1850 2098 ἵστανται,
1900 2033 1990 2086 καὶ

337 2119 642 2196 εἰσέρχεται
677 2117 753 2180 εἷς
809 2117 872 2172 τὸ
932 2111 1323 2172 κουϐούκλειον
1358 2119 1494 2191 μετά
1531 2123 1638 2174 τῶν
1671 2119 1994 2192 πατρικίων,

337 2211 426 2266 καὶ
482 2209 597 2264 ἐκεῖ
653 2207 1031 2262 συντάττονται
1076 2207 1126 2261 οἱ
1185 2206 1467 2278 πατρίκιοι
1514 2209 1604 2263 καὶ
1660 2208 1993 2286 ἐξέρχονται,

338 2300 426 2355 καὶ
456 2296 700 2354 δίδονται
744 2295 953 2369 μίσσαι.
989 2300 1090 2359 Δεῖ
1133 2293 1191 2350 δὲ
1236 2293 1454 2366 εἰδέναι,
1497 2296 1582 2353 ὅτι
1628 2298 1789 2373 ὅρκον
1820 2301 1872 2354 οἱ
1903 2298 1998 2369 ἅρ-

338 2409 528 2466 χοντες
567 2390 668 2444 τοῦ
696 2385 967 2442 παλατίου
1006 2386 1361 2461 παρέχουσιν,
1379 2387 1454 2448 ὡς
1482 2386 1582 2442 οὐκ
1610 2383 1995 2443 ἐπιϐουλεύου-

341 2500 419 2534 σιν
467 2477 615 2550 αὐτῷ
664 2478 699 2547 ἢ
751 2478 820 2550 τῇ
871 2475 1146 2547 πολιτείᾳ,
1203 2475 1293 2530 καὶ
1336 2477 1400 2531 τὸ
1447 2478 1570 2551 περὶ
1601 2476 1802 2533 τούτου
1833 2479 1994 2553 ὁρκο-

343 2567 632 2624 σοιοπτικὸν
664 2567 778 2640 (52)
810 2565 1136 2642 φυλάττεται
1168 2566 1313 2640 παρὰ
1351 2570 1431 2638 τῷ
1483 2565 1738 2641 βασιλεῖ’
1792 2567 1882 2622 ἐὰν
1938 2566 1994 2624 δὶ

2106 603 2984 678 [ecclesiae].Deprehenduntur
3026 613 3182 668 enim
3223 614 3604 686 imperatores
3652 634 3762 674 no-

2107 695 2213 748 stri
2237 695 2293 749 in
2319 694 2428 750 hoc
2442 713 2582 752 auro
2603 697 2848 754 donario
2868 717 2981 754 non
3001 702 3268 758 eumdem
3288 720 3490 760 omnes
3515 707 3757 763 modum

2107 786 2389 842 tenuisse.
2423 788 2564 842 Dein
2602 789 2719 844 exit
2748 793 2892 862 imp.
2927 790 2980 862 [θ
3012 792 3284 864 bemate],
3333 796 3761 870 paululumque

2109 879 2220 931 stat
2253 882 2386 932 ante
2415 879 2748 947 cancellos;
2801 886 2927 937 tum
2961 882 3136 938 intrat
3184 884 3242 938 in
3283 886 3669 956 paraticlium,
3702 893 3762 945 et

2108 966 2272 1020 audit
2293 965 2599 1023 lectionem
2625 969 2936 1039 Evangelii.
2955 971 3012 1025 Si
3043 972 3268 1043 cupiat,
3293 975 3469 1030 etiam
3497 992 3760 1032 commu-

2108 1055 2340 1110 nionem
2375 1073 2598 1112 sacram
2633 1059 2844 1128 accipit
2875 1063 2933 1114 et
2971 1059 3112 1124 abit,
3144 1062 3420 1133 episcopo
3452 1063 3566 1134 ipsi
3597 1081 3765 1120 coro-

2106 1158 2243 1198 nam
2266 1144 2627 1215 imponente,
2657 1148 2978 1203 secundum
3006 1151 3492 1206 consuetudinem
3535 1168 3766 1224 proces-

2105 1230 2338 1286 sionum
2373 1232 2631 1289 ecclesiae
2663 1251 2862 1305 regam
2897 1251 2998 1291 seu
3031 1237 3244 1306 stipem
3295 1239 3394 1293 dat
3425 1238 3670 1310 clericis,
3703 1245 3761 1297 et

2105 1320 2285 1376 intrat
2309 1321 2367 1376 in
2393 1321 2700 1392 palatium,
2726 1323 2819 1378 ubi
2845 1339 3052 1379 omnes
3084 1329 3384 1380 senatores
3406 1327 3454 1381 ei
3489 1327 3645 1383 intra
3666 1346 3763 1384 re—

2105 1410 2264 1482 giam
2299 1415 2524 1482 portam
2557 1417 2888 1469 occurrunt.
2915 1413 3025 1469 Sed
3057 1418 3113 1470 et
3143 1415 3389 1470 comites
3421 1415 3761 1474 scholarum

2104 1503 2442 1565 occurrunt,
2469 1499 2568 1571 qui
2594 1501 2796 1557 urbem
2823 1510 2878 1558 et
2900 1502 3181 1573 palatium
3207 1503 3487 1561 hactenus
3509 1507 3765 1562 custodi-

2102 1592 2325 1643 verant.
2375 1587 2596 1643 Debent
2636 1588 2794 1644 enim
2844 1589 3049 1660 aliqui,
3098 1591 3323 1646 caeteris
3375 1592 3435 1646 in
3485 1608 3764 1664 campum

2103 1676 2478 1741 exeuntibus,
2511 1677 2672 1733 intus
2709 1694 3009 1734 remanere
3040 1683 3098 1734 et
3129 1679 3412 1751 palatium
3444 1683 3763 1747 custodire.

2104 1766 2288 1821 donec
2328 1782 2530 1822 recens
2578 1766 2800 1824 electus
2831 1769 3142 1838 imperator
3172 1771 3426 1826 redierit.
3475 1773 3540 1827 Hi
3570 1773 3628 1829 in
3660 1789 3762 1844 ge-

2087 1857 2310 1911 'nubus
2323 1870 2453 1911 eum
2477 1856 2740 1924 adorant,
2767 1859 2938 1913 modo
2962 1875 3078 1914 non
3105 1859 3183 1915 sit
3209 1861 3415 1916 eadies
3439 1861 3760 1926 Dominica,

2112 1946 2404 2016 pedesque
2435 1945 2624 2016 ipsius
2654 1947 3033 2016 osculantur;
3061 1965 3204 2018 quos
3235 1949 3490 2005 vicissim
3517 1951 3767 2022 impera-

2102 2039 2195 2088 tor
2226 2033 2478 2105 benigno
2508 2034 2765 2105 alloquio
2796 2035 3026 2108 excipit.
3062 2038 3337 2107 Deinceps
3368 2039 3616 2094 offerunt
3649 2041 3764 2110 ipsi

2107 2128 2405 2179 senatores
2441 2139 2540 2194 per
2567 2126 2902 2195 praefectum
2936 2127 3095 2181 urbis
3127 2126 3430 2198 pittacium
3467 2127 3555 2182 vel
3594 2129 3760 2185 sche-

2106 2212 2332 2280 dulam,
2359 2211 2418 2269 in
2451 2231 2566 2284 qua
2597 2213 2710 2285 ipsi
2741 2218 2830 2268 ter
2863 2214 3022 2269 mille
3051 2217 3274 2287 argenti
3304 2215 3448 2271 litraa
3480 2217 3634 2274 dono
3664 2234 3760 2274 as-

2106 2302 2432 2373 signantur.
2466 2302 2784 2374 Imperator
2813 2303 3026 2372 accipit
3068 2304 3329 2374 quidem,
3362 2307 3460 2360 sed
3496 2307 3758 2377 protinus

2106 2391 2302 2447 reddit
2327 2393 2704 2448 offerentibus
2747 2409 2933 2464 neque
2959 2393 3188 2450 retinet.
3227 2394 3317 2450 Sic
3349 2395 3544 2467 itaque
3574 2397 3763 2470 ingre-

2106 2482 2262 2536 ditur
2294 2481 2549 2552 stipatus
2579 2484 2650 2537 ab
2692 2481 2968 2537 omnibus
3016 2482 3326 2538 ordinibus
3373 2483 3434 2538 in
3484 2484 3762 2542 interiora

2106 2569 2324 2642 palatii.
2361 2571 2618 2625 Praefecti
2653 2580 2789 2626 tunc
2833 2579 2887 2627 et
2915 2571 3194 2644 magister
3227 2573 3286 2628 in
3310 2574 3655 2630 consistorio
3687 2575 3760 2632 li-

1710 2658 1952 2714 VARUE
1993 2659 2406 2718 LECTIONES.

421 2731 468 2766 ³⁸
497 2731 783 2806 μάγιστρος
817 2745 920 2802 pro
951 2723 1192 2804 ἔπαρχος
1223 2729 1375 2800 conj.
1412 2729 1480 2784 R.

1399 2825 1600 2882 JOAN.
1623 2826 1766 2882 JAC.
1809 2827 2071 2884 REISKII
2099 2825 2692 2883 COMMENTARIUS.

426 2916 544 2988 (48)
593 2914 711 2985 Vel,
761 2919 822 2988 ut
865 2912 1097 2988 Nicetes
1145 2929 1202 2983 p.
1241 2914 1344 2988 Δ24,
1405 2913 1484 2968 ait
1531 2911 1582 2988 ἐν
1619 2913 1828 2988 μεθέξει
1879 2918 1987 2970 τῶν

348 2983 848 3062 θείιυκμυστῂρίων
875 2983 1098 3060 γίνεται,
1133 2983 1336 3062 accipit
1374 2983 1639 3062 synaiin,
1673 2987 1729 3041 id
1764 2983 1990 3062 estsa-

340 3077 470 3117 cras
502 3057 727 3132 epulas,
771 3057 1000 3132 sacram
1036 3058 1506 3132 communionem
1547 3057 1633 3132 vel
1683 3059 1992 3132 participa-

2101 2915 2504 2988 tumultuarie,
2530 2918 2751 2988 absque
2773 2915 2978 2972 ordine
3001 2916 3245 2971 miscere
3284 2921 3541 2986 tempora
3581 2924 3645 2988 et
3667 2933 3758 2974 res

2103 2987 2309 3042 solent.
2352 2987 2665 3059 Propterea
2699 2988 2932 3042 distinxi
2957 3006 3010 3058 p.
3039 2989 3164 3054 239,
3194 2994 3321 3058 post
3355 3005 3550 3044 vocem
3587 2987 3755 3058 τάξιν,

2104 3062 2160 3132 et
2220 3075 2456 3132 novum_
2505 3059 2939 3130 paragraphum
3011 3060 3198 3129 incepi
3261 3077 3294 3114 a
3367 3062 3558 3116 verbis
3621 3060 3757 3132 μετὰ

338 3128 555 3190 tionem
588 3130 972 3190 eucharistiaa,
1014 3129 1129 3182 vid.
1164 3129 1248 3182 Du
1299 3128 1492 3203 Gange
1535 3131 1726 3203 Gloss.
1757 3128 1910 3185 Latf
1933 3149 1984 3186 v.
2019 3139 2065 3203 ο
2095 3128 2258 3184 οὗν...
2285 3128 2560 3199 quoniam
2599 3147 2726 3201 quae
2762 3128 3040 3198 deinceps
3081 3128 3408 3201 sequunlur
3438 3134 3509 3187 ad
3555 3128 3756 3188 Leonis

340 3205 598 3276 Synazis.
651 3203 716 3260 Ut
757 3208 952 3276 autem
993 3215 1197 3276 recens
1251 3201 1496 3269 promoti
1546 3202 1617 3276 ad
1675 3202 1988 3272 dignitates

340 3271 800 3332 benedictionem
835 3273 891 3327 in
934 3271 1175 3326 ecclesia
1211 3275 1265 3324 et
1297 3271 1770 3328 communionem
1804 3291 1833 3328 e
1865 3291 1988 3329 ma-

339 3349 512 3404 nibus
573 3345 919 3419 patriarchas
985 3345 1182 3414 accipe
1249 3343 1574 3419 debebant,
1618 3344 1698 3400 ita
1755 3361 1988 3418 quoque

335 3423 466 3476 novi
500 3414 890 3491 imperatores
915 3421 970 3470 et
1002 3431 1165 3491 reges
1201 3414 1309 3468 sub
1351 3416 1578 3491 imperii
1609 3414 1867 3485 auspicia
1893 3414 1992 3472 eu-

333 3486 673 3547 charistiam
709 3489 1026 3561 percipere.
1061 3486 1104 3558 '[
1129 3487 1187 3561 l_n
1216 3488 1566 3561 coronatione
1588 3503 1776 3558 regum
1807 3493 1987 3561 Fran-

331 3579 522 3619 corum
555 3557 772 3618 tollititr
817 3557 1018 3615 cci-ana
1048 3557 1228 3627 major
1256 3574 1288 3611 α
1325 3562 1503 3627 capite
1540 3557 1896 3627 imperatoris
1941 3567 1992 3615 et

331 3639 522 3690 minor
577 3631 1088 3703 imponituerjus
1133 3630 1414 3683 indusium
1462 3642 1746 3703 crematur,
1786 3633 1850 3686 ob
1896 3647 1989 3686 5a~

332 3723 486 3762 cram
522 3701 861 3761 unctionem.
907 3701 1284 3756 Cammum'cat
1301 3703 1400 3755 sub
1431 3707 1684 3773 utraque.
1711 3702 1802 3756 Sic
1832 3704 1991 3768 iussit

333 3778 638 3834 Ludovicus
675 3777 738 3832 lX
778 3791 928 3829 anno
978 3773 1119 3827 1179
1157 3788 1172 3838 ;
1221 3787 1272 3825 ν.
1321 3777 1621 3827 Ceremon.
1659 3775 1730 3827 de
1774 3773 1991 3830 France

335 3855 378 3904 t.
416 3849 458 3919 Ι,
491 3867 548 3921 p.
582 3849 692 3921 ιι.]⁶
723 3845 947 3921 Σύναξις
981 3849 1196 3921 autem
1232 3853 1486 3921 non_est_,
1535 3854 1592 3921 u_t
1635 3844 1836 3899 volunt
1874 3846 1993 3902 ine.

334 3913 591 3994 ptie'n'tes
640 3913 910 3985 Graeculi,
970 3914 1231 3994 ἀπὸ-τῆς
1289 3918 1401 3994 τοῦ.
1453 3913 1588 3970 λαοῦ
1652 3923 1987 3994 συναγιυγῆς,

334 3986 487 4065 seda
512 3993 737 4065 synaxi,
776 3986 1244 4065 congregatione,
1269 3987 1537 4049 coitione,
1555 3986 1986 4065 convivatione,

333 4064 516 4136 epulis
545 4059 983 4136 communibus,
1007 4059 1078 4114 ad
1110 4066 1492 4136 q_uas_coeu_nt
1517 4060 1784 4129 ejusdem
1816 4077 1987 4136 com-

335 4129 627 4191 munionis
699 4135 997 4198 homines;
1070 4131 1183 4203 vid.
1249 4130 1326 4203 du
1393 4132 1584 4200 Cange
1644 4148 1698 4184 v.
1777 4129 1989 4203 σῦνπιξις

338 4203 917 4281 psyél-q,_ubi_i_nler_
940 4203 1054 4281 alia
1091 4201 1213 4281 haec
1261 4202 1404 4281 citat
1443 4217 1470 4256 e
1503 4205 1724 4281 Joanne
1769 4201 1986 4281 (ζει-ρυ-

333 4269 458 4334 thio
500 4296 514 4336 :
543 4269 664 4338 ’.Ὦς
722 4275 853 4350 ὀψία
872 4344 882 4350 _
901 4273 1114 4350 ἐγένετο
1133 4344 1146 4350 ⁵
1173 4269 1398 4350 ἐποίησε
1444 4270 1687 4350 μεγάλην
1713 4343 1726 4350 _
1750 4272 1987 4350 σ’ξναξιν,

333 4351 426 4429 καὶ
463 4350 605 4404 εἶπεν
666 4340 1028 4429 Kac-ald???
1057 4340 1536 4429 '(deiejun‘amdﬂ'
1569 4340 1846 4429 Str-6.113%:
1895 4340 1986 4429 -ὅτι

333 4421 441 4475 ἀπὸ
477 4423 652 4475 κόπου
690 4418 827 4475 ἐστέ.
881 4415 1007 4472 Vid.
1057 4415 1406 4484 lnterpretes
1450 4416 1743 4487 Diogenis
1777 4415 1986 4472 Laertii

331 4493 451 4550 Vit.
491 4494 848 4563 Pythagora,
881 4490 980 4546 ubi
1024 4480 1310 4563 Gyrsldus
1359 4480 1869 4563 νοοθωνβάρϐαροι
1913 4491 1983 4543 de

332 4557 767 4622 Christianis'et
788 4557 991 4618 ecrum
1024 4557 1344 4631 synaxibus
1372 4557 1812 4630 interpretatur,
1847 4577 1974 4631 pag.

331 4638 458 4692 518.
495 4638 627 4695 Utar
659 4637 768 4691 hac
798 4629 1120 4698 occasione,
1150 4636 1224 4701 ut
1251 4629 1559 4700 exponam,
1595 4631 1733 4701 quid
1769 4633 1846 4686 sit
1883 4629 1978 4685 λὲ-

333 4703 522 4776 6ιτών,
592 4695 1170 4781 quandoquidem
1244 4695 1863 4781 ouv'ax‘cmoelsSttuBV
1887 4705 1978 4781 Ain

333 4767 866 4836 mentem'venltf
909 4776 1004 4832 Sic
1079 4780 1277 4828 autem
1350 4774 1724 4843 appellabant
1790 4767 1989 4846 τριϐώ·

332 4873 470 4920 νιον,
520 4851 898 4923 pannuciam,
942 4860 1119 4919 quam
1169 4849 1667 4923 proptereatunc
1705 4846 1988 4923 temporis

335 4917 591 4993 tantum,
619 4939 797 4996 quum
829 4917 1057 4996 sacram
1093 4917 1749 4996 synaxincelebrarent,
1775 4934 1880 4996 seu
1913 4918 1984 4973 ad

332 4987 810 5053 communionem
834 4993 1008 5056 irent,
1041 4987 1363 5060 induebant
1393 4987 1682 5060 monachi,
1702 4990 1984 5060 quoniam

329 5069 388 5122 in
423 5083 488 5122 eo
519 5083 749 5122 sacrum
782 5064 1044 5120 ordinem
1076 5059 1489 5133 suscepi_ssen_t.
1515 5059 1612 5114 Est
1654 5057 1862 5133 nempe
1893 5057 1986 5113 λε-

330 5133 502 5192 ϐιτών
533 5155 638 5193 vox
668 5135 934 5200 Arabica,
965 5134 1212 5205 ﬁltrum,
1239 5128 1486 5205 πιλῳτόν
1516 5136 1750 5205 notans.

403 5211 510 5280 (49)
541 5210 702 5266 Conf.
746 5224 870 5279 quas
911 5203 994 5280 ad‘
1033 5204 1246 5280 p._239,
1279 5203 1382 5280 u_b_i_
1425 5210 1647 5280 contra_
1673 5203 1984 5280 Seld_enum

330 5275 926 5345 demonstravifante
961 5275 1264 5333 Ju’stinum
1311 5275 1588 5330 Minorem
1625 5275 1748 5344 jam
1780 5275 1984 5330 datum

331 5356 516 5409 fuisse
539 5351 913 5425 patriarchis,
928 5347 1392 5425 utimperatores
1417 5362 1593 5425 novos
1616 5351 1980 5402 coronarent.

332 5419 580 5482 Multum
612 5430 808 5480 tamen
843 5419 1158 5480 falleretur.
1193 5420 1288 5489 qui
1325 5419 1431 5473 hoe
1478 5433 1548 5472 ex
1578 5419 1702 5473 loco
1743 5433 1984 5489 arguere

327 5499 518 5563 vellet,
571 5497 726 5551 idem
786 5491 1146 5566 patriarchas
1188 5492 1312 5566 jam
1355 5489 1528 5545 Leoni
1588 5489 1798 5561 Magno
1849 5505 1981 5566 per.

329 5561 537 5640 egisse.
558 5561 830 5634 Quamvis
860 5565 1014 5620 enim
1035 5565 1276 5632 cmperit
1300 5562 1406 5616 hoc
1445 5567 1622 5632 caput
1641 5561 1982 5640 coronatio-

329 5632 464 5697 η’ὁω
499 5632 704 5696 Leonis
753 5650 1061 5707 exponere,
1094 5649 1209 5707 non
1247 5639 1443 5707 tamen
1493 5632 1693 5687 omnia
1722 5632 1792 5687 ad
1842 5648 1979 5707 eum

329 5712 644 5784 pertinent.
662 5703 1092 5784 _(_}onstantinu_s
1133 5704 1714 5784 Eorpbyrogennetus
1744 5707 1846 5784 aut
1877 5703 1979 5784 ho-

330 5775 545 5852 mines,
578 5781 794 5854 quibus
850 5775 1203 5850 compilandi
1239 5775 1533 5848 negotium
1581 5775 1976 5844 commiserat,

2096 3204 2529 3256 coronationem
2568 3219 2677 3257 non
2714 3209 2997 3270 spectant,
3023 3203 3199 3257 sedin
3232 3206 3562 3259 universum
3606 3209 3756 3260 ritus

2098 3282 2548 3345 persequuntur,
2575 3277 2925 3343 quibuscum
2960 3275 3344 3342 imperatores
3367 3291 3568 3329 eorum
3601 3282 3751 3330 tem—

2099 3362 2313 3418 porum,
2353 3345 2689 3418 inaugurari
2738 3348 3022 3410 solebant,
3086 3345 3274 3400 Leone
3321 3349 3530 3401 saeculo
3601 3363 3748 3418 pene

2099 3416 2472 3471 recentiores.
2528 3416 2692 3482 Quod
2759 3433 2827 3470 ex
2876 3417 3430 3473 commemoratione
3489 3416 3746 3472 ecclesiae

2101 3489 2318 3559 Magna?
2353 3504 2452 3543 seu
2489 3487 2713 3542 Sancta:
2740 3488 2980 3560 Sephiae
3031 3496 3280 3552 constat,
3325 3506 3454 3560 quae
3499 3507 3531 3544 a
3572 3490 3757 3545 Justi-

2099 3559 2366 3614 nianoM.
2397 3561 2650 3629 perfecta
2674 3559 2845 3614 l'uitA
2894 3559 2956 3615 Ο.
2982 3561 3110 3625 537,
3148 3559 3508 3630 sexagesimo
3548 3568 3753 3632 quarto

2098 3637 2228 3703 post
2267 3647 2568 3686 excessum
2598 3634 2796 3685 Leonis
2833 3635 2903 3686 Μ.
2947 3634 3043 3702 qui
3085 3641 3150 3686 Α.
3193 3634 3252 3688 C.
3290 3633 3397 3687 473
3435 3633 3595 3688 obiit.
3629 3633 3752 3688 Non

2099 3704 2334 3775 quidem
2368 3705 2538 3775 claris
2580 3704 2772 3757 verbis
2814 3703 2873 3758 S.
2919 3703 3145 3775 Sophia
3194 3705 3260 3758 fit
3307 3706 3546 3758 mentio.
3581 3707 3755 3775 Atqui

2098 3774 2332 3846 cuinam
2357 3774 2452 3828 alii
2477 3775 2752 3846 competit
2777 3775 2871 3828 ille
2899 3774 3068 3839 situs,
3093 3779 3464 3840 Augustinum
3493 3783 3550 3829 et
3575 3774 3754 3830 lloro-

2099 3845 2319 3917 logium
2359 3847 2416 3899 in
2449 3845 2681 3912 vicinia,
2720 3851 2775 3900 et
2809 3845 3208 3917 praetereunda
3246 3861 3276 3899 e
3315 3846 3528 3913 palatio
3559 3846 3616 3898 in
3658 3862 3750 3900 ec-

2099 3916 2334 3972 clesiam
2368 3916 2822 3971 commeaturo?’
2850 3916 3020 3970 Extra
3057 3931 3229 3971 omne
3259 3917 3504 3971 dubium
3557 3924 3664 3979 est,
3693 3921 3750 3972 S.

2097 3988 2398 4055 Sephiam,
2451 4005 2564 4042 non
2605 3988 2774 4041 aliam
2809 3989 3136 4055 ecclesiam,
3187 3989 3296 4042 ista
3346 3989 3607 4043 locorum
3658 3989 3755 4044 de-

2102 4059 2524 4114 monstratione
2569 4058 2888 4130 designari.
2938 4059 3237 4128 Impositio
3284 4066 3475 4114 autem
3526 4076 3751 4116 coronae

2097 4130 2660 4202 Caputimperatoris
2682 4129 3257 4202 apatriarcbafacta,
3291 4147 3468 4202 quam
3504 4149 3754 4201 praesens

2097 4201 2260 4274 locus
2295 4201 2553 4274 attingit,
2589 4218 2700 4256 non
2733 4205 2823 4255 est
2869 4201 2967 4255 illa
2999 4201 3463 4274 solemnie,’quaa
3513 4203 3572 4257 in
3625 4203 3752 4274 ipso

2097 4273 2567 4343 inaugurationis
2610 4279 2667 4327 et
2702 4273 3162 4342 nuncupationis
3200 4280 3330 4328 actu
3358 4273 3466 4329 lit:
3501 4273 3661 4328 nam’
3689 4275 3750 4330 in

2096 4343 2557 4416 praecedentibus
2581 4343 2707 4414 jam
2741 4345 2957 4398 dicitur
2981 4346 3297 4414 imperator
3323 4361 3450 4399 eam
3483 4350 3743 4416 gestasse

2094 4415 2146 4470 et
2197 4415 2536 4484 deposuisse
2586 4417 2695 4470 sub
2737 4416 3040 4470 introitum
3085 4416 3364 4470 ecclesiae.
3395 4415 3505 4472 Sed
3548 4417 3743 4473 nescio

2093 4485 2281 4558 qualis
2331 4487 3023 4558 secundariaimpositio
3080 4503 3303 4542 coronae
3351 4503 3526 4556 super
3572 4486 3740 4542 altari

2089 4557 2345 4616 ecclesia:
2399 4557 2747 4613 cathedralis
2803 4557 3308 4613 benedictionibus
3369 4567 3738 4626 consecratas,

2088 4647 2223 4689 cum
2257 4637 2428 4686 antea
2455 4631 2512 4684 in
2562 4628 2907 4684 antimensio
2939 4637 3164 4684 tantum
3209 4630 3268 4683 in
3301 4629 3426 4685 loco
3458 4647 3573 4685 non
3604 4646 3744 4686 san-

2091 4701 2499 4767 cto,tribunali
2522 4701 2806 4756 Hebdomi
2841 4716 3069 4772 nempe,
3103 4706 3436 4756 consecrata
3471 4701 3679 4756 fuisset
3711 4718 3746 4757 a

2139 4777 2452 4829 atriarcha.

2097 4792 2502 4916 Ραῖἔὸῗτῖδῗθῗὶο
2552 4859 2807 4916 manere,
2853 4842 3026 4916 domi
3076 4859 3329 4916 manere,
3393 4842 3748 4916 abeuntibus

2097 4912 2352 4987 reliquis.
2396 4917 2540 4971 Hinc
2588 4912 2898 4987 ἀπομονεύς
2948 4915 3099 4969 infra
3144 4916 3202 4970 in
3253 4915 3484 4971 Tactico
3533 4914 3752 4970 dicitur

2093 4987 2346 5044 vicarius
2399 4987 2651 5058 imperii,
2702 4987 2796 5057 qui
2847 4987 3193 5055 imperatore
3240 4987 3298 5040 in
3348 4996 3540 5042 castra
3591 5002 3751 5042 exce-

2093 5060 2262 5187 gente
2293 5059 2450 5184 (13)θωί
2486 5064 2701 5127 manet,
2726 5058 2855 5114 urbi
2875 5059 3039 5128 regiae
3059 5063 3116 5114 et
3145 5058 3318 5114 rebus
3355 5058 3606 5131 publicis
3635 5075 3749 5131 gu-

2133 5147 2312 5186 ernan
2364 5147 2432 5185 is.

2133 5147 2432 5186 ernanons.

2165 5204 2278 5273 (51)
2308 5201 2434 5257 Non
2486 5201 2688 5273 dubito
2732 5200 2823 5254 καὶ
2865 5200 2892 5254 ὁ
2938 5200 3230 5273 μάγιστρος
3277 5201 3484 5256 debere
3524 5201 3748 5272 reponi,

2093 5272 2456 5346 quodetiam
2488 5273 2548 5346 in
2578 5272 2795 5346 Latinis
2828 5273 3082 5346 exhibui.

2162 5346 2274 5416 (52)
2324 5343 2685 5416 Scholiastes
2743 5344 3042 5416 Basilicor.
3092 5343 3163 5398 ad
3222 5343 3270 5416 l._
3310 5359 3452 5408 xxii,
3512 5360 3566 5414 p.
3622 5343 3747 5413 185,

2091 5413 2268 5489 habet
2313 5413 2690 5489 ὁρκισκόπιον.
2742 5415 3160 5489 V_DuACang_e
3209 5413 3398 5470 Gloss.
3452 5413 3632 5471 Graec.
3685 5416 3745 5489 h.

2090 5504 2142 5542 ν.
2202 5485 2372 5558 Notat
2429 5487 2607 5558 igitur
2659 5486 2989 5558 terminatio
3045 5485 3270 5540 cidmov
3328 5490 3431 5541 aut
3487 5485 3746 5538 σκοπικὸν

2088 5553 2854 5631 εωεγηριιιιπ,’ὁρκοσκόπιον
2923 5558 3628 5631 εωεγηριαηιγίιιναηιθηῑί,
3686 5558 3746 5612 in

2089 5646 2202 5702 quo
2231 5627 2494 5703 exigente
2531 5627 2896 5694 necessitate,
2928 5634 3030 5684 aut
3071 5627 3216 5684 alias
3262 5627 3494 5703 lubente
3524 5630 3744 5703 animo,

2087 5699 2601 5772 inspici—dictum
2672 5705 3127 5770 sacramentum,
3187 5700 3437 5765 consuli,
3497 5699 3743 5769 expendi

2087 5780 2301 5846 potest.
