4104 6380
346 460 468 520 785

1204 459 1308 520 DE
1352 458 1805 522 CERIMONIIS
1847 460 2084 523 AULxE
2125 460 2603 522 BYZANTIN/E
2645 463 2791 524 LIB.
2841 465 2889 525 Ι.

3653 465 3770 530 786

346 593 440 648 καὶ
489 590 637 648 ἄλλα
685 593 931 648 τοιαῦτα.
981 588 1350 666 Αὐτοκράτωρ
1411 591 1620 665 Καῖσαρ
1678 587 2010 666 Αὔγουστος·

2131 592 2396 666 protinus
2425 593 2794 666 erigebantur
2817 597 3078 667 jacentia
3107 598 3298 671 signa,
3331 604 3388 657 et
3418 603 3610 660 fausta
3637 607 3774 660 vota

353 703 384 737 ιι
412 680 638 751 Ἐπειδὴ
688 685 868 737 τοίνυν
922 678 1039 753 ἐμὲ,
1092 680 1138 735 εἱ
1187 681 1279 735 καὶ
1327 679 1528 736 ἄκοντα
1565 680 1656 736 καὶ
1688 675 2009 736 ἀναϐαλλό-

354 793 534 846 μενον,
585 774 620 842 ή
673 771 1045 848 γαληνωτάτη
1109 770 1396 844 Αὐγούστα
1462 767 1719 847 Ἀριάδνη
1770 775 1839 845 τῇ
1892 768 2011 826 δια-

346 863 523 938 κρίσει
592 863 702 934 (91)
769 864 880 916 τῶν
953 860 1402 936 ὑπερφυεστάτων
1474 860 1865 934 πρωτευόντων
1919 859 2008 916 καὶ

344 958 448 1020 τῆς
482 947 836 1022 ἐνδοξοτάτης
867 951 1184 1024 συγκλήτου
1228 952 1264 1020 ἡ
1317 948 1520 1027 ἐκλογή
1566 951 1658 1005 καὶ
1703 953 1811 1004 τῶν
1846 947 2009 1005 δυνα-

347 1045 458 1095 τῶν
529 1037 931 1115 στρατοπέδων,
1000 1044 1098 1094 τοῦ
1162 1060 1222 1094 τε
1285 1040 1696 1113 καθοσιωμὲνου
1765 1037 1902 1095 λαοῦ
1967 1041 2003 1109 ἡ

348 1129 646 1192 συναίνεσις
695 1131 832 1204 πρὸς
883 1129 945 1184 τὸ
1005 1126 1352 1202 ἀναδέξασθαι
1408 1135 1508 1199 τῆς
1564 1128 1844 1204 βασιλείας
1897 1132 2005 1184 τῶν

344 1219 640 1292 Ῥωμαίων
693 1220 792 1288 τήν
851 1216 1133 1294 φροντίδα,
1192 1218 1631 1296 προηγουμένως
1682 1226 1782 1288 τῆς
1837 1217 2006 1274 ἓπιει-

343 1309 494 1371 κείας
541 1314 642 1378 τῆς
703 1306 848 1372 θείας
891 1303 1142 1383 Τριάδος,
1197 1307 1590 1384 προεχώρησεν
1636 1309 1832 1382 (92).»
1876 1307 2005 1363 Ὑπὸ

345 1397 558 1453 πάντων
611 1396 840 1472 ἐκράγη·
918 1420 948 1448 ‹‹
1000 1397 1180 1470 Κύριε,
1257 1395 1502 1468 ἐλέησον·
1579 1397 1670 1451 Υἱὲ
1726 1401 1883 1466 Θεοῦ,
1942 1395 2004 1450 σὺ

345 1487 508 1543 αὐτὸν
582 1486 834 1558 ἒλὲησον.
913 1488 1222 1544 Ἀναστάσιε
1285 1486 1585 1563 Αὕγουστε,
1659 1484 2002 1561 τούμϐηκας·

351 1571 546 1647 εὐσεϐῆ
582 1575 812 1652 βασιλέα
860 1575 889 1630 ὁ
937 1577 1068 1640 Θεὸς
1119 1574 1364 1651 φυλάξει·
1401 1577 1429 1632 ὁ
1473 1575 1602 1639 Θεός
1635 1598 1692 1632 σε
1722 1573 1942 1646 ἔδωκεν,
1975 1577 2004 1631 ὁ

349 1667 482 1724 Θεός
512 1687 571 1721 σε
613 1664 858 1743 φυλάξει,
911 1688 940 1718 ››
987 1664 1078 1720 καὶ
1126 1663 1272 1721 ἄλλα
1327 1670 1576 1723 τοιαῦτα.
1630 1666 2000 1741 Αὐτοκράτωρ

351 1757 562 1830 Καῖσαρ
611 1753 941 1831 Αὔγουστος·
994 1779 1022 1808 ι(
1071 1755 1306 1813 Ὁπόσον
1367 1777 1462 1829 μοι
1513 1757 1681 1830 βάρος
1727 1755 1859 1831 ὑπὲρ
1902 1761 2006 1824 τῆς

352 1852 547 1915 κοινῆς
603 1843 817 1900 πάντων
877 1845 1154 1921 σωτηρίας
1223 1843 1472 1917 ἐπετέθη,
1550 1845 1653 1901 οὐκ
1706 1845 1910 1922 ἀγνοῶ.
1973 1867 2002 1895 ››

348 1935 503 2009 Παρὰ
528 1933 741 1989 πάντων
776 1928 1004 2004 ἐϐοήθη·
1041 1957 1070 1986 ‹‹
1098 1936 1247 2005 Ἄξιε
1291 1941 1392 2005 τῆς
1430 1933 1731 2011 βασιλείας,
1764 1934 1874 2006 ἄξιε
1901 1939 2003 2005 τῆς
2041 1970 2081 2035 Β

345 2022 598 2100 Τριάδος,
631 2020 744 2094 ἄξιε
767 2029 868 2093 τῆς
890 2020 1126 2085 πόλεως.
1149 2025 1288 2087 Τοὺς
1321 2021 1630 2100 δηλάτορας
1658 2019 1760 2096 ἔξω
1794 2025 1948 2099 βάλε,
1974 2049 2003 2079 »

345 2113 436 2168 καὶ
485 2111 632 2168 ἄλλα
678 2116 925 2172 τοιαῦτα.
976 2112 1342 2190 Αὐτοκράτωρ
1403 2117 1620 2189 Καῖσαρ
1665 2112 2002 2192 Αὔγουστος·

349 2226 378 2254 ‹‹
412 2201 587 2259 Ἀλλᾶ
633 2203 729 2257 τὸν
776 2203 905 2257 Θεὸν
958 2201 1048 2258 τὸν
1095 2203 1512 2278 παντοκράτορα
1542 2199 1800 2274 δυσωπῶ,
1829 2204 2002 2273 ὅπως,

346 2291 462 2348 οἷὸν
495 2312 563 2365 με
591 2290 647 2346 ἐν
676 2292 850 2366 ταύτῃ
897 2294 964 2365 τῇ
995 2295 1154 2367 κοινῇ
1204 2291 1406 2369 ἐκλογῇ
1440 2291 1682 2368 γενέσθαι
1711 2292 2003 2368 ἠλπίσατε,

341 2381 589 2438 τοιοῦτον
631 2385 701 2456 τῇ
749 2385 856 2436 τῶν
899 2382 1236 2459 πραγμάτων
1287 2381 1508 2457 ἐργασίᾳ
1546 2386 1939 2456 κατανοήσητε.
1970 2407 1998 2440 ι

345 2472 495 2548 Παρὰ
543 2473 761 2527 πάντων
819 2470 1042 2548 ἐκράγη·
1102 2496 1123 2524 ι
1178 2471 1270 2534 Εἲς
1319 2472 1376 2528 δν
1425 2474 1718 2543 πιστεύεις,
1758 2475 1919 2538 αὐτός
1949 2497 2006 2532 σε

346 2562 530 2617 σώσει.
616 2562 708 2622 Ὠς
801 2554 1017 2631 ἔζησας,
1086 2560 1229 2618 οὕτω
1329 2561 1667 2637 βασίλευσον.
1748 2561 2003 2628 Εὐσεϐῶς

347 2647 562 2720 ἔζησας,
625 2644 867 2712 εὐσεϐῶς
931 2648 1274 2726 βασίλευσον.
1344 2649 1630 2726 Ἀριάδνη,
1696 2654 1758 2707 σὺ
1826 2659 1999 2726 νικᾷς.

357 2739 547 2794 Πολλὰ
573 2740 638 2794 τὰ
679 2737 772 2811 ἔτη
805 2747 907 2809 τῆς
955 2739 1300 2816 Αὐγούστης.
1351 2741 1428 2799 Τὸ
1477 2740 1742 2817 ἐξέρκιτον
1772 2745 1834 2798 σὺ
1866 2742 2006 2820 ἔγει-

364 2846 482 2902 ρον,
537 2829 628 2890 τὰς
685 2830 964 2905 στρατείας
1023 2827 1086 2884 σὺ
1140 2825 1372 2905 ἕγειρον,
1431 2831 1562 2894 τοὺς
1618 2829 1850 2896 δούλους
1905 2854 2001 2889 σου

360 2915 607 2988 ἒλέησον.
661 2919 746 2981 Ὠς
798 2920 1132 2995 Μαρκιανὸς,
1193 2919 1366 2984 οὕτως
1426 2920 1770 2997 βασίλευσον,
1827 2947 1856 2977 ››
1911 2925 1999 2979 καὶ

351 3003 498 3062 ἄλλα
525 3011 742 3064 τοιαῦτα
783 3007 990 3066 πολλά.
1036 3009 1399 3086 Αὐτοκράτωρ
1431 3015 1634 3086 Καῖσαρ
1666 3011 2000 3087 Αὔγουστος·

347 3119 374 3151 ‹
406 3099 566 3173 Ὑπὲρ
621 3102 721 3164 τῆς
779 3099 974 3175 ἑορτῆς
1031 3107 1133 3170 τῆς
1191 3100 1460 3178 εὐτυχοῦς
1506 3103 1670 3175 ἡμῶν
1723 3099 2000 3177 βασιλείας

342 3188 442 3242 ἀνὰ
489 3189 528 3242 ε’
569 3189 930 3263 νομισμάτων
979 3190 1070 3244 καὶ
1122 3187 1316 3265 λίτραν
1365 3189 1605 3266 ἀργύρου
1657 3190 1785 3265 ὑμῖν
1837 3212 2003 3248 κατα-

343 3271 618 3332 ϐούκολον
650 3273 834 3337 δώσω.
868 3300 897 3330 ››
947 3277 1100 3353 Παρὰ
1147 3276 1362 3334 πάντων
1409 3275 1636 3351 ἐϐοήθη.
1670 3303 1699 3332 ‹‹
1730 3283 1999 3354 Χριστια-

339 3364 428 3419 νὸν
477 3365 709 3441 βασιλέα
756 3368 784 3422 ὁ
835 3368 966 3431 Θεὸς
1013 3364 1351 3447 διαφυλάξει.
1404 3367 1575 3425 Λῦται
1606 3388 1782 3424 κοιναι
1813 3370 1998 3446 εὐχαί,

338 3455 497 3513 αὗται
557 3456 614 3511 αἱ
672 3457 834 3533 εὐχαὶ
889 3464 990 3527 τῆς
1048 3457 1393 3531 οἰκουμένης·
1448 3458 1540 3512 τὸν
1614 3453 1806 3530 εὐσεϐῆ
1866 3462 2000 3535 (93).

341 3545 525 3623 Κύριε,
584 3544 846 3621 φύλαξον·
905 3547 1028 3622 ἅγιε
1103 3547 1290 3622 Κύριε,
1366 3541 1576 3624 ἕγειρον
1633 3549 1728 3603 τὸν
1795 3551 2002 3623 κόσμον

343 3657 461 3691 σου.
521 3641 663 3707 Νικᾷ
718 3638 754 3705 ἡ
814 3635 960 3712 τύχη
1018 3639 1127 3692 τῶν
1172 3635 1483 3709 Ῥωμαίων.
1535 3637 1852 3693 Ἀναστᾶσιε
1899 3636 2000 3696 Αὕ-

341 3747 562 3801 γουστε,
619 3723 683 3780 σὺ
741 3729 914 3796 νικᾷς·
973 3723 1234 3802 Ἀριάδνη
1295 3725 1696 3804 Αὐγούστα,σὺ
1734 3728 1904 3798 νίκᾷς.
1938 3729 1998 3787 Ὁ

336 3815 468 3878 Θεὸς
501 3815 643 3889 ὑμᾶς
676 3810 932 3885 δέδωκεν,
965 3815 992 3870 ὁ
1023 3816 1155 3878 Θὲὸς
1197 3816 1338 3890 ὑμᾶς
1371 3814 1615 3892 φυλάξει.
1650 3840 1679 3869 ››
1712 3817 1996 3894 Αὐτοκρά-

334 3924 450 3979 τωρ
484 3902 819 3981 Αὔγουστος·
853 3928 883 3957 ‹‹
923 3904 984 3961 Ὁ
1033 3905 1164 3967 Θεὸς
1217 3905 1335 3978 μεθ’
1369 3905 1540 3978 ὑμῶν.
1576 3928 1604 3956 ››
1635 3904 1734 3960 Καὶ
1769 3907 1906 3980 μετᾶ
1933 3909 1996 3964 τὸ

336 3994 806 4067 προσφωνηθῆναι
859 3993 1046 4056 αὐτοῖς
1095 3993 1364 4064 κατῆλθεν
1420 3991 1862 4070 δηριγευόμενος,
1905 3996 1994 4052 καί

335 4080 580 4151 ἀπῆλθεν
641 4081 717 4144 εἷς
770 4083 870 4152 τήν
929 4080 1240 4155 ἕκκλησίαν,
1299 4083 1388 4138 καὶ
1447 4083 1695 4153 εἰσῆλθεν
1753 4082 1841 4140 διὰ
1895 4089 1992 4140 τοῦ

2123 688 2240 738 tam
2273 683 2487 740 milites
2511 701 2686 755 quam
2720 686 3025 757 populares
3066 689 3481 746 acclamabant.
3515 692 3769 750 Descen-

2121 775 2293 830 debat
2322 778 2439 830 tum
2470 791 2498 830 e
2530 783 2710 844 scuto,
2742 782 2800 833 et
2840 777 3275 850 ingrediebatur
3322 798 3522 837 rursus
3568 783 3624 838 in
3663 785 3770 840 tri-

2121 863 2390 932 clinium,
2421 864 2522 920 ubi
2550 865 2793 922 basilica
2816 882 2913 923 seu
2939 867 3190 940 insignia
3213 869 3443 940 imperii
3469 872 3769 942 induebat,

2121 954 2194 1009 ab
2231 954 2503 1026 episcopo
2535 971 2737 1026 preces
2766 955 3002 1012 ﬁebant.
3038 958 3204 1030 Kyrie
3235 958 3454 1014 eleison
3488 962 3770 1017 recitaba-

2120 1044 2233 1110 tur,
2265 1042 2420 1098 idem
2443 1043 2770 1113 patriarcha
2796 1045 2906 1116 ipsi
2937 1045 3303 1118 chlamydem
3328 1047 3691 1120 imperialem
3717 1056 3772 1104 et

2119 1147 2392 1187 coronam
2415 1138 2768 1205 gemmatam
2793 1133 3290 1206 circumponebat.
3318 1139 3382 1192 In
3413 1137 3523 1193 hoc
3555 1142 3766 1194 ornatu

2119 1222 2413 1292 repetebat
2443 1223 2791 1279 Anastasius
2821 1241 3030 1280 rursus
3061 1226 3368 1294 cathisma,
3391 1231 3448 1283 et
3477 1227 3773 1284 salutabat

2120 1311 2425 1382 populum.
2459 1311 2877 1369 Etclamabant
2906 1319 3030 1370 tum
3063 1331 3308 1373 omnes:
3343 1338 3372 1367 ‹‹
3403 1317 3698 1387 Anguste!
3737 1340 3768 1369 »

2119 1401 2274 1457 240
2303 1399 2428 1471 ipse
2456 1417 2590 1457 vero
2613 1401 3017 1474 alloquebatur
3039 1403 3256 1460 milites
3282 1408 3339 1460 et
3366 1406 3646 1477 populum
3671 1422 3768 1462 ore

2117 1487 2458 1544 libellensis.
2491 1489 2710 1562 Nempe
2743 1490 2996 1561 libellus,
3029 1492 3086 1548 in
3119 1507 3232 1565 quo
3273 1493 3599 1565 prescripta
3647 1501 3768 1550 erat

2119 1577 2361 1650 alloquii
2392 1578 2669 1646 formula,
2702 1579 2814 1652 ipsi
2858 1581 2930 1637 ab
2970 1581 3166 1653 aliquo
3198 1583 3559 1653 tradebatur,
3591 1600 3768 1655 quem

2117 1665 2244 1739 ipse
2272 1666 2530 1723 vicissim
2553 1666 2873 1725 libellensis
2895 1669 3173 1738 tradebat,
3206 1670 3302 1726 hic
3333 1671 3587 1744 denique
3609 1687 3640 1728 e
3660 1671 3767 1728 tri-

2117 1754 2318 1812 bunali
2333 1755 2631 1824 recitabat,
2644 1757 2986 1827 promittens
3002 1758 3195 1814 danda
3210 1758 3358 1830 ipsis
3371 1760 3767 1830 augustiatica

2115 1861 2212 1902 seu
2235 1845 2699 1902 muneraanovis
2712 1846 2995 1918 Augustis
3017 1847 3230 1919 populo
3257 1851 3315 1904 et
3337 1847 3622 1905 militibus
3638 1849 3764 1904 dari

2114 1933 2316 2004 solita;
2347 1937 2405 1992 et
2433 1934 2669 2006 quidem
2693 1935 2914 1992 viritim
2940 1951 3217 1993 nummos
3237 1953 3444 1994 aureos
3464 1937 3675 2008 quinos
3707 1941 3766 1994 et

2114 2023 2620 2096 litrassingulares
2633 2025 2882 2097 argenti.
2906 2025 3089 2081 Habet
3102 2033 3296 2082 autem
3320 2027 3638 2099 alloquium
3651 2027 3760 2084 sic.

2116 2116 2439 2186 Imperator
2464 2116 2646 2170 Caesar
2676 2117 2964 2186 augustus
2989 2131 3002 2170 :
3023 2115 3280 2172 «Notum
3318 2121 3406 2172 est
3440 2116 3762 2173 humanam

2116 2206 2466 2275 potestatem
2495 2219 2529 2258 a
2572 2207 2722 2259 nutu
2773 2219 3058 2277 supremae
3108 2204 3309 2276 gloria)
3349 2205 3699 2276 dependere.
3733 2227 3762 2255 »

2114 2291 2532 2349 Exclamabant
2560 2307 2794 2349 omnes:
2827 2313 2856 2343 «
2887 2293 3137 2349 Abunde
3171 2293 3456 2350 bonorum
3489 2294 3615 2350 orbi
3646 2298 3766 2350 ter-

2115 2397 2316 2438 rarum
2350 2403 2378 2432 »
2411 2382 2592 2453 [nunc
2619 2382 2927 2453 contingit,
2959 2385 3017 2438 te
3045 2382 3117 2438 ad
3168 2382 3477 2454 imperium
3521 2383 3761 2455 evecto].

2120 2493 2142 2523 ι
2178 2471 2250 2527 Ut
2281 2471 2564 2542 hactenus
2595 2470 2814 2540 vixisti,
2849 2470 2932 2526 ita
2964 2487 3131 2542 porro
3157 2471 3403 2543 impera.
3428 2475 3614 2528 Puros
3646 2488 3767 2528 ma-

2114 2562 2396 2633 gistratus
2426 2561 2552 2617 orbi
2584 2565 2868 2616 terrarum
2905 2560 3308 2634 [ﬂagitamus],
3342 2580 3369 2612 ι
3394 2569 3449 2617 et
3471 2561 3583 2616 alia
3607 2561 3761 2617 talia.

2115 2653 2438 2723 Imperator
2483 2649 2675 2706 Ctesar
2721 2657 3045 2722 angustus:
3098 2671 3127 2700 «
3177 2651 3321 2706 Cum
3389 2650 3588 2722 itaque
3642 2667 3756 2720 me,

2114 2741 2384 2814 quamvis
2415 2739 2662 2796 invitum
2693 2744 2750 2796 et
2779 2740 3180 2808 cessitantem,
3215 2741 3593 2797 serenissima
3636 2745 3765 2797 An-

2112 2835 2286 2904 gusta
2314 2831 2570 2887 Ariadne
2602 2830 2828 2902 judicio
2880 2846 3008 2897 suo,
3040 2829 3576 2887 illustrissimorum
3629 2848 3762 2903 pro-

2112 2936 2312 2979 corum
2341 2925 2399 2977 et
2427 2919 2841 2993 gloriosissimi
2872 2923 3111 2976 senatus
3143 2919 3369 2988 electio,
3404 2919 3764 2991 potentium-

2110 3027 2218 3084 que
2255 3009 2616 3067 exercituum
2643 3013 2708 3065 ut
2731 3012 2789 3065 et
2811 3009 3167 3066 sacrosancti
3190 3009 3391 3081 populi
3415 3025 3758 3076 consensus,

2111 3119 2178 3159 eo
2198 3101 2474 3174 adegerit,
2507 3103 2591 3168 ut,
2633 3115 2886 3170 sequens
2917 3100 3155 3155 ductum
3189 3098 3511 3156 clementia:
3555 3099 3762 3156 divinae

2110 3191 2436 3260 Trinitatis,
2467 3205 2669 3246 curam
2698 3187 2927 3260 imperii
2952 3188 3347 3246 Romanorum
3373 3189 3433 3244 in
3455 3204 3550 3244 me
3573 3189 3762 3246 susci-

2111 3297 2384 3355 perem.»
2443 3280 2529 3336 Ad
2585 3280 2708 3336 haec
2765 3278 3169 3335 exclamabant
3225 3294 3468 3335 omnes:
3513 3300 3543 3330 «
3597 3279 3763 3350 Kyrie

2112 3371 2351 3428 eleison.
2385 3368 2490 3423 Fili
2513 3369 2638 3438 Dei,
2662 3368 2939 3424 miserere
2964 3369 3116 3440 ejus.
3153 3368 3461 3424 Anastasio
3480 3369 3759 3439 Auguste,

2110 3466 2174 3517 tu
2205 3460 2427 3517 vincas.
2460 3459 2626 3515 Pium
2648 3458 3060 3530 imperatorem
3083 3458 3236 3515 Deus
3268 3461 3584 3514 conservet.
3613 3458 3762 3515 Deus

2110 3555 2167 3607 te
2197 3549 2378 3607 dedit.
2411 3549 2566 3605 Deus
2593 3551 2648 3604 te
2678 3551 2998 3616 conservet,
3033 3570 3061 3599 »
3093 3552 3150 3604 et
3173 3547 3289 3604 alia
3319 3547 3476 3605 talia.
3511 3547 3764 3621 Impera-

2109 3643 2200 3697 tor
2247 3639 2442 3696 Gaasar
2479 3641 2808 3710 angustus:
2850 3658 2879 3688 «
2927 3637 3211 3710 Intelligo,
3271 3641 3559 3711 quantum
3611 3654 3760 3695 onus

2109 3729 2256 3786 mihi
2288 3745 2421 3786 cum
2453 3745 2592 3784 cura
2621 3727 2956 3783 communis
2987 3728 3251 3784 omnium
3284 3726 3492 3783 salutis
3515 3726 3760 3798 imposi-

2105 3820 2234 3874 tum
2267 3815 2457 3872 fuerit.
2482 3837 2511 3867 »
2530 3814 2953 3871 Acclamabant
2974 3830 3175 3871 omnes
3201 3830 3260 3869 :«
3281 3813 3464 3885 Digne
3488 3812 3757 3885 imperio,

2106 3906 2283 3978 digne
2310 3902 2612 3960 Trinitatis
2643 3903 2835 3959 favore
2866 3909 3038 3972 atque
3087 3902 3333 3970 calculo,
3365 3901 3542 3973 digne
3591 3901 3755 3958 urbe.

2104 3999 2250 4052 Arce
2273 3994 2577 4060 delatores,
2612 4013 2642 4041 »
2675 3995 2731 4048 et
2761 3991 2979 4048 similia
3009 3991 3197 4062 plura.
3232 3994 3547 4064 Imperator
3571 3992 3759 4048 Caesar

2104 4087 2440 4157 angustus:
2495 4103 2525 4132 «
2575 4082 2785 4139 Verum
2825 4081 3125 4153 supplicor
3176 4081 3564 4154 omnipotenti
3614 4081 3754 4148 Deo,

335 4172 630 4246 νάρθηκος,
678 4172 768 4226 τὸν
816 4170 1074 4250 στέφανον
1120 4171 1385 4251 πρότερον
1435 4172 1765 4247 ἀποθέμενος
1815 4173 1866 4228 ἐν
1911 4179 1992 4246 τῷ

2111 4174 2236 4232 velit
2264 4173 2585 4242 efﬁcere,ut
2612 4169 2844 4243 qualem
2870 4185 2964 4228 me
2993 4171 3115 4229 fore
3145 4171 3449 4245 sperastis,
3473 4171 3756 4245 eligentes

1371 4328 1574 4387 JOAN.
1613 4330 1761 4386 JAG.
1807 4328 2071 4386 REISKII
2112 4327 2708 4385 COMMENTARIUS.

338 4480 484 4566 ηςεν⁹
539 4475 858 4566 Ωςὶέζηεὶσας,
920 4476 1214 4566 οὕτωηιαὶ
1285 4477 1629 4566 βασίλξυσον,
1690 4476 1989 4566 δέσποταη.

2103 4476 2481 4554 ᾀκροπόλεως·
2516 4495 2620 4551 pro
2637 4495 2768 4554 _quo
2798 4477 2947 4554 alius
2977 4476 3223 4554 dixisset
3243 4471 3515 4554 ἔκκαλεῖν,
3549 4467 3752 4527 ἐκϐάλ-

340 4550 500 4628 οὗτος
541 4550 670 4614 τοὺς
722 4549 1033 4628 δελάτωρας
1086 4548 1145 4604 ἐκ
1214 4548 1322 4606 τῶν
1381 4548 1860 4614 πόλεωντελέως
1919 4551 1993 4624 ἐξ·

2111 4548 2250 4621 λεὶν,
2279 4548 2542 4624 ἐκκορεῖν,
2566 4548 2724 4606 velut
2743 4552 3100 4628 exequi—Acopa,
3124 4553 3188 4604 ut
3207 4548 3477 4628 cimicem
3499 4561 3750 4628 egerere,

343 4624 937 4779 :xgt‘ifSubjntellige
971 4694 1063 4779 σύν
1095 4695 1207 4779 vel“
1222 4693 1370 4779 ὅςμα,
1409 4712 1526 4752 una
1574 4712 1701 4779 curn
1727 4695 1994 4779 judicio:

341 4761 430 4823 De
479 4761 682 4843 phrasi
742 4761 916 4843 κρίσξι
966 4771 1088 4843 τῆς.
1123 4761 1473 4839 ἐνδοξοτάτης
1527 4761 1838 4843 συγκλήτου
1905 4765 1994 4822 καὶ

342 4835 634 4914 συναῖνέσει
664 4835 789 4914 τῶν
805 4835 1203 4914 ἀνδρειοτάτων
1250 4835 1632 4914 στρατιωτῶν-
1652 4835 1773 4896 vid.
1807 4841 1996 4914 Spanf

341 4911 498 4987 hem,
532 4913 604 4987 ad
646 4911 880 4987 _._l_uliap.
911 4911 1096 4987 ’orat.‘
1127 4929 1182 4982 p.
1243 4911 1357 4987 32._
1393 4911 1664 4987 concinit
1719 4911 1994 4987 praesenti

337 4983 584 5056 grationi
643 4983 744 5040 illa
800 4983 1269 5056 Gordiani‘apud
1320 4983 1631 5056 Capitolin.
1682 4988 1724 5040 t.
1767 4985 1818 5039 II
1868 4984 1991 5040 Scr.

333 5053 484 5128 Hist.
517 5058 667 5128 Aug.
701 5056 1122 5128 ρ.121ηυίειιηι
1153 5053 1254 5111 'me
1294 5056 1361 5128 Ρ.
1402 5053 1468 5110 L‘.
1500 5057 1755 5127 juvenes,
1797 5056 1995 5127 quibus

334 5126 532 5198 Africa
561 5126 766 5185 tuenda
793 5127 1092 5184 commissa
1121 5130 1219 5193 est,
1247 5127 1318 5182 ad
1353 5126 1652 5198 imperium
1698 5126 1991 5183 vocarunt.

335 5199 438 5279 §ed
468 5201 676 5256 intuitu
704 5207 944 5279 vestrum
965 5197 1624 5279 necessitatemlibenter
1639 5200 1903 5279 sustineo.
1939 5228 1993 5240 --

335 5271 476 5328 Nam
495 5287 588 5344 ego
623 5287 800 5344 usque
827 5271 898 5327 ad
927 5277 1156 5328 senatus
1199 5269 1468 5340 iudicium
1514 5270 1760 5327 incertus
1801 5273 1854 5326 et
1891 5286 1993 5326 va-

335 5287 476 5328 nam
495 5287 588 5344 ego
623 5287 788 5399 usque

335 5343 461 5398 rius
488 5344 695 5412 ﬂuctuu
735 5359 788 5400 0.

415 5405 526 5488 (92)
555 5413 845 5472 Notabilis
893 5429 1042 5471 usus
1079 5414 1251 5488 _verbi
1300 5429 1404 5486 pro
1456 5405 1838 5487 προεϐίϐασεν.
1893 5413 1995 5470 Est

337 5486 538 5561 tamen
569 5488 718 5544 bene
764 5489 1032 5561 Grm‘cum
1078 5486 1456 5561 hoc_sensu:
1503 5486 1823 5561 προχωρεῖν
1875 5501 1994 5544 non

337 5558 527 5615 solum
560 5562 767 5630 semet,
802 5558 904 5614 sed
951 5558 1126 5614 etiam
1173 5556 1358 5614 alium
1415 5556 1757 5630 promotier'e
1806 5561 1990 5614 notat;

336 5631 465 5704 Pari
500 5633 674 5704 modo
704 5628 974 5704 ἐκχωρεῖν
1008 5646 1125 5704 non
1154 5634 1390 5686 tantum
1417 5628 1616 5704 semet
1642 5630 1856 5701 ipsum,
1889 5631 1991 5704 sed

337 5703 514 5788 etiam
546 5701 969 5788 aliume'lOco,
1004 5701 1066 5788 in
1116 5705 1388 5788 qxuo‘cst,
1439 5701 1760 5788 castrabere,
1812 5703 1990 5788 ποιεῖν

345 5773 635 5866 ἐκχωρεῖν.
686 5775 780 5830 Sic
828 5777 1076 5845 usurpat
1124 5773 1408 5830 Diodorus
1454 5773 1692 5830 Siculus
1722 5779 1766 5828 t.
1812 5775 1884 5830 II.
1931 5790 1991 5856 ρ.

337 5847 446 5902 25:
519 5843 814 5923 Επεχείρει
867 5843 1062 5919 λόγοις
1107 5843 1199 5900 τὸν
1251 5841 1508 5918 τύραννον
1575 5841 1840 5919 ἐκχωρεῖν
1894 5863 1994 5913 της

2107 4618 2378 4681 excutere
2402 4618 2421 4691 ;’
2447 4640 2501 4678 v.
2532 4618 2664 4692 lqum
2688 4624 2755 4678 ad
2777 4639 2833 4693 p.
2866 4622 2972 4693 253
2990 4618 3204 4677 dicam.
3227 4618 3753 4693 Ita_Aristophane_s

2105 4687 2441 4767 Avibusgvs.
2473 4687 2616 4767 211i;
2661 4687 2844 4767 γένυος
2887 4691 3086 4767 ξουθῆς
3138 4689 3388 4767 καθαρὰν-
3421 4687 3607 4767 ’χῴρει
3655 4687 3754 4742 Διὰ

2105 4765 2472 4846 φυλλοκόμου
2497 4761 2763 4846 σμίλακος
2807 4761 2960 4846 ᾐχώ.
2997 4765 3098 4846 Sic
3147 4761 3304 4820 enim
3353 4761 3621 4846 ibi—165.,
3653 4770 3754 4816 aut

2102 4831 2242 4896 s'ane
2271 4831 2391 4913 ἤχη
2427 4839 2476 4896 si
2515 4831 2724 4913 καθαρᾷ
2777 4831 3147 4895 οὒ”ωοιι·υω
3188 4850 3416 4891 servare
3462 4831 3748 4890 velimus:

2099 4910 2362 4982 promoue
2389 4928 2595 4984 purum
2624 4910 2775 4984 cella,
2810 4916 3103 4984 autpuras
3142 4921 3316 4984 sonos_
3342 4920 3439 4978 per
3487 4919 3750 4984 canorum

2100 4977 2293 5055 buittur
2321 4977 2487 5055 us'que
2517 4983 2590 5038 ad
2619 4982 2768 5039 sedes
2807 4977 2953 5055 locis
2999 4985 3155 5055 trans
3197 4977 3514 5055 umbrosam
3555 4980 3750 5033 taxum

2102 5050 2279 5131 χώρει
2309 5050 2412 5131 foc—
2432 5056 2668 5131 _cedere,_
2692 5053 3002 5131 procedere,
3023 5051 3168 5108 cedo.
3199 5050 3468 5131 Notanda
3515 5064 3748 5131 quoque

2102 5121 2318 5198 positio
2344 5127 2526 5196 hujus
2554 5121 3098 5198 verb'i,ﬁtam_longe
3129 5121 3379 5198 sejuncti
3416 5121 3746 5198 anomina-

2101 5192 2220 5255 tivo
2250 5213 2355 5254 suo
2413 5192 2672 5254 Ariadne.
2725 5192 2841 5254 'Tot
2898 5192 3218 5266 interjectis
3249 5193 3600 5266 ambagibus
3659 5192 3750 5248 vix

2101 5271 2337 5354 tandem
2370 5269 2694 5354 reperimus
2725 5268 2925 5354 inﬁne
2951 5264 3203 5354 dimidiae
3235 5264 3452 5354 periodi
3479 5264 3746 5354 verbum,

2101 5343 2255 5412 quod
2287 5336 2486 5397 omnia
2515 5341 2630 5396 ista
2659 5340 2827 5411 regit.
2859 5343 2986 5395 Non
3018 5339 3102 5394 sic
3134 5336 3353 5412 _Gra:ci.
3377 5336 3742 5412 gircumdu-

2101 5407 2268 5480 étior,
2299 5417 2389 5469 est
2420 5415 2541 5468 haec
2561 5407 2768 5479 oratio,
2791 5427 2970 5482 quam
3000 5427 3102 5482 pro
3122 5410 3355 5482 Graecis.
3377 5407 3518 5482 Toto
3542 5407 3744 5482 habitu

2102 5477 2306 5543 Latina
2336 5491 2443 5542 est.
2473 5477 2761 5553 Apodosis
2788 5477 3087 5553 particulae
3119 5477 3306 5550 ἐπειδή
3340 5480 3508 5536 estin
3548 5478 3743 5534 verbis

2102 5556 2318 5629 ὁπόσον
2365 5574 2459 5627 μοι
2531 5553 2764 5629 βάρος...
2826 5568 3075 5624 quorum
3153 5567 3386 5625 quoque
3449 5554 3742 5607 structura

2101 5645 2265 5686 mera
2295 5628 2556 5686 Romana
2575 5630 2687 5683 est.

2173 5699 2286 5774 (93)
2317 5700 2438 5774 Vo;
2475 5691 2668 5766 εὐσεϐῆ
2711 5698 2902 5774 pgtest
2949 5696 3333 5774 accusativus,
3362 5696 3568 5774 potest.
3594 5707 3740 5763 quo-

2101 5763 2216 5844 que
2243 5763 2539 5847 vocativus
2570 5763 2730 5847 esse."
2752 5767 3061 5847 Posterius.
3081 5767 3342 5847 si_0ptes,
3363 5763 3483 5820 'erit
3508 5763 3601 5816 τόν
3634 5776 3736 5834 pro

2099 5839 2292 5900 τοῦτον
2327 5842 2734 5915 accipiendum
2761 5859 2776 5911 ;
2808 5840 2971 5906 hunc,
3002 5839 3092 5912 pie
3113 5839 3375 5905 Domine,
3403 5849 3584 5892 serva.
