4104 6402
307 469 420 530 787

1381 456 1912 518 CONSTANTINI
1957 453 2652 517 PORPHYROGENITI

3598 457 3716 517 788

310 601 574 660 unanimi
608 615 923 667 consensu,
949 595 1126 654 talem
1159 609 1287 651 esse
1317 594 1444 666 ipso
1475 611 1544 650 ex
1573 608 1812 666 cperum
1845 608 1960 650 me-

2080 589 2459 664 μουτατωρίῳ,
2491 591 2581 646 καὶ
2613 587 2802 646 λαϐὼν
2835 591 2992 648 αὐτὸν
3044 594 3072 647 6
3126 590 3483 668 πραιπόσιτος
3516 587 3726 646 ἐπέδω-

307 707 477 749 orum
528 691 880 746 documento
946 683 1417 758 deprehendatis.
1456 704 1484 732 »
1546 682 1958 739 Acclamabant

307 795 545 837 omnes:
583 799 611 829 κ
645 776 769 846 ille,
803 775 894 832 cui
929 774 1199 840 conﬁdis,
1232 777 1287 828 te
1325 771 1604 839 salvabit;
1647 775 1710 825 ut
1741 771 1950 834 vixisti,

307 870 391 925 ita
423 870 679 940 impera;
729 866 819 938 pie
866 863 1081 932 vixisti,
1134 862 1226 933 pie
1269 861 1513 932 impera.
1567 859 1846 927 Ariadne,
1895 867 1956 916 tu

306 958 546 1024 vincas;
580 954 748 1010 multi
782 953 899 1009 sint
928 951 1067 1008 anni
1098 952 1396 1022 Augustae.
1456 949 1620 1018 Erige
1672 954 1734 1005 tu
1785 951 1956 1022 [Ana-

308 1046 509 1117 stasis]
542 1043 876 1101 exercitum.
911 1041 1185 1096 Miserere
1228 1053 1527 1095 servorum
1583 1041 1819 1094 tuorum
1849 1057 1862 1107 ;
1894 1043 1959 1095 ut

310 1133 664 1201 Marcianus,
709 1130 791 1186 ita
830 1133 892 1185 tu
937 1144 1171 1200 quoque
1211 1127 1452 1198 impera,
1491 1148 1520 1176 »
1569 1129 1628 1182 et
1667 1125 1781 1182 alia
1816 1127 1958 1182 talia

2067 701 2154 734 κεν
2208 681 2377 752 αὐτῷ,
2426 681 2517 734 καὶ
2566 677 2792 736 ἄπέθετο
2855 682 3013 737 αὐτὸν
3074 679 3125 736 ἐν
3200 686 3278 754 τῷ
3334 679 3723 753 θυσιαστηρίῳ,

2064 767 2155 822 καὶ
2206 771 2577 844 προσήνεγκεν
2629 770 2656 823 6
2715 768 2968 843 βασιλεὺς
3015 769 3083 824 τὰ
3132 767 3300 843 δῶρα,
3349 769 3436 822 καὶ
3470 767 3730 824 εἰσελθὼν

2067 858 2143 921 εἰς
2189 860 2250 913 τὸ
2303 861 2680 934 μουτατώριον
2732 860 2978 934 ἐφόρεσεν
3026 861 3119 914 τὸν
3171 858 3448 937 στέφανον,
3499 859 3588 916 καὶ
3623 859 3728 914 ὑπ·-

2067 948 2340 1023 ἐστρεψεν,
2372 949 2460 1002 καὶ
2511 947 2768 1003 εἰσελθὼν
2814 948 3070 1019 ἐποίησεν
3121 950 3219 1018 τὴν
3269 949 3600 1023 προαγωγὴν
3628 952 3728 1003 τοῦ

2069 1036 2343 1114 ὑπάρχου,
2396 1037 2486 1092 καὶ
2532 1035 2729 1094 ἔδωκεν
2780 1038 2998 1111 μίσσας,
3045 1038 3136 1092 καὶ
3191 1036 3408 1112 ἔθρεψεν
3457 1038 3582 1099 τοὺς
3632 1034 3731 1112 ἅρ-

2067 1146 2282 1201 χοντας.

311 1223 518 1280 multa.
553 1222 872 1293 Imperator
901 1218 1089 1274 Cresar
1117 1219 1457 1289 Augustus:
1492 1238 1520 1265 ‹‹
1551 1217 1660 1273 Pro
1703 1216 1847 1272 testo
1879 1216 1993 1286 die,
2031 1217 2215 1274 felicis
2248 1219 2429 1274 nostri
2460 1219 2691 1290 imperii
2722 1220 2934 1288 natale,
2969 1218 3114 1274 dabo
3159 1219 3323 1275 vobis
3377 1219 3433 1273 in
3488 1219 3732 1274 buccam

311 1313 437 1384 [seu
475 1310 716 1381 viritim]
749 1307 964 1380 quinos
997 1321 1271 1363 nummos
1303 1309 1361 1361 et
1393 1304 1670 1377 singulas.
1707 1305 1874 1362 litras
1923 1307 2167 1378 argenti.
2205 1328 2232 1358 »
2281 1307 2699 1364 Acclamabant
2748 1325 2993 1365 omnes:
3018 1331 3044 1358 ‹‹
3097 1308 3495 1364 Christianum
3547 1309 3735 1378 impe-

309 1407 559 1459 ratorem
589 1402 894 1458 conservet
923 1397 1096 1453 Deus.
1131 1397 1262 1452 Haec
1298 1401 1440 1453 sunt
1482 1396 1819 1453 communia
1878 1397 2143 1453 omnium
2203 1403 2345 1454 vota.
2408 1399 2539 1455 Haec
2599 1403 2739 1454 sunt
2793 1405 2925 1456 vota
2981 1399 3140 1455 orbis
3198 1404 3510 1455 terrarum.
3561 1401 3734 1455 Pium

311 1491 639 1558 dominum,
671 1488 941 1557 Domine,
975 1503 1273 1543 conserva.
1311 1487 1460 1543 247
1496 1486 1706 1543 Sancte
1739 1487 2006 1555 Domine,
2042 1487 2228 1543 releva
2251 1490 2530 1544 mundum
2565 1493 2750 1545 tuum.
2779 1490 2983 1545 Vincat
3017 1490 3251 1545 fortuna
3292 1489 3686 1544 Romanorum
3718 1505 3732 1556 ;

311 1580 585 1637 Anastasi
609 1581 882 1650 Auguste,
918 1584 978 1633 tu
1002 1577 1220 1633 vincas.
1249 1575 1504 1632 Ariadne
1547 1579 1830 1648 Augusta,
1863 1579 1925 1631 tu
1975 1576 2195 1632 vincas.
2248 1577 2400 1633 Deus
2451 1594 2552 1633 vos
2603 1579 2784 1647 dedit,
2838 1579 2987 1634 Deus
3038 1595 3136 1634 vos
3183 1582 3504 1634 conservet.
3540 1600 3567 1627 »
3620 1579 3735 1633 lm-

316 1676 548 1744 perator
591 1672 782 1726 Caesar
828 1671 1164 1740 Augustus:
1227 1667 1442 1724 «Deus
1499 1666 1822 1723 vobiscum.
1858 1688 1886 1714 ››
1949 1666 2135 1722 Finito
2195 1667 2304 1723 hoc
2365 1668 2641 1740 alloquio,
2702 1669 3091 1724 descendebat
3149 1676 3202 1724 et
3255 1668 3606 1740 procedebat
3672 1667 3737 1722 in

310 1761 601 1818 conductu
636 1760 708 1816 ad
740 1758 1070 1826 ecclesiam,
1104 1757 1523 1829 ingressusque
1563 1771 1666 1828 per
1695 1755 2029 1812 nartheccm
2077 1757 2400 1828 deponebat
2429 1774 2703 1814 coronam
2755 1758 2812 1813 in
2855 1758 3194 1825 mutatorio,
3245 1758 3552 1829 praeposito
3607 1771 3736 1812 eam

312 1850 668 1921 arripiente;
705 1849 914 1904 deinde
946 1863 1148 1904 rursus
1183 1846 1254 1903 ab
1282 1847 1390 1902 hoc
1441 1845 1552 1902 sibi
1602 1845 1887 1902 redditam
1943 1847 2270 1917 deponebat
2314 1847 2375 1902 in
2409 1848 2776 1917 thysiasterio
2825 1864 2924 1904 seu
2973 1847 3409 1915 sacriﬁcatorio,
3460 1846 3739 1903 offerebat

315 1942 492 2008 dona,
525 1939 750 1995 redibat
781 1938 852 1994 ad
887 1939 1293 2002 mutatorium,
1338 1935 1618 1991 induebat
1676 1935 1757 1992 ibi
1787 1951 2089 2003 coronam,
2139 1937 2536 1993 revertebatur
2593 1937 2652 1992 in
2713 1936 3015 2008 palatium,
3067 1938 3314 1993 faciebat
3365 1937 3442 1992 ibi
3502 1952 3739 2008 promo-

314 2029 528 2086 tionem
562 2027 815 2099 praefecti
846 2026 984 2082 Urbi
1018 2025 1213 2098 [paulo
1254 2029 1386 2082 ante
1444 2025 1514 2080 ab
1567 2025 1815 2081 Ariadne
1863 2025 2271 2096 denominati],
2331 2026 2509 2082 dabat
2568 2027 2800 2095 missas,
2858 2032 2912 2082 et
2969 2028 3202 2083 tandem
3253 2025 3536 2094 convivio,
3568 2041 3716 2097 quos

315 2117 568 2185 volebat,
603 2130 868 2186 proceres
898 2116 1228 2172 adhibebat.

908 2202 1138 2259 CAPUT
1176 2201 1365 2258 XCIII.

447 2291 811 2364 Inauguratio
841 2291 976 2363 imp.
997 2293 1206 2348 Justini
1235 2291 1446 2362 [primi]
1471 2290 1676 2348 divina:
1695 2293 1874 2348 sortis.

390 2457 451 2513 In
485 2456 768 2514 electione
795 2455 1012 2512 Justini
1044 2454 1150 2527 piae
1183 2458 1239 2510 et
1268 2454 1478 2511 divinae
1518 2454 1693 2511 sortis
1745 2456 1968 2512 contin-

317 2547 488 2621 gebat
521 2545 741 2618 aliquid
794 2544 1113 2613 turbarum,
1149 2549 1347 2616 utpote
1394 2561 1568 2618 quum
1621 2561 1808 2616 neque
1844 2547 1968 2601 Au—

317 2643 489 2711 gusta
519 2637 765 2702 adesset,
816 2650 1006 2706 neque
1052 2634 1372 2707 imperator
1405 2634 1664 2708 aliquem
1710 2635 1822 2691 sibi
1867 2650 1966 2691 seu

319 2726 598 2798 collegam
630 2741 733 2782 seu
776 2739 1180 2780 successorem
1231 2723 1702 2792 denominasset;
1756 2723 1858 2779 sed
1907 2723 1964 2779 in

325 2817 664 2873 universum
697 2815 873 2870 rebus
895 2813 1194 2885 provisum
1219 2813 1364 2868 nihil
1386 2817 1560 2870 esset.
1583 2813 1698 2870 Res
1725 2813 1806 2869 ita
1837 2829 1968 2869 con-

320 2905 470 2977 tigit.
501 2903 808 2960 Anastasio
843 2918 945 2975 per
974 2906 1199 2960 noctem
1233 2903 1375 2958 vivis
1407 2907 1694 2975 exempto,
1737 2902 1968 2974 signiﬁ-

325 2995 569 3051 cabatur
613 3009 682 3049 ea
729 2995 799 3049 de
848 3009 908 3048 re
955 3010 988 3048 a
1027 2992 1345 3049 silentiario
1395 2993 1466 3048 ad
1520 2993 1860 3063 magistrum
1912 2995 1970 3048 et

323 3082 597 3142 comitem
617 3081 1043 3150 excubitorum,
1067 3081 1252 3152 quoin
1271 3080 1556 3152 palatium
1571 3082 1965 3137 convenirent.

322 3171 726 3227 Adveniebant
755 3171 1023 3242 protinus
1043 3170 1204 3225 Celer
1236 3170 1489 3241 quidem,
1512 3173 1638 3225 tum
1669 3171 1967 3240 magister,

319 3260 586 3317 Justinus
618 3263 837 3329 autem,
861 3259 1072 3314 divinas
1104 3259 1277 3314 sortis
1301 3257 1725 3330 princeps,tum
1772 3275 1969 3316 comes

321 3349 721 3406 excubitorum
747 3351 839 3416 ;et
856 3348 1137 3419 magister
1163 3347 1471 3419 quidemin
1504 3347 1733 3403 scholas
1764 3349 1970 3404 edebat

322 3438 624 3504 mandata,
655 3437 874 3508 quibus
904 3436 1248 3492 candidatos
1271 3439 1627 3508 ceterosque
1649 3437 1968 3492 scholarios

1995 2208 2048 2272 B

2696 2206 2952 2260 ΚΕΦΑΛ.
2997 2203 3108 2280 ιιιν.

2074 2291 2454 2366 ’Λναγὸρευσις
2526 2290 2794 2366 βασιλέως
2869 2292 3162 2348 Ἰοοστίνου
3237 2295 3333 2346 τοῦ
3409 2297 3510 2361 τῆς
3587 2289 3734 2353 θείας

2255 2363 2353 2424 ειυς
2364 2407 2375 2419 .

2149 2453 2233 2507 Ἐν
2285 2455 2354 2525 τῇ
2418 2450 2764 2528 ἀναγορεύσει
2815 2451 3106 2509 Ἰουστίνου
3173 2456 3268 2508 τοῦ
3315 2459 3414 2521 τῆς
3480 2447 3736 2514 εὐσεϐοῦς

2076 2541 2220 2601 θείας
2271 2539 2480 2615 λήξεως
2533 2543 2719 2612 ἀταξία
2764 2563 2847 2604 τις
2898 2539 3122 2618 ἐγένετο,
3173 2544 3265 2596 οἷα
3325 2540 3464 2614 μηδὲ
3512 2539 3738 2617 Αὐγού-

2075 2649 2207 2699 στης
2237 2629 2405 2700 οὔσης
2437 2628 2577 2704 μηδὲ
2613 2630 2880 2706 βασιλέως
2932 2635 3029 2686 τοῦ
3078 2635 3545 2706 χειροτονοῦντος,
3587 2626 3740 2684 ἀλλὰ

2075 2719 2428 2793 ἀπρονοήτων
2487 2720 2683 2796 σχεδόν
2744 2719 2914 2777 ὄντων
2971 2725 3079 2776 τῶν
3153 2720 3513 2797 πραγμάτων.
3574 2719 3742 2776 Ἀπο-

2075 2809 2330 2871 θανὸντος
2373 2811 2475 2885 γὰρ
2509 2810 2861 2866 Ἀναστασίου
2921 2813 3019 2865 τοῦ
3074 2817 3174 2879 τῆς
3243 2809 3384 2872 θείας
3445 2807 3655 2882 λήξεως
3689 2806 3742 2864 ἓν

2075 2904 2142 2972 τῇ
2192 2900 2364 2971 νυκτὶ,
2424 2898 2682 2971 ἐδηλώθη
2743 2902 2890 2975 παρᾶ
2939 2905 3048 2955 τῶν
3111 2897 3486 2972 σιλεντιαρίων
3518 2900 3563 2933 ³⁸
3603 2901 3743 2971 (94),

2075 2992 2153 3060 τῷ
2225 2989 2508 3065 μαγίστρῳ
2574 2988 2664 3044 καί
2730 2994 2810 3062 τῷ
2879 2991 3084 3062 κόμητι
3169 2993 3276 3042 τῶν
3345 2982 3738 3062 ἐξκουόιτόρων

2077 3077 2382 3146 ἀπαντῆσαι
2444 3077 2518 3139 εἷς
2575 3078 2638 3132 τὸ
2694 3077 2980 3135 παλάτιον.
3045 3079 3375 3154 Παρεγένετο
3429 3077 3520 3131 οὖν
3565 3074 3734 3150 Κέλερ

2080 3167 2402 3241 μάγιστρος,
2455 3167 2541 3220 καὶ
2596 3169 2880 3229 Ἰουστῖνος
2933 3168 2961 3222 6
3009 3174 3109 3235 τῆς
3169 3167 3312 3228 θείας
3364 3165 3594 3236 λήξεως,
3641 3165 3740 3220 κά·

2082 3276 2189 3329 μης
2245 3254 2320 3308 ὢν
2378 3251 2772 3332 ὲξκουϐιτὸρων
2835 3259 2944 3329 (95)
3014 3260 3330 3326 τηνικαῦτα.
3398 3255 3494 3312 Καὶ
3562 3276 3738 3329 παρα-

2079 3349 2276 3424 χρῆμα
2319 3345 2346 3397 6
2381 3345 2675 3420 μάγιστρος
2731 3342 3004 3415 ἐδήλωσεν
3054 3345 3128 3406 εἰς
3180 3345 3278 3407 τὰς
3335 3345 3545 3420 σχολὰς
3604 3345 3743 3418 (96),

2076 3435 2173 3490 ’ἕνα
2203 3436 2290 3490 καὶ
2325 3437 2380 3490 οἱ
2431 3435 2742 3491 κανδιδάτοι
2792 3436 2881 3490 καὶ
2932 3437 2983 3491 οἱ
3033 3435 3198 3491 ἄλλοι
3251 3435 3545 3510 σχολάρισι
3580 3435 3740 3490 ἀπαν-

319 3525 670 3590 arcessebat,
701 3523 974 3580 Justinus
1007 3528 1201 3580 autem
1225 3524 1510 3580 militibus
1549 3525 1882 3597 [gregariis]
1913 3530 1968 3582 et

2080 3528 2336 3596 τήσωσιν.
2401 3523 2709 3597 Ἐδήλωσεν
2788 3523 2845 3580 δὲ
2919 3526 3008 3580 καὶ
3067 3527 3093 3580 6
3151 3527 3250 3593 τῆς
3312 3525 3456 3588 θείας
3526 3525 3737 3594 λήξεως

321 3614 576 3671 tribunis
604 3613 948 3686 vicariisque
969 3617 1026 3669 et
1047 3614 1444 3670 excubitorum
1470 3615 1818 3686 primiceriis
1841 3632 1968 3671 con-

2094 3579 2146 3596 ,,
2216 3579 2251 3580 η
2328 3579 2335 3581 ν
2418 3579 2526 3597 _,.
2800 3579 2839 3580 η
2922 3579 3083 3580 ,
3209 3579 3249 3593 μ
3316 3579 3336 3588 ν
3443 3579 3454 3586 _
3585 3579 3625 3594 η
3720 3579 3734 3586 ,

2085 3617 2374 3677 Ἰουστῖνος
2407 3620 2525 3678 τοῖς
2571 3615 2927 3689 στρατιώταις
2978 3615 3067 3669 καὶ
3115 3609 3422 3687 τριϐούνοις
3453 3613 3543 3668 καὶ
3580 3614 3736 3687 βικα-

329 3708 568 3760 ventum
600 3703 945 3775 imperabat,
979 3707 1037 3759 et
1069 3703 1140 3758 ad
1192 3708 1570 3775 congregatos
1621 3706 1702 3759 ita
1742 3722 1978 3777 perora-

326 3798 460 3854 bat:
497 3819 526 3848 «
549 3796 832 3853 Dominus
853 3801 1068 3865 noster,
1103 3800 1166 3852 ut
1191 3795 1454 3863 homo,et
1475 3802 1768 3869 quatenus
1802 3799 1978 3854 homo

321 3886 448 3955 fuit,
483 3903 587 3942 seu
621 3902 864 3959 corpore
927 3893 1116 3957 tenus,
1151 3889 1417 3943 mortuus
1463 3891 1569 3942 est.
1601 3889 1838 3960 Oportet
1869 3888 1979 3960 igi-

324 3979 423 4030 tur
451 3991 558 4031 nos
588 3991 786 4032 omnes
818 3974 1152 4031 communia
1181 3975 1428 4032 consilia
1476 3991 1542 4032 eo
1598 3978 1883 4044 conferre,
1917 3987 1979 4035 ut

330 4064 674 4137 principem,
700 4065 799 4136 qui
831 4064 947 4121 Deo
986 4064 1152 4120 simul
1205 4069 1475 4137 acceptus
1524 4066 1889 4141 amicusque,
1924 4073 1982 4124 et

331 4153 578 4226 imperio
611 4154 953 4210 commodus
983 4154 1262 4226 utilisque
1285 4155 1379 4222 sit,
1414 4153 1724 4227 eligamus.
1766 4159 1977 4214 Eodem

334 4243 507 4300 modo
541 4242 818 4314 magister
849 4259 1078 4315 quoque
1112 4244 1182 4299 ad
1209 4244 1545 4300 candidatos
1577 4250 1632 4300 et
1663 4245 1980 4302 scholario-

331 4349 464 4390 rum
507 4332 869 4405 primicerios
927 4333 1270 4389 disserebat.
1323 4333 1490 4391 Mane
1532 4334 1702 4404 facto,
1745 4336 1980 4391 coibant

2092 3707 2225 3780 ρίοις
2280 3707 2583 3777 ἀπαντῆσαι
2631 3709 2722 3763 καὶ
2769 3709 2896 3770 τοὺς
2940 3707 3193 3781 πρώτους
3240 3710 3347 3761 τῶν
3425 3700 3745 3779 ἐξκουὸιτό·

2088 3817 2217 3871 ρων,
2263 3797 2354 3851 καὶ
2409 3798 2547 3852 εἶπεν
2597 3796 2802 3864 αὐτοῖς,
2854 3795 2936 3850 ὅτι
2988 3821 3014 3848 ‹‹
3048 3798 3108 3853 Ὀ
3150 3793 3418 3866 δεσπότης
3448 3798 3630 3868 ἡμῶν,
3663 3795 3742 3858 ὡς

2086 3885 2366 3962 ἅνθρωπος
2415 3888 2551 3959 (97),
2603 3885 2969 3957 ἐτελεύτησεν·
3041 3883 3123 3940 δεῖ
3180 3883 3269 3940 οὖν
3329 3888 3476 3958 ἡμᾶς
3539 3887 3746 3947 πάντας

2089 3980 2246 4050 κοινῇ
2302 3973 2720 4050 βουλεύσασθαι,
2769 3976 2860 4029 καὶ
2907 3976 2999 4030 τὸν
3047 3979 3123 4046 τῷ
3171 3978 3286 4047 Θεῷ
3332 3973 3622 4049 ἀρέσκοντα
3653 3972 3746 4027 καὶ

2086 4071 2155 4139 τῇ
2214 4064 2464 4136 πολιτείᾳ
2525 4066 2866 4142 συμφέροντα
2921 4062 3287 4134 ἐπιλέξασθαι.
3336 4088 3363 4115 ››
3421 4064 3528 4120 Τὸν
3583 4063 3747 4118 αὐτὸν

2085 4156 2288 4231 τρόπον
2340 4153 2598 4231 διελέχθη
2649 4157 2738 4212 καὶ
2789 4157 2818 4212 6
2869 4157 3165 4231 μάγιστρος
3215 4161 3332 4220 τοῖς
3398 4152 3745 4217 κανδιδάτοις

2085 4245 2175 4300 καὶ
2222 4250 2342 4307 τοῖς
2393 4246 2633 4320 πρώτοις
2682 4248 2790 4300 τῶν
2836 4242 3168 4319 σχολαρίων.
3214 4245 3450 4319 Ὄρθρου
3482 4243 3573 4298 οὖν
3603 4264 3748 4318 προ-

2087 4333 2257 4402 ῆλθον
2306 4335 2357 4389 o't
2403 4332 2687 4410 ἄρχοντες,
2735 4336 2875 4398 τινὲς
2929 4334 3023 4408 μὲν
3066 4337 3228 4409 μύϊνα
3267 4337 3560 4412 φοροῦντες
3605 4336 3748 4408 (98),

1685 4432 1927 4490 VARUE
1965 4433 2268 4490 LECTION
2276 4434 2376 4489 ES.

402 4521 450 4558 ³⁴
479 4520 571 4578 Sic
602 4521 756 4593 conj.
792 4520 859 4576 Ρι.
889 4522 968 4573 τῶ
1001 4517 1346 4592 σιλεντιαρίω
1379 4521 1504 4577 cod.
1538 4525 1593 4577 et
1623 4522 1716 4577 ed.

1365 4617 1566 4674 JOAN.
1605 4618 1745 4674 JAC.
1799 4619 2064 4676 REISKII
2112 4619 2703 4680 COMMENTARIUS.

408 4711 523 4783 (94)
565 4709 657 4766 Sic
717 4709 798 4783 ibi
839 4709 1067 4783 legend.
1130 4712 1208 4763 De
1255 4707 1464 4783 Justini
1513 4707 1992 4783 electioneinihil

341 4778 573 4839 invenio
603 4781 759 4853 apud
791 4778 1206 4853 Thebpbanem
1229 4785 1287 4835 et
1309 4778 1637 4835 Cedrenum
1669 4782 1824 4851 quod
1856 4781 1993 4842 huic

344 4852 666 4910 narrationi
693 4852 1013 4924 comparari
1047 4855 1362 4924 mereatur.

415 4926 528 4994 (95)
546 4919 890 4996 Procopius,
940 4941 995 4996 p.
1043 4924 1114 4996 28
1157 4923 1460 4992 Anecdot.,
1501 4919 1744 4995 ἄρχοντα
1787 4925 1895 4976 τῶν
1941 4921 1993 4976 ἐν

351 4992 606 5068 “etesia?
637 4992 893 5068 φυλξκων
921 4992 1196 5068 depellat-

419 5065 527 5133 (96)
562 5065 843 5137 Notabilis
875 5065 979 5121 hic'
1019 5065 1199 5132 locus,
1232 5081 1263 5120 e
1311 5081 1426 5136 quo
1473 5070 1716 5137 apparet
1770 5065 2003 5123 scholas

350 5151 608 5209 quoque,
640 5135 698 5190 id
730 5145 817 5209 est
846 5137 1206 5209 scholarios,
1249 5135 1620 5205 candidatos,
1655 5139 1763 5193 sub
1795 5138 2000 5209 dispo-

357 5207 570 5262 sitione
600 5207 858 5275 magistri
909 5209 1256 5271 ofﬁciorum,
1309 5213 1367 5262 et
1423 5210 1774 5279 magistrum
1826 5207 2001 5264 simul

359 5284 620 5350 togatum
653 5283 1042 5350 sagatumque
1074 5280 1277 5343 fuisse,
1303 5284 1368 5333 ut
1407 5283 1505 5350 qui
1540 5297 1656 5335 non
1698 5281 1889 5336 solum
1941 5281 2000 5336 in

355 5350 610 5413 scriniis,
645 5356 742 5404 sed
767 5350 941 5404 etiam
974 5351 1032 5404 in
1067 5350 1284 5406 scholis
1317 5350 1638 5407 militantes
1662 5353 1772 5407 sub
1803 5370 1868 5408 se
1902 5353 2000 5408 ha-

360 5423 539 5494 beret.
590 5419 886 5494 Discimus
941 5421 1097 5494 hinc,
1127 5438 1294 5490 porro
1334 5437 1584 5493 quoque,
1637 5424 1878 5494 quinam
1931 5423 2003 5479 ad

357 5493 611 5566 ofﬁcium
642 5493 869 5548 comitis
899 5492 1300 5548 excubitorum
1330 5492 1484 5548 tunc
1512 5492 1793 5566 temporis
1825 5497 2003 5566 perti-

348 5564 609 5621 nuerint.
1345 5607 1352 5616 η

423 5635 830 5707 (97)Ambigue
845 5637 1096 5704 positum
1127 5637 1284 5706 :quia
1305 5635 1619 5708 homo,qua
1648 5643 1810 5708 parte
1827 5637 2001 5693 homo

351 5715 510 5768 erat:
547 5712 650 5764 aut
679 5707 808 5779 quia
844 5709 1021 5776 homo,
1055 5708 1190 5778 quia
1222 5707 1486 5779 mortalis
1517 5707 1657 5764 erat.

423 5780 540 5849 (98)
573 5778 735 5836 Alias
765 5779 1060 5835 candidati
1094 5778 1488 5850 procedebant
1519 5779 1575 5834 in
1609 5780 1829 5836 curiam
1864 5796 2000 5850 pro-

350 5868 550 5920 ceres;
591 5851 685 5909 hic
732 5857 926 5910 autem
980 5849 1254 5908 coloratis
1301 5850 1576 5907 vestibus.
1638 5852 1719 5909 De
1767 5849 1880 5908 ritu
1940 5852 1999 5909 in

2105 4710 2343 4786 coloreis
2374 4712 2614 4786 lugendi
2649 4713 2837 4786 dicam
2867 4715 2938 4769 ad
2972 4713 3105 4768 libri
3156 4713 3398 4786 secundi
3446 4714 3619 4786 caput
3657 4710 3749 4786 3t),

2107 4799 2161 4856 p.
2193 4784 2317 4851 364,
2360 4779 2469 4839 ubi
2491 4785 2562 4839 de
2610 4785 2911 4855 sepultura
2963 4785 3344 4856 patriarchae;
3403 4779 3563 4853 μύϊνα
3604 4779 3752 4835 mihi

2107 4855 2381 4927 videntur
2408 4871 2537 4909 esse
2568 4867 2758 4912 vestes
2789 4859 2918 4927 ejus
2949 4855 3180 4921 coloris,
3214 4856 3314 4926 qui
3340 4855 3746 4927 imuriumest.

2107 4925 2320 4981 cinerei
2354 4941 2450 4981 seu
2485 4927 2669 4982 dilute
2700 4923 2900 4996 cyanei
2931 4946 2943 4993 ;
2985 4923 3247 4982 caeruleo
3268 4926 3460 4981 colore
3509 4923 3750 4996 potissi-

2107 5014 2270 5052 mum
2295 4996 2494 5068 lugere
2516 4997 2700 5052 solent
2726 4996 3050 5054 Orientales
3074 5017 3087 5069 ;
3112 4998 3199 5054 vel
3222 5000 3391 5053 etiam
3408 5008 3596 5054 vestes
3617 5010 3749 5069 cum

2115 5065 2638 5141 intextis-murium
2674 5070 3051 5140 imaginibus,
3073 5065 3276 5141 quales
3305 5076 3528 5125 veteres
3560 5065 3755 5141 appel-

2111 5140 2309 5194 labant
2346 5139 2636 5211 μυωτούς;
2685 5139 2819 5197 vid.
2856 5143 3055 5197 Pollux
3089 5139 3221 5209 Vl],
3270 5143 3357 5195 60.
3404 5141 3531 5195 Pari
3582 5139 3756 5211 modo

2113 5209 2406 5266 habebant
2443 5214 2653 5282 talpas,
2687 5229 2874 5283 genus
2899 5214 3482 5280 murium,iniextas;
3519 5211 3631 5266 vid.
3667 5209 3756 5283 D_u

2112 5286 2300 5358 Gange
2331 5300 2383 5336 ν.
2419 5280 2599 5354 Tullia.
2635 5280 2875 5358 Aﬁcpopa
2919 5286 3210 5358 geminam
3265 5285 3482 5353 patitur
3524 5280 3759 5358 exposi-

2111 5355 2326 5408 tionem
2358 5370 2372 5420 ;
2408 5361 2655 5425 possunt
2679 5354 2828 5411 enim
2865 5354 3116 5425 intelligi
3144 5361 3244 5409 aut
3275 5364 3465 5409 vestes
3517 5354 3756 5420 ﬂoridae,

2113 5427 2300 5505 varia,
2332 5423 2528 5505 ﬁat—pari;
2563 5425 2844 5505 διαφόροις
2876 5423 3324 5505 πεποιιξιλμέναι,
3357 5432 3430 5505 ut
3467 5426 3545 5478 ait
3575 5429 3754 5505 Hero-

2111 5495 2522 5571 dianus'lJV,
2559 5495 2790 5571 quando
2819 5515 2971 5554 unus
3005 5495 3176 5552 unius
3210 5497 3468 5551 hominis
3508 5495 3757 5550 vestitus

2112 5569 2299 5625 varios
2331 5569 2554 5625 colores
2579 5569 2758 5626 simul
2783 5572 3034 5633 exhibet,
3062 5575 3162 5622 aut
3183 5572 3347 5633 tales,
3383 5585 3624 5638 quarum
3645 5583 3762 5620 una

2114 5642 2290 5696 unius
2330 5641 2586 5697 hominis
2613 5658 2791 5697 unum
2817 5640 3050 5712 quidem
3085 5640 3334 5694 colorem
3371 5640 3640 5700 exhibet;
3675 5638 3764 5712 di-

2112 5728 2341 5768 versum
2365 5719 2558 5768 tamen
2593 5729 2626 5766 a
2655 5708 2850 5768 colore
2888 5713 3085 5772 vestis,
3123 5727 3295 5780 quam
3354 5713 3548 5764 socius
3588 5708 3760 5780 gerit,

2112 5801 2160 5838 e.
2196 5801 2246 5838 c.
2283 5785 2596 5856 quandoin
2632 5799 2745 5838 uno
2777 5784 3021 5856 collegio
3058 5779 3206 5856 unus
3233 5779 3762 5849 violaccam,'alter

2113 5852 2656 5927 cyaneamgtertius
2690 5854 2912 5926 pullam
2947 5852 2996 5911 et
3025 5852 3107 5910 sic
3140 5871 3308 5926 porro
3341 5862 3560 5926 gerant.
