4104 6404
379 459 500 520 789

1220 461 1324 522 DE
1367 459 1822 522 CERIMONIIS
1867 459 2103 522 AULE
2148 459 2622 521 BYZANTIN/E
2663 461 2817 520 LIB.
2862 461 2914 521 Ῑ.

3675 457 3795 516 ’790

379 595 518 657 τινὲς
549 589 606 648 δὲ
653 594 745 649 καὶ
796 590 1048 668 διάφορα.
1101 593 1366 672 Συνήχθη
1419 591 1475 649 δὲ
1530 593 1620 649 καὶ
1675 595 1703 648 6
1755 591 1933 668 δῆμος
1984 591 2034 648 ἐν

2146 609 2434 666 proceres,
2469 593 2680 664 partim
2714 610 2911 666 myma
2941 594 3067 662 [seu
3123 595 3314 649 vestes
3361 607 3494 648 cum
3545 591 3789 649 intextis

380 689 452 759 τῇ
507 680 878 758 ἱπποδρομίᾳ,
923 682 1014 737 καὶ
1060 681 1336 756 εὐσήμουν
1383 684 1482 753 τήν
1534 681 1845 758 σύγκλητον
1917 684 2042 758 κρά-

385 779 580 843 ζοντες·
643 797 671 825 ‹‹
719 771 912 828 Πολλὰ
963 771 1028 828 τὰ
1077 766 1172 842 ἔτη
1217 774 1316 842 τῆς
1369 771 1701 848 συγκλήτου.
1752 771 2043 848 Σύγκλητε

377 863 693 936 Ῥωμαίων,
729 862 792 916 σὺ
823 866 994 932 νικᾷς.
1043 859 1145 917 Τὸν
1199 860 1258 915 ἐκ
1306 865 1438 916 Θεοῦ
1496 859 1723 938 βασιλέα
1767 866 1845 934 τῷ
1897 860 2043 937 ἐξερ-

374 951 538 1024 κίτῳ.
598 951 708 1007 Τὸν
759 951 820 1006 ἐκ
876 955 1010 1006 Θεοῦ
1073 949 1302 1026 βασιλέα
1355 953 1423 1024 τῇ
1484 951 1806 1026 οἰκουμένῃ,
1869 974 1896 1002 ››
1948 952 2040 1006 καὶ

376 1037 566 1095 πολλά
596 1042 842 1096 τοιαῦτα.
877 1037 982 1094 Καὶ
1041 1039 1299 1093 τεθέντων
1341 1039 1619 1112 σκαμνίων
1671 1038 1722 1093 ἐν
1776 1043 1854 1110 τῷ
1902 1059 2040 1114 πορ-

383 1128 522 1201 τίκῳ
589 1133 668 1200 τῷ
736 1129 843 1203 πρὸ
907 1131 1006 1182 τοῦ
1076 1119 1324 1203 μεγάλου
1387 1127 1690 1201 τρικλίνου,
1788 1127 2037 1183 ἐκάθισαν

386 1218 582 1278 πάντες
614 1218 665 1271 οἱ
718 1219 984 1293 ἄρχοντες
1043 1215 1136 1271 καὶ
1194 1216 1223 1271 6
1280 1216 1728 1291 ἀρχιεπίσκοπος,
1791 1217 1879 1270 καὶ
1937 1218 2042 1292 ἤρ-

387 1308 542 1376 ξαντο
573 1307 710 1382 πρὸς
742 1305 1028 1377 ἀλλήλους
1059 1304 1385 1385 φιλονεικεῖν
1423 1305 1547 1382 περῖ
1598 1312 1699 1374 τῆς
1749 1300 2039 1380 προϐολῆς

385 1399 482 1452 τοῦ
543 1393 837 1471 βασιλέως·
891 1393 1062 1457 ἄλλος
1111 1395 1216 1470 γὰρ
1261 1393 1419 1468 ἄλλῳ
1469 1391 1810 1464 ἐσπούδαζεν·
1863 1395 1936 1455 ὡς
1982 1392 2040 1449 δὲ

389 1483 589 1560 χρόνος
642 1478 964 1558 διετρίϐετο,
1020 1484 1168 1560 λέγει
1217 1483 1401 1546 αὐτοῖς
1449 1482 1617 1558 Κέλερ
1651 1484 1678 1538 6
1713 1484 2036 1558 μάγιστρος,

381 1576 466 1630 ’ὸτι
503 1599 524 1629 ι
561 1577 650 1633 Ἐν
681 1576 794 1648 ὅσῳ
833 1573 1032 1645 ἔξεστιν
1079 1577 1236 1647 ἡμῖν,
1294 1570 1705 1650 βουλευσόμεθα
1753 1573 1842 1629 καὶ
1893 1575 2038 1649 πρά-

379 1667 564 1739 ξομεν.
600 1665 729 1722 Ἐὰν
773 1665 878 1741 γὰρ
931 1668 1149 1742 ταχέως
1198 1664 1554 1738 ὁνομάσωμεν
1603 1664 1698 1719 τὸν
1743 1663 2038 1738 ὀφείλοντα

379 1754 649 1832 γενέσθαι,
706 1754 905 1816 πάντες
980 1756 1116 1828 ἡμῖν
1185 1751 1638 1825 ἀκολουθήσωσιν
1686 1753 1775 1808 καὶ
1829 1755 2038 1829 ἡσυχά-

382 1851 591 1914 ζουσιν.
647 1843 797 1901 Ἐπεὶ
860 1844 975 1916 μετ’
1033 1841 1224 1919 ὀλίγον
1273 1842 1336 1898 ού
1381 1843 1644 1920 γινόμεθα
1700 1844 1883 1918 κύριοι
1935 1848 2035 1912 τῆς

382 1932 616 2009 βουλῆς,
649 1931 777 1988 ἀλλ’
817 1935 980 2004 ἡμεῖς
1013 1931 1221 2006 ἑτέροις
1251 1929 1452 2009 ἔχομεν
1503 1931 1839 1988 ἀκολουθεῖν.
1874 1955 1901 1984 ››
1944 1933 2034 1994 Ὠς
2063 1972 2110 2038 Β

377 2021 550 2079 δὲκαὶ
586 2021 724 2096 μετᾶ
769 2025 940 2078 ταῦτα
981 2023 1017 2092 ἡ
1069 2021 1374 2100 φιλονεικία
1423 2021 1699 2096 ἐπέμενεν,
1751 2023 1803 2076 οἱ
1849 2019 2034 2095 ἐξκου-

378 2107 590 2186 ϐίτορες
649 2111 762 2165 ἄνω
816 2109 868 2165 ἐν
927 2115 1007 2184 τῷ
1057 2111 1270 2183 ἱππικῷ
1328 2110 1748 2186 ἀναγορεύουσιν
1804 2109 2033 2186 βασιλέα

377 2201 631 2269 Ἰωάννην
672 2200 796 2256 τινὰ
823 2194 1132 2274 τριϐοὖνον,
1184 2199 1556 2273 οἰκειούμενον
1604 2205 1684 2273 τῷ
1731 2206 1832 2270 τῆς
1888 2199 2034 2264 θείας

378 2290 588 2360 λήξεως
647 2286 949 2362 Ἰουστίνῳ,
1009 2289 1069 2352 ’ὃς
1131 2290 1266 2364 μετά
1318 2293 1488 2344 ταῦτα
1530 2288 1828 2352 ἐπίσκοπος
1875 2289 2030 2365 Ἠρα-

372 2378 561 2442 κλεὶας
616 2377 854 2454 ἐγένετο,
901 2378 990 2433 καὶ
1041 2379 1311 2456 ἀνήγαγον
1366 2379 1524 2434 αὐτὸν
1575 2379 1652 2442 εἰς
1693 2381 1754 2434 τὸ
1803 2377 2029 2434 σκουτά-

377 2489 516 2545 ριον·
552 2467 968 2544 ’Δπηρέσθησαν
1020 2468 1069 2504 ³⁵
1120 2465 1177 2523 δὲ
1225 2469 1277 2523 ο⁶ι
1326 2467 1564 2540 Βένετοι,
1611 2469 1702 2524 καὶ
1752 2467 2027 2539 ἐλίθασαν,

373 2559 465 2614 καί
530 2579 676 2620 τινες
735 2557 827 2612 καὶ
886 2556 1238 2628 ἐτοξεύθησαν
1300 2557 1403 2613 ὑπὸ
1455 2562 1564 2613 τῶν
1611 2552 2026 2633 ἐξκουϐιτόρων.

381 2645 562 2704 Πάλιν
604 2643 665 2702 δὲ
692 2643 989 2721 σχολαριοι
1022 2647 1358 2721 ὁρμήσαντες
1409 2645 1672 2722 κατέσχον
1716 2644 2025 2722 πατρίκιον,

386 2735 514 2790 ὄντα
543 2733 942 2810 στρατηλάτην,
983 2737 1075 2791 καὶ
1123 2735 1396 2812 ἀνήγαγον
1447 2735 1522 2798 εἷς
1571 2737 1662 2791 τὸν
1714 2734 1874 2809 μέσον
1920 2735 2026 2790 ἀκ-

391 2823 770 2895 κούϐιτον,καὶ
804 2824 1055 2899 ἔστησαν,
1105 2826 1418 2905 ὀφείλοντες
1463 2826 1621 2882 αὐτὸν
1667 2826 1853 2900 στέψαι
1893 2829 2023 2900 (99).

395 2914 784 2988 Ἀπηρέσθησαν
853 2913 912 2970 δὲ
979 2916 1030 2970 οἱ
1096 2911 1495 2992 έξκουϐίτορες,
1562 2916 1652 2970 καὶ
1708 2914 2026 2978 ἐπελθόντες

385 3007 715 3061 κατέσπασαν
783 3004 964 3075 αὺτὸν,
1021 3007 1109 3062 καὶ
1171 3005 1410 3079 ἔμελλον
1477 3007 1569 3080 μὲν
1623 3006 1712 3061 καὶ
1766 3006 2023 3078 ἀναιρεῖν,

377 3095 614 3170 εὑρεθεὶς
670 3100 744 3170 (1)
812 3093 871 3151 δὲ
937 3096 964 3150 ὁ
1033 3092 1410 3159 εὐσεϐέστατος
1479 3095 1744 3166 δεσπότης
1797 3095 2025 3152 Ἰούστι-

376 3187 576 3248 νιανὸς,
643 3189 939 3256 τηνικαῦτα
993 3182 1314 3250 κανδιδάτος
1364 3185 1462 3255 ὥν,
1512 3184 1772 3262 ἐῤῥύσατο
1840 3185 2022 3255 αὐτὸν,

374 3276 461 3328 καὶ
492 3273 889 3351 παρεσκεύασεν
918 3274 1082 3330 αὐτὸν
1109 3277 1424 3353 πεμφθῆναι
1475 3274 1554 3336 εἲς
1601 3277 1663 3330 τὸ
1713 3270 2022 3345 ἐξκούϐιτον

2149 684 2405 739 murium
2439 682 2627 754 parvis
2659 683 2881 753 ﬁguris,
2915 687 3014 738 aut
3045 682 3296 738 colorem
3343 682 3597 738 murium
3631 682 3792 738 cine-

2148 773 2348 828 ritium
2409 773 2751 844 imitantes],
2813 772 3021 842 partim
3081 771 3361 841 diapbora
3409 774 3532 843 [seu
3567 771 3793 827 lumina

2149 861 2407 918 colorum
2464 861 2624 917 vario
2681 860 2986 934 fulgentes]
3039 860 3252 915 induti.
3328 861 3796 931 Congregabatur

2149 966 2380 1023 quoque
2412 950 2665 1023 populus
2699 949 2758 1005 in
2792 951 2966 1019 circo,
3000 957 3052 1004 et
3103 949 3475 1004 celebrabant
3527 959 3794 1005 senatum

2146 1039 2440 1107 laudibus,
2475 1039 2798 1095 clamantes
2847 1055 2858 1094 :
2899 1059 2924 1089 ιι
2977 1037 3146 1093 Multi
3190 1037 3306 1092 sint
3348 1037 3486 1093 anni
3537 1042 3794 1094 senatus.

2145 1135 2392 1187 Senatus
2424 1134 2843 1197 Romanorum,
2878 1133 2940 1185 tu
2975 1130 3194 1184 vincas.
3231 1131 3270 1184 A
3303 1133 3416 1184 Deo
3450 1130 3647 1183 datum
3683 1129 3799 1184 im-

2145 1224 2470 1291 peratorem
2529 1220 2808 1275 exercitui
2870 1218 3277 1292 [ﬂagitamus].
3333 1221 3380 1273 A
3429 1218 3544 1274 Deo
3595 1219 3796 1273 datum

2143 1309 2554 1384 imperatorem
2587 1310 2712 1365 orbi
2745 1314 3055 1378 terrarum,
3092 1331 3120 1359 »
3152 1314 3210 1365 et
3251 1309 3417 1379 plura
3450 1309 3609 1366 talia.
3642 1309 3794 1365 248

2146 1399 2353 1456 Positis
2384 1399 2619 1455 interim
2655 1400 2912 1455 scamnis
2942 1399 3004 1454 in
3037 1399 3259 1471 porticu
3294 1415 3505 1469 magno
3537 1398 3792 1454 triclinio

2145 1493 2453 1560 pretensa,
2505 1489 2884 1545 considebant
2947 1504 3215 1560 proceres
3263 1504 3466 1544 omnes
3512 1492 3570 1543 et
3609 1488 3798 1542 archi-

2143 1579 2475 1650 episcopus,
2499 1582 2556 1633 et
2586 1577 2944 1650 incipiebant
2974 1578 3127 1633 inter
3156 1593 3281 1633 sese
3313 1577 3383 1633 de
3415 1577 3664 1633 creando
3705 1577 3798 1631 tu-

2142 1670 2396 1738 turoque
2453 1668 2806 1738 imperatore
2855 1666 3067 1722 acriter
3116 1666 3486 1736 contendere,
3538 1664 3650 1721 alio
3697 1665 3795 1719 alii

2143 1756 2438 1812 studente.
2473 1756 2758 1826 Tempore
2784 1759 2977 1812 autem
3001 1755 3292 1811 inutiliter
3309 1755 3562 1824 labente,
3582 1754 3795 1811 adhor-

2140 1844 2375 1900 tabatur
2404 1843 2569 1900 Celer
2599 1843 2876 1914 magister
2904 1860 3045 1899 suos
3087 1844 3170 1898 ita
3207 1860 3219 1897 :
3266 1865 3295 1894 «
3345 1844 3530 1915 Agite,
3582 1842 3796 1909 aiebat,

2141 1933 2334 2001 amici,
2352 1935 2736 1991 decernamus
2758 1934 2993 1989 tandem
3014 1933 3329 2005 aliquando
3353 1937 3408 1989 et
3424 1932 3796 2005 perficiamus

2143 2023 2394 2092 decreta,
2419 2023 2601 2079 donec
2624 2022 2775 2079 licet.
2804 2023 2862 2078 Si
2896 2023 3120 2094 absque
3156 2038 3320 2078 mora
3355 2039 3460 2078 nos
3498 2038 3527 2078 e
3558 2024 3794 2078 senten-

2142 2113 2222 2168 tia
2253 2117 2454 2169 nostra
2483 2111 3020 2184 nuncupaverimus
3053 2112 3319 2167 futurum
3360 2111 3792 2182 imperatorem,

2141 2206 2465 2275 sequentur
2495 2216 2703 2258 omnes
2733 2211 2928 2273 partes
2961 2207 3211 2270 nostras,
3255 2205 3312 2256 et
3349 2199 3700 2272 tranquillos
3732 2215 3794 2254 se

2141 2291 2543 2348 continebunt.
2579 2292 2739 2357 Quod
2773 2290 2822 2346 si
2857 2305 2987 2346 vero
3019 2289 3317 2346 tantillum
3371 2288 3563 2346 adhuc
3610 2291 3796 2346 cesse.‘

2138 2397 2294 2450 mus,
2328 2397 2445 2438 non
2475 2379 2584 2436 erit
2615 2379 2869 2451 amplius
2900 2395 3081 2452 penes
3104 2395 3208 2436 nos
3231 2378 3591 2436 deliberandi
3613 2383 3669 2434 et
3691 2377 3789 2433 de-

2140 2470 2413 2528 cernendi
2459 2469 2799 2536 arbitrium,
2839 2471 2940 2526 sed
2990 2470 3173 2526 coacti
3209 2469 3432 2525 erimus
3465 2468 3595 2525 aliis
3625 2467 3793 2525 obse-

2139 2561 2416 2618 cundare.
2450 2581 2478 2611 »
2538 2555 2730 2624 Quum
2788 2573 2924 2614 vero
2981 2557 3368 2616 nihilominus
3417 2558 3685 2629 jurgium
3736 2561 3797 2613 et

2138 2650 2428 2707 contentio
2460 2650 2837 2720 pertinerent,
2862 2647 3284 2719 nuncupabant
3313 2646 3680 2703 excubitores
3698 2663 3792 2702 su-

2137 2755 2241 2812 pra
2270 2740 2331 2794 in
2360 2738 2513 2794 circo
2547 2739 2958 2810 imperatorem
2993 2735 3249 2808 aliquem
3282 2736 3568 2791 Joannem
3600 2733 3790 2790 tribu-

2136 2845 2299 2895 num,
2334 2826 2528 2897 illnm,
2560 2826 2663 2899 qui
2697 2831 2824 2882 tum
2857 2826 3134 2897 temporis
3165 2824 3475 2880 familiaris
3505 2823 3645 2880 Divo
3685 2825 3790 2880 Ju-

2135 2918 2293 2975 stino
2342 2921 2485 2984 erat,
2534 2922 2592 2973 et
2635 2916 2910 2987 deinceps
2962 2917 3032 2971 ad
3067 2915 3463 2987 episcopatum
3495 2914 3786 2971 Heracleae

2135 3007 2417 3082 pervenit.
2444 3008 2610 3062 Hunc
2637 3005 2983 3062 attollebant
3004 3006 3064 3061 in
3088 3004 3564 3061 scutum.Verum
3584 3003 3786 3061 Veneti

2134 3114 2260 3155 eam
2293 3097 2631 3154 electionem
2658 3113 2771 3152 non
2793 3095 3208 3169 approbantes,
3234 3095 3599 3166 dissipabant
3625 3111 3788 3167 spar-

2133 3189 2214 3244 sis
2244 3187 2396 3243 saxis
2428 3185 2588 3241 illam
2622 3186 2968 3254 factionem;
2998 3186 3259 3256 ipsorum
3293 3189 3487 3240 autem
3519 3183 3780 3240 vicissim

2135 3276 2356 3347 aliquot
2402 3275 2673 3347 peribant
2721 3274 2945 3346 sagittis
2993 3274 3395 3330 excubitorum
3437 3273 3671 3330 conﬁxi.
3700 3276 3783 3328 Ex

372 3367 462 3421 καὶ
515 3365 893 3443 φυλαχθῆναι.
950 3365 1282 3442 Ἠνάγκαζον
1333 3363 1391 3422 δὲ
1426 3368 1622 3428 πάντες
1670 3367 1725 3421 οἱ
1776 3361 2022 3438 ἐξκουϐί-

2140 3365 2308 3422 allera
2338 3367 2500 3436 parte
2531 3367 2768 3419 ruentes
2799 3361 3092 3428 scholarii,
3145 3361 3454 3434 raptabant
3499 3360 3780 3432 aliquem,

370 3473 525 3528 τορες
587 3452 749 3508 αὐτὸν
797 3453 1183 3508 Ἰουστινιανὸν
1243 3457 1324 3527 (2)
1372 3454 1461 3509 τὸν
1531 3449 1727 3522 εὐσεϐῆ
1782 3455 2021 3532 γενέσθαι

374 3539 626 3617 βασιλέα.
669 3543 728 3596 Ὃ
789 3540 848 3598 δὲ
898 3545 1280 3618 παρῃτήσατο·
1343 3544 1461 3599 καθ’
1525 3539 1750 3599 ἕκαστον
1819 3542 1876 3600 δὲ
1915 3549 2023 3600 τῶν

373 3632 799 3705 ὀνομαζομένων
843 3629 1065 3704 ἕκρουον
1118 3633 1194 3696 εἰς
1250 3633 1346 3695 τὰς
1393 3632 1558 3708 θύρας
1606 3635 1700 3696 τάς
1746 3631 2031 3712 ἐλεφαντί-

372 3742 523 3791 νους,
573 3725 864 3793 ζητοῦντες
910 3723 1058 3798 παρά
1099 3726 1206 3779 τῶν
1249 3718 1720 3798 κουϐικουλαρίων
1768 3724 1832 3778 τὸ
1883 3729 2028 3800 σχῆ-

379 3832 452 3884 μα
483 3813 561 3885 (3)
591 3816 689 3866 τοῦ
744 3809 1034 3886 βασιλέως·
1090 3813 1140 3867 οἱ
1200 3809 1278 3885 δὲ,
1336 3811 1625 3876 ἀκούοντες
1671 3812 1737 3867 τὰ
1792 3807 2031 3886 ὀνόματα

371 3905 480 3956 τῶν
531 3895 1030 3975 προϐαλλομένων,
1082 3902 1185 3956 οὐκ
1227 3899 1506 3958 ἐπέδοσαν.
1564 3899 1888 3959 Τελευταῖον
1940 3901 2031 3957 οὖν

371 3990 424 4044 οἱ
469 3989 833 4067 συγκλητικοὶ
909 3989 1107 4053 πάντες
1184 3991 1460 4064 αἱροῦνται
1537 3992 1630 4046 τὸν
1705 3994 1805 4056 τῆς
1883 3991 2028 4055 θείας

371 4077 584 4150 λήξεως
615 4081 932 4152 Ἰουστῖνον,
973 4079 1064 4135 καὶ
1092 4079 1295 4155 τρόπον
1344 4081 1466 4136 τινὰ
1514 4081 1822 4156 ἠνάγκασαν
1871 4080 2031 4136 αὐτὸν

373 4165 548 4223 ἔλθεῖν
584 4167 669 4224 ἐπὶ
703 4169 766 4225 τὸ
817 4175 1033 4244 σχῆμα.
1069 4167 1375 4246 Σχολάρισι
1422 4167 1480 4225 δέ
1523 4190 1662 4231 τινες
1714 4170 2033 4245 ἀπαρεσθέν-

369 4279 462 4321 τες
487 4256 730 4323 ἐπῆλθον
762 4258 933 4332 αὐτῷ,
977 4255 1118 4314 ὥστε
1167 4259 1259 4314 καὶ
1303 4256 1393 4314 ἕνα
1443 4257 1630 4315 δοῦναι
1676 4260 1825 4330 αὐτῷ
1873 4260 2034 4334 γρόν-

373 4349 464 4403 θον
499 4349 578 4421 (4)
607 4347 697 4402 καὶ
728 4347 918 4423 σχίσαι
957 4348 1020 4404 τὸ
1051 4347 1247 4427 χεῖλος
1301 4349 1490 4407 αὐτοῦ.
1539 4348 1693 4419 Πλήν
1740 4348 2029 4423 ἐκράτησεν

376 4438 413 4503 ἡ
459 4437 656 4511 γνώμη
713 4439 948 4508 πάντων,
1017 4443 1110 4493 καὶ
1186 4436 1568 4514 συγκλητικῶν
1624 4439 1715 4493 καὶ
1773 4458 2034 4513 στρατιω-

375 4529 485 4581 τῶν
517 4526 608 4580 καὶ
643 4523 928 4601 δημοτῶν,
959 4525 1051 4582 καὶ
1097 4525 1368 4603 ἀνηνέχθη
1421 4527 1496 4589 εἷς
1538 4528 1602 4584 τὸ
1651 4527 1898 4598 ἱππικὸν,
1941 4529 2029 4582 καὶ

375 4613 666 4687 συνῄνεσαν
721 4613 804 4670 ἐπ’
867 4613 1013 4688 αὐτῷ
1071 4615 1163 4670 καὶ
1215 4615 1428 4674 Βένετοι
1479 4616 1569 4672 καὶ
1618 4617 1898 4693 Πράσινοι,
1943 4617 2034 4672 καὶ

2135 3470 2306 3526 quem
2341 3454 2452 3526 ipsi
2483 3454 2778 3522 tenebant,
2813 3451 3151 3524 patricium,
3185 3452 3492 3508 stratelatsa
3543 3467 3783 3508 munere

2134 3547 2490 3616 fungentem,
2515 3543 2892 3615 mediumque
2913 3558 3091 3615 super
3112 3542 3445 3598 accubitum
3477 3541 3602 3614 [seu
3625 3557 3786 3597 men-

2136 3649 2263 3690 sam
2295 3631 2496 3705 magni
2527 3631 2790 3704 triclinii]
2825 3631 3176 3688 collocatum
3208 3631 3269 3687 in
3301 3647 3368 3688 eo
3399 3634 3562 3688 erant
3591 3635 3658 3686 ut
3686 3646 3788 3688 co-

2138 3727 2433 3780 ronarent.
2468 3724 2547 3778 At
2572 3722 2937 3778 excubitores
2979 3721 3110 3778 irati
3143 3720 3408 3778 celeriter
3439 3720 3790 3777 advolabant

2135 3813 2550 3884 hominemque
2568 3812 2665 3884 [de
2689 3810 2988 3885 accubitu]
3008 3811 3333 3867 detractum
3351 3811 3475 3880 jam
3498 3809 3789 3864 trucidare

2137 3904 2558 3978 parabant.Sed
2585 3905 2728 3960 forte
2744 3907 2869 3958 tum
2894 3917 3152 3975 praesens
3177 3900 3482 3973 piissimus
3503 3898 3789 3955 Dominus

2138 3992 2928 4064 nosterJustinianus,[Petri
2952 3990 3212 4062 Magistri
3244 3989 3420 4046 verba
3454 3989 3618 4062 sunt]
3650 3992 3791 4045 tunc

2136 4082 2797 4153 candidatus,liberabat
2820 4097 2956 4136 eum
2981 4097 3015 4137 a
3031 4092 3172 4136 nece
3193 4078 3618 4152 efﬁciebatque,
3633 4081 3696 4135 ut
3717 4079 3792 4134 ad

2138 4171 2474 4230 excubitum
2505 4171 2631 4244 [seu
2668 4171 2982 4228 stationem
3013 4173 3071 4226 et
3099 4168 3334 4225 diaetam
3359 4168 3791 4239 excubitorum]

2137 4262 2199 4318 in
2231 4262 2556 4318 custodiam
2591 4260 2941 4318 mitteretur.
2973 4259 3060 4316 Ad
3091 4258 3214 4316 hac
3253 4259 3570 4315 efferebant
3616 4273 3790 4314 excu-

2139 4351 2358 4407 bitores
2390 4350 2463 4407 ad
2503 4365 2686 4405 unum
2717 4365 2922 4406 omnes
2953 4349 3289 4406 Justiniano
3320 4348 3434 4420 ipsi
3463 4347 3791 4419 vim,quam

2141 4443 2430 4512 poterant,
2461 4454 2716 4506 omnem,
2751 4441 2817 4493 ut
2861 4441 3157 4510 pateretur
3202 4437 3519 4508 imperator
3562 4451 3794 4492 nuncu-

2141 4531 2288 4602 pari.
2325 4533 2397 4583 Δὶ
2425 4528 2522 4584 ille
2554 4543 2689 4584 vero
2720 4527 3162 4600 deprecabatur.
3200 4527 3402 4598 Itaque
3433 4525 3565 4581 aliis
3617 4529 3795 4598 atque

2145 4619 2278 4676 aliis
2307 4619 2367 4674 in
2400 4634 2642 4676 censum
2667 4617 3036 4675 venientibus
3058 4615 3288 4688 imperii
3315 4615 3796 4688 candidatis,pul-

376 4704 428 4758 οἱ
458 4697 912 4779 κουϐικουλάριοι
963 4703 1163 4768 εὐθέως
1215 4705 1277 4759 τὸ
1337 4711 1534 4783 σχῆμα
1591 4703 1862 4782 ἔπεμψαν.
1913 4705 2034 4762 Ela-

2141 4709 2354 4766 sabant
2381 4713 2598 4781 partes,
2627 4707 2856 4780 quoties
2898 4706 3158 4778 aliquem
3197 4706 3610 4778 imperatorem
3642 4721 3794 4761 nun-

373 4790 544 4864 ἦλθεν
575 4794 667 4848 οὖν
699 4793 776 4856 εἰς
804 4794 868 4850 τὸ
899 4793 1159 4867 κάθισμα,
1204 4795 1458 4859 συνόντος
1503 4793 1652 4868 αὐτῷ
1698 4799 1797 4852 τοῦ
1843 4794 2032 4872 ἀρχιε-

2144 4803 2452 4870 ouparent,
2484 4805 2711 4871 portam
2743 4797 3082 4866 eburneam,
3117 4795 3446 4868 ﬂagitantes
3490 4793 3715 4851 scilicet
3762 4810 3799 4850 a

1749 4920 1993 4978 VARIIE
2023 4922 2438 4982 LEGTIONES.

447 5029 494 5065 ³⁸
521 5026 902 5106 ἀπηρέστησαν
937 5037 1035 5088 aut
1063 5029 1521 5106 ἀπηρεστήθησαν
1551 5030 1707 5102 conj.
1741 5032 1805 5087 Β.

1424 5156 1628 5214 JOAN.
1676 5157 1824 5214 JAC.
1867 5156 2133 5214 REISKII
2173 5155 2773 5216 COMMENTARIUS.

601 5255 710 5329 Pro
763 5255 1051 5329 στέψοντες
1091 5256 1182 5312 vel
1232 5251 1530 5329 μέλλοντες
1564 5253 1902 5329 στέψέιν.νΕο
1932 5272 2042 5312 usu

379 5324 620 5403 yet-bum
658 5324 898 5403 ὀφείλειν
929 5329 1201 5403 frequens
1233 5324 1338 5386 'est
1377 5330 1552 5403 apud
1568 5324 1754 5403 notios
1785 5328 2038 5403 Graecos.

382 5399 508 5472 Yid.
538 5399 874 5472 Theophan.
929 5416 988 5472 p.
1015 5399 1111 5472 ,⁷44
1160 5404 1217 5456 et
1264 5416 1321 5472 p.
1372 5401 1498 5456 335.
1532 5399 1765 5470 Malala,
1798 5405 1841 5457 t.
1878 5402 1948 5468 II,
1982 5416 2041 5472 p.

381 5470 499 5544 208Δ
518 5470 738 5544 media.
772 5470 983 5528 Noster
1009 5471 1163 5527 infra
1200 5470 1419 5544 p.396.

455 5541 1374 5618 (Λ1)γΡνκςεη.ςίεφί.ςίεη.ς,παρών.
1407 5543 1621 5601 Eodem
1653 5559 1824 5618 sensu
1869 5558 2047 5618 supra

386 5614 641 5688 habetur
707 5631 765 5687 p.
827 5615 953 5688 194,
1037 5613 1384 5688 εὑρίσκονται
1439 5619 1658 5688 prauo
1705 5613 2048 5672 adsunt—Et

391 5686 566 5758 paulo
596 5683 726 5756 post
751 5703 802 5742 v.
834 5683 961 5740 249.
997 5683 1372 5756 οὐχ’-ἠδυνήθη
1403 5683 1708 5758 εὑρεθῆναι.

410 5768 422 5829 έ
465 5757 544 5827 (2)
599 5757 1004 5812 Ἰουστινιανόν.
1063 5758 1262 5814 Videri
1296 5757 1475 5829 queat.
1507 5759 1795 5812 Ἰουστῖνον
1850 5758 2047 5827 legen-

388 5828 534 5884 dum
565 5843 710 5886 esse.
753 5829 872 5901 Ego
919 5834 1113 5887 tamen
1153 5847 1186 5886 a
1214 5828 1462 5903 vulgata
1492 5847 1606 5887 non
1636 5830 1888 5887 discedo.
1923 5828 2045 5886 Non

2151 5263 2307 5312 enim
2342 5273 2490 5329 opus
2520 5263 2629 5314 est.

2222 5328 2302 5412 (ξ)
2334 5328 2732 5412 Ita.in.specie
2764 5327 3172 5412 appellabatur
3193 5326 3425 5412 habitus
3445 5327 3535 5382 vel
3557 5326 3802 5412 vestitus

2153 5398 2368 5482 regius,
2418 5398 2675 5482 insignia
2720 5398 2907 5482 regni.
2959 5401 3039 5482 E_o
3086 5415 3258 5455 sensu
3287 5399 3424 5482 .jam
3467 5398 3801 5482 apudnThe-

2153 5469 2417 5527 mistium
2470 5469 2660 5543 p.13,
2713 5469 2813 5526 ed.‘
2850 5472 3031 5528 Bard.
3077 5471 3369 5540 occurrit;
3408 5486 3460 5525 ν.
3497 5469 3579 5526 Du
3613 5471 3805 5541 Cange

2155 5543 2462 5698 γοα
2493 5630 2660 5698 ηονέ
2699 5613 2952 5698 ρτωοὶερ,
3007 5618 3218 5698 notans
3263 5612 3442 5698 pugni:
3482 5613 3545 5698 ir}
3589 5613 3800 5698 vgltum

2157 5683 2818 5762 i_n_ﬂietionem._Dicitur
2865 5683 3038 5762 etiam
3075 5683 3310 5762 γρόθος;
3344 5683 3465 5738 νίᾶ.
3500 5683 3804 5762 dn‘Cange

2158 5754 2350 5814 Gloss.
2409 5762 2505 5815 Gr.
2566 5758 2624 5812 h.
2679 5774 2733 5812 v.
2787 5768 2844 5812 et
2916 5754 3279 5829 Theophan.,
3332 5771 3460 5824 pag.
3515 5754 3642 5820 208,
3703 5754 3802 5806 ubi

2158 5828 2517 5899 γροθίζεσθαι.

2156 5828 2517 5902 γροθίζεσθαι.
