4104 6432
273 412 389 474 791

1342 410 1874 473 CONSTANTINI
1918 412 2618 476 PORPHYROGENITI

3569 413 3686 474 792

275 549 649 607 cubiculariis
680 549 918 607 schema
965 565 1067 608 seu
1117 553 1392 607 ornatum
1441 549 1822 623 imperialem.
1854 547 1923 605 Hi

2038 548 2313 603 πισκόπου
2362 549 2611 607 Ἰωάννου
2664 549 2758 604 καὶ
2804 549 2912 604 τῶν
2971 546 3179 604 λοιπῶν
3234 548 3523 626 ἀρχόντων
3574 554 3684 605 τῶν

271 654 404 695 vero
434 639 746 712 negabant,
780 640 938 696 edita
968 655 1168 697 eorum
1199 640 1500 697 audientes
1538 638 1787 708 nomina,
1821 654 1921 709 pro

271 727 485 799 quibus
502 732 698 801 partes
722 729 1045 786 identidem
1072 745 1287 786 sacram
1305 736 1523 785 vestem
1546 729 1918 801 ﬂagitabant;

270 817 453 874 donec
509 820 743 877 tandem
804 819 1123 893 aliquando
1185 822 1422 876 senatus
1479 820 1674 876 omnis
1731 819 1922 875 divum

267 907 563 964 Justinum
597 907 861 981 eligeret,
888 924 1137 982 eumque
1168 909 1602 981 quodammodo
1622 910 1695 965 ad
1727 924 1922 980 accep-

272 996 516 1054 tandum
548 998 788 1056 schema
833 999 1110 1071 adigeret.
1145 999 1422 1065 Quamvis
1462 1002 1657 1057 autem
1702 1002 1758 1055 et
1786 998 1924 1055 huic

271 1087 575 1159 negotium
606 1088 956 1146 facesserent
1003 1095 1178 1162 atque
1215 1088 1616 1162 obstreperent
1646 1088 1923 1145 scholarii

274 1178 513 1248 quidam
539 1181 702 1234 tanta
717 1194 852 1235 cum
883 1178 1323 1251 importunitate
1352 1182 1411 1234 et
1440 1178 1822 1250 impudentia,
1855 1182 1927 1235 ut

276 1267 451 1323 etiam
485 1284 640 1325 unus
689 1270 889 1325 eorum
922 1268 1135 1341 aliquis
1171 1268 1361 1326 acutis
1392 1268 1709 1342 compliciti
1741 1268 1925 1341 pugni

276 1356 536 1429 condylis
564 1357 625 1413 in
658 1374 722 1414 os
754 1359 880 1429 ejus
928 1356 1176 1431 ingestis
1222 1357 1442 1415 labium
1486 1357 1601 1430 ipsi
1631 1358 1876 1415 ﬁnderet
1906 1373 1921 1414 :

276 1446 576 1503 obtinebat
620 1451 819 1503 tamen
867 1448 1132 1504 omnium
1181 1450 1304 1503 tam
1356 1453 1712 1519 senatorum,
1746 1463 1925 1520 quam

278 1535 535 1592 militum
555 1542 607 1592 et
630 1536 999 1609 popularium
1034 1536 1355 1593 factionum
1377 1538 1698 1606 sententia;
1732 1554 1928 1594 ascen-

278 1625 453 1681 debat
482 1624 753 1683 Justinus
801 1626 1124 1684 conductus
1170 1626 1231 1682 in
1281 1626 1608 1700 hippicum,
1641 1626 1738 1682 ubi
1780 1626 1831 1682 ei
1864 1641 1927 1684 se

277 1715 647 1786 acquiescere
677 1715 913 1789 publica
943 1732 1081 1773 voce
1127 1717 1497 1773 testabantur
1529 1715 1735 1773 Veneti
1764 1732 1928 1788 mque

276 1806 449 1875 atque
490 1803 716 1860 Prasini
751 1822 764 1859 :
794 1808 853 1861 et
900 1803 1245 1861 cubicularii
1295 1804 1608 1861 mittebant
1656 1805 1927 1877 protinus

275 1893 510 1950 schema
540 1910 642 1950 seu
694 1901 966 1950 ornatum
1013 1893 1398 1967 imperialem.
1437 1893 1703 1951 Intrabat
1734 1895 1927 1967 itaque

272 1982 615 2040 Justinusin
640 1982 1145 2055 cathisma,secum
1170 1984 1393 2041 habens
1416 1982 1924 2058 archiepiscopum

272 2072 553 2130 Joannem
610 2073 762 2130 249
813 2073 1184 2146 reliquosque
1235 2089 1526 2146 proceres,
1578 2073 1794 2146 quibus
1841 2074 1930 2130 in-

276 2164 441 2236 gredi
472 2164 760 2220 cathisma
790 2164 879 2220 fas
926 2171 981 2219 et
1024 2179 1152 2221 mos
1180 2170 1294 2233 est;
1329 2163 1538 2236 reliqui
1564 2169 1759 2220 autem
1793 2181 1926 2237 pro-

277 2268 439 2312 ceres
487 2253 643 2309 inl'ra
689 2252 1067 2320 restitahant;
1118 2252 1251 2309 dein
1294 2252 1610 2325 recipiebat
1658 2260 1820 2309 stans
1868 2254 1929 2311 in

277 2347 445 2399 scuto
475 2349 743 2413 torquem
789 2358 824 2397 a
859 2339 1084 2411 Godila,
1125 2340 1564 2415 campiductore
1611 2341 1928 2399 lanceario-

278 2432 436 2489 rium
464 2432 576 2489 sibi
598 2431 957 2504 impositum.
979 2431 1099 2496 Quo
1130 2431 1282 2488 facto
1314 2431 1585 2504 protinus
1622 2431 1930 2504 erigeban-

279 2528 375 2581 tur
398 2523 588 2596 signa,
612 2539 740 2595 quae
771 2520 1052 2577 hactenus
1091 2520 1259 2577 humi
1292 2520 1624 2593 jacuerant,
1646 2522 1931 2595 quemad-

280 2613 521 2670 modum
546 2612 606 2668 in
626 2611 846 2668 talibus
869 2609 1429 2683 inaugurationibus
1458 2610 1582 2667 fieri
1604 2611 1770 2668 solet.
1804 2611 1930 2669 Non

278 2705 471 2760 autem
505 2701 759 2759 intrabat
789 2699 968 2773 (quod
1015 2698 1113 2756 alii
1164 2699 1349 2757 facere
1391 2702 1840 2774 consueverunt)
1870 2701 1932 2759 in

284 2790 606 2847 triclinium
641 2787 918 2846 mutandi
949 2788 1194 2845 vestitus
1223 2788 1448 2861 gratia;
1483 2789 1579 2845 sed
1598 2788 1812 2846 milites
1845 2794 1933 2847 te-

280 2880 436 2937 studi
445 2896 576 2937 nem
598 2878 962 2952 circaipsum
986 2878 1164 2935 scutis
1182 2877 1305 2935 suis
1328 2877 1605 2936 facientes
1626 2877 1935 2954 cingebant

278 2974 505 3043 eum,et
526 2969 639 3026 sub
651 2970 760 3026 hoc
780 2969 1041 3041 tegmine
1061 2968 1631 3026 induebatJustinus
1661 2969 1929 3040 schema;

285 3060 420 3115 dein
450 3058 790 3130 imponebat
817 3057 934 3130 ipsi
964 3057 1273 3131 episcopus
1305 3056 1416 3128 [vel
1448 3058 1804 3131 patriarcha]
1837 3075 1932 3116 co-

282 3166 518 3208 ronam:
550 3149 665 3223 ipsi
698 3166 877 3206 manu
929 3149 1253 3222 accipiebat
1296 3148 1561 3206 lanceam
1592 3153 1649 3206 et
1677 3155 1930 3219 scutum,

280 3249 334 3297 et
381 3240 738 3297 ascendebat
786 3239 869 3312 [in
917 3237 1206 3295 eathisma
1255 3238 1365 3294 hoc
1410 3237 1663 3311 habitu],
1704 3243 1762 3295 et
1810 3243 1933 3296 tum

2031 635 2308 701 εἰωθότων
2340 637 2677 713 είσέρχεσθαι
2719 636 2797 701 εἷς
2847 638 2910 693 τὸ
2959 639 3221 713 κάθισμα,
3273 638 3364 693 καὶ
3414 640 3466 694 οἱ
3517 636 3685 695 ἃλλοι

2029 722 2293 801 ἃρχοντες
2345 726 2492 783 κάτω
2533 726 2777 796 ἵσταντο,
2814 726 2905 783 καὶ
2961 729 3017 782 ἓν
3066 732 3145 801 τῷ
3195 727 3498 803 σκουταρίῳ
3557 727 3685 808 ἔφόσ

2029 830 2180 890 ρεσεν
2208 817 2302 871 τὺν
2335 818 2588 890 μανιάκιν
2617 816 2925 881 ἐπιτεθέντα
2956 816 3103 891 αὐτῴ
3150 819 3297 894 παρὰ
3344 815 3564 873 Γωδίλα
3605 821 3685 895 (5)

2028 906 2127 958 τοῦ
2158 902 2637 981 καμπιδούκτορος
2663 909 2770 960 τῶν
2805 904 3141 981 λαγκιαρίων
3184 906 3255 976 ³⁸,
3302 906 3393 960 καὶ
3444 905 3681 982 ὠρθώθη

2030 1001 2379 1070 παραχρῆμα
2440 994 2506 1050 τὰ
2557 996 2709 1073 σίγνα
2772 996 2995 1069 κείμενα
3060 993 3142 1051 ἐπ’
3207 992 3440 1070 ἐδάφους
3512 996 3687 1067 κάτω,

2032 1081 2120 1138 ἐπὶ
2184 1088 2294 1139 τῶν
2359 1083 2626 1140 τοιούτων
2696 1085 3098 1161 ἀναγορεύσεων
3181 1084 3502 1158 εἰθισμένον.
3572 1084 3689 1143 Οὐκ

2032 1169 2286 1242 εἰσῆλθεν
2328 1169 2386 1227 δὲ
2444 1172 2519 1235 είς
2576 1174 2668 1229 τὸν
2718 1172 3021 1250 τρίκλινον,
3088 1172 3178 1229 καὶ
3227 1171 3485 1247 ἤλλαξεν,
3540 1171 3690 1229 ἀλλὰ

2034 1259 2300 1333 ἐποίησαν
2333 1259 2591 1337 χελώνην
2628 1264 2680 1318 οἱ
2712 1266 3062 1339 στρατιῶται,
3092 1263 3183 1318 καὶ
3216 1263 3326 1318 ἐκεῖ
3375 1261 3686 1332 ἐνεδύσατο,

2031 1352 2124 1407 καὶ
2173 1351 2265 1406 τὸν
2332 1352 2593 1430 στέφανον
2643 1354 2722 1427 (6)
2774 1350 3031 1423 ἐπέθηκεν
3086 1352 3235 1424 αὐτῷ
3290 1353 3318 1407 ὁ
3356 1351 3690 1421 ἐπίσκοπος,

2030 1442 2121 1497 καὶ
2166 1440 2429 1516 ἐκράτησε
2486 1440 2732 1519 λαγκίδιν
2793 1442 2883 1499 καὶ
2934 1442 3244 1520 σκουτὸίριν,
3295 1443 3385 1499 καὶ
3434 1443 3689 1516 ἀνῆλθεν,

2032 1532 2123 1587 καὶ
2154 1526 2377 1608 ἔκραξαν
2406 1533 2622 1595 πάντες·
2659 1557 2689 1585 ι(
2722 1536 2982 1591 ’Ῐουστῗνε
3013 1535 3314 1610 Λῧγουστε,
3346 1534 3410 1589 σὺ
3450 1540 3623 1607 νικᾷς.
3665 1560 3688 1588 ι

2034 1620 2137 1677 Καὶ
2178 1620 2601 1697 προσεφώνησεν
2648 1626 2728 1695 τῷ
2777 1620 2965 1698 δήμῳ,
3015 1621 3355 1687 ἐπιδοθέντος
3403 1622 3551 1696 αὐτῷ
3591 1628 3690 1680 τοῦ

2034 1704 2422 1786 λιϐελλαρίου,
2452 1705 2578 1776 ἔνθα
2617 1711 2708 1767 καὶ
2762 1714 3034 1792 ὑπέσχετο
3085 1714 3272 1776 αὐτοῖς
3321 1714 3689 1769 κατασκουτά-

2033 1820 2117 1874 ριν
2181 1799 2340 1856 πέντε
2403 1800 2721 1876 νομίσματα
2784 1804 2875 1858 καὶ
2941 1803 3132 1877 λίτραν
3190 1804 3452 1882 ἀργύρου.
3510 1808 3585 1861 ’Ῑὸ
3634 1802 3694 1861 δὲ

2033 1884 2391 1959 λιϐελλάριον
2448 1892 2757 1967 ἀνεγνώσθη
2813 1894 2959 1968 παρὰ
3040 1889 3443 1965 λιϐελλησὶων,
3499 1893 3688 1966 ἐπειδὴ

2037 1975 2165 2034 οὔτε
2217 1981 2492 2056 κυαίστωρ
2550 1983 2629 2056 (7)
2684 1981 2901 2057 εὑρέθη,
2953 1983 3043 2038 καὶ
3092 1984 3120 2037 ὁ
3173 1984 3474 2059 μάγιστρος
3523 1982 3693 2057 Κέλερ

2039 2065 2130 2123 διὰ
2175 2070 2276 2139 τήν
2323 2070 2625 2146 γενομένην
2691 2073 2941 2148 ταραχήν
2993 2069 3084 2128 διὰ
3131 2072 3258 2136 τοὺς
3307 2071 3480 2135 πόδας
3530 2073 3696 2129 αὐτοῦ

2040 2157 2141 2214 οὐκ
2206 2156 2450 2231 ἠδυνήθη
2512 2160 2819 2236 εὑρεθῆναι,
2875 2160 3187 2237 ἀλλὰπρὸς
3236 2163 3335 2233 τὴν
3386 2161 3529 2239 ὣραν
3587 2164 3696 2219 ἀπ-

2039 2246 2285 2327 ελείφθη.
2315 2252 2478 2325 Ἔχει
2511 2247 2566 2305 δέ
2596 2252 2631 2321 ἠ
2663 2251 3047 2328 προσφώνησις
3080 2252 3274 2316 οὕτως.
3326 2252 3695 2331 Αὐτοκράτωρ

2040 2345 2246 2414 Καῖσαρ
2293 2341 2589 2404 Ἰουστῖνος
2639 2344 2871 2413 νικητής
2917 2341 2999 2398 ἀεὶ
3059 2338 3338 2406 σεϐαστός·
3393 2368 3421 2397 ‹‹
3464 2346 3548 2419 Τῇ
3599 2347 3697 2399 τοῦ

2040 2424 2458 2501 παντοδυνᾶμου
2527 2433 2660 2485 Θεοῦ
2725 2429 2921 2503 κρίσει,
2981 2434 3050 2505 τῇ
3106 2452 3164 2487 τε
3250 2429 3483 2507 ὑμετέρᾳ
3538 2437 3696 2507 κοινῇ

2044 2512 2256 2590 ἐκλογῇ
2287 2518 2427 2593 πρὸς
2451 2518 2553 2588 τὴν
2588 2517 2872 2593 βασιλείαν
2906 2521 3282 2597 χωρήσαντες,
3310 2522 3409 2591 τήν
3443 2519 3697 2593 οὐράνιον

2043 2606 2309 2683 πρόνοιαν
2378 2606 2808 2684 ἐπικαλούμεθα·
2872 2633 2902 2663 >›
2963 2609 3118 2687 Παρὰ
3194 2609 3404 2667 πάντων
3461 2605 3694 2683 ἐϐοήθη·

2044 2720 2073 2750 ‹‹
2106 2697 2356 2776 Ἀφθονα
2385 2702 2452 2773 τῇ
2486 2698 2782 2774 οἰκουμένῃ
2812 2699 2887 2763 ὡς
2919 2696 3136 2772 ἔζησας,
3169 2699 3314 2756 οὕτω
3346 2697 3693 2776 βασίλευσον·

2042 2786 2245 2865 ἄφθονα
2298 2789 2369 2861 τῇ
2434 2784 2707 2861 πολιτείᾳ·
2763 2788 2999 2846 Βασιλεῦ
3066 2789 3304 2864 οὐράνιε,
3374 2794 3547 2845 σῶσον
3604 2790 3698 2846 τὸν

2043 2875 2301 2953 ἐπίγειον.
2365 2878 2623 2936 Ἰουστῖνε
2668 2877 2973 2957 Αὕγουστε,
3042 2880 3103 2936 σὺ
3169 2885 3344 2951 νικᾷς·
3411 2884 3510 2936 τοῦ
3573 2880 3696 2937 νέου

2044 2968 2454 3025 Κωνσταντίνου
2482 2971 2558 3040 (8)
2589 2968 2777 3026 πολλὰ
2805 2970 2873 3026 τὰ
2899 2963 3017 3041 ἔτη.
3048 2971 3241 3044 Ἡμεῖς
3274 2967 3580 3027 δοῦλοιτοῦ
3605 2972 3698 3046 βα-

2045 3054 2264 3120 σιλέως.
2296 3080 2324 3109 ››
2357 3057 2725 3133 Αὐτοκράτωρ
2758 3064 2969 3135 Καῖσαρ
3001 3059 3336 3136 Αίὶγουστος·
3372 3084 3400 3113 ι(
3432 3061 3523 3122 Ὧς
3543 3057 3694 3115 ἄνδιὰ

2043 3148 2141 3215 τὴν
2176 3146 2375 3202 οἰκείαν
2409 3148 2820 3227 φιλανθρωπίαν
2868 3146 3143 3224 ἔνισχύσει
3172 3151 3344 3223 ἡμᾶς,
3389 3151 3595 3206 ἅπαντα
3628 3147 3696 3204 τὰ

2048 3236 2175 3310 ὑμῖν
2206 3257 2265 3292 τε
2293 3238 2384 3292 καὶ
2416 3241 2494 3308 τῷ
2518 3236 2774 3313 δημοσίῳ
2792 3236 3054 3318 ἒπωφελῆ
3079 3237 3204 3295 ὄντα
3222 3238 3460 3297 τελέσαι.
3489 3262 3518 3294 »
3541 3238 3700 3313 Παρὰ

282 3330 617 3388 clamabant
645 3345 850 3387 omnes
886 3344 899 3384 :
936 3350 965 3378 ‹‹
991 3326 1226 3384 Justine
1254 3329 1534 3398 Auguste,
1566 3331 1628 3384 tu
1660 3329 1873 3386 vincas.
1898 3351 1926 3381 )r

2045 3328 2258 3380 πάντων
2292 3324 2514 3403 ἐκράγη·
2549 3354 2576 3379 ιι
2611 3326 2700 3381 Υἱὲ
2730 3331 2887 3398 Θεοῦ,
2917 3326 2979 3382 σὺ
3010 3327 3174 3384 αὐτὸν
3206 3327 3453 3398 ἐλέησον·
3489 3328 3554 3383 σὺ
3602 3326 3701 3383 αὐ-

282 3418 644 3476 Tradebatur
674 3418 785 3489 ipsi
818 3433 987 3487 porro
1041 3415 1302 3486 libellus,
1349 3416 1409 3473 in
1465 3432 1582 3488 quo
1613 3418 1927 3491 perscripta

2043 3414 2133 3469 τὸν
2167 3412 2424 3484 ἐπελέξω·
2480 3415 2541 3469 σὺ
2592 3415 2750 3470 αὐτὸν
2794 3414 3046 3488 ἐλέησον.
3095 3420 3349 3475 Ἰουστῖνε
3395 3414 3697 3493 Αὕγουστε,

285 3512 411 3564 erat
439 3508 562 3578 ejus
593 3507 665 3563 ad
709 3505 927 3561 milites
977 3510 1032 3561 et
1070 3503 1350 3577 populum
1402 3504 1699 3577 allocutio,
1730 3513 1787 3564 et
1819 3526 1927 3580 qua

2046 3501 2108 3558 σὺ
2138 3508 2314 3574 νικᾷς,
2348 3527 2376 3555 ››
2416 3503 2505 3558 καὶ
2537 3502 2726 3561 πολλὰ
2759 3505 3002 3563 τοιαῦτα.
3049 3508 3109 3564 'O
3161 3505 3512 3583 αὐτοκράτωρ
3564 3509 3704 3563 Καῖ-

283 3597 518 3655 illorum
552 3595 802 3669 singulis
833 3594 1113 3667 sculis[id
1137 3600 1226 3651 est
1259 3595 1398 3653 viris
1430 3597 1700 3671 scutatis]
1725 3599 1927 3671 quinos

2045 3613 2143 3669 σαρ
2204 3590 2533 3669 Αὔγουστος·
2586 3618 2613 3646 ι(
2659 3595 2929 3670 Ἡμετέρα
2976 3595 3067 3651 καὶ
3114 3594 3215 3672 γὰρ
3280 3596 3502 3674 φροντίς
3552 3593 3697 3650 ἐστιν

284 3703 492 3746 aureos
520 3702 796 3742 nummos
818 3687 877 3741 et
905 3683 1170 3756 singulas
1199 3683 1362 3740 litras
1392 3685 1616 3757 argenti
1639 3686 1927 3757 promitte-

2041 3685 2097 3739 ἓν
2126 3682 2272 3759 πάσῃ
2332 3680 2589 3740 εὐοδώσει
2645 3685 2786 3758 ὑμᾶς
2833 3684 2947 3757 θείᾳ
2994 3685 3233 3761 προνοίᾳ
3276 3690 3555 3757 γαθιστᾷν,
3603 3684 3699 3741 καὶ

282 3777 397 3835 bat.
433 3776 591 3833 Hanc
644 3773 1056 3831 allocutionem
1089 3789 1121 3830 e
1148 3772 1368 3845 scripto
1408 3774 1734 3832 recitabant
1763 3775 1927 3832 libel-

2049 3775 2182 3847 μετὰ
2210 3772 2389 3843 πάσης
2418 3771 2754 3852 εὐφροσύνης
2786 3775 2877 3830 καὶ
2926 3772 3307 3850 περιθάλψεως
3355 3776 3446 3830 καὶ
3496 3774 3695 3849 ἀμερι-

281 3868 497 3934 lenses,
531 3863 1013 3938 quandoquidem
1035 3879 1223 3935 neque
1254 3870 1501 3936 quaastor
1520 3865 1927 3938 aderat,neque

2047 3862 2201 3936 μνίας
2234 3856 2325 3916 ἕνα
2369 3860 2593 3918 ’ἑκαστον
2647 3863 2799 3937 ὑμῶν
2845 3860 3312 3941 διαφυλάττειν.»
3359 3864 3509 3939 Ιῐαρὰ
3557 3862 3697 3919 πάν-

281 3956 444 4015 Celer
471 3958 747 4029 magister
774 3954 848 4012 ob
895 3953 1264 4010 articularem
1295 3954 1589 4025 morbum,
1624 3954 1726 4027 qui
1770 3956 1927 4028 pedi-

2040 3972 2149 4007 των
2182 3945 2410 4022 ἐϐοήθη.
2446 3974 2474 4003 ‹‹
2504 3950 2661 4021 ’Ἂξιε
2689 3958 2789 4021 τῆς
2822 3950 3128 4028 βασιλείας,
3160 3952 3275 4024 ἄξιε
3304 3958 3404 4022 τῆς
3443 3949 3699 4027 Τριάδος,

282 4047 392 4103 bus
422 4045 550 4116 ejus
579 4045 801 4100 interea
843 4045 1278 4115 supervenerat,
1311 4043 1516 4100 adesse
1545 4047 1796 4115 poterat,
1830 4044 1927 4102 sed

2044 4037 2155 4113 ἄξιε
2184 4047 2283 4110 τῆς
2312 4039 2552 4100 πόλεως·
2586 4038 2774 4096 πολλὰ
2800 4041 2867 4095 τὰ
2898 4038 2990 4111 ἔτη
3030 4044 3128 4097 τοῦ
3154 4037 3444 4117 βασιλέως.
3465 4038 3698 4116 Ἀγνοὺς

284 4150 388 4204 pro
417 4132 516 4189 illo
558 4133 791 4205 quidem
840 4132 1126 4205 temporis
1170 4131 1417 4189 articulo
1471 4133 1927 4192 desiderabatur.

2043 4135 2319 4210 ἄρχοντας
2374 4138 2443 4208 τῇ
2503 4131 2826 4208 οἰκουμένῃ,
2875 4156 2904 4187 ››
2965 4131 3055 4189 καὶ
3108 4131 3295 4189 πολλὰ
3343 4135 3588 4192 τοιαῦτα.
3637 4132 3700 4190 Ὀ

282 4224 467 4282 Habet
487 4226 682 4280 autem
703 4220 974 4280 allocutio
996 4221 1427 4295 sic.Imperutor
1449 4224 1637 4280 Caesar
1656 4225 1927 4282 Justinus

2044 4221 2417 4300 αὐτοκράτωρ·
2454 4248 2483 4276 ‹‹
2533 4221 2690 4298 Ὑπὲρ
2736 4227 2836 4293 τῆς
2894 4221 3092 4297 ἑορτῆς
3142 4227 3242 4292 τῆς
3290 4220 3560 4297 ἡμετέρας
3604 4220 3698 4276 εὐ-

1630 4339 1880 4397 νΑΗΙλΕ
1919 4340 2224 4399 LECTION
2230 4341 2336 4397 ES.

348 4441 397 4479 ³⁸
436 4442 642 4500 ΣΧΟΛ.
680 4438 790 4495 τῶν
832 4434 1181 4516 λογχαρίων.

1349 4534 1551 4592 JOAN.
1591 4536 1739 4591 JAC.
1789 4536 2058 4594 REISKII
2088 4535 2677 4595 COMMENTARIUS.

351 4650 429 4724 (5)
450 4649 648 4724 _Hujus
679 4646 790 4724 viri
820 4645 1047 4724 videt_ur
1063 4642 1469 4724 Theophanes,
1487 4660 1544 4724 _p_.
1580 4644 1770 4724 1_5_0_et
1800 4644 1927 4724 145,
1958 4646 2014 4714 D
2045 4644 2418 4724 aﬁ‘ectarunt,
2468 4645 2619 4724 quod
2676 4647 2909 4724 norant,
2940 4641 3424 4724 Const_antini_M.
3459 4655 3697 4712 nomen,

278 4712 644 4781 méntioném
692 4720 902 4777 facere.
959 4718 1040 4774 De
1083 4712 1397 4774 lancéariis
1426 4712 1559 4782 ,vid.
1610 4714 1804 4773 Vales.
1854 4718 1928 4773 ad
1964 4712 1988 4714 “
2044 4720 2165 4802 tam
2200 4718 2348 4775 bene
2376 4712 2448 4773 de
2477 4712 2610 4800 CPli
2639 4716 3126 4798 meritumtapud
3156 4712 3442 4842 ipopulum
3482 4728 3696 4797 magno

283 4798 470 4842 Amm.
505 4794 683 4842 Marc.
720 4809 775 4842 υ.
808 4791 938 4842 311.
2044 4805 2107 4842 1n
2137 4788 2359 4842 honore
2386 4788 2588 4842 haberi
2617 4792 2677 4842 et
2705 4787 2970 4842 adamari
2991 4806 3007 4842 :
3027 4794 3088 4842 ut
3117 4803 3150 4842 o
3177 4803 3257 4842 1m
3289 4789 3696 4841 Antonmorum

277 4798 470 4852 Amm.
505 4794 683 4865 Marc.
720 4791 938 4865 p.311.
1014 4859 1045 4865 Α
1444 4859 1460 4865 _
1545 4859 1579 4865 __
1718 4858 1733 4865 _
1793 4858 1832 4865 __
2044 4789 2107 4847 in
2137 4789 2359 4865 honore
2386 4789 2588 4865 haberi
2617 4792 2677 4865 et
2705 4789 2970 4843 adamari
2991 4794 3088 4865 ηπ]
3117 4789 3257 4865 olim
3289 4789 3696 4865 Απιοῃξηοζιιτη

350 4811 470 4852 nm.
505 4794 683 4851 Marc.
720 4809 775 4865 p.
808 4791 938 4848 311.
2044 4789 2107 4847 in
2137 4788 2359 4846 honore
2386 4788 2588 4844 haberi
2617 4792 2677 4845 et
2705 4787 2970 4843 adamari
2991 4806 3007 4856 ;
3027 4794 3088 4843 ut
3117 4803 3150 4843 o

350 4869 430 4938 (6)
460 4863 846 4938 Nihil__hic_de
885 4859 1187 4938 unctione,
1220 4874 1395 4938 quam
1428 4859 1661 4938 Justi_no
1702 4858 1936 4938 dedisse
2044 4860 2362 4938 expetitum
2386 4860 2684 4938 Eumenis
2717 4874 2930 4915 nomen
2970 4858 3150 4938 aliaet

2044 4860 2362 4935 expetitum
2387 4860 2684 4935 Bouiania
2717 4874 2930 4915 nomen
2972 4854 3349 4935 a‘ﬂectabant.
3393 4855 3517 4913 Vid.
3565 4854 3695 4935 Sel-

280 4930 564 5010 gloriatur
593 4935 692 4992 ille
739 4936 999 4991 Joannes
1055 4933 1116 4988 in
1164 4930 1411 5003 epistola
1459 4930 1534 4986 ad
1563 4930 1932 4987 Hormisdam

281 5024 490 5057 uanam
524 5007 679 5057 anud
730 5005 1048 5057 Baronium
1096 5006 1162 5057 A.
1214 5006 1273 5057 G.
1321 5002 1448 5057 518.
1492 5009 1556 5057 n°
1593 5003 1683 5057 60.
1716 5002 1932 5057 Verum

279 5006 490 5080 papam
524 5007 679 5078 apud
730 5006 1048 5091 Baroqium
1096 5006 1162 5060 A.
1214 5006 1273 5059 G.
1321 5006 1453 5086 518ζ
1492 5009 1556 5058 n°
1593 5006 1683 5057 60.
1716 5006 1933 5061 Verum

284 5077 660 5159 illageplistola
689 5077 921 5159 Baronii
950 5079 1062 5146 est,
1094 5091 1215 5159 non
1242 5074 1509 5159 Joannis.
1567 5145 1602 5159 η

354 5151 434 5222 (7)
450 5145 804 5230 'ngestoris
831 5148 989 5230 enim
1022 5145 1253 5230 proprie
1283 5155 1426 5215 erat,
1460 5145 1748 5230 orationes
1776 5145 1931 5230 litte-

280 5219 497 5295 rasque
525 5225 583 5277 et
630 5219 910 5276 mandata
962 5219 1207 5290 Augusti
1249 5235 1441 5275 coram
1494 5223 1700 5274 senatu
1744 5222 1800 5273 et
1830 5234 1931 5291 po-

283 5294 427 5373 pulo
462 5294 728 5358 recitare,
779 5290 986 5346 saltem
1015 5289 1400 5373 ‘temp'oribus
1446 5288 1595 5373 illis-
1614 5290 1809 5373 quarti
1837 5290 1928 5373 “ad

282 5360 600 5445 septimum
626 5378 817 5445 usque
851 5360 1546 5445 _saaculum.Poth.ius,~n°
1573 5360 1734 5445 ῳςν,
1755 5362 1929 5445 p.'39,

280 5430 408 5530 θ’ἰὶ
439 5453 452 5492 :
482 5430 968 5530 “Oca~(TiberiIus)
1019 5430 1095 5493 είς
1134 5431 1410 5524 νουθεσίαν
1442 5432 1557 5525 εἶπε
1596 5430 1926 5519 Μαυρὶκίοθ,

281 5509 510 5582 Ἰωάννῃ
579 5504 668 5578 τῷ
724 5504 1048 5577 κοιαίστωρι
1166 5504 1411 5577 ρώμενος
1495 5504 1756 5579 ὑπουργῷ
1823 5508 1930 5558 τῶν

281 5577 493 5656 λόγων,
524 5575 582 5641 ὅς
614 5575 751 5663 πρρς
799 5595 859 5631 τε
897 5574 1081 5663 αὐτὸν,
1112 5521 1414 5663 ᾇαυρίκιον
1475 5576 1567 5630 καὶ
1623 5574 1714 5660 τὸν
1748 5571 1928 5663 δῇμοκι

275 5644 379 5780 ’ἓν
409 5644 583 5724 ἐν’τῷ
632 5644 783 5726 λόγῳ
830 5648 1020 5723 πρᾶξιν
1063 5644 1269 5722 ἐτάχθη
1320 5646 1571 5723 πληροῦν
1615 5644 1712 5702 τοῦ
1772 5644 1928 5721 βασι-

345 5743 439 5787 ως.

456 5796 722 5856 Titulum
745 5794 905 5855 hunc
932 5792 1266 5868 complures
1308 5792 1692 5866 imperatores
1714 5790 1926 5849 CPtani

2043 4926 2178 4990 den.
2239 4934 2311 4988 de
2385 4931 2566 4987 Titul.
2642 4932 2815 4999 Hon.,
2875 4931 3054 5001 p.63,
3103 4928 3422 5001 [Adrianus
3452 4943 3605 5001 papa
3634 4926 3694 4983 in

2043 5003 2292 5076 epistola
2321 5003 2390 5059 ad
2415 5003 2688 5076 Carolum
2710 5002 2806 5076 _M.
2859 4999 3132 5076 meminit
3178 4999 3516 5076 donationis
3543 4999 3693 5076 pon-

2045 5069 2311 5141 stantini,
2348 5089 2599 5146 eamque
2628 5073 2686 5129 in
2708 5072 3086 5130 Laterauensi
3107 5070 3322 5146 scrinio
3352 5069 3557 5146 haberi
3580 5070 3691 5146 ait,

2041 5140 2321 5204 Carolum
2353 5140 2779 5203 Consiantinum
2807 5161 3008 5201 novum
3048 5148 3236 5201 vocat.
3267 5143 3429 5199 Notae
3458 5143 3533 5198 ad
3579 5140 3693 5199 Do-

2043 5222 2164 5275 nat.
2206 5218 2506 5289 Constant.
2542 5233 2676 5289 pag.
2716 5216 2856 5289 50.]°
2900 5218 3048 5289 Ergo
3079 5221 3337 5289 apparet,
3384 5213 3694 5289 Patavium

2043 5295 2197 5347 recte
2258 5283 2569 5345 Themisti'i
2617 5283 2833 5346 locum'
2863 5306 2919 5357 p.
2979 5288 3069 5353 70,
3116 5283 3209 5344 ’δίο
3265 5283 3691 5355 constituisse;

2040 5359 2202 5440 ποίας
2235 5357 2333 5415 οὐκ
2358 5358 2586 5440 ᾂφήσεις
2608 5360 2807 5440 (ρωνάς,
2843 5357 3697 5440 alloquitur.uhrbeQQOnstan-

2041 5434 2226 5507 tini...
2265 5423 2538 5507 perd'ﬁt‘w
2590 5423 2734 5507 ⁸υἱέα,
2794 5423 2935 5507 μετὰ
2977 5423 3097 5507 ’τὸν
3130 5423 3490 5507 -ὰδελφιδοξν
3535 5428 3696 5507 Κων-

2043 5497 2349 5571 σταντίνου,
2378 5502 2536 5559 αὐτὸν
2587 5497 2911 5560 ἐκεῖνον’τὸν
2960 5502 3097 5555 πάνυ
3129 5497 3537 5555 Κωνσταντῖνον
3570 5497 3682 5553 άπ-

2042 5575 2294 5654 είληφας,
2308 5578 2803 5654 ροειᾼϐοηδιαητίηἰ
2820 5575 3010 5654 ﬁlium.
3021 5571 3554 5654 _(Constantinum),
3568 5574 3692 5643 post

2039 5641 2291 5722 ejusdem
2308 5641 2388 5707 ’βω
2413 5652 2598 5720 fratre
2622 5641 2870 5722 nepotem
2895 5641 3276 5722 (Julia_num)_._
3298 5643 3468 5699 illum
3503 5641 3688 5710 ipsum

2040 5713 2306 5790 magnum
2366 5713 2788 5779 Constantinum
2833 5713 2913 5790 [in
2963 5713 3278 5788 Joviniani]
3338 5730 3631 5788 recupera:
3671 5729 3688 5772 :

2038 5810 2092 5851 ν.
2127 5785 2215 5853 Du
2246 5796 2437 5866 Gange
2465 5792 2554 5850 Gl.
2587 5792 2684 5849 Gr.
2716 5808 2771 5847 ν.
2815 5785 2967 5850 Νέοςι
