4104 6388
334 419 455 478 793
1181 414 1282 477 DE
1323 365 1775 477 CERIMONIIS
1819 413 2065 476 AULAE
2102 415 2584 477 BYZANTIN/E
2626 417 2774 479 LIB.
2821 420 2872 479 Ι.
3637 420 3756 482 794

338 549 544 627 τυχοὺς
608 547 887 626 βασιλείας
952 549 1053 604 ἆνά
1119 553 1155 604 ε’
1217 548 1575 622 νομισμάτων
1639 547 1730 603 καὶ
1798 545 1969 624 λίτραι

2101 550 2285 607 victor
2350 565 2579 622 semper
2617 554 2955 623 Augustus:
3015 551 3444 625 Omnipotentis
3505 554 3604 610 Dei
3661 556 3758 613 de-

340 639 583 717 ἆργῦρου
639 641 766 713 ὑμῖν
813 639 1145 714 καταχάσμα
1197 636 1542 712 δωρήσομαι.
1578 661 1607 690 ››
1656 638 1808 714 Παρὰ
1858 639 1961 692 πάν

2101 645 2259 695 creto
2281 639 2628 712 delectuque
2659 643 2716 696 et
2733 643 3236 698 vestracommuni
3267 643 3548 700 electione
3579 651 3755 717 atque

341 752 448 786 των
497 727 726 806 ἑκροὶγηο
779 753 807 783 ‹‹
840 729 1162 803 Χριστιανὸν
1216 727 1443 804 βασιλέα
1491 728 1519 783 6
1569 729 1698 789 Θεὸς
1745 727 1969 805 φυλάξει

2101 729 2378 801 suffragio
2409 734 2784 802 capessentes
2815 729 3155 802 imperium,
3195 731 3532 789 invocamus
3579 735 3749 791 ccele-

339 820 494 874 αὗται
526 819 701 874 κοιναὶ
733 817 888 894 εὐχαὶ
924 825 1024 888 τῆς
1057 818 1407 890 οἰκουμένης,
1442 842 1468 870 θ)
1501 818 1590 872 καὶ
1639 815 1825 872 πολλὰ
1873 838 1969 871 τοιι

2099 825 2243 876 stem
2269 820 2764 892 providentiam.»
2779 820 3196 877 Acclamabant
3217 839 3445 879 omnes:
3465 846 3492 873 «
3508 825 3752 882 Abunde

339 914 493 964 αὔτα.
528 909 590 966 Ὁ
644 907 1016 984 αὐτοκράτωρο
1074 929 1098 958 α
1144 908 1204 964 Ὀ
1254 907 1386 967 Θεὸς
1438 908 1554 980 μεθ’
1603 907 1774 980 ὑμῶν.
1811 927 1836 959 ι
1888 909 1967 962 Κα

2100 909 2387 966 bonorum
2439 910 2564 965 orbi
2606 914 2917 966 terrarum.
2970 914 3046 965 Ut
3102 911 3314 977 vixisti,
3375 911 3456 968 ita
3505 913 3749 984 impera.

337 997 404 1052 τὰ
455 995 625 1052 λοιπᾶ
668 995 988 1061 ἀκολούθως
1037 995 1257 1072 γέγονεν
1294 997 1431 1052 κατὰ
1479 997 1539 1051 τὸ
1590 1003 1785 1073 σχῆμα
1832 996 1969 1053 Ἀναι

2097 998 2342 1055 Abunde
2372 1000 2661 1056 bonorum
2693 999 2845 1056 civili
2879 1001 3287 1056 moderamini.
3325 1001 3445 1057 Rex
3476 1001 3749 1070 caelestis,

338 1087 569 1143 στασίου
599 1091 698 1142 τοῦ
725 1093 827 1157 τῆς
859 1087 1006 1152 θείας
1035 1085 1267 1158 λήξεως.

2097 1104 2264 1144 serva
2320 1093 2678 1146 terrestrem.
2719 1089 2949 1146 Justine
2989 1092 3266 1162 Auguste,
3303 1098 3361 1146 tu
3393 1091 3614 1147 vincas.
3647 1092 3750 1147 Ju-

336 1179 518 1236 nioris
546 1179 915 1236 Constantini
951 1178 1122 1234 multi
1154 1181 1273 1235 sint
1303 1179 1465 1236 anni.
1502 1178 1619 1235 Nos
1675 1195 1886 1235 sumus
1914 1179 2065 1235 servi
2096 1179 2482 1250 imperatoris.
2542 1201 2570 1231 »
2635 1180 2958 1254 Imperator
3011 1186 3197 1238 Caesar
3236 1184 3533 1254 Augustus
3568 1200 3581 1238 :
3618 1205 3645 1232 ‹‹
3682 1183 3750 1240 Ul

335 1271 524 1343 gratia
552 1287 662 1327 sua
690 1270 858 1327 nobis
887 1270 1041 1328 vires
1073 1270 1376 1344 indulgeat
1405 1272 1478 1328 ad
1509 1287 1574 1328 ea
1603 1270 1827 1341 omnia,
1877 1288 2006 1343 qua
2036 1271 2208 1328 nobis
2258 1275 2316 1328 et
2345 1274 2643 1329 communi
2693 1273 2775 1327 rei
2825 1274 3177 1336 conducent,
3233 1274 3677 1346 perficiendum.
3721 1297 3751 1326 »

334 1363 754 1420 Exclamabant
784 1378 989 1419 omnes
1024 1379 1036 1418 :
1064 1385 1092 1414 «
1125 1362 1235 1419 Fili
1266 1361 1386 1424 Dei.
1420 1361 1692 1420 miserere
1724 1365 1871 1434 ejus.
1906 1363 1993 1418 Tu
2017 1377 2149 1420 eum
2182 1362 2432 1436 elegisti,
2456 1379 2592 1436 ergo
2644 1362 2920 1420 miserere
2977 1365 3125 1434 ejus.
3187 1365 3422 1422 Justine
3475 1367 3750 1436 Auguste,

335 1458 394 1510 tn
424 1454 645 1522 vincas,
672 1476 702 1504 »
725 1458 783 1510 et
804 1453 974 1526 plura
1002 1453 1164 1510 talia.
1199 1456 1520 1522 Imperator
1549 1458 1739 1511 Casar
1767 1457 2068 1526 Augustus
2093 1471 2107 1510 :
2145 1475 2171 1508 ι
2230 1455 2457 1512 Etenim
2502 1472 2652 1512 cura
2680 1455 2851 1512 nobis
2912 1457 3191 1528 cordique
3248 1457 3376 1526 erit,
3433 1456 3753 1514 auxiliante

335 1543 527 1599 divina
556 1542 941 1615 providentia,
974 1548 1040 1599 ut
1059 1559 1162 1600 vos
1191 1544 1252 1600 in
1283 1544 1442 1601 omni
1474 1544 1858 1617 prosperitate
1889 1543 2265 1613 collocemus,
2300 1548 2356 1600 et
2410 1549 2476 1601 ut
2517 1561 2992 1617 unumquemque
3044 1550 3300 1602 vestrum
3356 1547 3517 1602 omni
3574 1547 3752 1603 bene-

333 1633 586 1691 volentia
615 1638 674 1690 et
702 1633 954 1689 sollicito
985 1637 1302 1706 teneroque
1349 1633 1567 1690 amoris
1598 1634 1807 1689 aii‘ectu
1841 1634 2099 1690 foventes
2131 1633 2190 1690 in
2224 1634 2652 1706 tranquillitate
2696 1650 3096 1707 curarumque
3153 1636 3269 1692 otio
3328 1652 3556 1705 semper
3610 1652 3755 1692 con-

333 1738 659 1778 servemus.
700 1745 722 1772 ι
775 1721 1194 1778 Acclamabant
1248 1739 1492 1780 omnes:
1528 1745 1557 1774 κ
1611 1722 1798 1795 Digne
1828 1737 2028 1794 regno,
2070 1723 2245 1795 digne
2272 1723 2577 1793 Trinitate,
2612 1723 2787 1796 digne
2818 1724 2987 1781 Urbe.
3038 1725 3201 1781 Mulli
3234 1725 3354 1780 sint
3383 1726 3753 1796 imperatoris

335 1820 499 1876 anui.
533 1820 714 1877 Puros
744 1820 1139 1877 moderatores
1165 1820 1293 1876 orbi
1333 1827 1614 1877 terrarum
1649 1819 2032 1893 [ﬂagitamus,
2056 1823 2158 1876 aut
2187 1820 2438 1892 praete],
2471 1842 2500 1870 »
2533 1828 2585 1877 et
2609 1819 2742 1877 talia
2775 1821 2962 1891 plura.
2997 1823 3357 1893 Imperator:
3385 1843 3413 1872 «
3467 1825 3576 1876 Pro
3608 1821 3750 1877 testo

334 1909 526 1968 natale
567 1910 752 1968 felicis
803 1911 1008 1977 nostri
1047 1911 1276 1984 imperii
1309 1910 1402 1968 die
1433 1910 1782 1968 donabimus
1811 1911 1978 1967 vobis
2009 1911 2069 1968 in
2100 1911 2343 1968 buccam
2402 1911 2526 1983 [seu
2559 1912 2620 1968 in
2653 1912 2914 1983 singulas
2947 1913 3180 1986 buccas]
3215 1913 3429 1984 quinos
3476 1929 3750 1970 nummos

326 2014 382 2067 et
426 2007 690 2081 singulas
747 2008 909 2066 litras
965 2010 1209 2083 argenti.
1269 2009 1735 2067 nAcclamabant
1811 2024 2064 2066 omnes:
2099 2007 2552 2065 «Christianum
2594 2006 3004 2078 imperatorem
3054 2011 3204 2068 Deus
3237 2016 3554 2066 conservet.
3618 2012 3747 2066 Hec

331 2101 471 2155 sunt
499 2097 840 2154 communia
859 2102 994 2154 vota
1023 2098 1182 2154 orbis
1211 2102 1575 2168 terrarum,»
1629 2103 1686 2155 et
1737 2097 1925 2154 multa
1972 2098 2031 2154 id
2062 2114 2248 2171 genus
2303 2097 2438 2156 alia.
2491 2099 2646 2156 250
2695 2101 3044 2172 Imperator:
3080 2122 3109 2151 «
3162 2105 3312 2156 Deus
3357 2099 3680 2156 vobiscum.
3719 2119 3748 2148 »

332 2191 545 2247 Castora
572 2189 850 2263 deinceps
880 2189 1095 2245 fiebant
1113 2191 1317 2247 eodem
1348 2189 1489 2260 ritu,
1521 2189 1622 2262 qui
1661 2205 1844 2263 supra
1871 2189 1931 2246 in
1960 2190 2252 2248 Anastasii
2276 2191 2723 2264 inauguratione
2753 2191 3051 2262 expositus
3083 2190 3210 2249 fuit.

937 2278 1357 2356 KE¢AA.AN.

2673 2282 2908 2338 CAPUT
2964 2281 3162 2338 XCIV.

644 2367 1018 2442 Ἀναγόρευσις
1050 2367 1279 2430 Λέοντος
1308 2371 1406 2422 τοῦ
1441 2365 1659 2443 μικροῦ.

2489 2372 2858 2442 Inauguratio
2883 2372 3072 2427 Leonis
3084 2373 3354 2444 junioris.

399 2461 722 2533 Ἀναγκαῖον
765 2457 1096 2531 ἐνομίσαμεν
1147 2457 1340 2525 εἰπεῖν,
1388 2457 1542 2520 ’ὁπως
1591 2457 1681 2512 καὶ
1725 2453 1969 2532 βασιλεὺ‹

2163 2463 2288 2518 Jam
2318 2461 2644 2529 videamus,
2678 2462 2967 2534 quomodo
2986 2460 3748 2534 imperatorabimperatore

331 2549 432 2605 ὑπὸ
487 2546 761 2621 βασιλέως
810 2545 1036 2622 γίνεται.
1098 2548 1223 2604 Ἐπί
1279 2551 1377 2602 τοῦ
1443 2553 1544 2617 τῆς
1603 2548 1746 2609 Θείας
1802 2545 1969 2602 τοίνυη

2093 2555 2341 2608 creetur.
2377 2552 2526 2607 Nam
2559 2554 2616 2607 et
2646 2551 2754 2608 hoc
2795 2549 3188 2607 necessarium
3222 2551 3381 2606 dictu
3443 2555 3745 2622 putamus.

331 2636 538 2708 λήξεως
573 2635 804 2700 Λέοντος
846 2637 997 2692 Λέων
1054 2637 1082 2692 6
1136 2637 1329 2711 μικρὸς
1383 2639 1594 2710 Καῖσαρ
1645 2633 1722 2691 ὤν
1771 2635 1969 2712 ὶγένετε

2095 2642 2206 2698 Leo
2226 2657 2479 2712 magnus
2497 2655 2633 2711 ergo
2647 2639 2764 2710 (hic
2779 2639 3042 2709 exemplo
3059 2639 3156 2710 sit)
3172 2638 3373 2695 morbo
3387 2639 3745 2695 decumbens

346 2727 610 2801 βασιλεύς.
645 2721 851 2798 Συνέϐη
885 2729 990 2803 γὰρ
1028 2734 1255 2798 νοσῆσαι
1301 2728 1507 2782 Λέοντα
1553 2727 1646 2782 τὸν
1690 2733 1791 2796 τῆς
1837 2727 1969 2782 θείας

2091 2747 2179 2799 eo,
2213 2730 2315 2802 qui
2350 2728 2595 2785 ultimus
2627 2729 2741 2800 ipsi
2773 2727 3034 2800 contigit,
3067 2733 3338 2800 nepotem
3362 2745 3393 2784 e
3419 2729 3541 2785 tilia
3570 2743 3744 2786 suum

346 2814 686 2885 λήξεως,τὸν
726 2817 895 2872 αὐτοῦ
945 2821 1109 2888 θεῖον,
1155 2817 1254 2886 τήν
1303 2814 1624 2880 ἐπιθάνατον
1661 2816 1843 2886 νόσον,
1893 2815 1969 2870 καί

2094 2821 2342 2875 Leonem
2369 2818 2688 2890 juniorem,
2725 2822 2848 2874 tum
2893 2821 3199 2885 Caesarem,
3257 2818 3487 2874 hortatu
3545 2833 3744 2888 proce-

343 2901 660 2978 παρεκλήθη
708 2903 843 2961 ὥστε
886 2912 1114 2975 ποιῆσαι
1164 2906 1256 2962 τὸν
1307 2904 1544 2979 Καίσαρα
1595 2904 1844 2979 βασιλέα.
1896 2906 1969 2977 Ti

2093 2926 2224 2964 rum
2239 2908 2297 2964 in
2313 2909 2725 2980 imperatorem
2754 2906 3124 2980 provehebat.
3141 2907 3302 2971 Quod
3319 2906 3401 2962 sic
3415 2911 3742 2978 peractum,

335 2992 428 3048 οὖν
487 2993 590 3067 πρὸ
648 2991 934 3050 δεκαπέντε
993 2991 1289 3052 Καλανδῶν
1375 2989 1720 3068 Δεκεμϐρίων
1792 2996 1868 3068 (9)
1927 2992 1978 3048 ἐν

331 3081 532 3155 ὑπατίᾳ
562 3083 789 3147 Λέοντος
827 3088 925 3140 τοῦ
979 3088 1200 3160 μικροῦ,
1253 3085 1550 3160 μαγίστρου
1607 3085 1767 3145 ὄντος
1815 3083 1982 3141 Εὐσε·

324 3168 473 3241 ϐίου,
507 3173 780 3243 συνῆλθον
810 3171 864 3229 ἒν
913 3179 992 3247 τῷ
1044 3173 1253 3247 ἱππικῷ
1303 3175 1331 3228 6
1381 3171 1560 3247 δῆμος
1606 3174 1698 3228 καὶ
1747 3173 1799 3227 οἱ
1847 3193 1984 3246 πρε-

326 3256 620 3336 σόευταὶ(
703 3262 831 3320 λλ“
929 3263 944 3281 “
1036 3257 1061 3282 ”
1288 3258 1316 3284 ”
1486 3262 1510 3318 ἐ
1614 3265 1676 3317 ’θ
1860 3261 1945 3317 “ἒ

625 3285 695 3319 πο
782 3285 833 3319 οι
883 3283 985 3339 γαρ
1035 3283 1232 3342 ετυχον
1287 3284 1436 3326 οντες
1512 3284 1642 3319 νταυ
1681 3283 1733 3330 α,
1785 3283 1876 3317 και
1949 3283 1982 3316 κ

325 3347 600 3428 διαφόρων
667 3350 878 3426 ἐθνῶν),
939 3351 1029 3407 καὶ
1088 3355 1139 3407 οἱ
1198 3357 1524 3428 στρατιῶται
1577 3353 1773 3414 πάντες
1842 3353 1979 3426 μετὰ

317 3445 428 3496 τῶν
462 3441 662 3517 σέγνων
694 3441 747 3498 ἐν
780 3447 860 3515 τῷ
915 3443 1172 3516 στάματι,
1221 3443 1313 3497 καὶ
1363 3440 1610 3517 ἔκραζον,
1662 3443 1691 3498 6
1745 3444 1841 3516 μὶν
1873 3439 1977 3511 δῆ-

326 3554 426 3606 μος
457 3531 806 3605 Ἑλληνιστί,
852 3535 1250 3610 προτρέποντες
1299 3533 1391 3588 τὸν
1439 3531 1666 3606 βασιλέα
1713 3532 1976 3603 ἀνελθεῖν,

321 3623 374 3678 οἱ
407 3620 463 3678 δὲ
493 3627 822 3697 στρατιῶται
854 3623 1176 3696 Ῥωμαϊστί’
1219 3623 1310 3678 καὶ
1359 3620 1592 3693 ἀνῆλθεν
1627 3624 1654 3677 6
1689 3619 1970 3697 βασιλεὺς,
2005 3648 2048 3717 C

321 3709 748 3789 δηριγενὸμενος
779 3713 882 3768 ὑπὸ
913 3719 1013 3783 τῆς
1041 3711 1378 3787 συγκλήτου.
1422 3712 1482 3770 Ὁ
1515 3708 1571 3766 δὲ
1611 3714 1821 3785 Καῖσαρ
1866 3709 1972 3766 ἔσω

319 3803 389 3871 ἦν
428 3805 484 3858 ἐν
510 3807 590 3876 τῷ
619 3801 901 3877 τρικλίνῳ,
929 3797 1057 3858 ἔνθα
1095 3801 1226 3864 τοὺς
1279 3801 1680 3878 συγκλητικοὺς
1730 3799 1969 3877 δέχεται,

319 3893 412 3946 καὶ
443 3893 472 3947 6
503 3891 942 3968 ἆρχιεπίσκοπος
971 3896 1070 3958 τῆς
1099 3890 1316 3952 πόλεως
1367 3893 1620 3954 Ἀκάκιος
1662 3892 1753 3945 σὺν
1804 3891 1972 3964 αὐτῷ,

319 3980 412 4036 καὶ
443 3977 570 4052 ἔστη
605 3983 634 4036 6
667 3980 922 4056 βασιλεὺς
973 3980 1181 4056 ἐμπρὸς
1231 3987 1330 4051 τῆς
1381 3979 1606 4052 σὲλλης,
1655 3981 1746 4036 καὶ
1796 3982 1972 4043 οὕτως

319 4069 522 4146 ἤρξατο
554 4075 893 4151 προσφωνεῖν
943 4076 1060 4131 τοῖς
1109 4071 1467 4145 στρατιώταις
1517 4071 1607 4125 καὶ
1655 4075 1735 4144 τῷ
1785 4067 1970 4144 δήμῳ,

317 4160 409 4215 καὶ
467 4157 690 4236 ἔκραζον
745 4158 960 4222 πάντες
1026 4182 1056 4212 ‹‹
1135 4159 1592 4234 Παρακαλοῦμεν,
1649 4159 1740 4214 ἳνα
1813 4171 1974 4224 καθε-

316 4252 472 4323 σθῇς,
506 4273 534 4302 »
567 4250 659 4304 καὶ
697 4249 980 4320 ἠσπάσατο
1028 4247 1121 4304 τὸν
1166 4246 1366 4322 δῆμον,
1414 4249 1506 4304 καὶ
1547 4247 1787 4304 ἐκάθισεν
1834 4251 1969 4322 (10),

315 4339 408 4392 καὶ
471 4337 684 4415 ἔκραξεν
737 4340 765 4393 6
816 4335 994 4411 δῆμος
1041 4339 1126 4408 τὸ,
1179 4361 1208 4390 ‹‹
1240 4339 1544 4416 Αὕγουστεο
1581 4361 1611 4390 ››
1664 4337 1755 4393 καὶ
1805 4336 1970 4393 πάλιν

313 4426 522 4484 πολλαὶ
558 4429 729 4509 φωναί
777 4426 1018 4505 ἐγίνοντο
1066 4425 1527 4503 παρακαλούντων
1578 4429 1730 4498 αὐτῷ
1779 4428 1968 4502 στέψαι

2090 2999 2194 3056 Die
2244 3015 2314 3055 xv
2346 2998 2464 3055 Kal.
2507 2997 2874 3067 Decembres,
2905 3001 3030 3054 Cos.
3069 2997 3250 3054 Leone
3301 2997 3558 3069 juniore,
3617 3014 3741 3054 ma-

2088 3089 2272 3162 gistro
2301 3087 2570 3156 Eusebio,
2602 3087 3038 3143 conveniebant
3095 3087 3156 3142 in
3204 3087 3357 3143 circo
3403 3087 3656 3160 populus
3687 3091 3744 3144 et

2090 3178 2286 3251 legati,
2311 3177 2554 3250 quitum
2589 3177 2743 3233 haud
2789 3177 2955 3249 pauci
2989 3177 3282 3234 variorum
3305 3177 3569 3249 gentium
3599 3178 3740 3234 ade-

2089 3271 2220 3324 rant
2256 3271 2351 3335 ;et
2382 3267 2599 3323 milites
2631 3282 2836 3323 omnes
2865 3267 3244 3338 omniumque
3300 3267 3572 3322 ordinum
3603 3283 3738 3323 cum

2090 3358 2278 3429 signis
2309 3356 2368 3412 in
2401 3360 2672 3426 stamate,
2694 3363 2752 3412 et
2809 3355 3164 3428 clamabant,
3199 3355 3452 3428 populus
3498 3356 3738 3428 quidem

2087 3447 2298 3515 Grece,
2332 3451 2605 3518 rogantes
2655 3447 3090 3518 imperatorem,
3151 3446 3290 3502 velit
3338 3447 3409 3502 ad
3443 3463 3505 3503 se
3541 3447 3598 3503 in
3623 3447 3736 3503 circ

2089 3553 2221 3593 cum
2256 3537 2594 3606 ascendere,
2626 3535 2844 3592 milites
2894 3540 3087 3592 autem
3120 3536 3345 3593 Latine.
3379 3537 3741 3593 Ascendebat

2087 3625 2268 3697 igitur
2294 3625 2612 3697 imperator
2641 3625 2929 3682 deductus
2960 3643 2992 3680 a
3049 3629 3280 3683 senatu.
3326 3627 3514 3682 Cmsar
3538 3630 3734 3683 autem

2083 3713 2248 3771 intus
2277 3716 2550 3772 manebat
2580 3715 2637 3770 in
2661 3713 2761 3772 illo
2779 3715 3055 3782 triclinio,
3075 3715 3132 3770 in
3157 3732 3272 3786 quo
3306 3715 3622 3785 imperator
3651 3732 3738 3771 se-

2086 3812 2318 3860 natores
2347 3805 2611 3876 excipere
2643 3803 2810 3871 solet,
2837 3819 3065 3875 unaque
3095 3803 3205 3875 ipsi
3240 3803 3436 3857 aderat
3467 3803 3734 3873 Aeacius,

2082 3893 2558 3966 archiepiscopus
2573 3892 2768 3949 Urbis.
2791 3893 3135 3964 Imperator,
3161 3897 3225 3946 ut
3244 3891 3300 3946 in
3321 3890 3619 3962 hippicum
3643 3908 3735 3948 ve-

2084 3986 2269 4049 nerat,
2303 3982 2662 4038 consistebat
2693 3997 2890 4038 coram
2952 3980 3092 4037 sella
3141 3997 3246 4036 seu
3295 3979 3530 4050 throno,
3558 3985 3617 4037 et
3646 3982 3732 4038 sic

2083 4075 2248 4129 stans
2279 4070 2595 4143 incipiebat
2625 4071 2696 4126 ad
2751 4069 2966 4126 milites
2997 4077 3052 4125 et
3099 4069 3382 4142 populum
3417 4087 3681 4142 perorare
3713 4089 3729 4142 ;

2082 4161 2182 4217 sed
2215 4159 2621 4216 exclamabant
2652 4175 2855 4215 omnes
2887 4175 2900 4213 :
2942 4180 2963 4207 ι
2991 4159 3268 4231 Auguste,
3293 4174 3569 4230 rogamus
3591 4158 3731 4215 velis

2081 4248 2461 4306 considere.»
2494 4247 2721 4304 Gratias
2779 4251 3085 4320 propterea
3135 4247 3347 4320 populo
3389 4247 3600 4320 agebat
3629 4247 3728 4303 be-

2081 4338 2264 4410 nigna
2293 4336 2667 4405 salutatione,
2697 4341 2751 4392 et
2784 4336 3108 4403 desidebat,
3140 4340 3198 4392 et
3229 4335 3477 4408 populus
3516 4335 3732 4392 clama-

2081 4429 2183 4484 bat
2216 4443 2230 4483 :
2265 4447 2295 4478 ‹‹
2327 4425 3440 4498 Auguste,nvocibusquel’requentibus
3461 4425 3571 4498 ipsi
3602 4429 3729 4481 ten-

1365 4536 1565 4593 JOAN.
1605 4536 1743 4593 JAC.
1789 4535 2055 4593 REISKII
2095 4531 2683 4592 COMMENTARIUS.

391 4648 471 4719 (9)
499 4647 813 4720 Sumptnm
847 4646 961 4704 hoc
984 4661 1044 4720 7a
1072 4645 1321 4720 Latinis,
1345 4647 1481 4720 qui,
1503 4647 1736 4719 quando
1765 4646 1970 4704 volunt

314 4718 472 4776 diem
503 4736 572 4775 xv
601 4718 913 4776 Kalendar.
975 4718 1382 4776 Decembrium
1437 4718 1789 4790 signiﬁcare,
1833 4723 1968 4776 ante

312 4792 467 4848 diem
497 4808 570 4848 xv
609 4791 736 4848 Kal.
777 4798 912 4848 Dec.
966 4791 1190 4862 dicunt,
1240 4790 1511 4862 quamvis
1557 4790 1725 4847 illum
1783 4791 1967 4862 ipsum

311 4865 490 4931 diem,
514 4879 632 4920 non
663 4862 840 4918 alium
870 4862 1196 4918 intendant.
1257 4863 1344 4919 Ita
1374 4866 1525 4919 recte
1583 4863 1964 4919 Casaubonus

310 4940 352 4991 t.
385 4935 434 5002 I,
454 4933 694 5008 θοι-.-ἢ
725 4937 794 4990 Α.
825 4934 1194 5008 p.7890,_ante
1209 4933 1361 4990 diem
1390 4937 1518 5006 (pro
1540 4935 1633 5008 ad)
1642 4934 1830 5008 pridie
1859 4935 1962 5008 No-

309 5025 411 5063 nas
445 5005 681 5078 Martias,
707 5005 996 5062 emendat.
1028 5005 1192 5078 Quod
1225 5005 1459 5074 moneo,
1492 5023 1577 5078 ne,
1613 5005 1748 5078 quis
1780 5005 1967 5078 suspi-

309 5025 411 5063 ηαδ
445 5024 674 5064 namus
707 5024 996 5062 emendat.
1028 5024 1192 5070 uuon
1225 5024 1459 5074 moneo,
1492 5024 1565 5063 ne
1613 5024 1748 5078 quis
1780 5024 1877 5063 sus
1923 5024 1965 5062 1-

309 5084 471 5136 cetur
501 5095 532 5136 θ
564 5077 767 5134 Latina
809 5077 1309 5150 interpretatione,
1352 5094 1528 5150 quam
1570 5077 1854 5135 hodierno
1883 5024 1965 5136 fo-

307 5151 524 5223 quendi
563 5149 711 5208 mori
745 5149 1201 5223 accommodavi,
1231 5165 1324 5206 me
1356 5149 1604 5208 voluisse
1635 5150 1857 5223 aliquid
1903 5151 1963 5207 in

305 5222 522 5280 Graecis
555 5226 852 5278 mutatum
894 5222 1000 5278 ire.

378 5294 708 5421 §lO)'Acti.s
767 5292 977 5366 p0pulo
1007 5292 1235 5375 gratiis,
1277 5294 1432 5378 quod
1487 5292 1600 5378 sibi
1644 5310 1759 5350 non
1817 5294 1966 5352 bene

403 5372 524 5421 entt
554 5382 785 5421 ventem
835 5366 1076 5421 sedendi
1134 5365 1360 5421 iecerit.
1389 5365 1751 5421 considebat.
1790 5367 1963 5421 Debe-

303 5365 524 5423 valenti
554 5365 785 5422 veniam
835 5365 1076 5422 sedendi
1134 5365 1360 5436 iecerit,
1389 5365 1751 5422 considebat.
1790 5367 1963 5424 Debe-

304 5437 449 5495 bant
503 5453 715 5510 nempe
764 5437 1146 5508 imperatores
1214 5439 1537 5510 peroraturi
1585 5447 1762 5508 stare,
1821 5445 1888 5494 ut
1934 5455 1964 5496 e

302 5509 572 5567 nummis
604 5515 862 5566 veterum
895 5509 1505 5582 impp._cognoscitur.
1551 5509 1715 5566 Conl‘.
1748 5527 1805 5582 p.
1833 5511 1961 5582 243,

301 5591 357 5638 et
388 5583 544 5654 infra
573 5597 638 5646 ιι,
697 5597 822 5654 cap.
857 5582 945 5654 10,
989 5580 1103 5654 tibi
1152 5580 1230 5654 de
1279 5581 1541 5654 oratione
1589 5580 1964 5654 quadragesiL

300 5649 799 5726 mali.CmterurnA
830 5653 1122 5726 adoratio‘
1147 5653 1279 5722 ista,
1320 5652 1349 5706 ὁ
1404 5649 1715 5726 ἀσπασμός,
1773 5649 1965 5711 06ηεί-

300 5725 495 5783 stabat
512 5725 570 5781 in
599 5724 919 5797 iactatione
939 5723 1127 5782 osculi
1148 5739 1252 5797 per
1265 5739 1505 5797 manum
1536 5723 1622 5781 ori
1654 5726 1964 5794 admotam,

298 5813 440 5854 cum
474 5794 737 5870 corporis
768 5794 1168 5856 inclinatione.
1215 5797 1378 5869 Saepe
1409 5796 1682 5870 leguntur
1704 5797 1962 5870 impera-

1989 4976 2037 5041 D

2077 4649 2231 4701 tores
2317 4642 2913 4716 populumwadorare,
2985 4641 3313 4716 ἀσπάζεσθαι
3364 4643 3727 4716 προσκυνεῖν.

2076 4712 2480 4774 ΤοοίῐυεἨίἐῐ.
2513 4713 2532 4770 1
2557 4731 2571 4770 :
2605 4715 2710 4770 Nec
2735 4713 2946 4770 deerat.
2982 4715 3116 4770 Otho
3141 4712 3476 4785 protendens
3505 4729 3726 4786 manus,

2076 4789 2310 4846 adorare
2339 4789 2588 4860 vulgum,
2612 4859 2617 4860 ί
2635 4787 2824 4857 jacere
2856 4786 3058 4842 oscula.
3087 4785 3451 4860 Capitolinus
3480 4786 3552 4860 de
3585 4787 3728 4841 Per-

2073 4859 2283 4928 tinace,
2302 4865 2356 4932 ﬁt.
2392 4856 2453 4932 1,?
2472 4877 2528 4932 p.
2560 4856 2687 4927 566,
2718 4859 2828 4932 fuit
2857 4860 2913 4932 in
2943 4861 3107 4932 curia
3136 4856 3728 4932 honoriﬁcentissimas

2075 4932 2154 5004 [id
2177 4936 2268 4988 est
2297 4928 2566 5004 Patribus
2589 4928 2938 5004 conscriptis
2971 4929 3026 4984 in
3070 4929 3233 4985 curia
3263 4928 3503 5004 honoris
3537 4928 3727 5004 plurif

2069 5001 2231 5060 fnum
2289 5003 2648 5075 exhibebat],
2700 5004 2781 5058 ita
2827 5001 2887 5075 at
2941 5007 3199 5075 senainm
3241 5001 3551 5075 faventem’
3591 5001 3727 5074 [sibi

2077 5075 2268 5133 fausta
2291 5073 2738 5146 acclamantem]
2769 5073 3044 5131 adoraret.
3077 5073 3435 5130 Claudianus
3467 5090 3480 5130 :

3200 5233 3258 5272 re
3304 5233 3362 5272 ια
3375 5233 3516 5273 σινει

2148 5291 2461 5363 ϐοηηίωιιηι
2489 5288 2766 5363 gradibus
2785 5293 3087 5345 veneratur
3123 5235 3374 5363 purp'ttltra
3401 5291 3619 5363 vulgus,

2143 5363 2328 5420 Plebis
2357 5360 2605 5419 adoratae
2645 5361 2830 5419 reboat
2858 5364 3074 5433 fragor.

2075 5509 2188 5565 Sed
2220 5508 2306 5564 sic
2338 5505 2606 5581 solebant
2636 5509 2869 5581 tantum
2928 5508 3308 5577 imperatores
3340 5509 3575 5578 vetusti,
3609 5510 3732 5581 qui-

2077 5581 2342 5637 nondum
2373 5579 2455 5634 sic
2496 5579 2823 5648 tumebant,
2857 5585 2921 5635 ut
2943 5585 3272 5650 sequentes,
3307 5597 3556 5650 quorum
3593 5579 3725 5637 cum

2077 5654 2476 5724 decrescente_
2500 5656 2786 5724 potestate
2832 5651 3448 5724 superbiacrescebat.
3483 5652 3724 5724 Succes-

2075 5725 2154 5782 sit
2172 5725 2232 5781 in
2254 5719 2614 5798 adorationis
2644 5721 2841 5798 locum
2862 5719 2925 5779 τὸ
2964 5719 3264 5798 ῥωσθέλιον
3297 5727 3356 5779 et
3376 5722 3410 5792 ἡ
3435 5720 3723 5796 σφράγισις

2075 5797 2146 5855 de
2168 5797 2381 5870 quibus
2411 5811 2518 5854 suo
2551 5794 2677 5854 loco
2705 5795 2842 5853 dixi.
