4104 6398
339 445 454 508 ’795

1419 437 1942 499 CONSTANTINI
1987 438 2697 502 PORI‘HYROGENITI

3639 442 3756 502 796

340 581 514 637 debat
570 577 943 650 persuadere,
1032 582 1096 632 ut
1142 571 1593 648 'imperatorem
1670 579 1988 632 coronaret.

2105 575 2198 631 τὸν
2229 577 2480 652 βασιλέα,
2512 578 2601 634 καὶ
2635 576 2918 634 διαλαλιαὶ
2949 577 3156 634 πολλαὶ
3183 576 3306 653 περὶ
3347 577 3563 646 τούτου,
3621 578 3756 632 ὑπο-

341 669 541 728 Multis
575 667 836 723 vicissim
868 664 1392 731 intercedentibus,
1416 665 1598 721 sacris
1629 665 1999 721 sermonibus

340 758 717 832 promittebat
732 756 968 812 tandem
991 756 1329 825 imperator,
1355 754 1411 808 id
1434 771 1496 809 se
1525 754 1835 810 facturum.
1868 753 1995 810 Cla-

337 849 581 905 mabant
601 847 804 919 igitur,
822 844 960 900 velit
994 843 1189 899 missis
1205 843 1484 913 magistro
1497 842 1742 914 aliisque
1772 842 1997 915 aliquot

340 937 599 1010 patriciis
656 937 942 991 Caesarem
1003 949 1317 990 arcessere.
1352 934 1475 999 Quo
1535 932 1842 1003 imperato,
1876 949 1994 988 ma.

337 1029 521 1101 gister
550 1031 608 1084 et
637 1026 846 1082 delecti
880 1024 1104 1095 patricii
1137 1023 1396 1090 abibant,
1429 1023 1993 1079 etadducebantCaa-

337 1135 549 1186 sarem,
584 1131 838 1188 eumque
873 1116 944 1170 ad
991 1114 1293 1170 sinistram
1344 1113 1715 1184 imperatoris
1740 1113 1992 1169 colloca-

336 1209 500 1264 bant.
535 1207 642 1262 Sed
677 1205 988 1276 episcopus
1037 1219 1210 1274 quem
1245 1219 1362 1258 una
1392 1219 1521 1259 cum
1547 1205 1770 1259 Caesare
1802 1203 1994 1260 addu-

337 1297 567 1360 cebant,
623 1293 982 1349 consistebat
1057 1293 1127 1347 ad
1179 1291 1549 1362 imperatoris
1603 1293 1884 1360 dextram,
1935 1297 1993 1349 et

336 1385 584 1441 faciebat
617 1387 885 1455 preceset
915 1380 1013 1451 pia
1041 1384 1174 1436 vota
1205 1381 1462 1452 :quibus
1495 1381 1704 1449 finitis,
1736 1397 1945 1437 omnes
1973 1398 1986 1438 :

335 1496 363 1524 ‹‹
387 1476 592 1542 Amen,
616 1493 643 1523 »
679 1471 1081 1528 succinebant.
1115 1471 1235 1536 Quo
1267 1471 1416 1526 facto
1435 1471 1784 1542 praepositus
1815 1471 1992 1543 impe-

335 1563 513 1618 ratori
547 1576 822 1617 coronam
839 1558 1191 1631 porrigebat,
1225 1575 1401 1630 quam
1433 1559 1525 1615 hic
1553 1565 1717 1616 stans
1747 1560 1990 1616 Caesaris

335 1653 395 1707 in
421 1659 598 1723 caput
625 1649 987 1720 imponebat,
1039 1646 1373 1704 acclamans
1423 1652 1506 1704 ter
1541 1666 1606 1704 εκ
1639 1649 1924 1705 Feliciter.
1959 1671 1988 1701 »

333 1741 548 1798 Abibat
570 1743 695 1795 tum
726 1739 1132 1810 episcopus,et
1161 1738 1503 1794 considebat
1533 1739 1850 1810 imperator
1877 1739 1989 1795 Leo

337 1846 587 1903 magnus
621 1849 636 1898 ;
671 1828 862 1884 minor
884 1832 1082 1884 autem
1115 1832 1224 1884 Leo
1249 1827 1542 1884 salutabat
1597 1835 1762 1900 gestu
1802 1845 1988 1901 popu-

335 1918 460 1974 lum
493 1937 506 1988 ;
533 1920 605 1975 ad
638 1918 796 1989 quod
828 1933 1033 1974 omnes
1077 1917 1483 1974 exclamabant
1515 1934 1528 1973 :
1589 1919 1919 1990 «Auguste.
1959 1939 1985 1966 »

337 2009 501 2064 Tunc
542 2007 852 2064 veniebant
873 2007 1176 2076 praefectus
1210 2005 1377 2061 Urbis
1409 2010 1466 2061 et
1504 2010 1745 2062 senatus
1777 2024 1810 2062 a
1839 2006 1981 2062 sini-

338 2101 462 2152 stra
476 2100 660 2167 parte,
685 2099 743 2151 et
763 2095 1082 2151 offerebant
1106 2093 1216 2166 ipsi
1243 2094 1559 2150 modiolum
1591 2111 1692 2150 seu
1708 2112 1984 2152 coronam

337 2201 599 2250 auream,
641 2188 705 2239 ut
728 2200 853 2238 mos
879 2188 988 2250 est,
1024 2187 1080 2238 et
1101 2183 1507 2254 alloquebatur
1526 2183 1845 2255 imperator
1875 2185 1987 2240 mi-

340 2273 494 2342 lites,
527 2273 674 2330 251
719 2271 1192 2344 licentiansipsis
1223 2271 1785 2328 etabeundiveniam
1817 2273 1984 2342 dans,

343 2361 510 2419 simul
544 2361 896 2433 promittens
925 2359 1139 2416 viritim
1167 2378 1266 2430 pro
1299 2366 1750 2418 moreconsueto
1775 2362 1987 2434 quinos

341 2467 614 2508 nummos
637 2455 693 2507 et
713 2449 877 2506 litras
898 2450 1122 2522 argenti
1145 2449 1407 2522 singulas
1436 2451 1673 2507 nomine
1692 2451 1989 2524 angustia-

338 2557 562 2600 corum.

957 2627 1184 2684 CAPUT
1215 2625 1375 2684 XCV.

400 2719 772 2791 Inauguratio
821 2719 1082 2790 piissimi
1143 2718 1558 2777 domininosiri
1590 2721 1911 2777 Iustiniani.

402 2888 530 2943 Pari
555 2887 732 2943 modo
762 2887 931 2942 divus
970 2887 1262 2957 Justinus,
1295 2890 1351 2942 et
1387 2887 1513 2959 ipse
1566 2903 1795 2960 quoque
1828 2887 1986 2960 gravi

336 2977 538 3034 morbo
571 2976 948 3046 decumbens,
964 2975 1200 3033 hortatu
1220 2980 1557 3033 senatorum
1580 2977 1984 3049 imperatorem

338 3065 584 3122 faciebat
614 3067 675 3121 in
698 3082 912 3138 magno
943 3065 1200 3122 triclinio
1227 3066 1560 3138 piissimum
1591 3073 1856 3122 nostrum
1890 3066 1984 3122 do-

337 3157 566 3212 minum
599 3155 998 3212 Justinianum
1032 3176 1046 3226 ;
1081 3157 1234 3228 quod
1267 3157 1556 3228 quomodo
1596 3159 1889 3228 peractum
1908 3154 1986 3211 sit

338 3245 583 3302 breviter
639 3246 887 3302 dicetur.
950 3245 1164 3309 Quarto
1222 3244 1439 3316 Aprilis
1489 3245 1602 3313 die,
1664 3245 1983 3300 indictione

2109 666 2381 742 σχομένου
2421 668 2588 725 αὐτοῦ
2618 673 2778 724 τοῦτο
2809 673 3009 724 ποιεῖν.
3046 669 3175 725 Εἶτα
3215 663 3436 742 ἔκραζον
3486 666 3623 722 ὥστε
3664 667 3756 722 τὸν

2109 757 2404 833 μάγιστρον
2453 759 2662 833 πέμψαι
2709 759 2799 814 καὶ
2847 760 3166 833 πατρικίους
3233 757 3323 811 καὶ
3391 757 3611 832 ἀγαγεῖν
3661 758 3753 812 τὸν

2103 846 2361 919 Καίσαρα.
2393 847 2494 902 Καὶ
2539 847 2826 922 ἐπέτρεψεν
2873 851 2953 919 τῷ
3006 846 3284 922 μαγίστρῳ
3333 845 3420 899 καί
3468 866 3606 900 τισιν
3651 867 3754 900 πα-

2102 935 2331 1007 τρικίοις
2373 935 2626 992 ἀπελθεῖν
2684 936 2772 991 καὶ
2834 938 3057 1013 ἀγαγεῖν
3117 935 3297 991 αὐτόν.
3363 935 3460 988 Καὶ
3510 932 3754 1004 ἐξελθόν-

2101 1045 2187 1086 τες
2246 1025 2451 1101 ἤγαγον
2501 1027 2593 1082 τὸν
2656 1027 2919 1100 Καίσαρα,
2964 1026 3053 1080 καὶ
3111 1022 3343 1094 ἔστησαν
3397 1022 3475 1087 εἷς
3519 1025 3585 1078 τὰ
3632 1023 3758 1098 ἀρι-

2102 1113 2262 1188 στερά
2288 1119 2384 1169 τοῦ
2439 1115 2728 1190 βασιλέως,
2786 1115 2878 1170 καὶ
2933 1116 3026 1170 τὸν
3087 1113 3379 1169 ἐπίσκοπον
3426 1113 3518 1166 σὺν
3579 1113 3752 1186 αὐτῷ,

2102 1206 2187 1256 καὶ
2223 1199 2349 1273 ἔστη
2385 1204 2460 1269 εἰς
2486 1206 2550 1260 τὸ
2582 1203 2749 1274 δεξιὸν
2787 1204 2950 1279 μέρος
2985 1208 3082 1259 τοῦ
3135 1202 3406 1280 βασιλέως
3456 1203 3483 1255 ὁ
3532 1199 3752 1257 ἐπίσκο-

2100 1313 2225 1360 πος,
2256 1293 2345 1347 καὶ
2377 1292 2546 1369 εὐχήν
2581 1292 2855 1364 ἒποίησεν,
2897 1294 2986 1348 καὶ
3031 1294 3323 1370 animum
3357 1293 3401 1326 ³⁷
3430 1291 3620 1352 πάντες
3664 1292 3751 1360 τὸ,

2102 1405 2130 1432 ‹‹
2164 1383 2362 1454 Ἀμήν.
2402 1407 2421 1433 ι
2470 1384 2576 1440 Καὶ
2627 1385 2654 1438 6
2686 1383 3046 1456 πραιπόσιτος
3092 1378 3359 1436 ἐπέδωκεν
3407 1385 3487 1452 τῷ
3535 1377 3754 1454 βασιλεῖ

2099 1472 2378 1544 στέφανον,
2411 1471 2498 1526 καὶ
2541 1470 2862 1528 ἐπιτέθεικέν
2915 1473 2989 1534 εἰς
3037 1473 3137 1541 τὴν
3188 1467 3431 1544 κεφαλὴν
3482 1473 3578 1524 τοῦ
3610 1467 3753 1524 Καί-

2100 1581 2288 1636 σαρος,
2320 1585 2348 1614 »
2383 1560 2668 1638 Εὒτυχῶς,
2699 1563 2970 1637 εὐτυχῶς,
3005 1562 3249 1636 εὐτυχῶς
3282 1562 3415 1633 (11),
3452 1583 3478 1611 ››
3509 1559 3600 1613 καὶ
3651 1560 3752 1614 ἀν-

2099 1651 2384 1725 εχώρησεν
2418 1652 2444 1705 6
2476 1652 2793 1721 ἐπίσκοπος,
2825 1653 2912 1705 καὶ
2950 1650 3190 1706 ἐκαθισεν
3221 1651 3248 1705 ὁ
3284 1647 3541 1724 βασιλεὺς
3575 1649 3748 1706 Λέων.

2100 1740 2262 1796 Καὶὸ
2317 1741 2510 1814 μικρὸς
2569 1742 2717 1795 Λέων
2770 1737 3045 1809 ἤσπάσατο
3097 1741 3209 1812 (12)
3255 1739 3348 1792 τὸν
3401 1735 3603 1810 δῆμον,
3658 1738 3750 1793 καὶ

2097 1825 2318 1904 ἔκραξαν
2350 1831 2561 1892 πάντες·
2597 1854 2624 1881 ‹‹
2659 1827 2951 1905 Αὕγουστε.
2987 1853 3014 1880 ››
3047 1831 3148 1885 Καὶ
3178 1828 3302 1883 τότε
3331 1825 3498 1896 ἦλθεν
3531 1828 3557 1881 ὁ
3589 1823 3753 1903 ἔπαρ-

2098 1937 2200 1992 χος
2239 1926 2339 1988 τῆς
2390 1917 2607 1981 πόλεως
2657 1917 2707 1991 ἐξ
2758 1919 3055 1993 ἀριστερῶν
3088 1919 3242 1986 καὶὴ
3277 1914 3607 1991 σύγκλητος,
3656 1916 3750 1972 καὶ

2094 2010 2451 2084 προσήγαγον
2486 2009 2630 2079 αὐτῴ
2666 2005 2947 2080 μοδίολον,
2994 2009 3118 2077 ἤτοι
3170 2007 3450 2084 στέφανον,
3505 2010 3747 2081 χρυσοῦν

2095 2099 2232 2153 κατὰ
2269 2100 2330 2152 τὸ
2361 2097 2504 2169 ἔθος,
2537 2099 2628 2153 καὶ
2668 2095 2991 2168 διελάλησεν
3026 2099 3053 2152 6
3087 2095 3346 2172 βασιλεὺς
3399 2092 3750 2171 ἀποδεχόμε-

2093 2208 2182 2249 νος
2240 2190 2357 2259 (13)
2413 2189 2540 2248 τοὺς
2598 2188 2953 2262 στρατιώτας,
3012 2186 3103 2241 καὶ
3183 2186 3451 2261 ὑπέσχετο
3536 2183 3748 2258 ἑκάστῳ

2097 2273 2307 2331 διδόναι
2341 2278 2479 2332 κατὰ
2509 2277 2570 2332 τὸ
2599 2273 2716 2339 ἔθος
2749 2278 2885 2352 πρὸς
2935 2279 3044 2350 (Ui)
3091 2275 3249 2331 πέντε
3299 2275 3606 2349 νομίσματα
3654 2274 3746 2329 καὶ

2097 2363 2290 2439 λίτραν
2325 2365 2564 2443 ἀργύρου
2598 2367 2731 2440 ὑπὲρ
2761 2366 3194 2443 αὐγρυστιακῶν.

2706 2628 3127 2706 ΚΕΦΑΑ.(ΕἈ

2204 2715 2596 2794 Ἀναγὸρευσις
2628 2721 2726 2794 τοῦ
2758 2712 3144 2794 εὐσεϐεστάτου
3176 2720 3334 2790 ἡμῶν
3369 2713 3630 2772 δεσπότου

2647 2791 3029 2844 Ἰουστινιανοῦ
3063 2792 3198 2860 (15).

2171 2881 2232 2937 Ὀ
2266 2881 2364 2948 τῆς
2407 2881 2555 2941 Θείας
2611 2879 2821 2949 λήξεως
2883 2881 3176 2941 Ἰουστῖνος
3229 2879 3320 2933 τὸν
3371 2873 3760 2934 εὐσεϐέστατον

2099 2971 2260 3042 ἡμῶν
2318 2967 2584 3040 δεσπότην
2640 2969 3020 3026 Ἰουστινιανὸν
3071 2968 3323 3040 ἐποίησεν
3374 2968 3425 3022 ἐν
3467 2973 3546 3040 τῷ
3593 2968 3757 3043 μεγᾶο

2099 3059 2182 3135 λῳ
2210 3059 2494 3137 τρικλίνῳ.
2545 3061 2644 3116 Καὶ
2695 3062 2857 3125 αὐτὸς
2901 3063 3004 3137 γὰρ
3058 3060 3109 3116 έν
3160 3062 3303 3134 νόσῳ
3356 3058 3568 3137 μεγάλῃ
3612 3079 3749 3113 κατ-

2096 3150 2298 3220 έκειτο,
2340 3151 2432 3205 καὶ
2481 3150 2846 3225 παρεκαλεῖτο
2896 3148 3002 3205 ἀπὸ
3053 3157 3152 3220 τῆς
3203 3149 3517 3224 συγκλήτου
3567 3149 3639 3211 εἷς
3685 3148 3747 3202 τὸ

2093 3245 2319 3308 ποιῆσαι
2354 3237 2512 3294 αὺτὸν
2551 3239 2798 3314 βασιλέα.
2842 3242 2926 3314 Τῇ
2983 3240 3073 3294 οὖν
3119 3240 3348 3315 τετάρτῃ
3407 3244 3505 3295 τοῦ
3556 3239 3758 3313 Ἀπρι-

333 3335 562 3406 quinta,
598 3336 878 3408 magistro
908 3335 1175 3404 Tatiano,
1224 3334 1546 3406 imperabat
1575 3334 1846 3389 dominus
1904 3334 1980 3390 si-

2101 3326 2220 3384 λίου
2252 3330 2364 3402 (16)
2409 3329 2580 3401 μηνὸς
2630 3326 2732 3383 ἱνδ.
2785 3335 2843 3399 ε’,
2897 3327 3203 3405 μαγίστρου
3252 3327 3408 3392 ὃντος
3459 3331 3755 3396 Τατιανοῢ,

334 3425 579 3481 lentium
602 3429 658 3480 et
687 3429 1044 3496 comentum,
1071 3441 1173 3480 seu
1204 3429 1578 3492 conventum,
1602 3428 1744 3479 etut
1776 3423 1986 3480 scholas

334 3512 604 3584 palatinas
629 3513 986 3583 ordinesque
1017 3512 1302 3568 militares
1329 3527 1535 3568 omnes
1559 3511 1614 3566 in
1647 3511 1988 3582 delphacem

335 3602 579 3658 coirent.
614 3602 826 3656 Aderat
882 3601 1194 3672 episcopus
1255 3605 1312 3655 et
1358 3616 1558 3673 preces
1606 3600 1877 3671 faciebat,
1934 3606 1992 3659 et

334 3688 653 3746 coronabat
685 3689 868 3759 ipsum
892 3687 1227 3759 [Justinus],
1251 3691 1307 3742 et
1331 3687 1549 3743 fiebant
1570 3687 1763 3743 omnia
1786 3689 1986 3745 eodem

341 3779 536 3844 modo,
570 3792 681 3846 quo
709 3775 885 3848 paulo
917 3779 1053 3830 ante
1083 3775 1355 3844 diximus,
1388 3792 1456 3831 ea
1487 3775 1610 3833 sola
1658 3791 1793 3832 cum
1826 3775 1988 3832 diﬂ‘e-

337 3867 546 3934 rentia,
578 3865 728 3936 quod
759 3865 840 3920 ibi
860 3881 949 3921 res
971 3865 1029 3919 in
1045 3863 1467 3936 circosursum,
1496 3864 1590 3922 hic
1621 3866 1678 3922 in
1711 3865 1989 3938 delphace

335 3963 568 4024 peracta
608 3954 736 4010 fuit.

2097 3416 2376 3473 ἐκέλευσεν
2411 3418 2676 3474 σιλέντιον
2711 3418 2799 3473 καὶ
2833 3419 3114 3492 κομέντον,
3149 3420 3236 3475 καὶ
3270 3421 3365 3482 τὰς
3400 3419 3611 3495 σχολὰς
3665 3418 3758 3472 καὶ

2099 3507 2164 3560 τὰ
2209 3507 2584 3582 στρατεύματα
2625 3511 2798 3563 πάντα
2840 3509 3233 3583 παραγενέσθαι
3281 3507 3330 3563 ἐν
3379 3513 3460 3581 τῷ
3504 3505 3756 3585 δέλφακι.

2099 3596 2202 3650 Καὶ
2255 3597 2576 3674 παρεγένετο
2635 3598 2664 3651 6
2731 3596 3050 3669 ἐπίσκοπος,
3111 3599 3199 3652 καὶ
3251 3597 3422 3673 εὐχὴν
3478 3596 3755 3667 ἐποίησεν,

2096 3685 2188 3740 καὶ
2221 3679 2445 3760 ἔστεψνε
2475 3686 2665 3754 αὐτὸν,
2696 3686 2787 3741 καὶ
2816 3687 2991 3742 πάντα
3030 3685 3166 3741 κατᾶ
3201 3686 3263 3741 τὸ
3311 3687 3505 3760 ὃμοιον
3557 3692 3666 3760 σχῇ
3681 3705 3756 3758 μα

2098 3773 2330 3849 ἐγένετο,
2365 3773 2425 3830 οὐ
2461 3773 2650 3849 μέντοι
2703 3774 2755 3831 έν
2804 3779 2884 3847 τῷ
2933 3777 3145 3849 ἱππικῷ
3195 3774 3327 3846 ἂνω,
3378 3773 3524 3831 ἀλλὰ
3572 3772 3624 3830 ὲν
3673 3777 3759 3846 τῷ

2099 3861 2348 3941 δέλφακι.

1693 4083 1936 4140 VARI/E
1977 4080 2285 4141 LECTION
2295 4081 2396 4138 ES.

410 4210 457 4246 ³⁷
489 4210 784 4286 ὁπήχησαν
816 4213 944 4285 conj
979 4213 1070 4283 Βη,
1105 4211 1415 4284 ὑπήκουσαν
1449 4216 1573 4272 cod.

1405 4332 1599 4390 JOAN.
1625 4333 1771 4391 JAC.
1801 4333 2061 4391 REISKII
2093 4334 2684 4392 COMMENTARIUS.

413 4450 703 4524 (it)ﬁ_Ante
749 4449 998 4524 εὐτυχῶς
1029 4451 1294 4507 lacunam
1353 4467 1502 4516 esse,
1563 4452 1730 4524 cujus
1787 4455 1988 4507 tamen

2098 4455 2285 4526 totum
2321 4457 2477 4508 hunc
2508 4454 2704 4509 locum
2737 4453 2996 4524 ProcOpii
3039 4453 3251 4526 partim
3293 4453 3521 4509 exiliter
3551 4456 3762 4510 adum-

338 4523 398 4578 in
419 4511 630 4597 ‘codice
663 4511 918 4597 nullum”
946 4524 1256 4595 vestigium
1311 4529 1400 4579 est
1429 4511 1523 4579 res
1554 4511 1680 4594 ipsa
1709 4523 1990 4596 loquitur.
2024 4511 2067 4574 D
2100 4525 2290 4597 bravit
2320 4532 2547 4580 tantum
2573 4526 2631 4580 in
2665 4511 3144 4596 Latinisfpartim
3189 4528 3449 4596 quaedam
3478 4526 3759 4597 Procopio

338 4593 504 4650 Conf.
548 4610 604 4658 p.
653 4594 774 4650 129.

363 4666 524 4738 ·(12)
551 4669 699 4735 Ergo
742 4667 864 4736 jam
914 4665 986 4720 ad
1045 4680 1176 4722 eam
1232 4669 1464 4738 aetatem
1509 4665 1839 4738 adoleverat
1890 4666 2001 4722 Leo

345 4736 561 4807 minor,
597 4743 663 4793 ut
693 4739 954 4793 monitus
976 4743 1144 4810 gestu
1178 4736 1434 4810 salutare
1467 4737 1751 4810 populum
1781 4743 2000 4810 posset,

344 4813 409 4865 ut
439 4813 692 4880 saperet,
730 4817 797 4880 _ut
828 4814 1007 4864 staret
1039 4809 1162 4880 suis
1209 4809 1474 4879 pedibus.
1518 4809 1664 4864 Nam
1705 4809 2004 4879 praecessit

345 4876 529 4950 paulo
558 4885 691 4935 ante
729 4876 983 4949 ἔστησαν.
1040 4876 1359 4951 Procopius
1428 4884 1622 4936 tamen
1677 4876 1834 4948 eum,
1898 4897 2003 4938 avo

347 4951 685 5024 decedente,
719 4953 1033 5024 puerulum
1065 4967 1402 5024 paucorum
1427 4951 1655 5007 dierum
1691 4952 1870 5009 fuisse
1900 4953 2000 5021 ait,

349 5018 424 5080 εἷς
467 5022 690 5094 ἡμερῶν
721 5017 813 5076 ⁷ἔτι
846 5017 1084 5098 ὀλίγων’
1105 5020 1326 5098 ἡλικίαν
1368 5020 1597 5098 ἥκοντα.
1629 5024 1836 5098 Mulala
1866 5017 1999 5098 eum

350 5108 452 5166 per
483 5109 666 5146 unum
684 5109 904 5166 annum
931 5096 1157 5165 gestum
1175 5096 1404 5166 imperii
1427 5096 1663 5150 nomine
1684 5096 2003 5152 decessisse

350 5165 451 5229 ait,
480 5180 633 5236 anno
649 5165 834 5236 atatis
850 5166 1123 5236 septimo.
1153 5165 1478 5222 Chronicon
1501 5166 1809 5222 Alexandr.
1839 5167 1999 5223 XVII

345 5251 525 5360 ῗηῗρε
565 5235 698 5359 νὶἔὲ
729 5235 843 5307 ipsi
875 5235 1119 5304 tribuit;
1152 5238 1270 5293 vid.
1323 5238 1618 5294 Cbilmead
1678 5239 1750 5294 ad
1803 5237 1998 5296 Mala].

377 5345 390 5358 .
482 5348 502 5360 τ.
539 5323 594 5360 n.
699 5346 710 5358 .

419 5377 534 5447 (13)
572 5377 898 5453 Valedicem
932 5379 1190 5453 reddidi;
1226 5396 1338 5453 non
1408 5381 1559 5436 male
1599 5381 1859 5453 quidem,
1893 5381 1999 5437 ali-

353 5456 574 5576 quanta)
602 5447 813 5504 melius
837 5458 1026 5505 tamen
1066 5451 1270 5507 fuisset
1293 5447 1884 5519 licentiansfabeundi
1915 5470 2003 5509 ve-

353 5536 502 5576 niam
574 5537 699 5576 ans.

349 5536 502 5576 niam
533 5536 699 5576 dans.

426 5593 542 5663 (14)
575 5594 650 5668 De
680 5593 1267 5668 usuApraspositionis
1321 5595 1477 5668 πρὸς,
1503 5597 1603 5667 qui
1633 5595 1725 5652 hic
1757 5596 1999 5666 obtinet,

355 5664 544 5718 dicam
577 5664 646 5718 ad
677 5681 732 5733 p.
759 5665 885 5720 281.

425 5737 537 5805 (15)
570 5736 652 5792 De
683 5736 1127 5795 renuntiatione,
1157 5737 1479 5809 Justiniani
1504 5741 1575 5793 Μ.
1613 5739 1724 5794 vid.
1760 5739 1998 5809 Procop.

357 5808 631 5862 Anecdot.
682 5824 738 5879 p.
800 5809 888 5880 45,
931 5816 983 5864 et
1016 5810 1094 5865 ibi
1130 5815 1248 5865 not.
1300 5808 1630 5876 Alemanni,
1679 5812 1777 5882 qui
1801 5808 1998 5868 tamen

2108 4596 2178 4652 de
2209 4612 2314 4651 suo
2337 4598 2584 4665 afﬁnxit,
2619 4612 2748 4668 quae
2777 4614 2912 4653 cum
2957 4597 3198 4652 historia
3248 4602 3533 4668 pugnant.
3572 4596 3760 4654 Locus

2107 4683 2242 4736 ergo
2273 4668 2358 4722 sic
2383 4670 2523 4724 verti
2557 4666 2868 4724 debuerat:
2893 4671 3178 4741 τυραννῶν
3209 4666 3535 4724 ciccum...
3568 4668 3762 4724 statim

2107 4749 2411 4811 tyrannum
2440 4755 2494 4795 se
2523 4741 2762 4809 gerebat,
2787 4757 2857 4795 ea:
2887 4756 2990 4810 quo
3017 4757 3287 4811 summam
3317 4743 3633 4811 potestatem
3664 4741 3761 4811 in-

2106 4807 2361 4877 v'adebai,
2405 4807 2756 4883 violentiam;
2783 4807 3021 4883 actionis
3077 4807 3757 4883 (rﬁcéni6a1m65w4,in-

2107 4883 2362 4937 vasionis
2395 4884 2455 4936 in
2479 4880 2842 4955 imperialem
2884 4880 3254 4955 dignitatem)
3301 4885 3565 4941 simulato
3595 4881 3763 4939 vultu

2108 4960 2159 5027 et
2186 4957 2461 5024 praetextu
2488 4953 2714 5027 conﬁcto
2734 4955 2940 5009 velans.
2956 4953 3253 5026 ’Quidquid
3271 4959 3421 5012 enim
3457 4955 3684 5027 probum
3705 4963 3763 5027 ei

2107 5025 2392 5098 honestum
2457 5029 2578 5080 erat
2622 5025 2993 5098 Romanorum
3041 5025 3144 5098 (id’
3182 5031 3268 5081 est
3335 5025 3619 5098 proceres,
3655 5026 3758 5096 qui

2107 5101 2246 5151 sunt
2273 5097 2526 5170 honestus
2583 5097 2756 5170 ordo),
2789 5097 2975 5169 ipsum
2997 5097 3414 5166 renuntiabant,
3456 5097 3526 5154 ad
3553 5098 3758 5170 suﬂra-

2105 5173 2260 5242 gium
2296 5169 2409 5238 ipsi
2465 5167 2708 5223 dandum
2748 5167 2826 5225 tot
2853 5170 3335 5226 circumstantium
3362 5167 3759 5242 periculorum,

2106 5242 2168 5293 ni
2195 5241 2465 5312 facerent,
2516 5245 2668 5295 metu
2723 5243 3013 5312 compulsi,
3045 5241 3421 5312 praeterquam
3451 5243 3598 5312 quod
3619 5242 3760 5297 Deus

2106 5315 2274 5366 etiam
2305 5309 2450 5366 hunc
2478 5313 2600 5366 orbi
2627 5312 2761 5367 dare
2779 5309 3065 5368 ddminuni
3112 5309 3760 5383 dcere—veratCBuscepc-

2108 5391 2243 5437 runt
2274 5399 2410 5454 ergo
2437 5384 2899 5440 dominationem
2957 5385 3426 5454 Justinianusac
3456 5384 3760 5454 Theodore

2109 5455 2278 5510 tertio
2310 5451 2441 5510 ante
2482 5456 2693 5511 festum
2728 5455 3027 5512 Pascbatis
3049 5457 3161 5524 die,
3196 5454 3287 5509 ὅτε
3329 5451 3395 5524 δή
3430 5451 3554 5508 οὔτε
3585 5455 3762 5510 ἀσπά-

2110 5535 2300 5588 σασθαι
2331 5546 2520 5582 τινα...
2563 5527 2655 5583 Sic
2685 5528 2820 5594 163.,
2877 5544 2992 5582 uno
3053 5521 3174 5579 οὔτε
3224 5544 3354 5582 cum
3384 5521 3578 5582 tribus
3608 5533 3762 5584 aste-

2110 5597 2274 5654 riscis
2314 5599 2522 5655 deleto.
2551 5598 2704 5656 Nihil
2735 5599 2890 5653 enim
2942 5597 3021 5652 ibi
3055 5598 3238 5664 deest,
3271 5600 3372 5655 sed
3404 5599 3606 5654 vitiose
3639 5597 3761 5652 οὕτε

2107 5685 2290 5725 unum
2323 5671 2604 5725 abundat.

2177 5742 2293 5811 (16)
2334 5742 2502 5813 Εῐᾘο
2529 5741 2858 5813 falluntur,
2890 5740 2992 5810 qui
3036 5739 3294 5813 ,Kalend.
3361 5743 3576 5813 Aprilis
3623 5757 3758 5797 eum

2110 5813 2256 5870 vivis
2289 5812 2805 5869 excessisseaiunt.
2841 5812 3130 5869 lndictiov
3160 5813 3366 5870 incidit
3397 5817 3450 5871 in
3467 5815 3530 5869 A.
3556 5813 3758 5870 0.527.
