4104 6388
445 420 584 482 817

447 647 596 711 ζεται
655 641 784 702 τοὺς
836 639 1158 716 βασιλικοὺς
1215 642 1388 707 πόδας
1454 646 1544 701 καὶ
1593 648 1660 701 τὰ
1733 647 1952 722 γόνατα,
2019 650 2107 704 καὶ

443 730 806 804 ἀνιστάμενος
855 731 1149 808 ἀπέρχεται
1181 732 1234 788 ἐν
1273 739 1354 806 τῷ
1384 741 1496 808 ναῷ
1539 741 1637 791 τοῦ
1681 737 1840 812 ἁγίου
1890 737 2106 793 Θεοδώ-

441 841 545 895 ρου
577 819 630 876 ἐν
669 821 820 894 αὐτῷ
853 827 934 894 τῷ
987 825 1456 901 χρυσοτρικλίνῳ,
1516 827 1601 880 καὶ
1647 824 1890 882 ἐνδύεται
1939 833 2106 884 ταῦτα

443 911 596 986 παρὰ
623 914 718 966 τοῦ
766 919 869 981 τῆς
918 914 1317 982 καταστάσεως,
1369 917 1637 988 παρόντος
1683 918 1772 970 καὶ
1803 922 1898 972 τοῦ
1937 939 2104 992 πραι-

444 1001 678 1055 ποσίτου
707 1005 840 1072 (τῶν
881 1001 972 1056 καὶ
1004 1001 1388 1079 προσαγόντων
1437 1003 1597 1058 αὐτὸν
1649 1007 1913 1081 πρότερον
1965 1008 2102 1073 πρὸς

441 1091 538 1146 τὸν
601 1087 834 1164 βασιλέα
881 1091 990 1146 ἀπὸ
1025 1093 1438 1171 σκαραμαγγίου
1490 1095 1582 1148 καὶ
1619 1097 1846 1170 μᾶνικος
1877 1097 1968 1152 καὶ
2005 1118 2106 1152 κα-

439 1178 734 1236 τακοιλίου
765 1181 813 1216 ⁴⁰
841 1183 960 1254 (50)
992 1179 1082 1236 διὰ
1109 1187 1206 1237 τοῦ
1250 1183 1434 1258 βήλου
1465 1189 1572 1239 τῶν
1604 1185 1851 1260 ἀργυρῶν
1885 1185 2102 1256 πυλῶν,

439 1276 546 1339 τῆς
579 1269 894 1346 συγκλήτου
925 1271 1222 1345 ἱσταμένης
1259 1271 1314 1327 ἔν
1364 1279 1440 1346 τῷ
1481 1275 1630 1346 αὐτῷ
1661 1275 1923 1350 τρικλίνῳ
1967 1277 2102 1350 μετᾶ

443 1357 860 1432 ἂλλαξιμάτων,
911 1359 1244 1434 ἐστεμμένοι)
1295 1361 1450 1427 ὄντος
1497 1369 1592 1420 τοῦ
1656 1365 1977 1440 βασιλέως),
2009 1367 2100 1421 καὶ

447 1449 587 1522 μετᾶ
631 1450 692 1504 τὸ
751 1447 1032 1519 ἐνδυθῆναι
1092 1450 1334 1526 ἐξάγεται
1383 1455 1510 1528 παρ’
1565 1454 1764 1524 αὐτῶν,
1795 1457 1885 1511 καὶ
1935 1456 2100 1511 πάλιν

439 1540 846 1610 κατασπάζεται
895 1539 1024 1603 τοὺς
1085 1541 1254 1605 πόδας
1305 1549 1402 1598 τοῦ
1453 1541 1716 1600 δεσπότου
1769 1547 1967 1601 καὶτὰ
1999 1547 2098 1620 γό-

439 1651 600 1698 νατας
655 1629 746 1684 καὶ
807 1630 1144 1706 εὐχαριστῶν
1194 1631 1414 1688 ’ίσταται
1473 1632 1526 1688 ἓν
1597 1636 1676 1708 τῷ
1740 1635 1908 1708 μέσῳ.
1999 1635 2097 1690 Καὶ

443 1721 814 1796 προσέρχεται
871 1721 962 1776 καὶ
1019 1725 1054 1792 ἡ
1124 1724 1453 1800 σύγκλητος,
1519 1726 1916 1802 εὐχαριστοῢσα
1987 1727 2100 1798 (51)

439 1815 522 1882 τῷ
553 1808 808 1885 δεσπότῃ,
858 1811 946 1866 καὶ
1015 1811 1312 1892 ἀπέρχεται
1357 1813 1408 1869 ἒν
1489 1821 1557 1890 τῇ
1611 1813 1723 1888 ἰδίᾳ
1763 1819 1926 1887 τάξει.
1987 1820 2090 1874 Καὶ

1325 425 1423 484 DE
1466 425 1917 488 CERIMONIIS
1959 428 2194 492 AUL/E
2239 431 2716 495 ΒΥΖΑΝΤΙΝᾸῈ
2758 435 2910 496 LIB.
2957 436 3002 496 1.

443 557 530 626 τῷ
577 551 898 624 τιμωμένῳ,
952 551 984 606 ἃ
1031 552 1122 608 καὶ
1171 549 1356 610 λαϐὼν
1413 555 1598 612 πίπτει
1665 557 1756 612 καὶ
1821 559 2138 629 καταστάσι

2217 567 2658 636 respersam.Ab
2692 567 3040 640 imperatore
3071 569 3192 626 haec
3219 571 3432 626 dantur
3461 571 3521 627 in
3550 587 3722 628 aureo
3754 574 3860 628 tri-

3751 440 3872 500 818

2221 653 2395 709 clinio
2415 671 2612 711 recens
2639 656 2960 725 honorato;
2984 659 3084 730 qui
3104 675 3170 715 ea
3189 665 3389 715 nactus
3407 659 3570 715 humi
3593 661 3860 733 procidit,

2217 744 2506 799 etdomini
2523 747 2698 817 pedes
2715 763 3020 820 genusque
3033 749 3426 819 deosculatur;
3444 750 3578 806 inde
3591 751 3865 823 resurgit,

2215 837 2273 886 et
2305 833 2378 888 ad
2411 834 2712 892 aediculam
2747 836 3275 911 S.Theodori,qute
3303 839 3364 894 in
3401 840 3524 909 ipso
3555 839 3869 913 chrysotri-

2215 922 2390 978 clinio
2421 929 2532 992 est,
2567 927 2709 992 abit,
2749 927 2947 998 ibique
2978 945 3012 983 a
3061 933 3348 1000 praesente
3381 929 3787 985 cerimoniario
3817 933 3874 985 et

2213 1014 2520 1084 praeposito
2551 1015 2724 1072 dictis
2773 1018 2948 1073 modo
2983 1018 3240 1074 vestibus
3287 1018 3530 1075 honoris
3577 1019 3868 1076 induitur.

2212 1101 2320 1172 (illi
2355 1103 2940 1174 ipsi,cerimoniarius
2961 1111 3020 1162 et
3049 1107 3562 1180 praepositus,eum
3595 1113 3767 1164 antea
3796 1109 3870 1164 ad

2209 1189 2622 1261 imperatorem
2655 1195 3040 1264 adduxerant,
3065 1197 3477 1269 scaramangio
3508 1197 3779 1254 indutum
3815 1201 3872 1255 et

2211 1287 2414 1352 torque
2429 1285 2486 1337 et
2504 1284 2809 1340 catacoilio
2838 1301 2940 1341 seu
2961 1286 3341 1357 ventrali,per
3363 1287 3551 1344 velum
3581 1291 3868 1360 argenteas

2209 1375 2628 1440 portae,senatu
2663 1374 2722 1428 in
2745 1375 2950 1430 eodem
2974 1375 3229 1432 triclinio
3259 1377 3318 1432 in
3344 1377 3678 1434 mutatoriis
3709 1381 3870 1434 stan-

2209 1461 2642 1532 te,imperatore
2666 1469 2864 1520 autem
2898 1471 3148 1520 stemma
3173 1483 3272 1521 seu
3303 1466 3550 1522 infulam
3583 1467 3868 1539 gerente.)

2207 1549 2292 1606 Ab
2315 1551 2432 1606 illis
2467 1553 2758 1624 ipsis,jam
2795 1555 3005 1610 brabeo
3037 1573 3141 1610 suo
3173 1556 3472 1622 indulus,e
3499 1557 3866 1612 S.Theodoro

2209 1643 2483 1696 educitur
2515 1643 2856 1713 honoratus,
2889 1653 2944 1699 et
2985 1651 3368 1715 praesentatur
3397 1647 3660 1713 domino,
3691 1647 3864 1718 cujus

2209 1733 2383 1802 pedes
2416 1738 2472 1787 et
2503 1749 2688 1804 genua
2731 1737 2938 1790 iterum
2973 1735 3291 1802 osculatur,
3343 1735 3612 1807 dictaque
3643 1738 3866 1808 gratia-

2209 1836 2340 1875 rum
2375 1823 2623 1888 actione,
2658 1823 2849 1878 medio
2895 1825 2953 1878 in
2987 1823 3242 1880 conclavi
3290 1829 3464 1880 aetat.
3496 1824 3642 1880 Tum
3697 1839 3861 1880 acce-

439 1901 539 1964 εἶ6’
572 1899 746 1961 οὕτως
787 1895 1170 1970 ἀναϐιϐάζεται
1201 1905 1230 1957 ὁ
1290 1907 1540 1978 τιμηθεὶς
1574 1904 1664 1960 διὰ
1709 1912 1804 1961 τοῦ
1849 1928 2090 1983 πραιπο-
2127 1949 2138 2013 ]

482 1995 490 2012 Ι
659 1989 678 2013 ’ί
764 1992 810 2013 ἢν
945 1997 966 2007 υ
1166 1992 1176 2011 9
1487 1995 1500 2013 \
1557 1993 1637 2013 εἱιῇ
1851 1997 1866 2013 \
1961 2002 1986 2012 υ

2213 1909 2302 1964 dit
2332 1921 2566 1966 senatus
2615 1917 2672 1966 et
2700 1913 2918 1982 gratias
2969 1913 3206 1968 domino
3237 1913 3382 1986 [agit
3433 1929 3534 1984 pro
3583 1913 3862 1984 imposito

439 1995 594 2048 σίτου
649 1989 848 2046 ἄνωθεν
901 1997 1008 2047 τῶν
1044 1992 1380 2069 μαγίστρων,
1413 1995 1500 2049 καί
1553 1993 1760 2050 δίδοται
1811 1997 1874 2051 τὸ
1903 2002 2094 2070 νεῦμα,

437 2081 530 2136 καὶ
587 2079 865 2155 ἐξέρχεται
927 2081 1020 2134 σὺν
1080 2085 1149 2154 τῇ
1193 2081 1507 2159 συγκλήτῷ,
1567 2085 1657 2138 καὶ
1701 2088 2097 2156 κατασπαζεται

439 2171 530 2226 ὑπ’
581 2171 773 2240 αὐτῆς,
828 2169 919 2225 καὶ
965 2169 1260 2246 ἀπέρχεται
1322 2173 1373 2227 ἐν
1429 2178 1498 2247 τῇ
1559 2173 1714 2248 Ἀγίᾳ
1765 2177 1942 2253 Σοφίᾳ
1985 2177 2098 2250 (52)

435 2263 622 2336 φορῶν
679 2257 868 2316 ταῦτα.
937 2258 1042 2318 Καὶ
1105 2259 1501 2334 ὀψικευόμενος
1559 2263 1706 2338 παρά
1759 2285 1816 2318 τε
1864 2269 1962 2318 τοῦ
1994 2273 2094 2334 τῆς

431 2349 818 2412 καταστάσεως
853 2347 944 2404 καὶ
989 2353 1086 2404 τοῦ
1130 2351 1500 2426 πριμικηρίου
1545 2357 1646 2407 τοῦ
1701 2349 2096 2410 κουϐουκλείου

435 2439 528 2494 καί
579 2443 686 2494 τῶν
729 2437 1132 2514 σιλεντιαρίων,
1183 2435 1546 2514 διερχόμενος
1605 2439 1693 2496 διὰ
1732 2449 1834 2512 τῆς
1877 2441 2098 2519 χαλκῆς

433 2531 524 2586 καὶ
581 2527 1060 2604 ἆκτολογούμενος
1105 2529 1250 2602 παρᾶ
1304 2534 1414 2584 τῶν
1459 2529 1555 2586 δύο
1591 2536 1793 2607 μερῶν,
1827 2531 2008 2608 ὥσπερ
2040 2536 2092 2589 οἱ

435 2619 740 2694 πατρίκιοι,
771 2620 863 2675 καὶ
914 2617 1216 2694 δεχόμενος
1275 2619 1448 2696 εὐχήν
1500 2623 1648 2697 παρὰ
1685 2626 1782 2678 τοῦ
1830 2624 2092 2698 πατριάρ-

2209 1999 2320 2054 sibi
2351 2001 2580 2071 capite],
2615 2000 2846 2072 illisque
2881 2003 3153 2072 peractis,
3193 2019 3402 2058 rursus
3433 2003 3504 2056 ad
3539 2019 3708 2058 suam
3739 2009 3866 2057 sta-

2209 2088 2426 2145 tionem
2455 2090 2625 2144 redit.
2659 2095 2806 2146 'l‘um
2839 2091 3180 2162 producitur
3213 2091 3534 2148 honoratus
3566 2109 3599 2146 a
3631 2107 3859 2164 praepo-

2209 2178 2319 2234 sito
2365 2183 2424 2234 et
2455 2179 2514 2234 in
2545 2181 2734 2251 capite
2785 2181 3200 2253 magistrorum
3242 2181 3583 2250 collocatur,
3613 2183 3862 2253 datoque

2209 2267 2582 2339 imperatoris
2613 2273 2782 2339 nutu,
2817 2278 2873 2327 et
2903 2271 3028 2342 ipse
3058 2275 3114 2326 et
3141 2270 3320 2326 simul
3353 2274 3589 2328 senatus
3620 2277 3855 2328 exeunt.

2209 2357 2518 2413 Senatores
2563 2359 2684 2429 jam
2727 2369 2885 2416 extra
2932 2365 3309 2433 conspectum
3355 2361 3576 2416 domini
3619 2365 3860 2433 agentes

2207 2463 2418 2503 novum
2452 2465 2626 2504 suum
2653 2449 2958 2520 praesidem
2980 2448 3392 2519 consalutant;
3419 2449 3518 2507 ille
3537 2467 3668 2506 vero
3691 2467 3862 2523 porro

2207 2537 2278 2592 ad
2311 2537 2462 2592 aedes
2491 2538 2546 2592 S.
2579 2537 2810 2608 SoPhiaa
2841 2539 2896 2592 in
2931 2556 3080 2595 novo
3114 2556 3221 2595 suo
3251 2543 3462 2595 ornatu
3497 2539 3642 2606 abit,
3672 2539 3858 2596 comi-

2205 2627 2466 2682 tantibus
2497 2626 2905 2684 cerimoniario
2935 2631 2996 2683 et
3025 2627 3359 2699 primicerio
3391 2627 3645 2684 cubiculi
3677 2631 3735 2684 et
3765 2627 3860 2684 ei-

1801 2743 2048 2798 VARI/E
2085 2743 2486 2800 LECTIONES.

519 2828 566 2864 ⁴⁰
589 2829 678 2884 Sic
701 2831 766 2886 Η.
801 2831 857 2886 h.
901 2830 944 2888 Ι.
977 2837 1032 2886 et
1065 2847 1221 2898 mox,
1253 2827 1587 2885 κατακυλίου
1617 2831 1745 2886 cod.
1775 2835 1832 2886 et
1859 2833 1948 2886 ed.

1461 2928 1668 2984 JOAN.
1707 2929 1856 2984 JAC.
1901 2927 2170 2984 REISKII
2209 2928 2810 2986 COMMENTARIUS.

437 3021 490 3072 et
519 3017 703 3072 cervix
735 3020 1160 3074 exsererentur.
1185 3017 1410 3073 Talium
1445 3017 1774 3073 cloccarum
1801 3018 2080 3073 memoria

425 3090 796 3161 etimagines
829 3093 1046 3161 passim
1082 3097 1400 3145 occurrunt
1431 3091 1487 3144 in
1521 3091 1919 3145 monumentis
1953 3106 2076 3144 me-

2187 3017 2384 3092 νόμῳς
2417 3019 2532 3075 vid.
2567 3019 2842 3092 Miurator.
2875 3023 2917 3074 t.
2958 3020 3030 3086 ll,
3077 3021 3212 3074 Ant.
3249 3019 3379 3076 Ital.
3411 3037 3470 3090 p.
3503 3019 3630 3074 361.
3665 3020 3836 3092 Apud

2189 3091 2458 3162 eumdem
2495 3108 2548 3162 p.
2575 3091 2982 3162 332,leguntur
3011 3092 3068 3144 in
3105 3092 3522 3162 imprecatione
3555 3091 3838 3146 marmori

421 3159 502 3216 dii
534 3159 657 3228 aevi,
708 3168 769 3216 ut
801 3159 856 3216 in
915 3163 1351 3232 Longobardica
1399 3161 1502 3216 illa
1531 3161 1754 3224 tabula,
1801 3179 1924 3232 quae
1973 3179 2068 3216 co-
2098 3161 2140 3228 C
2182 3161 2469 3230 Nepesino
2496 3159 2787 3231 inscripta
2816 3163 2934 3218 tunc
2967 3163 3139 3216 verba
3171 3159 3342 3217 {cum
3387 3164 3527 3218 Juda
3556 3169 3608 3217 et
3641 3162 3828 3232 Capha

417 3234 784 3304 ronationem
820 3237 977 3304 regis
1010 3234 1426 3302 Longobardici
1459 3234 1800 3290 exhibet.ab
1835 3233 2070 3288 Horatio

417 3305 634 3359 Blanco
665 3307 734 3358 ad
767 3303 1208 3358 Warnefridum
1242 3305 1624 3361 edita.Dill‘ert
1645 3307 1839 3360 clocca
1869 3323 1900 3358 a
1927 3306 2076 3358 colo-

415 3377 512 3430 bio
544 3393 612 3431 eo
646 3375 804 3446 quod
835 3377 933 3430 illa
952 3377 1272 3431 scissuram
1299 3379 1586 3431 modicam
1615 3377 1766 3430 inter
1783 3377 2072 3447 scapulas,

417 3455 518 3502 aut
546 3451 722 3502 etiam
770 3449 842 3501 ab
873 3449 1063 3502 antica
1095 3455 1152 3503 et
1189 3449 1410 3518 postica
1459 3451 1634 3502 simul
1691 3449 1947 3510 haberet,
2001 3451 2072 3500 ab

417 3519 522 3574 illo
557 3519 837 3574 foramine
862 3535 960 3589 per
980 3523 1129 3587 quod
1165 3527 1340 3590 caput
1361 3525 1736 3574 miserebatur
1771 3537 1882 3574 non
1921 3521 2074 3572 mul-

415 3597 549 3644 tum
583 3594 855 3646 dBOPsUlﬂ
899 3599 1360 3662 procurrentem,
1397 3592 1452 3644 in
1487 3591 1604 3644 imo
1637 3590 1822 3645 solida
1864 3610 1878 3658 ;
1914 3593 2072 3646 colo-

417 3663 588 3718 bium
617 3679 753 3718 vero
775 3663 1092 3718 scissuram
1121 3665 1192 3717 ab
1225 3663 1345 3718 ima
1375 3679 1475 3718 ora
1515 3677 1694 3732 super
1740 3663 1930 3718 medio
1963 3679 2070 3732 pe-

419 3739 584 3790 ctore
611 3737 680 3789 ad
703 3750 1006 3790 summum
1029 3751 1216 3806 usque
1240 3733 1450 3790 collare
1468 3733 1882 3789 ascendentem
1907 3733 2077 3806 habe-

419 3807 549 3870 bat,
580 3811 786 3862 caatera
833 3805 1434 3861 solidum.’Discimus
1467 3807 1536 3860 de
1585 3807 1808 3875 reliquo
1858 3821 1926 3860 ex
1973 3805 2072 3860 illo

418 3877 666 3933 Concitii
725 3878 1164 3948 Andegavensis
1231 3877 1465 3933 laudato
1522 3876 1670 3944 loco,
1733 3877 2073 3948 chlamydes

420 3950 616 4021 adhuc
663 3966 757 4004 xxv
803 3949 1015 4004 saeculo
1055 3949 1269 4021 gestari
1320 3950 1526 4004 solitas
1573 3948 1794 4021 fuisse}
1836 3949 2074 4021 itemex

418 4020 703 4091 imagine,
753 4022 803 4076 si
835 4019 1218 4090 quibus'eam
1269 4025 1532 4090 spectare
1577 4019 1731 4088 licet,
1765 4019 1826 4076 in
1875 4019 2073 4075 codice

417 4093 678 4162 quodam
711 4092 1160 4146 membranaceo
1185 4091 1551 4147 bibliothecae
1569 4091 1742 4160 huius
1771 4091 1931 4146 urbis
1964 4107 2070 4161 pu-

413 4163 608 4228 blicas,
643 4163 743 4234 qui
775 4165 1188 4233 complectitur
1216 4163 1449 4218 duobus
1478 4163 1801 4234 grandibus
1841 4163 1898 4216 in
1933 4163 2070 4218 folio

415 4235 825 4290 voluminibus
847 4234 1060 4290 Valerii
1089 4235 1316 4289 Maximi
1340 4235 1622 4290 Gallicam
1641 4235 2073 4304 interpretatio-

413 4323 554 4378 nem
591 4305 975 4374 pulcherrime
1024 4307 1309 4378 scriptam
1336 4313 1393 4362 et
1433 4322 1570 4361 auro
1602 4311 1774 4376 atque
1823 4305 2070 4378 picturis

409 4377 831 4434 illuminatam.
873 4377 1154 4448 Singulis
1185 4377 1346 4432 libris
1397 4378 1710 4449 praemissae
1764 4380 1900 4430 sunt
1948 4377 2070 4449 in:

415 4451 572 4522 gulae
619 4451 869 4520 grandes
899 4454 958 4504 et
985 4446 1414 4522 pulcherrimae
1447 4449 1754 4520 imagines,
1784 4463 1940 4522 quas
1971 4446 2068 4514 qui

415 4509 685 4576 intuetur
718 4537 832 4576 non
858 4509 1046 4589 potest
1077 4521 1308 4575 illorum
1336 4509 1912 4591 temporumqnibus
1943 4509 2072 4573 eaa-
2100 4509 2146 4572 Ι)

415 4599 581 4648 ratus
611 4594 720 4646 fuit
751 4593 1014 4658 codex,in
1051 4593 1342 4662 pingendo
1373 4593 1758 4647 subtilitatem
1790 4595 1846 4646 et
1875 4591 2068 4646 dexte-

419 4666 646 4721 ritatem
681 4682 796 4719 non
831 4664 1050 4718 mirari.

492 4737 608 4804 (50)
639 4735 818 4791 Credo
847 4733 1224 4802 κατακοίλιον,
1257 4735 1522 4800 venti-ale,
1559 4734 1738 4788 fuisse
1767 4734 1946 4789 vestis
1978 4751 2072 4800 ge-

421 4825 560 4874 nus,
593 4810 744 4878 quod
783 4815 982 4878 pectus
1015 4807 1219 4874 ambit,
1251 4807 1384 4860 etin
1417 4807 1560 4874 ipsis
1591 4806 1936 4876 inguinibus
1976 4807 2072 4860 de-

421 4881 582 4936 sinit.
619 4879 877 4933 Bruslntz
910 4881 993 4932 vel
1047 4879 1259 4931 Wambs
1321 4879 1488 4932 nobis
1537 4880 1779 4944 dielurn,
1831 4879 1902 4931 de
1954 4895 2068 4946 quo

421 4967 474 5006 ν.
539 4951 622 5006 Du
675 4953 866 5022 Gange
913 4968 966 5006 v.
1020 4949 1292 5014 Gnmbeso,
1354 4959 1421 5022 et
1467 4967 1592 5019 qum
1625 4951 1796 5022 _intra
1854 4951 1925 5004 de
1974 4949 2071 5004 di—

423 5023 618 5094 ploide
649 5019 880 5094 dicam;
925 5027 1024 5076 aut
1056 5021 1482 5094 l‘uitiventrale,
1519 5023 1568 5073 si
1616 5019 1896 5094 Salmasio
1945 5037 2070 5094 cree

421 5093 644 5156 dimus,
681 5095 788 5150 hac
820 5093 890 5147 de
933 5109 1070 5146 voce
1122 5093 1194 5147 ad
1223 5099 1342 5146 Scr.
1395 5093 1460 5146 H.
1511 5103 1654 5152 Aug.
1685 5099 1727 5146 ι.
1783 5093 1824 5152 l,
1861 5109 1912 5162 p.
1964 5093 2070 5146 670

419 5166 765 5236 disputanti,
813 5165 928 5219 lata
983 5165 1162 5219 fascia
1217 5164 1406 5218 ventri
1457 5165 1882 5234 prmcinsenda,
1932 5179 2066 5218 Cum

421 5237 668 5292 habenis
724 5237 1068 5291 astrictoriis
1128 5245 1179 5290 et
1229 5237 1410 5290 funda
1459 5236 1548 5290 vel
1611 5236 1908 5305 marsupio
1971 5253 2068 5304 pro

417 5311 808 5366 recondendis
829 5309 1344 5364 nummis.Grzecos
1365 5313 1584 5361 veteres
1607 5308 1664 5360 in
1697 5307 2071 5372 pronuntian-

418 5381 494 5436 do
547 5383 698 5436 inter
742 5399 770 5432 υ
822 5388 874 5434 et
925 5399 974 5432 οι
1006 5379 1320 5434 discrimen
1371 5396 1488 5433 non
1540 5379 1838 5440 statuisse.
1888 5395 1955 5433 ex
2003 5395 2070 5433 eo

413 5455 566 5508 satis
615 5461 874 5524 apparet,
929 5455 1080 5524 quod
1135 5467 1320 5520 neque
1384 5451 1588 5514 Graeci,
1622 5467 1828 5524 neque
1885 5451 2068 5504 Latini

415 5521 707 5596 librarii—y'
739 5529 795 5578 et
847 5521 1326 5596 aetiistinguunt,
1367 5523 1467 5576 sed
1504 5521 1689 5596 iambo
1743 5524 2070 5596 promiscue

419 5591 692 5652 habentf
723 5595 866 5651 Novi
925 5591 1406 5649 Grieci'néxulov
1485 5595 1682 5649 dicunt
1745 5591 1853 5662 pro
1933 5591 2070 5644 ὑπό-

417 5665 612 5723 κοιλον
675 5667 764 5723 vel
827 5662 1172 5734 ὑποκοίλιον,
1223 5669 1431 5720 venter.
1485 5665 1588 5720 Pro
1649 5663 1832 5720 Μυσία
1882 5663 2069 5719 Latini

421 5741 616 5800 Maesia
661 5740 954 5796 dixerunt.
1017 5739 1128 5794 Pro
1177 5735 1448 5797 οἷκειακός
1487 5736 1710 5807 yciacus
1757 5739 2072 5792 exararunt

423 5817 502 5884 (ν.
537 5817 620 5870 Du
653 5812 850 5883 Gange
877 5827 930 5868 ν.
966 5809 1332 5884 Calapanus),
1366 5813 1424 5866 et
1451 5823 1748 5880 yconomus
1777 5825 1880 5882 pro
1911 5807 2066 5862 οἷ’κο-

2180 3242 2230 3288 et
2265 3235 2442 3287 Pilato
2473 3235 2666 3288 habeat
2709 3238 3031 3303 portionem,
3064 3237 3196 3288 item
3235 3234 3610 3304 turpissimam
3657 3233 3823 3288 susti-

2181 3311 2310 3357 neat
2339 3313 2588 3368 mortem,
2617 3311 2678 3359 ut
2729 3306 2865 3376 cylo.
2900 3309 2996 3374 qui
3043 3322 3167 3359 suos
3215 3307 3454 3360 tradidit
3484 3307 3676 3374 socios,
3709 3321 3820 3360 non

2179 3378 2298 3444 ejus
2330 3377 2402 3430 sit
2447 3381 2736 3438 memoria,
2768 3379 2862 3430 sed
2892 3381 2950 3430 in
2981 3377 3148 3431 asello
3197 3389 3494 3432 retrorsum
3541 3379 3722 3432 sedeat
3773 3382 3822 3430 et

2179 3449 2412 3502 caudam
2469 3451 2526 3502 in
2587 3465 2754 3502 manu
2821 3454 3015 3504 teneat.
3077 3449 3442 3504 Constructio
3515 3451 3822 3504 verborum

2179 3520 2302 3573 bazc
2333 3527 2419 3574 est
2453 3536 2466 3573 :
2495 3529 2554 3573 ut
2583 3523 2700 3592 eius
2730 3522 2827 3592 qui
2857 3522 3024 3575 socios
3048 3521 3300 3588 tradidit,
3333 3521 3389 3574 id
3423 3527 3512 3592 est
3545 3521 3824 3592 prodidit,

2177 3593 2448 3662 memoria
2477 3607 2586 3646 non
2615 3591 2686 3646 sit
2715 3591 2778 3646 in
2807 3593 2948 3662 cylo,
2981 3592 3039 3646 id
3090 3597 3179 3646 est
3215 3593 3367 3648 cwlo.
3399 3591 3722 3648 Salmasius
3753 3594 3826 3646 ad

2177 3661 2445 3733 inscript.
2480 3663 2720 3719 Herodis
2767 3661 2941 3718 Attici
2975 3679 3029 3734 p.
3085 3664 3175 3726 44,
3211 3665 3360 3719 inter
3391 3663 3505 3720 alia
3535 3667 3638 3731 ait,
3691 3668 3826 3719 ante

2179 3733 2448 3789 inventas
2505 3751 2538 3788 ει
2581 3735 2884 3790 Simonide
2942 3733 3163 3791 litteras
3223 3736 3402 3790 scribi
3451 3735 3825 3790 consuevisee

2181 3805 2498 3880 ll_2}01KHE
2537 3823 2640 3877 pro
2690 3805 2867 3880 ψυχή.
2919 3807 3076 3880 Infra
3120 3807 3274 3876 apud
3323 3807 3717 3880 Nostrumest
3763 3821 3822 3876 p.

2179 3878 2284 3950 339
2363 3874 2714 3950 συνὲτᾱιχον’
2757 3874 2860 3950 pro
2926 3874 3236 3950 συνέτυχον,
3310 3883 3364 3931 et
3437 3876 3695 3950 vicissim

2179 3893 2284 3931 δδυ
2363 3895 2680 3950 συνετοιχον
2757 3893 2860 3948 pro
2926 3893 3108 3929 συνετυ
3159 3895 3236 3942 ον,
3310 3893 3364 3931 et
3437 3893 3695 3931 VlClBSlm
3765 3893 3822 3945 p.

2175 3945 2517 4024 2222;6me
2571 3964 2674 4024 pro
2714 3893 3206 4024 _:totx_ot_¢,_1:o?in
3275 3963 3378 4018 pro
3433 3943 3608 4024 πόλη,
3667 3965 3822 4024 φονι-

2177 4019 2367 4096 καςμὶρ
2394 4019 2498 4096 ῌε,
2533 4021 2630 4074 ubi
2664 4019 2886 4096 editum
2921 4019 3030 4096 fuit
3057 4019 3326 4096 φοίνικας,
3359 4035 3416 4090 p.
3459 4019 3574 4096 ιοι.

2251 4089 2366 4164 (51)
2419 4091 2544 4146 Mos
2575 4095 2716 4164 erat,
2760 4095 2826 4164 ut
2855 4089 3096 4164 senatus
3145 4106 3248 4164 pro
3293 4089 3498 4147 recens
3541 4093 3825 4146 honorato

2177 4163 2396 4231 collega
2449 4163 2684 4233 gratias
2761 4163 3104 4233 imperatori,
3148 4163 3378 4233 ageret,
3437 4167 3504 4219 ut
3571 4165 3738 4233 patet
3769 4175 3825 4233 _e

2177 4177 2396 4231 couega
2463 4177 2684 4232 gratias
2761 4177 3100 4231 imperatori
3161 4177 3378 4287 ageret,
3437 4177 3504 4219 ut
3578 4177 3738 4233 pater
3795 4177 3824 4216 θ

2175 4232 2496 4310 Themisth
2547 4233 2744 4310 μιξφο
2777 4232 3025 4310 ειΔεινὸνῌ
3063 4231 3154 4287 οὗν
3202 4233 3328 4310 -μῖοἶ
3377 4232 3674 4310 κατεφάνῃ,
3703 4231 3824 4310 μτήν

2179 4303 2274 4376 μὲν
2333 4300 2566 4376 βουλήν”
2587 4303 2742 4365 εὐθὺς
2785 4303 3152 4376 εἰσελθοῦσαν,
3191 4300 3348 4376 ἡνίκα
3397 4300 3560 4359 αὐτόν
3607 4300 3824 4376 ἀνεῖπεν

2175 4371 2204 4427 ὃ
2237 4371 2494 4447 βαάιλεῦς
2521 4377 2754 4448 (nempe
2803 4371 3148 4450 consulem),
3201 4371 3384 4432 δοῦναι
3431 4377 3498 4429 τε
3549 4373 3826 4448 πρέποντα

2181 4447 2539 4516 χαριστήρια.
3715 4493 3726 4504 ,

2228 4465 2539 4504 αοιστηρια.
3715 4493 3726 4504 ,

2181 4463 2539 4524 χαριστηρια.
3715 4493 3726 4504 ,

2251 4519 2363 4590 (52)
2417 4521 2538 4575 Mos
2586 4523 2712 4575 erat
2760 4519 3107 4587 Graecorum,
3151 4525 3212 4576 ut
3259 4535 3460 4576 recens
3509 4518 3824 4590 honoratus

2179 4589 2376 4646 statim
2411 4607 2444 4646 a
2493 4593 2852 4663 promotione
2899 4600 2957 4647 et
3001 4592 3348 4648 consistorio
3397 4591 3466 4646 ad
3517 4589 3820 4663 ecclesiam

2179 4661 2564 4734 aliquam,seu
2601 4663 2914 4733 palatinam
2945 4665 3030 4732 (ut
3057 4663 3421 4728 S.Demetrii,
3453 4663 3568 4717 vid.
3605 4661 3822 4731 p.135),

2180 4751 2282 4789 seu
2316 4739 2626 4804 urbanam,
2661 4743 2724 4789 ut
2755 4735 2812 4790 S.
2839 4737 3118 4805 SOphiam
3153 4743 3252 4790 aut
3281 4737 3822 4804 SS.Apos:olorum,

2182 4808 2628 4878 abiret,Deoque
2661 4809 2877 4878 gratias
2909 4825 3008 4876 pro
3043 4809 3268 4862 indulto
3304 4809 3520 4860 honore
3544 4811 3760 4878 ageret,
3793 4820 3826 4856 a

2182 4877 2650 4948 patriarcha’vel
2682 4880 2794 4934 alio
2827 4881 3078 4950 quodam
3128 4881 3422 4934 Sacerdote
3471 4877 3823 4930 benedictio-

2183 4967 2312 5002 nem
2345 4957 2399 5003 et
2431 4967 2656 5004 sacram
2693 4953 3163 5004 communionem
3200 4951 3576 5018 acciperet,et
3610 4963 3826 5001 munus

2180 5023 2436 5076 ecclesia»
2469 5021 2988 5076 donaret.Domum
3015 5023 3224 5076 deinde
3246 5027 3556 5075 abeuntem
3590 5021 3824 5088 collega:

2183 5093 2313 5145 novi
2348 5101 2404 5146 et
2427 5095 2741 5146 familiares
2761 5093 3190 5148 comitabantur
3220 5099 3276 5148 et
3298 5093 3828 5152 deducebantnlluc

2183 5165 2458 5219 afferebat
2482 5165 2695 5232 regium
2717 5165 2976 5234 diploma
2999 5165 3085 5218 vel
3113 5165 3416 5220 codicillos
3439 5165 3825 5226 silentiarius,

2180 5243 2237 5289 et
2267 5253 2470 5289 omnes
2501 5237 2924 5304 epulabantur;
2961 5237 3076 5290 vid.
3111 5237 3300 5291 Nostri
3341 5253 3395 5307 p.
3427 5237 3550 5298 135,
3583 5237 3824 5290 Cudren.

2181 5325 2237 5376 p.
2267 5307 2392 5370 612,
2427 5307 2691 5362 Valesius
2738 5309 2806 5362 ad
2860 5309 3052 5362 Amm.
3089 5308 3343 5362 Μία-0911.
3381 5325 3434 5376 ρ.
3488 5309 3614 5370 523,
3645 5313 3700 5360 et
3743 5309 3822 5358 Du

2181 5379 2368 5434 Canae
2401 5395 2450 5433 ν.
2503 5379 2801 5434 Patricius.
2838 5381 2950 5450 Ipsi
3003 5397 3234 5450 quoque
3283 5379 3530 5450 gentiles
3582 5377 3828 5434 Romani

2185 5453 2560 5520 magistratus
2593 5469 2734 5505 novo
2762 5451 2930 5505 macti
2968 5453 3186 5506 honore
3209 5453 3361 5506 ibam
3391 5453 3446 5504 in
3473 5451 3824 5521 Capitolium

2182 5522 2300 5575 Jovi
2332 5524 2549 5586 gratias
2599 5531 2792 5576 actum
2824 5541 2837 5588 ;
2875 5524 2983 5578 vnd.
3018 5526 3245 5576 Arrian.
3298 5523 3529 5578 dissert.
3584 5522 3824 5591 Epictet.

2185 5595 2398 5676 p.136.
2451 5595 2670 5676 '[Rjtus
2714 5596 3046 5676 precumﬂin
3101 5594 3534 5676 te_mp|o_s_upe_r
3586 5592 3828 5676 patricio

2183 5665 2588 5739 i_n_augu_rando
2617 5683 2688 5739 v.7
2709 5667 2915 5739 Georg.
2947 5665 3303 5739 Monachfp.
3325 5665 3829 5739 568,__Script.post

2183 5736 2529 5810 Theophan.
2563 5753 2620 5810 p.
2669 5738 2794 5810 239.
2823 5736 3056 5810 Patricii
3107 5737 3288 5810 Graeci
3321 5736 3594 5810 precibus
3623 5737 3830 5810 infe:

2183 5803 2366 5866 clesia
2389 5803 2746 5868 communiri
2796 5809 2971 5879 soliti,
3005 5809 3066 5864 S.
3099 5825 3178 5866 m.
3211 5803 3505 5879 Logbthet.
3537 5821 3596 5876 p.
3645 5803 3826 5876 ΠΜ·
