4104 6386
383 441 508 504 829

1006 445 1106 506 DE
1151 445 1605 510 CERIMONIIS
1649 448 1887 513 AULIE
1931 447 2026 510 ΒΥ

2148 448 2416 510 ΝΤΙΝιΕ
2460 453 2610 514 LIB.
2657 453 2704 512 Ι.
2753 487 2826 497 -
2871 454 3219 515 ΑΡΡΕΝΙ).

3687 452 3808 514 830

392 586 587 650 θρωπα
635 577 728 630 καὶ
785 580 916 632 ποῖα
965 576 1372 654 ὁλιγάνθρωπα,
1420 580 1512 635 καὶ
1559 581 1666 636 ἀπὸ
1725 583 1895 636 πόσου
1929 577 2034 635 δια-

2163 581 2448 654 modeque
2481 585 2852 657 permeahilis
2881 601 3250 656 ;magnusne
3280 585 3490 642 ﬂuvius
3523 601 3622 659 per
3653 585 3804 640 viam

394 665 674 738 στήματός
724 663 993 736 ἀλλήλων
1047 667 1172 735 εἰσί,
1233 668 1322 721 καὶ
1372 667 1594 724 ποδαπά
1634 671 1823 726 εἰσιτόι
1865 671 2047 745 χωρία

390 755 461 808 τὰ
516 755 888 828 παρακείμενα
955 755 1160 824 αὐτοῖς,
1223 757 1434 832 μεγάλα
1489 760 1522 828 ἤ
1599 761 1786 835 μικρὰ,
1847 760 1936 814 καὶ
1994 761 2042 813 οἱ

392 841 554 898 τόποι
617 843 821 917 ὁμαλοί
881 844 916 913 ἢ
975 844 1282 918 ἀνώμαλοι,
1343 848 1707 924 βοτανηφόροι
1761 850 1795 918 ἢ
1864 847 2041 922 ξηροί.

388 933 576 988 Ταῦτα
615 930 672 988 δὲ
729 934 922 1008 ἠρώτα
975 935 1064 989 διὰ
1109 937 1211 1004 τήν
1260 937 1452 1014 χρείαν
1497 943 1601 993 τῶν
1655 938 1861 994 ἳππων.
1915 937 2045 993 Εἶτα

387 1025 606 1097 ἠρώτα,
648 1030 810 1087 ποῖος
859 1024 991 1088 λαὸς
1040 1025 1361 1100 παράκειται
1416 1029 1442 1082 ό
1496 1025 1792 1103 δυνάμενος
1823 1031 2044 1104 βοηθεῖν

386 1122 512 1178 τοῖς
553 1117 809 1192 κάστροις
868 1116 1094 1180 ἐκείνοις
1149 1118 1199 1174 ἐν
1238 1125 1413 1195 καιρῷ
1466 1119 1739 1196 πολέμου,
1799 1123 1886 1178 καὶ
1936 1123 2042 1179 ἀπὸ

387 1206 568 1261 πόσου
626 1203 995 1281 διαστήματός
1060 1209 1190 1263 εἰσιν
1259 1211 1461 1279 αὐτῶν,
1519 1213 1609 1266 καὶ
1706 1213 1840 1269 πότε
1914 1212 2047 1268 εἷ’σῖν

392 1290 614 1368 ἕτοιμοι
672 1295 749 1358 εἷς
802 1293 1088 1366 ταξείδιον,
1156 1297 1244 1353 καὶ
1297 1300 1428 1355 πότε
1495 1298 1889 1376 διεσπαρμένοι
1955 1303 2046 1357 καὶ

395 1382 876 1456 ἐπαναπαυόμενοι
905 1385 980 1448 εἷς
1017 1387 1082 1442 τὰ
1116 1383 1228 1441 ἴδια
1256 1389 1346 1442 καὶ
1391 1390 1528 1463 πρὸς
1586 1389 1832 1463 πόλεμον
1869 1391 2045 1466 ἀσύμ-

387 1475 618 1551 φθαστοι
651 1477 750 1548 (7),
782 1475 873 1530 καὶ
931 1475 1005 1536 εἰς
1044 1476 1236 1540 ποίους
1286 1477 1490 1540 τόπους
1541 1477 1906 1553 ταξειδεύουσι
1954 1481 2045 1536 καὶ

389 1563 544 1619 πότε.
580 1564 615 1633 ἢ
668 1561 929 1620 οὐδεποτε
973 1563 1392 1635 ταξειδεύουσιν,
1445 1567 1572 1624 ἀλλ’
1618 1569 1704 1624 ἐπὶ
1753 1577 1854 1640 τῆς
1906 1569 2044 1634 ἷδίας

384 1653 581 1728 χώρας
616 1651 719 1707 εἰσί
775 1654 1050 1725 πάμποτε.
1083 1655 1162 1708 Τὰ
1193 1652 1248 1710 δὲ
1279 1655 1412 1710 αὐτὰ
1445 1658 1634 1731 ἡρώτα
1662 1660 1752 1713 καὶ
1786 1661 1908 1735 περί
1941 1659 2044 1716 ἄλ-

380 1764 496 1796 κων
542 1746 769 1821 χωρῶν,
819 1741 911 1798 ⁹ίνα
956 1744 1276 1818 ὡρισμένως
1321 1745 1514 1819 μηδεῖς
1556 1746 1720 1819 οἶδεν,
1763 1750 1837 1812 εἰς
1883 1751 2042 1806 ποίαν

386 1832 575 1906 χώραν
632 1831 897 1906 βούλεται
931 1831 1274 1904 ταξειδεύειν.
1336 1835 1614 1900 Πολλάκις
1644 1840 1746 1914 γὰρ
1787 1840 1892 1895 ὑπὸ
1936 1845 2043 1896 τῶν

2161 674 2554 745 occurrat,qui
2584 677 2800 730 vadum
2833 675 3054 730 nullum
3089 679 3338 745 praestet.
3365 681 3539 732 Porro
3572 675 3643 730 de
3672 675 3804 746 ipsa

2160 762 2258 818 illa
2303 764 2536 835 regione
2585 766 3006 832 sciscitabatur,
3060 771 3204 838 quot
3242 767 3481 822 haberet
3526 773 3717 822 castra
3749 773 3804 820 et

2161 865 2426 919 quaenam
2455 867 2652 906 eorum
2688 851 2914 906 munita
2959 851 3092 917 sint,
3127 867 3252 922 quas
3284 867 3488 918 secus;
3537 868 3662 921 quae.
3695 851 3802 906 fre-

2160 939 2402 1009 quentia
2432 940 2738 996 hominum
2771 940 3236 1011 abundent,qua
3267 947 3470 995 contra
3501 957 3664 996 raros
3695 957 3803 995 nu-

2159 1036 2382 1086 merent
2410 1030 2664 1098 incolas;
2699 1035 2988 1101 quantum
3037 1029 3274 1102 singula
3302 1047 3333 1084 a
3365 1046 3495 1086 sese
3545 1031 3801 1097 distent;

2158 1121 2449 1190 quomodo
2473 1119 2806 1191 adjacentes
2828 1120 2974 1192 ipsis
3007 1119 3261 1175 habeant
3281 1120 3547 1191 regiones
3569 1137 3584 1186 ;
3609 1122 3806 1175 sintne

2156 1215 2354 1275 vastae,
2387 1227 2459 1265 an
2493 1227 2679 1281 parva:
2707 1214 2763 1265 et
2792 1218 3140 1278 contractas;
3175 1209 3368 1265 solum
3400 1208 3803 1282 aequabile,“

2157 1298 2483 1370 inaequale;
2534 1299 2690 1354 ferax
2737 1299 3042 1370 graminis,
3087 1317 3160 1354 an
3212 1297 3408 1355 sterile
3456 1301 3512 1354 et
3559 1300 3801 1354 aridum.

2156 1388 2234 1458 (Id
2268 1393 2460 1444 autem
2492 1387 3123 1455 sciscitabatur,animo
3155 1389 3226 1443 ad
3268 1403 3451 1460 equos
3483 1403 3802 1458 eorumque

2156 1476 2440 1548 pabulum
2473 1477 2742 1548 intento.)
2777 1478 2949 1533 Porro
2981 1478 3394 1548 interrogabat,
3423 1477 3590 1548 quale
3621 1475 3806 1532 homi-

2157 1583 2296 1622 num
2330 1582 2512 1637 genus
2542 1566 2602 1622 in
2652 1567 2898 1622 istorum
2932 1572 3258 1623 castrorum
3303 1566 3514 1622 vicinia
3548 1567 3800 1638 degeret,

2155 1661 2212 1711 et
2242 1661 2525 1728 poterisne
2556 1656 2760 1712 castris
2811 1661 3072 1726 tempore
3101 1656 3237 1711 belli
3288 1672 3652 1722 succurrere,
3685 1661 3740 1711 et
3771 1671 3802 1712 e

2153 1751 2369 1818 quanta
2402 1745 2722 1812 distantia:
2757 1747 3128 1818 quandonam
3163 1746 3346 1815 parati
3377 1746 3447 1800 ad
3479 1745 3804 1816 expeditio-

2153 1851 2310 1903 nem,
2343 1839 2399 1892 et
2443 1835 2674 1906 quando
2725 1851 2756 1890 e
2804 1835 3096 1890 contrario
3139 1835 3400 1904 palantes
3441 1840 3496 1889 et
3545 1832 3800 1903 disjecti,

382 1920 655 1976 τοιούτων
693 1921 1018 1995 μηνυθέντες
1053 1924 1103 1978 οἱ
1128 1923 1358 1980 ἐναντίοι
1392 1926 1766 2004 ἠσφαλίσαντο
1805 1929 1870 1983 τὰ
1901 1927 2034 1999 ὶδια,

2153 1927 2394 1997 suisque
2435 1925 2628 1998 potius
2675 1926 2909 1980 sedibus
2954 1926 3300 1980 incubantes
3347 1929 3404 1979 et
3449 1925 3522 1978 ad
3570 1925 3788 1979 bellum

379 2008 416 2078 ἢ
448 2008 539 2064 καὶ
571 2011 710 2085 πρὸς
743 2011 1044 2087 παράταξιν
1080 2012 1527 2088 εύτρεπίσθησαν.
1561 2019 1742 2072 Ταῦτα
1775 2015 1832 2072 δὶ
1863 2020 2034 2074 πάντα

376 2099 662 2172 ἐρωτήσας
721 2102 812 2154 καὶ
874 2102 1082 2172 μαθὼν,
1130 2101 1412 2178 ἐπέτρεπεν
1499 2107 1688 2168 αὐτοῖς
1747 2105 2035 2185 ἐγγράφως

380 2185 568 2242 δοῦναι
603 2187 751 2260 αύτῷ
772 2189 838 2244 τὰ
861 2188 1116 2260 ἄπληκτα
1137 2194 1225 2246 καὶ
1261 2194 1326 2246 τὰ
1344 2191 1686 2266 διαστήματα
1725 2197 1922 2268 αὐτῶν,
1942 2199 2032 2254 καὶ

377 2276 554 2332 πόσου
581 2276 723 2332 λαοῦ
752 2279 894 2333 ἐστιν
921 2281 956 2349 ἡ
989 2280 1244 2356 χώρησις
1269 2282 1570 2339 αὐτῶν.Ἐκ
1593 2281 1648 2339 δὲ
1678 2287 1886 2340 τούτων
1907 2288 2038 2342 απα-

382 2370 492 2420 σῶν
523 2369 632 2420 τῶν
654 2365 994 2441 ἀποκρίσεων
1027 2369 1332 2442 μαθὸ›ν,ὅτι
1356 2369 1637 2435 ἀκίνδυνος
1660 2372 1802 2429 ἐστιν
1824 2383 1858 2445 ἡ
1885 2377 2033 2448 ὁδὸς,

375 2455 466 2510 καὶ
528 2454 612 2510 ὅτι
668 2453 868 2528 δυνατή
904 2456 1044 2512 ἐστιν
1087 2461 1121 2527 ἡ
1184 2454 1402 2522 ἔκϐασις
1456 2468 1552 2516 τοῦ
1605 2461 1894 2533 ταξειδίου,
1945 2469 2031 2523 καὶ

388 2545 474 2600 ὅτι
524 2542 734 2616 ἔνδοξον
767 2542 882 2601 ἐστι
922 2547 987 2601 τὺ
1035 2546 1301 2620 ταξείδιον
1358 2550 1447 2605 καὶ
1510 2553 1782 2625 βασιλέως
1828 2575 2034 2629 παρου-

383 2634 501 2694 σίας
548 2633 718 2704 ἄξιον,
768 2635 856 2689 καὶ
892 2635 975 2690 ’ὀτι
1026 2639 1346 2713 συμμαχίαν
1407 2641 1434 2695 ὁ
1466 2638 1632 2703 τόπος
1679 2644 1742 2697 οὐ
1794 2640 2035 2718 δέχεται,

389 2723 427 2791 ἢ
459 2720 668 2797 δέχεται
705 2725 821 2796 μὲν,
864 2726 1001 2781 κατᾶ
1033 2725 1094 2782 δὲ
1121 2728 1211 2782 τὸν
1249 2730 1435 2804 καιρὸν
1465 2735 1656 2786 τοῦτον
1689 2731 1750 2786 ού
1794 2730 2033 2808 δέχεται,

396 2811 516 2872 καθ’
547 2810 601 2864 δν
640 2812 896 2882 μέλλουσι
956 2814 1296 2886 ταξειδεύειε,
1351 2819 1549 2880 αὐτοὺς
1585 2821 1680 2892 μὲν
1707 2820 1833 2883 τοὺς
1868 2827 2034 2878 ταῦτα

403 2896 742 2966 διδάσκοντας
816 2905 935 2982 εἶχε
993 2909 1112 2980 μεθ’
1185 2907 1378 2964 ἑαυτοῦ
1460 2911 2038 2984 ἑπαναμιμνιξσκοντας

390 2989 480 3043 καί
515 2987 853 3055 διδάσκοντας
898 2995 966 3050 τὰ
1026 2997 1306 3052 λείποντα⁶
1366 2995 1774 3074 ἐπελαμϐάνετο
1834 3000 1890 3057 δὲ
1937 3011 2036 3074 τῆς

382 3078 670 3155 φρόντίδος
723 3088 821 3138 τοῦ
875 3083 1173 3155 ταξειδίυυ,
1231 3089 1320 3142 καὶ
1380 3093 1573 3164 πρῶτα
1633 3092 1727 3164 μὲν
1779 3093 2039 3168 ἐπέτρεπε

379 3173 499 3231 τοῖς
544 3179 867 3249 στρατηγοῖς
918 3174 1190 3250 κεφάλαια
1249 3181 1436 3234 ταῦτα·
1498 3185 1714 3256 πρῶτον
1767 3182 1862 3255 μὲν
1930 3182 2034 3255 ἆμ-

377 3261 567 3334 φιᾶσαι
627 3260 719 3314 καὶ
787 3261 1187 3336 ἀσφαλίσασθαι
1249 3266 1318 3321 τὰ
1353 3266 1577 3344 κάστρα·
1633 3267 1880 3346 δεύτερον
1951 3269 2009 3327 δὲ

363 3345 671 3426 ἐπιστῆφαι
729 3347 929 3425 ἄνδρας
978 3351 1324 3423 ἐπιτηδείους
1385 3357 1460 3419 εἷς
1505 3359 1605 3428 τήν
1647 3345 1860 3435 χῶραν,
1921 3359 2036 3429 ἵνα,

397 3435 415 3488 ἰ
472 3433 664 3511 συμϐῇ
709 3435 887 3502 ἐλθεῖν
941 3441 1078 3496 κατᾶ
1134 3445 1234 3512 τήν
1291 3445 1480 3520 χώραν
1550 3433 1804 3522 ἐχθρούς,
1858 3449 2035 3518 αὐτοὶ,

364 3523 785 3596 ἐκσπηλεύσωσι
835 3530 914 3602 (8)
975 3529 1073 3586 τὸν
1128 3531 1259 3588 λαὸν
1307 3535 1397 3589 καὶ
1453 3534 1756 3611 ἀπάγουσιν
1837 3537 1914 3600 εἷς
1970 3539 2037 3594 τὰ

364 3614 732 3689 ὀχυρώματω
764 3616 976 3690 τρίτον,
1011 3618 1280 3698 ἆμφιᾶσαι
1308 3622 1402 3678 τὸν
1450 3625 1676 3697 στρατὸν
1721 3627 1788 3681 τὰ
1846 3624 2036 3683 δέοντα

364 3704 458 3757 καὶ
528 3701 730 3760 δυσατὰ
788 3708 912 3782 περὶ
983 3729 1040 3764 τε
1118 3709 1264 3766 ὅπλα
1329 3712 1422 3767 καὶ
1473 3713 1700 3777 ἵππους·
1762 3717 2032 3790 τέταριον,

368 3793 768 3870 ἀσφαλίσασθαι
823 3799 919 3860 τὰς
972 3799 1174 3874 βίγλας
1209 3807 1306 3857 τοῦ
1365 3802 1691 3875 σπουδάζειν
1743 3806 2028 3879 μανθάνειν

368 3883 437 3936 τὰ
466 3888 575 3938 τῶν
629 3884 841 3961 ἐχθρῶν
893 3886 981 3941 καὶ
1015 3887 1296 3966 ἀναφέρειν
1339 3892 1491 3949 αύτάο
1529 3896 1801 3968 πέμπτον,
1845 3896 2030 3974 εὐτρε-

369 3973 619 4059 πίζεσθαι
677 3974 768 4029 καὶ
810 3976 945 4050 πρὸς
1013 3979 1274 4056 γεφύρας,
1308 3979 1430 4046 ἔνθα
1478 3985 1505 4038 ὁ
1565 3987 1790 4059 στρατὸς
1838 3973 2030 4059 μὲλλει

368 4056 799 4135 διαϐιϐάξεσθαι,
849 4065 938 4119 καὶ
1007 4065 1130 4123 ἔνθα
1184 4069 1354 4144 πόρον
1413 4056 1714 4148 ὁποταμὸς
1747 4056 1847 4130 οὐκ
1886 4069 2024 4149 ἔχει’

364 4146 551 4219 ἕκτον,
599 4150 1006 4228 παραγγέλλειν
1061 4162 1178 4218 τοῖς
1237 4159 1552 4224 πολιτικοῖς
1619 4164 1906 4242 ἄρχουσιν,
1941 4162 2032 4219 ’ίνα

362 4239 496 4303 τοὺς
551 4239 927 4314 ἀπομένοντας
977 4250 1084 4300 τῶν
1120 4255 1470 4322 στρατιωτῶν
1499 4239 1863 4327 καταϐάγειαν
1923 4255 2020 4325 (9),

361 4325 470 4389 ἔως
537 4329 680 4392 τινὸς
734 4332 830 4403 μὲν
885 4334 1088 4408 χρόνου
1138 4335 1437 4394 ἐλαύνωσιν
1499 4339 1576 4403 εἰς
1625 4341 1688 4396 τὸ
1727 4325 2026 4412 Ἵταξείδιον,

365 4419 505 4492 μετὰ
539 4414 596 4473 δὲ
627 4421 690 4475 τὸ
739 4417 1041 4478 ἀποϐαλεῖν
1085 4427 1198 4499 (10)
1228 4427 1318 4482 τὸν
1383 4428 1512 4484 λαὸν
1564 4428 1658 4485 ἵνα
1713 4431 2026 4505 κρύπτωσιν

2017 3317 2031 3342 ’
2066 3311 2109 3378 C

2147 2014 2300 2069 coire
2331 2030 2580 2084 segnes;
2615 2013 2856 2069 ubiuam
2890 2013 3150 2068 locorum
3196 2012 3490 2068 conﬂuere
3522 2010 3799 2067 bellaturi

2147 2113 2350 2174 etquo
2403 2112 2662 2174 tempore
2693 2102 2960 2171 soleant;
2995 2105 3096 2157 aut
3143 2117 3546 2173 numquamne
3594 2104 3802 2170 parent

2147 2193 2598 2262 expeditionem,
2659 2193 2883 2262 ejurato
2943 2191 3114 2260 bello,
3167 2207 3400 2262 semper
3446 2190 3793 2246 inhaerentes

2150 2283 2438 2338 territorio
2473 2283 2737 2337 suo.Haec
2767 2283 2896 2352 ipsa
2926 2282 3126 2336 eodem
3167 2285 3426 2351 tempore
3459 2296 3692 2352 quoque
3723 2280 3794 2334 de

2149 2369 2280 2426 aliis
2312 2371 2650 2442 regionibus
2682 2370 3115 2438 sciscitabatur,
3152 2386 3222 2424 ne
3251 2369 3380 2440 quis
3423 2367 3796 2438 intelligeret.

2149 2461 2207 2516 in
2233 2477 2410 2531 quam
2434 2461 2670 2530 prmcise
2694 2461 2988 2532 regionem
3014 2476 3176 2514 arma
3195 2459 3541 2515 decrevisset
3563 2458 3796 2514 inferre.

2145 2550 2304 2620 Saepe
2335 2549 2486 2605 enim
2502 2549 2836 2618 cOntigit,ut
2857 2566 2890 2604 a
2911 2549 3130 2604 talibus
3159 2547 3502 2603 hominibus
3535 2548 3592 2601 in
3609 2547 3801 2604 consi-

2148 2637 2288 2693 lium
2321 2637 2600 2694 adhibitis
2631 2638 2918 2693 admoniti
2951 2637 3148 2693 hostes
3180 2653 3298 2691 sua:
3329 2637 3623 2691 securitati
3659 2652 3796 2705 pro-

2147 2729 2439 2797 spexerint
2454 2729 2578 2782 loca
2592 2743 2693 2782 sua
2707 2727 3356 2794 communiendo,autet
3371 2725 3492 2781 acie
3508 2724 3799 2781 instructa

2148 2818 2217 2873 ad
2250 2816 2586 2874 conﬂictum
2621 2832 2746 2872 sese
2776 2814 3261 2886 comparaverint.
3295 2819 3427 2870 Haec
3458 2815 3662 2870 omnia
3687 2814 3796 2868 sci-

2146 2907 2386 2961 scitatus
2419 2910 2481 2961 ut
2512 2910 2810 2978 cognorat,
2843 2905 3162 2960 mandabat
3191 2903 3287 2971 iis,
3316 2908 3378 2958 ut
3409 2903 3625 2975 scripto
3657 2919 3796 2958 con-

2148 2993 2376 3065 signata
2433 2993 2544 3049 sibi
2583 2992 2920 3048 exhiberent
2977 2993 3221 3046 nomina
3271 2990 3644 3046 mansionum
3696 3007 3794 3045 ca-

2147 3084 2548 3148 strensium,el
2571 3088 2790 3155 quanto
2821 3080 3124 3137 intervallo
3151 3097 3270 3136 una
3291 3081 3470 3136 distet
3493 3081 3565 3136 ab
3590 3081 3796 3144 altera,

2147 3178 2205 3230 et
2235 3182 2511 3245 quantam
2545 3173 2850 3228 hominum
2882 3171 3073 3241 capiat
3104 3171 3566 3227 multitudinem.
3592 3172 3672 3226 Ex
3704 3170 3792 3226 his

2148 3263 2421 3320 omnibus
2453 3261 2936 3335 responsionibus
2986 3260 3036 3316 si
3082 3259 3483 3329 intellexisset,
3533 3259 3793 3332 periculo

2149 3370 2343 3410 carere
2373 3355 2525 3409 viam
2577 3352 2957 3424 propositam,
2988 3354 3044 3405 et
3073 3350 3243 3406 educi
3274 3348 3579 3405 commode
3632 3365 3794 3420 posse

2151 3443 2511 3509 militiam,et
2541 3441 2857 3515 gloriosam
2892 3441 3009 3496 fore
3033 3439 3204 3496 ﬁnem
3227 3440 3352 3510 ejus
3383 3438 3790 3510 expeditionis,

2145 3534 2456 3606 ipsamque
2485 3532 2723 3604 dignam
2757 3529 3007 3596 esse,cui
3039 3530 3164 3600 ipse
3196 3530 3510 3599 imperator
3538 3527 3794 3598 intersit,

2145 3623 2481 3695 locumque,
2515 3638 2684 3693 quem
2719 3621 2992 3676 invadere
3023 3619 3199 3674 armis
3231 3617 3655 3681 constituisset,
3678 3633 3793 3672 non

2145 3713 2453 3770 admittere
2487 3711 2700 3767 auxilia
2729 3708 3229 3774 sociorum,aut,si
3257 3707 3531 3763 admittat
3560 3698 3795 3761 habeat-

2145 3821 2256 3876 que
2287 3820 2447 3872 spem
2498 3801 2611 3856 sibi
2643 3815 2989 3856 succursum
3027 3798 3116 3865 iri,
3150 3812 3216 3853 eo
3267 3803 3462 3851 tamen
3509 3800 3790 3864 tempore,

2144 3911 2259 3968 quo
2309 3892 2696 3957 invaderetur,
2731 3888 2948 3944 auxilia
2974 3892 3032 3942 et
3079 3885 3477 3942 defensionem
3529 3884 3790 3954 accipere

2143 4001 2258 4040 non
2291 3997 2498 4054 posse:
2526 3977 2810 4034 retinebat
2829 3993 3028 4032 secum
3063 3973 3193 4030 illos
3215 3974 3546 4042 homines,a
3576 3973 3792 4044 quibus

2140 4091 2210 4129 ea
2257 4071 2455 4127 omnia
2499 4069 2806 4132 didicerat,
2838 4066 3074 4137 singula
3121 4063 3414 4119 dictorum
3463 4069 3790 4134 opportuno

2139 4167 2403 4232 tempore
2459 4159 2516 4212 in
2575 4155 2916 4212 memoriam
2969 4152 3080 4225 ipsi
3132 4158 3526 4221 revocaturos,
3572 4156 3630 4206 et
3676 4151 3792 4206 alia

2140 4267 2286 4308 nova
2318 4253 2590 4320 praeterea
2623 4245 2885 4301 nondum
2925 4243 3142 4298 tradita
3173 4243 3494 4298 identidem
3545 4241 3790 4296 demon-

2138 4343 2447 4396 straturos.
2479 4337 2549 4391 Et
2579 4335 2664 4391 sic
2713 4332 3071 4404 suscipiebat
3114 4349 3316 4388 curam
3365 4329 3784 4403 expeditionis;

2139 4427 2576 4498 mandabatque
2599 4423 2852 4479 militum
2874 4421 3171 4494 magistris
3190 4423 3316 4478 haec
3335 4419 3626 4493 precipua
3642 4418 3789 4490 ipsis

1398 4556 1602 4613 JOAN.
1661 4557 1804 4614 JAC.
1855 4557 2113 4614 REISKII
2150 4549 2745 4613 COMMENTARIUS.

439 4673 518 4756 (7)
549 4672 596 4756 _I_.
630 4673 777 4756 e.__o_6
810 4677 1239 4756 συμφθάνοντες,
1271 4697 1383 4736 non
1420 4685 1836 4756 convenientes.
1870 4684 2030 4756 Saepe

2148 4696 2437 4739 sacrarum
2470 4678 2749 4756 praetextu
2773 4675 2888 4730 otio
2920 4677 3216 4756 torperent
3237 4679 3290 4729 et
3323 4671 3540 4756 scelera
3571 4669 3787 4756 qqaavis

366 4744 792 4827 adiectivajlla
824 4744 1243 4827 terminatione
1273 4754 1508 4827 passiva
1540 4744 2028 4827 signiﬁcationem

369 4817 624 4902 activam
659 4817 911 4902 habent1
938 4828 1006 4902 ut
1030 4817 1382 4902 apudDiog.
1418 4817 1694 4902 Laert7p.
1727 4827 2036 4902 ξ3θ,ῥεῦμα

372 4883 823 4972 δενᾷρόθρεπτον,
871 4883 1081 4972 ﬂuvius
1121 4883 2030 4972 arlgorefnutriens}dccbvnth,

371 4959 698 5040 mea}.st
749 4959 966 5040 emat,
1030 4984 1118 5040 ap.
1166 4968 1531 5040 _SOphoclem
1584 4971 1722 5025 OEd.
1768 4959 1908 5027 'Col.
1975 4959 2027 5026 vi

373 5031 557 5114 1?:47;
611 5031 860 5105 μεμπτός
912 5034 1028 5114 εἰμι
1067 5031 1460 5114 ’ὴαὺθίὶἀθω
1511 5041 1722 5098 Trach.
1775 5043 1880 5096 453
1929 5060 2032 5114 pro

378 5102 696 5182 pégpoyac,
731 5123 947 5182 accuso,
967 5102 1226 5182 increpo,
1258 5112 1525 5182 vitupero.

451 5175 531 5244 (8)
565 5176 604 5230 Ι.
639 5193 688 5232 e.
731 5175 1003 5246 expilent,
1037 5175 1148 5245 vel,
1191 5182 1237 5236 si
1263 5253 1267 5254 ν
1293 5175 1496 5250 mavis,
1548 5185 1854 5254 expellant,
1908 5185 1945 5240 i.
1979 5201 2030 5240 e.

373 5261 448 5300 ex
467 5263 581 5327 uno
605 5257 730 5327 loco
751 5255 1030 5327 egpulso‘s
1049 5253 1406 5327 compellant
1428 5256 1483 5309 in
1503 5253 1688 5310 alium
1713 5276 1728 5324 ;
1754 5258 2032 5327 quemad-

375 5323 619 5402 modum
647 5317 1038 5402 ⁹εξπελλευτηνςς
1071 5331 1159 5380 est
1187 5317 1277 5380 vel
1306 5329 1588 5402 expt'rlator
1616 5317 1726 5382 vel'
1752 5317 2030 5402 εξεριιιςςον,

373 5391 758 5470 qui__debitos
794 5395 935 5470 lich
983 5411 1192 5470 census
1239 5391 1568 5470 expellit,i.
1603 5416 1652 5455 e.
1705 5391 1905 5470 exigit,
1935 5391 2035 5454 aut

370 5461 750 5536 expilat,cum
780 5465 1107 5536 pulvisculo
1130 5461 1388 5524 corrndit
1413 5461 1556 5525 etin
1589 5461 1835 5526 succurri
1859 5461 2033 5526 suum

370 5535 848 5610 compelliyavid.
891 5538 995 5592 llC.
1029 5555 1086 5610 νἶ
1120 5537 1539 5610 Ἔξπελλευτής.

447 5604 526 5676 (9)
559 5613 638 5662 Kx
670 5607 765 5662 his
817 5609 1006 5664 verbis
1038 5604 1219 5666 alium
1255 5604 1494 5667 sensum
1546 5614 1866 5669 extundere
1917 5630 2029 5668 non

371 5677 538 5752 potui
572 5685 783 5752 praeter
812 5696 962 5748 eum,
996 5698 1168 5752 quem
1205 5684 1260 5737 in
1297 5683 1519 5740 Latinis
1551 5687 1703 5740 dedi.
1737 5685 2029 5741 Conf.DC.

370 5746 728 5828 G_loss.'Lat.
763 5766 816 5803 ν.
859 5746 1060 5828 Vaga},
1093 5755 1191 5828 ubi
1226 5772 1393 5828 vagus
1424 5757 1634 5828 dicitur
1662 5773 1847 5811 servus
1875 5757 2032 5827 fugi-

371 5823 539 5890 tivus,
587 5835 857 5894 nequam.
909 5823 1079 5882 Tales
1126 5823 1310 5898 plani,
1343 5827 1443 5899 qui
1493 5823 2028 5900 peregrinationum

2141 4743 2496 4817 exercerent,
2533 4749 2725 4817 medio
2773 4763 2891 4803 {evo
2922 4743 3094 4817 erant
3120 4743 3565 4816 quamplurimi.
3622 4743 3788 4817 Forte

2138 4825 2251 4897 leg.
2307 4829 2397 4881 est
2426 4813 2872 4897 xir_a§ayg5_sza2.
2924 4813 3178 4897 Βαγεύεῖν
3225 4813 3528 4897 ϐείοῐιονξε
3571 4813 3786 4897 Οςφοίε

2137 4880 2358 4967 vagari,
2400 4911 2457 4949 ν.
2511 4893 2619 4948 DC.
2651 4880 2757 4947 'Gl.
2808 4890 2906 4946 Gr.
2941 4880 3028 4946 h.'
3065 4905 3142 4967 v.,
3191 4880 3580 4967 καταϐαγεύειν
3612 4885 3784 4967 ‘idern

2138 4957 2456 5033 novtat,’sed
2505 4970 2699 5034 potest
2737 4977 2970 5034 quoque
3019 4966 3224 5034 notare
3253 4957 3436 5034 unm
3465 4960 3565 5034 vel
3602 4957 3788 5026 facere

2138 5027 2356 5109 vagari,
2387 5049 2438 5091 et
2487 5027 2771 5109 suprap:
2800 5033 2906 5087 253
2954 5032 3310 5109 hanbeba‘mus
3355 5027 3652 5109 εἰρηνεύειν
3684 5043 3784 5109 pro

2137 5097 2450 5182 paciﬁcare.
2487 5097 2732 5182 Proprie
2752 5110 2837 5159 est
2873 5097 3260 5182 καταϐαγεύειν
3290 5097 3416 5158 ευδέ
3457 5097 3783 5174 vagationis

2139 5177 2328 5237 totum
2388 5178 2639 5234 stadium
2702 5177 3026 5242 decurrere,
3085 5177 3252 5232 t’inire
3318 5189 3530 5245 vagum
3610 5188 3783 5245 suum

2141 5255 2362 5324 absque
2393 5249 2590 5324 regula
2614 5252 2679 5324 _e_t
2726 5252 3218 5324 rectorercursum
3248 5265 3262 5324 ξ
3312 5244 3455 5324 κατᾷ
3488 5247 3544 5300 in
3578 5244 3787 5324 talibus

2141 5315 2580 5390 compositionis
2611 5320 2767 5375 idem
2818 5323 2999 5386 notat,
3043 5320 3199 5390 quod
3227 5318 3291 5373 de
3336 5320 3675 5374 Latinorum
3724 5315 3784 5370 in

2137 5398 2423 5460 desaevire,
2455 5393 2793 5462 deﬂagrata.

2212 5469 2323 5538 (10)
2355 5456 2577 5538 Dicitur
2606 5456 2965 5538 expassum,
3007 5463 3105 5533 qui
3135 5461 3528 5538 in__hosti_cu_m
3550 5460 3790 5538 ‘irrum-f

2143 5533 2245 5610 pit,
2295 5533 2611 5609 praesertim
2645 5535 2695 5590 si
2743 5534 3240 5610 Constantinopoli
3290 5535 3366 5610 sit
3399 5533 3641 5610 inferius
3685 5536 3788 5610 aut

2139 5599 2343 5666 verst
2395 5613 2663 5663 austrum
2722 5606 2933 5672 situm;
2969 5615 3028 5660 ut
3088 5599 3290 5661 contra
3338 5599 3660 5658 ἀναϐάλλειν
3711 5603 3784 5656 de

2142 5683 2257 5736 illis
2308 5682 2541 5742 dicitur,
2596 5679 2694 5750 qui
2727 5693 2758 5732 e
2789 5678 3126 5750 regionibus
3169 5677 3530 5750 australibus
3583 5688 3784 5750 versus

2140 5753 2307 5808 CPlin
2358 5748 2649 5808 hostiliter
2696 5749 3096 5812 contendunt;
3129 5748 3246 5802 vid.
3297 5748 3466 5802 Goar.
3518 5749 3576 5800 et
3616 5748 3783 5797 Com-

2141 5825 2306 5882 betis.
2342 5825 2413 5880 ad
2465 5821 2724 5894 Theoph.
2770 5837 2824 5892 p.
2873 5820 2999 5876 294.
3050 5820 3401 5890 Frequenter
3451 5817 3562 5872 hoc
3605 5813 3780 5868 verbo
