4104 6372
321 400 438 460 843
1382 399 1920 462 CONS'I‘ANTINI
1962 401 2653 466 PORPHYROGENITI
3608 410 3724 470 844

320 565 538 620 nasque
586 555 642 604 et
684 547 1045 604 multitudem
1085 550 1398 606 invalidam
1435 553 1941 622 jumentorumqul

2100 533 2319 598 ›ύλςικας
2352 535 2688 607 ἐνήλλαττον
2725 537 2811 593 διὰ
2842 540 2931 594 τὸν
2965 539 3221 598 πλεῖστον
3271 543 3461 598 κόπον.
3506 542 3582 600 Οὐ
3622 544 3721 618 γὰρ

317 637 606 710 quidquid
639 638 707 693 ad
730 637 1218 696 claudicationem
1243 641 1557 696 deductum
1585 647 1684 696 aut
1712 640 1932 698 vulneri

2104 627 2176 696 ’ἠν
2245 625 2449 681 εὐθεῖαν
2504 627 2861 701 περιεπάτουν
2920 629 3093 704 αὐτοὶ,
3151 630 3299 686 ἀλλᾶ
3357 632 3455 701 τήν
3514 651 3725 707 τραχυ-

314 726 424 782 bus
459 729 791 783 confectum
813 736 981 783 esset.
1017 727 1118 784 His
1149 729 1487 800 imponebat
1509 738 1682 801 caput
1705 729 1790 785 vel
1814 729 1935 801 capi

2109 718 2230 794 ἐραν
2285 719 2373 772 καὶ
2439 715 2834 774 δυσεπίὸατον’
2889 718 3030 774 οὕτω
3107 717 3165 776 δὲ
3235 721 3570 795 κινούμενοι,
3628 721 3726 787 τὰς

314 821 553 871 taneum
584 818 1332 890 autducem,exiguamque
1365 819 1617 874 addebat
1651 819 1935 874 militaren

2106 811 2267 872 ύκτας
2325 810 2863 885 περιχαρακωθέντις
2947 813 3035 866 καὶ
3117 814 3217 880 τήν
3305 811 3484 884 ἄλλην
3549 813 3722 892 ἀσφά-

315 920 582 970 manum,
607 904 970 976 jubebatque
1013 923 1111 961 eos
1151 907 1210 961 in
1245 907 1498 961 vicinam
1542 923 1669 962 sese
1710 909 1936 979 reciperi

2104 921 2222 954 .Etav
2299 899 2621 968 ποιήσαντες
2707 895 2796 953 διὰ
2882 898 3010 962 τοὺς
3095 899 3566 976 νυκτοπολέμους,
3631 901 3725 957 ἀν-

316 994 491 1049 castri
523 993 772 1064 alicujus
803 994 1140 1049 munitioris
1162 998 1219 1050 et
1249 996 1318 1050 ad
1354 995 1518 1050 illum
1557 997 1966 1067 propioristra-
2072 989 2358 1045 επαῦοντο.

315 1088 486 1149 ctum,
538 1099 568 1138 e
618 1100 734 1156 quo
784 1084 1172 1141 descensurus
1220 1085 1281 1140 in
1330 1085 1622 1142 hosticum
1671 1091 1796 1141 erat
1843 1087 2150 1142 exercitus.
2205 1081 2426 1138 Deinde
2474 1079 2792 1152 deputabat
2857 1079 3103 1138 selectos
3151 1081 3546 1138 ethematibus
3609 1099 3736 1138 ma-

313 1173 570 1246 nipulos,
620 1174 827 1245 partim
869 1191 1254 1245 praecessuros
1295 1177 1577 1232 fossatum
1627 1193 1726 1233 seu
1771 1178 2088 1233 exercitum
2142 1173 2525 1240 hostiumque
2571 1170 2829 1227 subitum
2890 1171 3168 1228 insultum
3219 1190 3550 1241 eversuros,
3603 1190 3732 1244 par-

312 1264 418 1319 tim
494 1265 913 1322 subsecuturos
972 1265 1148 1335 alios;
1209 1283 1352 1338 quos
1400 1278 1728 1339 postremos
1794 1266 2212 1340 notophylacas
2271 1280 2374 1319 seu
2442 1263 2720 1318 custodes
2783 1264 3029 1334 tergoris
3083 1265 3375 1337 appellare
3437 1282 3566 1322 mos
3625 1273 3731 1323 est.

310 1352 528 1410 Horum
579 1356 1036 1426 tergicustodum
1088 1362 1212 1412 erat
1269 1373 1368 1413 eos
1429 1358 1644 1424 venari,
1704 1359 1801 1428 qui
1857 1363 1959 1413 aut
2016 1355 2284 1412 imbelles
2344 1357 2448 1408 aut
2505 1367 2713 1424 segnes
2772 1362 2958 1408 castra
3016 1371 3131 1409 non
3192 1360 3622 1411 assectarentur
3677 1360 3736 1412 et

310 1444 492 1500 aciem
535 1445 886 1502 desererent.
930 1445 1039 1500 Alii
1086 1446 1156 1501 ab
1212 1450 1460 1517 utroque
1520 1447 1696 1502 latere
1755 1447 2188 1503 comitabantur
2258 1445 2586 1498 moventem
2649 1443 2993 1510 exercitum,
3059 1460 3205 1516 quos
3274 1443 3734 1518 plagiOphylicas

310 1549 413 1589 seu
459 1533 708 1591 laterum
749 1535 1022 1591 custodes
1073 1535 1466 1608 appellabant.
1527 1540 1742 1593 Horum
1795 1541 1918 1592 erat
1964 1536 2266 1592 observare
2321 1538 2492 1603 atque
2538 1547 2818 1601 coercere,
2870 1534 3034 1605 siqu
3085 1535 3155 1589 ad
3208 1533 3433 1590 hostem
3465 1538 3732 1593 transfu-

310 1639 441 1693 gere
473 1624 836 1681 molirentur.
871 1625 1086 1682 Omnes
1118 1632 1311 1682 auetm
1345 1627 1428 1695 hi,
1471 1633 1591 1682 tam
1625 1643 2032 1698 praacursores,
2063 1640 2234 1697 quam
2267 1625 2689 1695 sbusequentes
2743 1628 2798 1678 et
2826 1641 2860 1679 a
2890 1622 3170 1680 lateribus
3203 1627 3569 1694 comitantes,
3603 1631 3730 1684 tan-

309 1717 436 1768 tum
488 1715 785 1769 distabant
815 1732 844 1770 a
879 1715 1116 1778 fossato.
1161 1720 1221 1771 ut
1269 1732 1590 1788 numquam
1637 1717 1759 1773 suis
1808 1723 1970 1773 extra
2019 1722 2393 1785 conspectum
2435 1716 2661 1778 essent;
2708 1712 2882 1784 idque
2920 1713 3136 1784 duplici
3185 1715 3432 1781 ratione,
3474 1733 3546 1772 ne
3578 1717 3733 1773 scili-

308 1807 398 1857 cet
437 1803 549 1874 ipsi
589 1801 845 1859 hostium
881 1810 1146 1877 paterent
1185 1805 1438 1874 insidiis,
1483 1807 1762 1861 fossatum
1805 1823 1964 1874 vero,
2003 1805 2075 1861 ab
2125 1805 2244 1859 illis
2285 1803 2355 1858 de
2399 1802 2564 1858 hoste
2613 1802 2955 1859 imminente
3001 1804 3388 1870 admonitum,
3441 1823 3568 1862 sese
3607 1823 3732 1862 ma-

305 1894 433 1947 ture
478 1893 664 1964 possit
701 1893 784 1948 illi
835 1895 1174 1966 excipiendo
1226 1912 1584 1967 comparare.
1636 1896 1744 1961 Qui
1795 1895 2034 1952 tandem
2083 1910 2281 1950 coram
2335 1893 2684 1964 imperatore
2728 1893 2986 1963 proxime
3033 1893 3406 1950 ambularent
3457 1902 3622 1953 erant
3667 1912 3736 1952 ex

305 1979 406 2036 illo
447 1983 821 2052 potissimum
862 1985 1117 2041 themate
1153 1985 1242 2040 vel
1283 1987 1574 2054 districtu,
1614 1985 1714 2056 qui
1758 1986 1980 2042 hostico
2031 1984 2332 2056 proximus
2375 1987 2552 2038 esset.
2605 1983 2773 2036 Periti
2825 1982 2982 2038 enim
3024 1991 3184 2038 erant
3229 1989 3285 2039 et
3332 1984 3587 2054 viarum,
3639 2001 3736 2057 per

307 2086 452 2142 quas
502 2071 700 2128 hostes
753 2082 805 2128 et
845 2073 1114 2130 invadere
1174 2079 1231 2130 et
1281 2091 1484 2130 rursus
1538 2091 1600 2130 se
1655 2075 1979 2131 subducere
2016 2078 2273 2146 possent,
2324 2076 2383 2127 et
2430 2072 2712 2136 locorum,
2763 2071 2821 2125 in
2871 2071 3086 2143 quibus
3135 2089 3304 2145 agere
3344 2079 3627 2143 amarent,
3682 2081 3739 2132 et

305 2159 636 2228 modorum,
676 2163 890 2232 quibus
931 2168 1034 2218 aut
1068 2163 1332 2232 insidias,
1377 2169 1478 2219 aut
1517 2165 1669 2219 acies
1711 2164 1971 2236 bellaque
2021 2163 2310 2218 instruere
2350 2161 2625 2217 solerent.
2675 2163 2738 2216 lu
2775 2160 2865 2215 bis
2915 2165 2970 2216 et
3011 2162 3070 2217 in
3114 2163 3427 2233 postremis
3476 2165 3735 2221 custodi-

307 2249 423 2304 bus
485 2251 979 2320 permutabantur
1035 2256 1090 2307 et
1148 2253 1576 2308 renovabantur
1622 2253 1935 2308 identidem
1987 2252 2454 2308 sollicitudinum
2511 2250 2694 2318 vices;
2737 2250 3216 2321 quandoquidem
3279 2252 3399 2308 haec
3467 2253 3583 2310 duo
3641 2269 3738 2327 ge-

306 2355 447 2396 nera
495 2341 809 2414 plurimum
861 2343 1116 2399 laborem
1161 2343 1492 2400 tolerarent.
1531 2344 1658 2400 Non
1714 2345 1870 2400 enim
1921 2349 2136 2399 rectam
2188 2352 2239 2398 et
2280 2342 2604 2413 expeditam
2659 2343 2838 2409 viam,
2889 2343 2986 2398 sed
3039 2343 3389 2414 asperiorem
3442 2353 3495 2400 et
3544 2343 3739 2401 minus

307 2435 679 2492 commodam
729 2434 907 2489 ibant.
960 2435 1023 2489 In
1068 2434 1223 2489 hunc
1273 2434 1512 2488 modum
1568 2437 1978 2504 promoventes
2019 2431 2296 2498 interdiu,
2347 2431 2583 2486 coibant
2633 2447 2734 2502 per
2775 2436 3001 2487 noctem
3056 2432 3210 2488 intra
3241 2432 3482 2504 vallum,
3530 2433 3735 2490 rebus-

307 2541 421 2596 que
450 2523 796 2582 necessariis
821 2527 1019 2578 contra
1049 2531 1358 2578 nocturnos
1389 2521 1643 2578 hostium
1676 2521 1927 2594 impetus
1954 2520 2237 2593 praevisis,
2270 2519 2577 2590 capiebant
2602 2521 2875 2590 quietem.

1515 2871 2519 2968 ΚΩΝΣΤΑΝΤΙΝΟΥ

1058 3083 1149 3142 EN
1190 3083 1436 3161 ΧΡΙΣΤῼ
1477 3084 1586 3156 (37)
1632 3081 1916 3138 ΒΑΣΙΑΕΙ
1956 3081 2197 3156 atomo
2239 3080 2592 3136 ΒΑΣιΑΕρΣ
2635 3085 2679 3133 p.

1352 3088 1436 3161 Τῳ
1477 3084 1586 3156 (37)
1632 3081 1916 3138 ΒΑΣΙΛΕΙ
1956 3081 2197 3156 Alt!ng
2239 3080 2592 3136 ΒΑΣΙΛΕΩΣ
2635 3081 2973 3149 ΡΩΜΑΙΩΝ,

1758 3192 1913 3248 ΥΙΟΥ
1953 3190 2278 3247 ΛΕΟΝΤΟΣ

1253 3305 1385 3360 ΤΟΥ
1425 3302 1763 3359 ΑΟΙΔΙΜΟΥ
1802 3301 1924 3356 ΚΑΙ
1967 3299 2382 3356 ΣΟΦΩΤᾹΤΟΥ
2422 3299 2785 3370 ΒΑΣΙΛΕΩΣ,

620 3418 988 3474 ΔΠΟΓΟΝΟΥ
1029 3420 1115 3472 ΔΕ
1155 3413 1524 3471 ΒΔΣΙΛΕΙΟΥ
1559 3413 1696 3469 ΤΟΥ
1737 3410 2270 3468 ΑΝΔΡΙΚΩΤΔΤΟΥ
2308 3409 2431 3465 ΚΑΙ
2473 3409 3012 3466 ΓΕΝΝΑΙΟΤΔΤΟΥ
3047 3410 3418 3481 ΒΔΣΙΛΕΩΣ,

1745 3517 1930 3573 ΠΡΟΣ
1973 3515 2302 3572 ΡΩΜΔΝΟΝ

1235 3633 1370 3684 TON
1411 3628 1784 3685 θεοΣΤΕψΗ
1828 3626 2134 3682 ΒΑΣΙΑΕΑ
2175 3629 2292 3678 ΚΑΙ
2333 3626 2490 3681 I‘ION
2541 3625 2785 3696 ΑΥΤΟΥ,

973 3764 1112 3820 "Osci
1143 3758 1226 3816 δεῖ
1253 3759 1519 3836 γίνεσθαι,
1559 3763 1656 3814 τοῦ
1690 3756 1934 3832 μεγάλου
1964 3757 2054 3812 καὶ
2088 3754 2304 3830 ὑψηλοῦ
2341 3754 2610 3833 βασιλέως
2639 3761 2748 3812 τῶν
2775 3757 3064 3831 Ῥωμαίων

1653 3846 1948 3922 μέλλοντος
1983 3851 2362 3926 φοσσατεῦσαι.

1791 4162 2272 4222 CONSTANTINI

1097 4332 1153 4371 IN
1194 4328 1432 4370 CHRISTO
1470 4326 1704 4367 ETERNO
1754 4325 1898 4364 REGE
1937 4325 2101 4365 ῐιεῦιε
2141 4325 2529 4378 ΒΟΜΔΝΟΒῊΜ,
2561 4326 2692 4367 HL"
2734 4328 2957 4383 LEONIB,

1339 4441 1720 4482 CBLEBERRIM!
1759 4441 1825 4479 ET
1873 4439 2275 4480 SAPIENTIBSIMI
2306 4441 2708 4492 IMPERATOR”,

1011 4562 1110 4609 QUI
1142 4561 1328 4601 ιιιιυε
1366 4559 1510 4599 ERAT
1542 4556 1764 4608 BASILII,
1797 4555 2118 4596 FORTISBIHI
2159 4557 2601 4597 GENBBOSIBSIMI
2631 4560 2632 4563 “

1417 4560 1510 4598 MT
1542 4556 1764 4608 BASILII,
1797 4555 2118 4596 FORTISBIHI
2159 4557 2601 4597 οεκιιιοειεειιιιι
2631 4558 3038 4614 IMPERATOR”,

1823 4689 1897 4729 AD
1928 4689 2219 4729 ROMANUM

1235 4815 1269 4851 Λ
1292 4811 1398 4851 DEO
1429 4808 1770 4849 CORONATUM
1818 4807 2225 4847 IMPERATOREM
2258 4807 2328 4846 ET
2375 4807 2576 4848 FILIUM
2615 4808 2800 4849 SUUM.

596 4914 956 4971 Obseruando
985 4919 1036 4970 et
1081 4911 1314 4983 agenda,
1365 4909 1586 4983 quando
1615 4911 1918 4981 imperator
1963 4908 2329 4963 Romanorum
2355 4909 2623 4977 fossatum
2651 4925 2810 4980 agere
2853 4925 2948 4967 seu
2978 4913 3037 4966 in
3066 4918 3255 4970 castra
3290 4915 3374 4970 ire

1666 5006 1718 5057 et
1765 5003 1826 5056 in
1858 5000 2067 5058 versari
2112 4998 2371 5055 decrevit.

388 5331 542 5388 208
575 5331 746 5399 Audi,
777 5331 881 5396 ﬁli,
924 5348 1220 5388 sermones
1251 5330 1437 5403 patris
1479 5329 1586 5396 tui,
1611 5329 1693 5383 ait
1730 5327 1966 5383 Salomo
1997 5330 2009 5395 ]

2147 5323 2368 5393 Ἄκουε,
2402 5325 2505 5391 ull,
2539 5325 2740 5404 λόγους
2771 5332 2976 5407 πατρός
3035 5352 3154 5403 σου,
3189 5330 3462 5407 Σολομῶν
3510 5353 3596 5388 σοι
3624 5349 3729 5389 πα-

314 5421 419 5477 tibi
455 5419 820 5494 precipiens.
859 5419 1131 5484 Quamvis
1163 5421 1319 5477 enim
1369 5438 1400 5473 a
1448 5417 1654 5473 multis
1697 5416 1935 5486 acciperl

2110 5410 2418 5469 ακελεῦεται
2447 5435 2460 5448 ·
2492 5419 2640 5492 παρᾶ
2669 5417 2896 5476 πολλῶν
2945 5421 3052 5498 γὰρ
3102 5421 3354 5486 ἀκούσεις
3405 5423 3472 5479 τὰ
3521 5421 3731 5495 δέοντα,

1368 5515 1567 5574 JOAN.
1605 5515 1752 5572 JAC.
1797 5511 2057 5569 REISKII
2096 5512 2682 5575 COMMENTARIUS.

381 5623 492 5694 (57)
541 5618 1030 5694 Ordinariusrrbic
1072 5623 1196 5673 erat
1244 5618 1455 5672 titulus
1504 5617 1954 5694 Byzantinorum
2066 5612 2282 5694 piniin
2339 5606 2537 5694 gratiae
2596 5619 2805 5674 debere
2871 5623 2928 5674 et
2964 5619 3100 5694 pejus
3159 5625 3225 5677 ut
3282 5625 3482 5694 aeterni
3553 5626 3729 5693 regis.

310 5685 754 5767 imperatorum,
788 5693 849 5749 in
881 5691 1113 5767 Christo,
1145 5699 1346 5745 ceterno
1375 5705 1523 5759 rege,
1554 5685 1953 5767 restiomono-
2067 5685 2193 5767 loco
2221 5696 2287 5767 _et
2334 5685 2908 5767 mandatoregnare.
2957 5685 3149 5767 Minus
3191 5701 3315 5750 erat
3356 5692 3414 5748 ἐκ
3453 5699 3587 5748 Θεοῦ
3619 5685 3724 5752 ‘vel

308 5752 456 5836 νιιὴι,
487 5784 603 5838 quo
632 5752 903 5822 volebant
931 5752 1145 5828 dicere,
1189 5777 1250 5816 se
1281 5752 1518 5816 omnem
1549 5758 1952 5814 auctoritatem
2066 5752 2118 5808 ἓν
2143 5760 2282 5827 Θεῷ,
2306 5775 2473 5829 quem
2505 5752 2741 5815 titulun?
2765 5761 3092 5820 minoribus
3119 5767 3483 5839 principibus
3509 5771 3722 5824 tribue-
