2052 3185
167 191 226 222 845

472 192 521 222 DE
543 193 774 224 CEHIMONIIS
798 194 914 225 AULxE
935 195 1179 226 BYZANTlN/E
1201 197 1273 227 LIB.
1297 197 1320 227 Ι.
1350 214 1387 220 —-
1408 197 1574 229 APPEND.

1814 200 1873 230 846

167 255 237 305 ﬂ):
248 257 283 285 οὗ
304 256 381 305 quasi
396 261 446 305 τῆς
461 258 561 296 ἀρετῆς
577 259 703 305 εἰσοίσεις
722 258 887 299 διδάγματα,
904 261 927 289 εἷ
955 262 986 298 pd

1052 264 1147 299 possis
1159 272 1202 299 ea,
1215 272 1278 301 quas
1289 266 1371 294 decet
1381 268 1409 294 et
1419 269 1541 302 oportet,
1558 276 1575 295 a
1586 267 1665 296 nullo
1681 271 1790 303 tamen,
1803 276 1876 305 pra;-

168 301 243 339 παρὰ
257 302 359 339 πατρὸς
374 302 503 335 ἀκούσαις
519 305 553 331 τὰ
567 302 673 340 ἄριστα.
691 304 824 340 Γνησίους
856 306 908 344 γὰρ
933 314 998 343 παρ’

167 347 251 374 αὐτοῦ
279 347 324 374 καὶ
340 347 454 382 ἀληθεῖς
475 351 515 385 τῷ
541 348 598 377 ὄντι
617 349 682 381 τοὺς
707 350 806 389 λόγους
833 349 998 388 ὑποδεξάμε-

167 402 224 427 νος¹
250 391 342 429 ὥσπερ
369 394 428 420 τινὰ
452 392 557 431 κλῆρον
579 393 647 429 ἕξεις
671 398 809 432 πατρῷον,
825 397 875 431 τὴν
906 407 996 432 σωτη-

164 435 224 472 ρίαν
240 436 281 463 ἀεὶ
293 437 473 474 προξενοῦντά
489 448 532 465 σοι
545 449 551 455 ·
566 439 593 465 οἱ
611 439 658 475 μὶν
675 439 728 477 γὰρ
751 439 775 474 ἐξ
802 437 897 468 ἄλλων
927 441 995 468 κατὰ

162 480 245 518 χάριν
276 480 424 519 λεγόμδνοι
449 486 499 518 τῆς
526 483 655 518 ἀληθείας
670 483 807 516 πολλάκις
832 484 994 513 ἐναποδὲον-

160 534 226 553 ται·
248 526 275 553 οἱ
300 524 329 553 δὲ
352 525 383 554 ἐκ
406 531 541 565 πατρικῆς
568 529 663 565 ψυχῆς
689 529 757 565 μετά
778 533 828 564 τῆς
858 529 993 565 ἀληθείας

159 571 356 608 ἀφικνούμενοι
371 571 482 607 πολλὴν
507 573 669 610 χαρίζονται
696 576 754 605 τοῖς
779 575 850 606 υἱοῖς
875 574 992 603 διαπαν-

154 616 202 647 τὸς
224 616 274 651 τήν
300 616 444 655 ὠφέλειαν.
461 619 560 645 ’Ἄκουε
586 618 688 652 τοίνυν,
705 619 757 653 υἱὲ,
772 620 845 657 παρὰ
868 620 989 657 πατρὸς,

156 659 174 687 ἃ
189 661 228 697 μὴ
258 660 343 689 καλόν
371 661 442 689 ἐστιν
474 662 597 700 ἀγνοεῖν·
615 663 640 690 εἴ
666 663 717 701 γὰρ
743 663 838 701 ἄγνοια
861 665 955 700 κακὸν,
972 666 989 700 ή

152 708 209 733 τῶν
237 706 408 743 πραγμάτων
436 709 534 744 γνῶσις
561 706 648 742 δῆλον
679 708 720 736 ὅτι
750 709 845 743 καλὸν,
862 709 908 737 καὶ
941 709 992 746 μά-

153 749 236 778 λιστα
259 752 313 778 τῶν
341 750 496 788 ἀναγκαίων
531 752 575 779 καὶ
601 753 637 780 ὧν
662 752 756 787 πολλή
781 754 945 788 καθέστηκεν
971 754 988 789 ἡ

156 795 280 834 φροντίς.
297 796 520 833 Ἀναγκαιότερον
545 795 574 824 δὲ
597 797 624 824 τί
647 796 719 825 ἄλλο
744 796 853 835 γένοιτο
868 797 990 835 πολεμι-

154 841 206 874 κῆς
236 840 386 876 εὐτολμίας
410 841 524 875 καὶτῆς
549 844 602 868 τῶν
635 842 777 879 προγόνων
799 843 918 873 παλαιᾶς
944 843 987 870 εὐ-

156 883 259 921 ταξίας,
282 886 312 919 ἣν
339 885 365 912 ἐν
399 885 534 922 πολέμοις
561 887 638 923 εἶχον
662 888 693 913 τὸ
717 888 847 924 πρότερον
879 888 985 924 βασιλι-

156 931 218 960 κοῖς
253 928 397 964 ταξειδίοις
439 930 620 964 κατάστασινς

157 975 351 1013 φημιζομένην
368 975 413 1001 καὶ
439 976 523 1012 μέχρι
539 979 586 1003 τοῦ
607 980 652 1003 νῦν
677 978 750 1013 παρὰ
769 977 886 1008 πολλοῖς
904 977 984 1011 θρυλ-

157 1018 296 1056 λουμὲνην
323 1020 360 1055 μὴ
387 1020 431 1046 καὶ
458 1020 598 1058 ἐγγράφως
620 1020 705 1058 ἔχειν,
732 1023 762 1049 οὐ
789 1021 903 1057 δίκτυον,
925 1020 986 1048 οὐδὲ

156 1064 241 1090 καλὸν
276 1065 450 1100 ἡγησάμεθα.
482 1066 633 1099 Λυσικλῆς
678 1068 730 1103 γάρ
760 1077 812 1099 σοι,
844 1068 986 1098 θεόστεπτε

155 1110 289 1146 Ῥωμανὶ,
308 1110 375 1145 μετὰ
401 1113 455 1137 τῶν
481 1109 573 1137 ἄλλων
599 1112 644 1138 xxi.
668 1113 684 1145 ἡ
712 1111 812 1138 τούτων
844 1113 986 1148 γειησεται

155 1158 309 1192 συγγραφὴ,
336 1155 494 1190 Ῥωμαϊκὴν
522 1154 644 1189 δηλοῦσα
673 1156 881 1193 μεγαλειότητα.
908 1158 985 1184 Ὅθεν

154 1198 248 1227 πολλὰ
272 1198 336 1235 περὶ
371 1199 474 1226 τούτων
510 1200 733 1237 ἀνίρευνήσαντες
767 1203 811 1227 καὶ
851 1200 986 1236 μηδεμίαν

156 1243 311 1280 ὑπόμνησιν
345 1242 555 1279 ἐναποκειμένην
588 1247 625 1279 τῷ
650 1245 777 1280 talia-:qu
804 1245 984 1282 εὑρίσκοντες,

156 1287 206 1324 ὀψὲ
227 1288 272 1315 καὶ
299 1287 382 1324 μόλις
412 1288 477 1315 ποτε
501 1290 562 1325 περὶ
592 1290 695 1315 τούτων
729 1290 880 1325 hirritu/mm
898 1290 922 1316 ἐν
951 1291 984 1325 τῇ

160 1335 231 1369 μονῇ
253 1335 289 1370 τῇ
314 1332 471 1369 καλουμένῃ
499 1337 647 1370 Σιγριςινῆς
675 1334 763 1370 εὑρεῖν
796 1333 985 1369 ἠδυνήθημεν,

162 1375 189 1403 ἒν
239 1375 308 1404 Λέων
335 1378 348 1404 ὁ
365 1377 523 1414 μάγιστρος,
542 1378 563 1413 ᾧ
586 1378 744 1408 Κατάκυλας
772 1379 804 1412 ἦν
830 1378 984 1414 ἐπώνυμον,

166 1420 212 1447 τὸν
238 1422 339 1458 μονήρη
362 1422 422 1459 βίον
447 1423 598 1457 ἠσπάσατο.
615 1423 701 1453 Οὗτος
723 1424 773 1459 γὰρ
798 1424 810 1449 ὁ
840 1424 985 1460 μάγιστρος

166 1465 228 1501 περί
267 1465 366 1493 τούτων
410 1466 551 1505 ἐγγράφως
600 1467 701 1499 διέθετο
745 1467 773 1494 ἐκ
813 1468 985 1504 προστάξεως

160 1509 281 1540 Λέοντος
297 1512 346 1537 τοῦ
371 1511 553 1550 φιλοχρίστου
583 1512 626 1538 καὶ
657 1513 817 1550 σοφωτάτου
849 1512 984 1548 βασιλέως

158 1554 312 1591 Ῥωμαίων,
329 1557 378 1582 τοῦ
398 1556 442 1581 καὶ
459 1557 559 1592 πατρὸς
590 1558 670 1592 ἡμῶν
701 1557 745 1583 καὶ
776 1559 823 1583 σοῦ
853 1557 983 1583 πάππου·

156 1597 220 1626 ἀλλ’
249 1599 305 1627 ἐπεὶ
338 1603 471 1635 μουσικῆς
503 1600 670 1635 Ἑλληνικῆς
709 1603 762 1637 (3R)
803 1601 940 1638 ἀμέτοχος
971 1602 984 1627 ὁ

158 1642 308 1681 μάγιστρος
337 1644 382 1679 ἦν,
398 1643 490 1671 πολλὰ
515 1643 638 1682 βάρϐαρά
667 1656 695 1673 τε
721 1646 764 1672 καὶ
797 1646 909 1673 collos/.1
939 1646 983 1672 καὶ

155 1688 312 1723 ἀσυνταξίας
338 1690 356 1723 ἡ
386 1689 483 1716 τούτου
513 1691 657 1728 συγγραφὴ
688 1693 836 1727 περιεῖχεν,
858 1690 940 1717 εἷ’καὶ
972 1690 985 1716 ὁ

158 1732 300 1770 ἅνθρωπος
317 1731 447 1768 θεοσεϐὴς
468 1734 511 1761 καὶ
529 1735 597 1771 ἀνὴρ
619 1735 770 1769 ἐπιθυμιῶν
800 1735 832 1768 ἦν
857 1737 911 1761 τῶν
935 1736 983 1760 τοῦ

156 1778 323 1815 πνεύματος,
348 1779 384 1809 ὡς
414 1777 510 1813 ἔδειξεν
540 1780 553 1806 ὁ
588 1779 669 1806 αὐτοῦ
694 1780 763 1816 βίος.
782 1779 859 1807 Ἀλλ’
890 1779 914 1806 ἐν
945 1782 984 1813 τῷ

156 1822 280 1859 ἀμοιρεῖν
302 1822 396 1858 αὐτὸν,
412 1823 449 1853 ὠς
469 1821 582 1862 ἔφαμεν,
604 1822 725 1854 παιδείας
746 1823 923 1858 Ἑλληνικῆς,
940 1823 984 1850 καὶ

156 1868 174 1901 ὴ
208 1867 307 1894 τούτου
345 1869 484 1906 συγγραφὴ
524 1868 629 1904 μᾶλλον
667 1869 788 1905 ὑπῆρχεν
831 1869 983 1907 ἐπισφαλὴς

157 1911 203 1939 καὶ
231 1911 413 1949 ἔπιλήψιμος,
444 1912 520 1949 ὅμως
563 1913 686 1947 ἐπαινετή
722 1915 765 1939 καὶ
804 1913 910 1947 ἀληθὴς
945 1913 984 1948 τῷ

158 1953 271 1991 θεοσεῦῆ
288 1956 356 1984 εἶναι
386 1957 431 1984 τὸν
457 1956 538 1993 ἄνδρα
557 1958 601 1985 καί
619 1957 753 1995 ἐνάρετον.
770 1957 876 1992 Ταύτην
902 1959 983 1993 ἡμεῖς

158 2001 281 2039 εὑρόντες
310 2001 547 2039 παρημελημένην
578 2005 617 2038 τῷ
638 2002 726 2039 λόγῳ,
741 2003 785 2029 καὶ
811 2003 847 2033 ὡς
872 2002 897 2029 ἐν
915 2002 983 2041 ξ’χνει

158 2048 235 2076 σκιᾶς
265 2045 394 2083 ἀμυδρῶς
424 2057 482 2077 πως
513 2047 546 2073 τὰ
588 2047 735 2084 πράγματα
773 2046 982 2084 ὃιαγέλλουσαν,

157 2091 203 2119 καὶ
234 2090 305 2128 μηδὲ
333 2093 365 2118 τὸ
388 2093 436 2119 τοῦ
458 2093 551 2129 τρίτου
579 2092 676 2129 μέρους
700 2095 765 2126 τῶν,
790 2092 878 2125 ὥσπερ
902 2094 983 2128 ἡμεῖς

156 2136 226 2174 πρὸς
251 2136 281 2163 τὸ
309 2136 470 2175 σαφέστερόν
495 2147 523 2164 τε
548 2138 592 2164 καὶ
614 2137 818 2174 πλατικώτερον
836 2138 902 2172 (39),
921 2147 983 2172 μετ-

157 2181 310 2218 ηγάγομεν,
335 2179 462 2219 ἔχουσαν,
488 2183 713 2219 συνεγραψάμεοά
747 2194 791 2210 σοι
825 2184 872 2209 τοῦ
902 2192 984 2209 κατα-

157 2225 249 2254 λιπεῖν
274 2226 313 2258 εἷς
337 2226 501 2262 ὑπόμνησιν.
518 2229 546 2255 'll
563 2227 652 2254 τοίνυν
676 2229 789 2263 τοιαύτη
820 2231 874 2255 τῶν
901 2229 983 2264 βασι-

156 2270 241 2298 λικῶν
263 2270 407 2306 ταξειδίων
431 2272 504 2308 τάξις
527 2283 555 2299 τε
580 2273 623 2299 καὶ
641 2272 790 2304 ἄκολουθία
821 2272 983 2311 ἐφυλάττετο

660 932 769 966 Τα·3τ·ην
809 933 861 969 γὰρ
899 933 1026 982 πέλαιΒ

1054 310 1186 345 terquem
1198 318 1214 337 a
1230 312 1310 345 patre
1325 315 1442 344 accepta
1457 313 1485 339 et
1509 312 1585 339 velut
1605 313 1745 348 ingenita,
1771 321 1874 342 recon-

1052 354 1105 381 das
1121 354 1150 382 in
1165 355 1295 382 animum
1312 357 1395 383 tuum
1418 356 1528 392 optima
1543 357 1658 385 virtutis
1687 358 1871 386 documenta.

1050 398 1163 434 Apatre
1184 408 1256 434 quas
1271 400 1418 435 acceperis
1438 401 1582 436 genuinas
1610 406 1637 429 et
1651 402 1770 430 omnino
1792 411 1874 430 veras

1050 442 1259 477 institutiones,
1272 444 1362 472 habes
1378 449 1403 472 et
1434 445 1554 473 habebis
1584 454 1634 481 per
1649 454 1765 474 omnem
1782 447 1871 474 vitam

1050 489 1082 514 ut
1094 487 1292 516 hereditatem
1309 489 1552 524 patrimonialem,
1571 499 1633 526 quas
1649 491 1730 518 omni
1744 495 1871 527 tempore

1048 531 1100 559 tibi
1125 533 1248 560 salutem
1270 536 1394 568 praestet.
1411 533 1491 569 Saepe
1510 535 1588 562 cnim
1620 535 1746 562 aliorum
1773 536 1809 563 ad
1825 543 1871 563 ca-

1047 577 1189 611 ptandum
1205 578 1331 606 favorem
1347 581 1508 614 composita
1523 579 1601 607 dicta
1616 581 1718 607 vacant
1736 580 1869 608 veritate.

1046 621 1082 647 At
1097 628 1159 656 quas
1174 629 1207 648 ex
1223 621 1451 657 animopaterno
1467 623 1873 658 proﬁciscunturinstructio-

1046 672 1109 698 nes,
1136 667 1167 692 ut
1191 673 1263 694 veras
1287 670 1367 700 sunt,
1397 667 1438 695 ita
1462 675 1576 703 quoque
1592 668 1660 695 liliis
1683 676 1732 704 per
1752 676 1870 696 omnem

1045 711 1159 737 aetatem
1176 712 1204 737 et
1220 718 1378 746 peromnes
1390 719 1486 739 rerum
1503 720 1588 740 casus
1604 712 1779 741 suntutiles.
1796 713 1871 740 Audi

1045 762 1124 790 ergo,
1142 754 1193 789 fili,
1210 757 1238 782 et
1247 755 1346 791 accipe
1362 764 1379 783 a
1395 758 1485 791 patre,
1505 765 1569 791 quae
1589 756 1723 792 ignorare
1738 765 1796 785 non
1823 758 1873 785 de-

1043 803 1097 826 cet.
1112 799 1280 835 Ignorantia
1295 800 1319 827 si
1335 801 1428 835 turpis
1443 803 1498 834 est,
1514 801 1606 836 liquet
1621 810 1719 829 rerum
1736 801 1869 838 peritiam

1044 843 1197 879 pulchram
1213 847 1241 871 et
1258 844 1424 879 praeclaram
1432 848 1543 877 esse,et
1551 847 1696 881 praecipue
1708 854 1804 874 rerum
1821 854 1872 874 ue-

1042 889 1234 915 cessariarum
1252 888 1418 923 multasque
1433 892 1461 917 et
1480 890 1635 925 diligentes
1650 898 1736 918 curas
1747 891 1867 926 exigen-

1042 932 1126 959 tiutn.
1144 932 1219 965 Quid
1234 936 1331 960 autem
1349 933 1440 968 aliud,
1457 942 1565 969 quaeso,
1583 935 1676 970 magis
1696 943 1750 963 usu
1772 935 1868 963 veniat

1043 981 1072 1004 et
1083 977 1121 1003 sit
1138 977 1232 1013 magis
1245 978 1452 1005 necessarium.
1466 987 1555 1014 quam
1568 982 1707 1007 strenuus
1718 982 1746 1007 et
1761 988 1826 1007 acer
1838 980 1867 1007 in

1042 1021 1249 1050 bellisanimus
1264 1025 1293 1050 et
1304 1023 1594 1051 vetustusillebonus
1608 1026 1637 1051 et
1651 1024 1774 1052 decorus
1784 1025 1867 1059 ordo,

1042 1075 1127 1102 quem
1145 1067 1235 1095 nostri
1264 1067 1389 1103 majores
1405 1069 1434 1095 in
1455 1068 1539 1096 bellis
1557 1072 1586 1096 et
1601 1069 1630 1096 in
1647 1069 1745 1104 regiis,
1763 1069 1787 1096 si
1804 1077 1868 1104 qua!

1042 1112 1254 1147 contingerent,
1281 1112 1517 1147 expeditionibus
1546 1113 1768 1141 observabant?
1787 1113 1868 1141 Ηιιιιο

1042 1158 1138 1184 autem
1148 1156 1249 1184 crebra
1263 1156 1334 1184 olim
1351 1157 1428 1184 fama
1443 1157 1622 1185 celebratum
1634 1160 1662 1185 et
1673 1158 1719 1186 vel
1734 1157 1781 1186 his
1797 1158 1869 1193 ipsis

1041 1201 1138 1229 adhuc
1162 1201 1344 1236 temporibus
1369 1210 1386 1229 a
1401 1201 1502 1229 multis
1518 1210 1653 1230 sermone
1679 1203 1819 1236 jactath
1843 1202 1869 1230 si

1042 1245 1150 1280 scripto
1159 1246 1358 1281 consignatum
1364 1254 1418 1274 non
1427 1246 1778 1282 haberemus,iniquumet
1786 1249 1870 1282 turpe

1038 1289 1238 1325 judicavimus
1250 1290 1385 1326 ]ideoque
1400 1290 1455 1318 hoc
1462 1291 1612 1319 volumine
1622 1291 1868 1326 comprehendere

1040 1334 1252 1370 voluimus].Et
1268 1335 1396 1370 proderit
1411 1335 1473 1368 libi,
1489 1335 1708 1364 RomaneaDeo
1719 1338 1865 1370 coronate,

1042 1379 1206 1412 utaliae,ita
1217 1379 1277 1407 hac
1293 1387 1408 1415 quoque
1436 1380 1580 1415 tractatio,
1601 1388 1617 1408 e
1633 1388 1689 1415 qua
1705 1380 1865 1408 Romanam

1042 1424 1149 1459 poteris
1163 1423 1410 1459 magniﬁcentiam
1427 1423 1601 1460 intelligere.
1612 1424 1765 1452 Scribendi
1785 1433 1866 1453 occa-

1042 1468 1155 1496 sionem
1171 1468 1256 1496 nobis
1275 1468 1330 1496 hoc
1345 1468 1435 1496 dedit.
1462 1468 1551 1496 Multa
1580 1469 1785 1504 diligenteque,
1812 1470 1864 1498 sed

1042 1512 1176 1547 irrita,in
1194 1512 1300 1548 palatio
1317 1513 1392 1541 facta
1409 1513 1612 1549 inquisitione,
1636 1513 1661 1541 si
1691 1513 1764 1541 forte
1776 1514 1867 1550 depo-

1041 1558 1114 1585 sitos
1120 1557 1227 1584 alicubi
1234 1557 1320 1585 dehis
1327 1557 1415 1585 rebus
1425 1565 1489 1585 com
1496 1558 1654 1586 mentarios
1662 1558 1866 1593 reperiremus,

1042 1602 1089 1629 vix
1104 1602 1222 1629 tandem
1232 1601 1390 1637 aliquando
1397 1603 1553 1638 ejus,quod
1565 1603 1812 1636 desiderabamus,
1825 1612 1868 1631 ar-

1040 1647 1171 1683 gumenti
1187 1647 1316 1675 libellum
1324 1647 1451 1683 aliquem
1460 1648 1661 1675 inveuimusin
1677 1648 1865 1684 monasterio,

1037 1693 1116 1728 quod
1134 1693 1281 1728 Sigrianes
1299 1692 1472 1728 appellatur,
1493 1692 1524 1719 in
1552 1701 1608 1727 quo
1632 1695 1686 1720 Leo
1713 1693 1866 1728 magister,

1038 1737 1116 1765 264
1131 1737 1177 1764 cui
1194 1745 1354 1772 cognomen
1372 1739 1432 1764 erat
1461 1737 1622 1772 Cntacylas.
1653 1737 1742 1764 vitam
1764 1737 1864 1765 solita-

1038 1782 1111 1809 riam
1119 1782 1268 1817 amplexus
1276 1784 1329 1809 est.
1340 1781 1389 1809 llic
1396 1782 1458 1816 ipse
1469 1781 1610 1817 magister
1616 1789 1680 1809 nem
1686 1781 1841 1817 pe,jussus
1848 1791 1865 1810 a

1039 1826 1133 1854 Leone
1148 1825 1256 1853 Christi
1273 1829 1388 1854 amante
1403 1826 1442 1854 et'
1453 1826 1674 1861 sapientissimo
1689 1827 1863 1862 imperatore

1039 1871 1247 1903 Romanorum,
1264 1873 1346 1906 patre
1362 1872 1462 1898 nostro
1481 1875 1509 1898 et
1524 1879 1575 1898 avo
1592 1874 1651 1905 tuo,
1668 1871 1704 1897 de
1715 1869 1764 1897 illo
1777 1878 1863 1906 argu-

1038 1918 1146 1949 mento,
1158 1916 1233 1951 quod
1251 1923 1304 1943 nos
1318 1923 1435 1950 quoque
1465 1915 1649 1942 tractandum
1666 1914 1713 1942 hic
1729 1914 1860 1950 suscepi-

1038 1968 1116 1993 mus,
1142 1962 1250 1995 scripto
1274 1961 1454 1995 exposuerat.
1470 1958 1575 1986 Verum
1592 1959 1662 1994 quia
1679 1959 1776 1987 Graeca
1795 1967 1860 1987 mu-

1038 2006 1097 2032 sica
1119 2012 1169 2032 seu
1199 2005 1282 2031 docta
1301 2004 1443 2039 elegantia
1473 2003 1604 2031 imbutus
1621 2011 1678 2031 non
1696 2003 1799 2038 fuerat,
1813 2004 1863 2032 ille

1037 2049 1185 2084 magister,
1203 2048 1420 2076 multainfersit
1435 2048 1464 2075 in
1489 2056 1572 2075 suam
1590 2048 1774 2081 scriptionem
1802 2049 1865 2076 bar-

1038 2093 1107 2120 bara
1117 2095 1202 2127 atque
1216 2091 1335 2124 solaaca,
1346 2100 1521 2127 omnemque
1528 2092 1864 2127 commiscuitordinem,

1038 2145 1125 2174 quem
1142 2136 1297 2172 perspicua
1319 2137 1416 2164 futura
1436 2142 1463 2164 et
1487 2138 1681 2172 grammatica
1706 2139 1864 2165 verborum

1037 2182 1215 2210 constructio
1241 2180 1361 2217 ﬂagitat.
1379 2181 1446 2209 Erat
1471 2182 1598 2217 profecto
1614 2181 1668 2214 vir,
1685 2185 1715 2209 ut
1727 2181 1784 2209 vita
1799 2182 1864 2217 ejus

1037 2226 1216 2260 monstravit,
1245 2226 1294 2253 Dei
1318 2233 1451 2254 reverens
1473 2228 1501 2254 et
1517 2225 1711 2261 cupiditatum
1723 2234 1782 2253 non
1798 2233 1862 2252 cur-

1038 2272 1096 2306 nis,
1119 2271 1169 2298 sed
1185 2270 1306 2306 spiritus
1334 2273 1503 2298 assectator.
1529 2270 1636 2298 Verum
1663 2278 1698 2298 ex
1717 2278 1762 2303 eo,
1786 2270 1864 2305 quod

155 2315 202 2343 καὶ
231 2314 374 2354 ἰνηργεῖτο
403 2314 455 2347 ἕως
498 2316 614 2354 Μιχαὴλ
643 2320 691 2344 τοῦ
730 2310 911 2356 φιλοχρίστου
940 2316 982 2344 δε-

1043 2315 1180 2350 Grzecam,
1196 2317 1228 2343 ut
1243 2315 1381 2350 diximus,
1402 2315 1593 2342 litteraturam
1614 2322 1671 2342 non
1697 2314 1864 2349 delibasset,

659 2381 757 2409 JOAN.
778 2382 849 2409 JAC.
872 2381 1005 2409 REISKII
1024 2377 1321 2408 COMMENTARIUS.

157 2443 239 2477 bant,
252 2443 288 2471 de

162 2480 222 2507 Wir
248 2487 301 2507 von
343 2479 431 2507 Colles
460 2479 582 2514 Gnaden,

160 2514 246 2542 etiam
263 2514 428 2553 θεοστεφεῖς.
446 2517 637 2549 θεοστέπτους,
669 2514 906 2553 θεοπροϐλήτους,
932 2520 987 2543 etc.

160 2558 222 2588 sese
230 2551 429 2588 appellabant.
442 2553 582 2588 Exempla
594 2555 693 2579 natant
710 2552 764 2579 hoc
787 2552 886 2579 codice

197 2586 256 2622 (38)
272 2586 413 2614 Doctrina
434 2586 632 2622 elegantioris,
652 2596 714 2623 qua
731 2596 746 2615 e
762 2588 843 2614 libris
859 2590 989 2614 vetusto-

160 2629 225 2659 rum
237 2622 391 2655 gentilium
404 2625 569 2652 Grmcorum
600 2622 796 2659 comparatur.
821 2624 893 2650 Nam
924 2622 987 2649 novi

160 2658 278 2694 quidem
294 2659 384 2687 Graeci
410 2665 443 2689 ut
464 2669 493 2688 se
509 2660 612 2694 dignos
637 2658 757 2686 vetustis
773 2660 913 2686 doctrinis
931 2667 987 2685 non

156 2693 339 2732 judicarunt,
352 2695 401 2722 sed
419 2696 543 2732 ineptias
559 2696 664 2722 divinis
679 2695 802 2729 artibus,
819 2697 927 2730 quibus
941 2703 987 2721 ve-

158 2732 237 2766 teres
266 2730 409 2766 claruere,
436 2730 493 2759 fato
509 2732 636 2766 quodam
654 2739 703 2757 suo
720 2734 748 2758 et
765 2732 876 2758 insania
893 2739 990 2757 mona-

159 2765 282 2793 chorum
299 2765 502 2801 praetulerunt,
512 2765 555 2795 sic
570 2767 657 2794 etiam
671 2770 801 2794 veterum
822 2775 926 2794 nomen
945 2774 988 2793 re-

161 2800 333 2838 pudiarunt.
350 2811 382 2830 se
399 2804 546 2831 Romanos
562 2803 745 2838 appellarunt
769 2806 797 2830 et
814 2804 870 2830 dici
888 2802 990 2829 volue-

159 2839 239 2872 runt,
281 2836 524 2874 Ἕλληνηουῑρῐη
553 2836 610 2874 pro
646 2839 818 2873 turpissimo
864 2838 988 2865 convitio

159 2876 344 2910 repulerunt.
365 2872 473 2911 Ἕλλην
488 2872 607 2903 illis'est
630 2874 707 2902 idem
730 2877 817 2910 atque
845 2881 987 2910 paganus,

302 2452 360 2479 quo
375 2444 442 2471 alibi
465 2444 570 2472 dicam.
600 2445 669 2472 Inde
696 2446 823 2471 manavit
848 2447 983 2472 nostrum

623 2481 674 2508 Nos
704 2481 751 2507 Dci
780 2481 884 2507 Gratia.
916 2481 988 2507 Hinc

1040 2441 1205 2476 ldololatra,
1219 2443 1248 2469 et
1262 2439 1426 2475 Ἑλληνικός
1443 2440 1520 2468 idem
1533 2442 1622 2476 atque
1636 2439 1764 2476 gentilis.

1079 2477 1135 2513 (39)
1150 2478 1321 2509 Fusiuscule,
1335 2477 1464 2513 ubertim,
1481 2484 1549 2504 cum
1573 2475 1743 2513 inon’nimio
1759 2475 1870 2513 ordinis

1044 2511 1130 2548 atque
1145 2512 1295 2548 elegantias
1309 2513 1419 2540 studio.
1441 2512 1514 2540 Hinc
1530 2514 1635 2547 putant
1650 2511 1742 2547 aliqui
1757 2512 1869 2539 dictum

1043 2549 1208 2581 Platonem,
1236 2549 1313 2583 quod
1329 2549 1391 2583 ejus
1412 2549 1501 2576 oratio
1522 2548 1682 2576 luxuriat-et
1709 2550 1738 2575 et
1766 2548 1869 2575 falcem

1044 2588 1203 2620 pateretur,
1220 2584 1295 2619 quod
1313 2592 1376 2619 quae
1393 2584 1528 2611 brevibus
1550 2584 1609 2620 dici
1627 2584 1803 2620 potuissent,
1821 2591 1870 2619 per

1043 2618 1182 2656 ambages
1197 2618 1364 2647 enuntiaret
1374 2622 1403 2646 et
1415 2620 1533 2656 iteraret
1542 2619 1659 2656 saepius.
1668 2618 1734 2656 Vid.
1749 2618 1869 2656 Diogsu.

1045 2654 1145 2683 Laertf
1157 2664 1185 2691 p.
1205 2656 1266 2691 l66,
1283 2658 1355 2691 etp.
1371 2656 1434 2691 267.
1448 2656 1491 2687 l2,
1508 2655 1557 2682 ubi
1570 2655 1653 2682 Timo
1668 2654 1871 2691 Sillographus

1044 2692 1101 2727 ipsi
1121 2689 1171 2724 τὴν
1188 2689 1456 2727 πλατυῤῥημοσῦνην
1478 2691 1603 2727 objeclat
1620 2694 1648 2717 et
1660 2690 1756 2725 ipsum
1773 2689 1872 2727 tum-

1044 2725 1106 2754 o'tov
1120 2725 1443 2763 appellat,qua|essunt
1459 2735 1541 2762 aqua
1551 2725 1765 2768 πλατεῖαιιίρυᾶ
1783 2726 1872 2754 Hero-

1043 2764 1145 2791 dotum
1166 2767 1195 2790 et
1206 2762 1419 2798 Hippocratem,
1437 2770 1554 2795 crassas,
1580 2771 1642 2797 quae
1659 2762 1773 2798 saltaret
1788 2763 1871 2789 robo-

1311 2783 1325 2790 ..
1333 2783 1419 2796 ...νηη
1437 2783 1462 2790 ν.
1470 2783 1554 2795 ...μ-νυ,

1043 2799 1084 2826 ris
1104 2807 1207 2834 parum
1223 2797 1311 2833 idque
1326 2799 1406 2826 valde
1417 2799 1538 2826 dilutum
1560 2798 1670 2834 habent
1683 2800 1722 2834 _et
1737 2797 1870 2833 linguam

1044 2831 1150 2871 parum
1165 2831 1306 2863 afﬁciunt.
1321 2834 1403 2863 Gont.
1422 2835 1462 2863 Du
1477 2835 1572 2871 Gange
1584 2842 1612 2862 v.
1628 2831 1749 2863 Πλάτος.
