4104 6388
324 403 444 468 863

1408 412 1929 473 CONSTANTINI
1969 410 2667 474 PORPHYROGENITI

3623 409 3742 471 864

327 537 558 593 tandem
611 537 778 608 equis
806 537 946 602 illis,
997 541 1096 612 qui
1143 542 1371 600 muneri
1420 544 1652 600 dantur.
1705 545 1889 602 Etiam
1939 561 1972 600 a

2103 549 2184 613 τῆς
2215 537 2516 610 κακάϐεως,
2549 543 2616 611 ἠν
2656 537 2926 616 λαμϐάνει
2968 541 3074 597 ἀπὸ
3105 544 3200 598 τοῦ
3229 541 3399 596 αὑτοῦ
3451 539 3740 616 βασιλικοῦ

325 625 558 681 cellario
591 627 762 698 regiae
795 629 1091 699 apothecas
1123 632 1335 687 stabuli
1368 635 1550 690 sumit
1599 636 1704 690 150
1736 637 1976 704 tagistra

2087 632 2422 707 βεστιαρίου,
2457 629 2669 706 ὀφείλει
2698 637 2892 704 καμεῖν
2926 629 3195 706 σωκάρια.

323 718 444 786 [seu
474 734 674 774 saccos
710 720 1334 793 pabulatorios,quales
1355 741 1640 796 equorum
1663 726 1960 798 capitibus
1992 725 2416 798 alligantur,]et
2437 726 2592 780 coria
2618 742 2722 796 pro
2743 723 3120 780 conﬁciendis
3145 723 3281 778 inde
3319 721 3596 793 capistris
3618 722 3740 788 180,

323 810 378 862 et
393 805 937 881 hexacantbela[scu
954 812 1291 882 repositoria
1305 819 1532 870 scortea
1547 814 1778 887 singula
1797 831 1970 870 senas
1982 816 2294 887 amphoras
2311 823 2562 869 scorteas
2580 814 2739 868 intus
2756 811 3180 883 habentia],pro
3194 811 3399 866 cedrea
3421 809 3508 864 vel
3526 811 3635 882 god
3646 827 3732 866 ro-

328 896 427 953 nio
451 897 531 953 ibi
563 899 891 968 condendo;
910 906 966 957 et
994 911 1150 958 utres
1169 920 1272 975 pro
1289 905 1423 960 vino
1439 910 1496 960 et
1520 909 1680 960 aceto
1710 907 1782 960 ad
1805 906 2166 962 curationem
2181 905 2996 976 egrotantiumjumentorum
3014 902 3365 958 adhibendo.
3384 902 3738 974 Axinorygia

327 1002 559 1058 quoque
588 990 911 1057 comparari
945 991 1153 1048 debent
1183 1009 1278 1048 seu
1308 1009 1540 1050 secures
1573 995 1860 1050 medendis
1893 995 2111 1066 pariter
2131 993 2304 1064 lignis
2335 999 2392 1051 et
2423 993 2710 1050 fodiendae
2731 999 2896 1048 terra;
2926 999 3074 1065 aptae
3099 1009 3112 1059 ;
3138 993 3272 1046 item
3296 990 3622 1063 platyliscia
3639 1007 3742 1048 seu

323 1075 473 1148 palm
505 1075 690 1146 planae
721 1077 852 1134 latae
881 1080 952 1134 ad
983 1082 1356 1137 averrendam
1389 1089 1646 1154 egestam
1677 1087 1979 1149 terram,et
2008 1082 2257 1155 scaphas
2288 1083 2376 1137 vel
2411 1082 2599 1138 bottas
2630 1082 2904 1138 robustas
2939 1081 3011 1136 ad
3042 1080 3403 1136 eﬂ‘erendum
3435 1079 3494 1134 in
3527 1078 3602 1134 iis
3624 1096 3745 1136 οω-

326 1182 470 1220 num
504 1183 534 1222 e
565 1166 758 1236 puteis
780 1169 1252 1240 egestum.Debet
1281 1188 1514 1244 quoque
1542 1189 1573 1229 e
1605 1172 1760 1245 regio
1793 1172 2042 1228 vestiaro
2072 1172 2505 1244 quinquaginta
2532 1171 2709 1228 libras
2741 1171 2876 1227 ferri
2903 1185 3138 1226 sumere
3169 1185 3271 1241 pro
3297 1167 3575 1240 parandis
3599 1167 3737 1224 inde

323 1257 499 1312 soleis
529 1258 777 1328 equinis,
808 1260 944 1317 item
977 1261 1197 1334 lupatis
1229 1263 1543 1320 levioribus
1572 1269 1806 1320 centum
1835 1263 2288 1335 quinquaginta.
2325 1262 2506 1318 Debet
2535 1278 2768 1334 quoque
2798 1263 2942 1330 lora,
2973 1276 3103 1332 qua:
3141 1257 3408 1314 maxillas
3452 1273 3738 1330 equorum

327 1346 756 1419 substringant,
788 1359 841 1404 et
872 1351 1174 1420 capitzalia
1204 1353 1330 1425 [seu
1359 1353 1483 1408 lora
1531 1355 1750 1410 frontes
1780 1368 1976 1409 eorum
2027 1351 2383 1424 ambientis]
2413 1352 2706 1424 simplicia
2733 1351 2811 1422 [id
2853 1355 2962 1416 est,
2998 1350 3056 1404 in
3087 1348 3308 1420 quibus
3352 1347 3568 1403 ferrum
3621 1362 3737 1402 non

326 1436 423 1510 sit]
455 1454 486 1493 e
515 1438 689 1494 coriis
713 1440 948 1496 confieri
979 1457 1204 1500 curare.
1239 1445 1281 1500 E
1329 1444 1577 1501 cannabi
1617 1448 1835 1512 autem,
1869 1458 2048 1515 quam
2082 1441 2354 1513 accipite
2397 1443 2669 1498 vestiario
2720 1441 2900 1513 regio,
2946 1441 3118 1497 debet
3170 1454 3396 1506 curare,
3447 1442 3512 1493 ut
3556 1440 3739 1494 restes

328 1526 487 1583 ﬂant

469 1619 650 1688 Regia
679 1618 988 1691 hypurgiz,
1026 1621 1084 1676 id
1111 1628 1196 1678 est
1224 1624 1554 1692 ministerio,
1587 1624 1732 1694 quod
1763 1625 1836 1679 ad

585 1706 830 1746 mensam
859 1694 1163 1761 ministrat,
1199 1698 1549 1765 imputantur
1577 1696 1714 1752 Ιιέεσ.

403 1776 710 1834 Ριοωίθοιυε
760 1795 1000 1848 mensis,
1059 1787 1116 1837 et
1145 1783 1492 1840 domesticus
1541 1782 1870 1849 ministerii,
1924 1789 1977 1838 et

331 1865 648 1938 peculiaris
680 1869 877 1939 regius
917 1870 1209 1940 cellarius,
1245 1878 1520 1943 praestant
1548 1872 1836 1945 sagmaria
1883 1873 1977 1942 ju-

331 1964 524 2011 menta
563 1956 688 2027 [seu
725 1958 935 2032 mulos]
984 1961 1299 2032 octoginta,
1335 1967 1665 2034 portaturus
1715 1961 1981 2016 ministe-

330 2043 482 2100 rium
535 2045 798 2102 culinare
843 2049 1070 2119 regium
1103 2059 1157 2107 et
1189 2058 1524 2123 argenteam
1557 2053 1726 2124 regiae
1770 2067 1980 2106 mensae

330 2132 1097 2208 supellectilem.Accipiunt
1119 2143 1313 2195 autem
1347 2141 1650 2210 praefectus
1683 2156 1892 2195 mensae
1924 2143 1983 2194 et

332 2222 694 2278 domesticus
744 2224 1054 2281 ministerii
1095 2235 1306 2282 certam
1357 2231 1674 2299 quamdam
1727 2227 1980 2299 pecunias

336 2326 632 2367 summam
665 2314 735 2369 ab
765 2311 915 2370 idico
939 2315 1008 2370 ad
1038 2333 1317 2387 expensas
1349 2317 1727 2385 faciendas,et
1749 2317 1982 2388 quidem

338 2399 575 2456 nomine
612 2417 995 2473 expensarum
1042 2405 1102 2461 in
1145 2405 1510 2462 condituram
1551 2409 1835 2463 ciborum.
1888 2405 1984 2460 Vi-

339 2505 481 2544 num
513 2490 1308 2562 dominicum,magistrorum
1341 2501 1398 2550 et
1439 2497 1801 2564 patriciorum
1836 2513 1980 2568 prie-

336 2583 452 2633 stat
485 2579 976 2647 apothecarius,et
999 2583 1312 2640 dominicis
1339 2585 1572 2654 quidem
1597 2589 1985 2657 praestatque-

336 2667 604 2739 draginta
633 2674 761 2724 octo
796 2687 1114 2739 mensuras,
1136 2674 1358 2730 scilicet
1395 2680 1526 2730 octo
1557 2675 1716 2744 paria
1747 2675 1985 2747 legens-

331 2772 484 2820 rum,
518 2773 766 2828 quarum
807 2759 1048 2832 singula
1079 2767 1274 2817 ternas
1308 2779 1614 2818 mensuras
1662 2763 1978 2819 continent.

334 2845 488 2902 268
521 2847 811 2918 Magistris
837 2856 1032 2905 autem
1063 2854 1120 2905 et
1145 2851 1404 2922 patriciis
1428 2857 1665 2923 praestat
1695 2853 1856 2923 paria
1885 2853 1982 2908 de-

333 2951 462 2990 cem
497 2937 994 3008 utrium,quorum
1029 2940 1243 3012 singuli
1278 2942 1492 3013 quinas
1524 2958 1828 2998 mensuras
1850 2959 1985 2998 con-

334 3023 546 3080 tinent.
582 3025 898 3082 Scortzidia
946 3035 1047 3084 aut
1091 3035 1343 3086 scorteos
1393 3031 1672 3087 utriculos
1713 3049 1812 3103 pro
1858 3033 1982 3086 oleo

335 3113 630 3169 dominico
679 3117 980 3172 condendo
1032 3119 1347 3190 ipsumque
1380 3121 1572 3176 oleum
1611 3128 1668 3176 et
1717 3121 1984 3192 phaselos

2449 1619 2546 1674 Διὰ
2586 1624 2686 1688 τῆς
2729 1615 3020 1693 βασιλικῆς
3053 1611 3384 1690 ὑπουμγίας.

2160 1778 2222 1836 Ὀ
2267 1777 2355 1832 ἐπὶ
2403 1784 2503 1847 τῆς
2555 1779 2830 1852 τραπέζης
2861 1777 2952 1832 καὶ
2984 1777 3012 1831 6
3044 1773 3370 1848 δομέστικος
3407 1779 3509 1842 τῆς
3541 1773 3748 1848 ὑπουρ-

2087 1863 2350 1940 γίαςῖκαὶ
2408 1867 2436 1920 6
2496 1865 2768 1928 οἰκειακὸς
2804 1863 3091 1941 βασιλικὸς
3143 1860 3437 1936 κελλάριος
3469 1860 3749 1938 σαγμάρια

2087 1956 2140 2009 π’
2170 1956 2238 2009 τὰ
2299 1953 2576 2028 μέλλοντα
2635 1955 2917 2029 βαστάζειν
2973 1955 3073 2022 τὴν
3119 1949 3416 2028 βασιλικὴν
3449 1949 3744 2026 ὑπουργίαν

2087 2043 2175 2099 καὶ
2214 2045 2277 2099 τὸ
2329 2044 2566 2118 ἀσήμιον
2598 2047 2856 2118 (74),τῆς
2918 2041 3210 2119 βασιλικῆς
3263 2046 3559 2116 τραπέζης.
3593 2047 3752 2114 Λαμ-

2091 2129 2318 2188 ϐάνουσι
2369 2131 2485 2188 δὲὸ
2540 2140 2641 2203 τῆς
2699 2132 2974 2208 τραπέζης
3032 2132 3125 2187 καὶ
3188 2132 3216 2186 6
3275 2128 3602 2204 δομέστικος
3644 2135 3746 2200 τῆς

2093 2223 2392 2300 ὑπουργίας
2427 2221 2689 2301 λογάριον
2724 2223 2830 2278 ἀπὸ
2867 2227 2964 2277 τοῦ
3005 2219 3212 2278 εἶδικοῦ
3244 2221 3320 2282 εἰς
3351 2216 3533 2291 ἔξοδον
3597 2216 3751 2295 λόγῳ

2088 2311 2365 2388 ἀρτυσίας.
2423 2311 2645 2387 Οἱνάριν
2706 2309 3055 2379 δεσποτικὸν,
3116 2308 3432 2386 μαγίστρων
3493 2307 3584 2364 καὶ
3642 2328 3747 2364 πα·

2089 2397 2314 2472 τρικίων
2373 2402 2610 2473 χορηγεῖ
2676 2398 2704 2452 6
2764 2398 3160 2470 ἀποθηκάριος·
3193 2397 3256 2450 τὸ
3315 2397 3412 2468 μὶν
3462 2392 3752 2470 βασιλικὸν

2094 2487 2187 2560 μη⁸
2231 2485 2421 2562 μέτρα,
2482 2484 2855 2564 ζυγοφλάσκια
2906 2489 3026 2557 (75)
3079 2489 3406 2560 τριμετραῖα
3454 2485 3614 2558 ζυγᾶς
3676 2483 3752 2553 η”

2090 2575 2181 2629 καὶ
2215 2575 2346 2650 ὑπὲρ
2375 2579 2484 2630 τῶν
2536 2575 2870 2650 μαγίστριων
2927 2574 3016 2629 καὶ
3074 2573 3377 2648 πατρικίων
3428 2571 3586 2626 ἂσκία
3617 2592 3748 2627 πεν-

2090 2671 2394 2742 ταμετραῖα
2425 2667 2584 2742 ζυγεὶς
2619 2667 2672 2724 ι’.
2701 2663 3030 2742 Σκορτζίδια
3091 2665 3245 2742 λόγῳ
3283 2667 3381 2720 τοῦ
3420 2660 3746 2719 δεσποτικοῦ

2091 2755 2301 2826 ἐλαίου,
2344 2757 2636 2831 φασοῦλιν,
2693 2757 2886 2831 ὀμύζιν
2928 2755 3202 2823 πιστάκιν,
3244 2751 3584 2830 ἀμύγδαλον,
3643 2774 3747 2832 φα·-

2089 2848 2190 2915 κὴν
2221 2852 2490 2922 παρεῖχον
2544 2845 2719 2902 πάλαι
2772 2847 2839 2902 τὰ
2894 2845 2991 2901 δύο
3049 2845 3474 2919 κουρατωρίκια,
3536 2844 3752 2918 ὁμοίως

2089 2935 2180 2990 καὶ
2210 2937 2274 2990 τὸ
2317 2931 2526 2992 ἔλαιον·
2560 2937 2625 2990 τὰ
2683 2934 2739 2991 δὲ
2770 2936 2944 2992 λοιπὰ
2997 2937 3274 3010 βρώσιμα,
3306 2931 3474 3010 ἤγουν
3507 2929 3743 3006 λαρδήν,

2091 3025 2341 3096 ἆπόκτιν,
2418 3025 2592 3099 τυρὶν,
2657 3026 2856 3100 ὀψάρια
2921 3025 3120 3094 παστὰ,
3178 3023 3408 3090 σοακτὰ,
3489 3015 3739 3096 πρόϐατα

2094 3112 2200 3169 ὅπα
2215 3133 2313 3187 ρνα
2343 3117 2478 3188 (76),
2519 3111 2785 3192 ἀγελάδια
2831 3109 3128 3189 ὑπὸμοσχα
3157 3113 3247 3168 καὶ
3296 3113 3434 3168 οἶνον
3467 3109 3742 3186 ἐγχώριον

337 3211 436 3258 aut
464 3202 648 3268 fabas,
679 3209 734 3259 et
777 3222 1004 3274 oryzam
1039 3213 1096 3262 et
1135 3209 1426 3280 pistachia
1474 3215 1530 3264 et
1573 3211 1883 3282 amygdala
1930 3215 1987 3265 et

2103 3208 2432 3280 χορηγοῦσιν
2459 3205 2542 3282 ᾳοἱ
2599 3205 3057 3278 πρωτονοτάριοι.
3119 3201 3462 3278 Βερτζίτικον
3523 3201 3634 3273 (77)
3684 3195 3742 3253 δὶ

331 3289 518 3346 lentes
552 3293 905 3363 praestabant
947 3295 1084 3351 olim
1133 3299 1319 3353 amba
1361 3299 1686 3354 curatorize.
1740 3299 1983 3371 Reliqua

333 3395 467 3436 vero
499 3381 789 3449 edulia,ut
819 3382 1331 3458 lardum,adipem,
1356 3389 1984 3455 caseum,sa|samenta

339 3485 444 3525 seu
504 3470 690 3538 pisces
747 3471 933 3527 muria
989 3475 1274 3546 conditos,
1339 3477 1612 3548 capellas,
1664 3493 1797 3533 oves
1855 3494 1983 3548 qua

342 3572 549 3630 agnos,
581 3565 640 3614 et
678 3576 884 3617 vaccas
915 3580 1042 3634 qua:
1069 3565 1280 3621 vitulos
1313 3567 1542 3634 lactant,
1576 3573 1633 3622 et
1663 3568 1864 3622 vinum
1896 3567 1988 3621 in-

339 3648 616 3717 digenum
653 3657 929 3720 praestant
959 3656 1356 3725 protonotarii.
1392 3657 1763 3714 Bertziticum
1796 3662 1987 3712 autem

339 3737 457 3793 sive
489 3739 914 3796 salsamentum
951 3743 1127 3814 piscis
1177 3745 1377 3801 Oxiani
1411 3750 1468 3801 et
1507 3763 1754 3803 neurum
1811 3745 1987 3818 [quod

338 3828 514 3883 etiam
547 3828 965 3886 salsamentum
991 3833 1306 3903 piscarium
1341 3834 1571 3890 videtur
1600 3834 1993 3909 esse],debent

339 3917 650 3988 praefectus
682 3935 897 3975 mensa:
927 3926 985 3977 et
1012 3921 1370 3978 domesticus
1422 3925 1716 3996 bypurgite
1745 3939 1846 3979 seu
1882 3924 1996 3978 mi-

345 4006 569 4061 nisterii
602 4010 1108 4067 emere.Aritbmia
1129 4016 1362 4068 tandem
1397 4013 1565 4086 [forte
1588 4013 1762 4086 piscis
1783 4012 1991 4086 genus]

344 4099 399 4150 et
432 4095 618 4165 pisces
649 4097 933 4170 Cyprinos
965 4101 1138 4156 debet
1170 4119 1384 4158 mensae
1417 4103 1718 4172 praefectus
1751 4120 1784 4159 a
1819 4103 1996 4176 regiis

343 4184 650 4241 curatoriis
702 4193 913 4256 petere.
962 4188 1184 4245 Interea
1222 4192 1364 4246 dum
1418 4192 1642 4262 regium
1693 4194 1997 4249 servitium

341 4289 445 4330 seu
478 4280 792 4347 apparatus
823 4277 1102 4335 culinaria
1132 4282 1730 4353 consumitur,debet,
1751 4283 1996 4340 ubicun-

2093 3294 2180 3348 καὶ
2239 3297 2426 3368 νεῦρον
2486 3291 2692 3370 ὀφείλει
2753 3293 3041 3368 ἀγοράζειν
3091 3293 3119 3348 6
3181 3291 3269 3347 ἰπὶ
3319 3297 3420 3360 τῆς
3470 3286 3744 3364 τραπίζης

2092 3382 2182 3436 καὶ
2231 3382 2260 3437 6
2321 3379 2642 3455 δτμὲστικος
2687 3383 2786 3446 τῆς
2841 3379 3161 3458 ὑπουργίαςο
3223 3379 3486 3454 Ἀρίθμια
3539 3376 3598 3434 δὲ
3656 3377 3748 3433 καὶ

2094 3470 2394 3546 κμπρίνους
2429 3471 2636 3549 ὀφείλει
2669 3470 2817 3551 ἔχειν
2871 3471 2977 3526 ἀπὸ
3032 3475 3142 3526 τῶν
3191 3468 3496 3546 βασιλικῶν
3548 3487 3749 3540 κουρα-

2092 3566 2358 3636 τωρειῶν.
2395 3563 2492 3616 Καὶ
2523 3561 2576 3616 ἐν
2611 3563 2656 3636 ᾧ
2713 3561 3011 3617 δαπανᾶται
3052 3563 3086 3630 ἡ
3149 3559 3408 3636 βασιλικὴ
3455 3556 3747 3634 ὑπουργία,

2096 3651 2236 3706 ὅπου
2267 3653 2397 3728 εὕρῃ
2447 3651 2617 3708 καλὸν
2678 3652 2820 3708 οἶνον
2879 3652 2967 3707 καὶ
3022 3649 3206 3706 ἔλαιον
3237 3649 3327 3704 καὶ
3386 3643 3606 3722 ὄσπρια,
3660 3644 3755 3701 ’ίνα

2097 3735 2389 3796 ἂπιϐάλλει
2443 3741 2494 3796 ἐν
2546 3748 2662 3804 τοῖς
2711 3740 2958 3817 ἀγγείοις
3025 3739 3212 3807 αὐτοῦ,
3245 3741 3337 3795 καὶ
3396 3739 3495 3794 ὅσα
3535 3734 3753 3808 ξενάλια

2098 3829 2321 3908 φέρουσί
2371 3852 2513 3893 τινες
2572 3837 2651 3904 τῷ
2685 3832 2902 3907 βασιλεῖ
2929 3832 2998 3886 τὰ
3053 3832 3149 3904 μὲν
3194 3830 3452 3906 βρώσιμα
3483 3821 3752 3901 λαμϐάνει

2101 3920 2130 3974 6
2151 3917 2240 3974 ἐπὶ
2269 3926 2369 3988 τῆς
2425 3923 2700 3994 τραπέζης
2731 3921 2821 3975 καὶ
2853 3921 2881 3975 6
2937 3918 3261 3994 ὃομὲστικος
3299 3925 3400 3988 τῆς
3452 3917 3754 3993 ὑπουργίας

2100 4009 2251 4064 καὶὸ
2292 4010 2562 4065 οἱκειακὸι,⁹
2591 4013 2681 4065 καὶ
2752 4008 3038 4086 βασιλικὸς
3097 4006 3414 4083 κελλάριος,
3464 4007 3554 4063 καὶ
3612 4005 3755 4062 ὅπου

2101 4098 2394 4174 προστάξει
2423 4099 2451 4153 6
2513 4099 2796 4176 βασιλεὺς,
2847 4096 3195 4172 διανέμουσιν
3249 4096 3406 4154 αὑτά.
3438 4097 3556 4171 Χρή
3592 4093 3650 4150 δὲ
3677 4117 3760 4170 γι-

2101 4189 2326 4245 νώσκειν
2359 4191 2452 4245 τὸν
2507 4189 2594 4245 ἐπὶ
2641 4197 2742 4260 τῆς
2791 4188 3066 4265 τραπέζης
3109 4192 3206 4244 τοῦ
3252 4181 3402 4261 ἔχειν
3434 4181 3750 4258 σοόρνοκςὸ

2103 4281 2241 4354 πρὸς
2296 4282 2398 4350 τὴν
2459 4276 2746 4350 ἀποϐολὴν
2805 4286 2906 4351 τῆς
2967 4277 3192 4356 Συρίας,
3251 4276 3340 4331 καὶ
3400 4273 3590 4330 δίκτυα
3640 4277 3760 4350 (78)

1383 4457 1588 4515 JOAN.
1627 4458 1769 4518 ΜΟ.
1812 4459 2076 4518 REISKII
2114 4457 2710 4518 COMMENTARIUS.

428 4621 541 4694 (74)
571 4620 743 4677 Novae
774 4615 1004 4673 Graecia
1051 4617 1420 4698 vocabulum
1447 4618 1558 4675 hoc
1588 4624 1754 4701 notat
1792 4635 2000 4702 argen-
2032 4624 2079 4690 D
2112 4624 2368 4702 meretur
2395 4619 2678 4702 Isidorus,
2709 4635 2824 4675 non
2858 4618 3086 4702 vid‘egm
3113 4632 3232 4702 qua
3259 4615 3541 4702 voce_alia
3570 4616 3758 4702 repeti

343 4695 464 4748 tum
497 4690 693 4757 omne,
729 4705 960 4754 cusum,
994 4705 1108 4744 non
1145 4705 1374 4757 cusum,
1407 4690 1466 4745 in
1501 4693 1776 4758 nummis,
1804 4690 1998 4746 in'su-

343 4761 892 4835 pellectile.Proprie
921 4770 975 4815 et
1006 4760 1064 4816 in
1096 4761 1322 4835 origine
1354 4767 1547 4817 tamen
1577 4768 1665 4818 est
1688 4767 1996 4835 argentum

341 4831 549 4892 casum
583 4836 641 4890 in
673 4831 1040 4888 nummorum
1077 4831 1526 4905 usum.Putatur
1555 4831 1791 4904 quidem
1822 4834 1997 4905 vulgo

343 4906 550 4963 Graecae
584 4905 828 4977 originis
858 4920 1009 4971 esse,
1042 4909 1098 4977 et
1133 4920 1246 4977 pro
1275 4903 1515 4975 ἄσημον,
1547 4903 1658 4961 non
1687 4921 1835 4973 cuso,
1887 4903 1997 4977 non

341 4979 588 5044 signato,
620 4975 878 5048 po'situm
904 4993 918 5042 ;
970 4975 1182 5049 deinde
1229 4977 1510 5049 ampliato
1540 4977 1890 5049 significatu
1922 4976 1998 5032 ad

343 5062 540 5102 cusam
575 5047 805 5118 quoque
833 5047 1151 5118 pecuniam
1184 5051 1434 5102 tractum
1471 5047 1671 5104 fuisse.

416 5118 528 5188 (75)
587 5117 758 5173 Paria
811 5117 1126 5190 ﬂascorum.
1195 5118 1570 5175 Nostratibus
1631 5121 1832 5190 ﬂascav,
1891 5121 1998 5190 ﬂa-

343 5189 530 5256 schen,
579 5190 840 5262 ﬂasconef
889 5201 1045 5262 sunt,
1072 5189 1233 5262 ipsas”
1263 5191 1520 5262 legente;
1555 5189 1654 5247 sed
1702 5189 1997 5248 veteribus

341 5257 765 5334 erant_tantt_zm
796 5257 1000 5334 thecae,
1034 5257 1351 5332 in'quibus'
1382 5257 1600 5333 legente
1632 5264 1994 5334 reponeban-

340 5335 460 5399 tur,
492 5332 609 5387 sive
639 5329 763 5405 illaa_
783 5330 1000 5385 vimine
1027 5329 1217 5405 texite,
1250 5334 1371 5389 sive
1402 5329 1621 5405 ligneae,
1657 5329 1777 5390 sive
1807 5334 1992 5390 coria-

340 5419 454 5457 ceaa
489 5409 702 5457 essent.
739 5403 898 5458 Patet
948 5418 1015 5456 ex
1048 5404 1270 5461 Isidoro
1305 5421 1318 5458 :
1351 5405 1537 5461 Flasca
1585 5403 1620 5460 a
1671 5405 1854 5462 Graeco
1902 5421 1990 5462 υο-

345 5475 542 5546 cabulo
567 5473 736 5530 dicta.
769 5475 874 5528 Hae
906 5489 1003 5541 pro
1032 5475 1284 5546 vehendis
1307 5493 1376 5531 ac
1422 5477 1782 5533 recondenda
1828 5477 1996 5546 phia-

265 5564 275 5574 ·
348 5545 414 5618 lis
443 5546 752 5618 plurimum
779 5548 1092 5618 factwisunt
1116 5562 1129 5611 ;
1154 5545 1388 5618 indeque
1406 5556 1738 5617 nuncupatas
1757 5565 1780 5611 ;
1808 5545 1996 5618 postea

345 5617 404 5670 in
437 5633 591 5690 usum
620 5617 740 5672 vini
783 5617 1135 5690 transierunt
1180 5617 1432 5690 manente
1475 5620 1654 5676 Graeco
1703 5617 1991 5690 vocabulo,

342 5689 488 5762 unde
519 5697 571 5743 et
601 5696 952 5762 sumpserunt
985 5689 1234 5762 initium.
1268 5689 1592 5762 Expediant
1612 5692 1710 5747 alii
1744 5690 1994 5762 obscura

346 5761 468 5816 hinc
501 5760 694 5817 verba.
731 5767 808 5816 De
838 5761 1064 5831 origine
1115 5761 1316 5818 Greca
1358 5760 1684 5819 rideamus.
1731 5762 1789 5818 Si
1819 5761 1993 5817 fidem

2108 4691 2272 4766 ηαξᾳο
2303 4696 2513 4766 (ιιιιειιῒἈ
2554 4687 2733 4766 quam
2781 4707 2818 4766 a
2871 4687 3072 4766 φόλλις
3128 4687 3308 4766 (quod
3368 4687 3523 4743 idem
3552 4690 3757 4766 _atque

2149 4756 2628 4842 ολὶς,’φολίδοξ,)
2678 4763 2830 4842 unde
2881 4756 3190 4842 φυλίης-ρξε’
3225 4761 3490 4842 (alcaeus,
3537 4756 3759 4842 Ῑιωειιρ.

2149 4781 2293 4830 οΛις,
2354 4781 2628 4838 φοΛιοος,)
2678 4781 2830 4817 υιιαο
2881 4781 3165 4838 φοΑισκος,
3225 4781 3490 4832 (muscus,
3537 4781 3757 4840 μωειιξ.

2106 4781 2294 4905 ἧσπερ,
2324 4841 2434 4890 etc.
2466 4835 2664 4904 Ipsum
2713 4840 2910 4890 tamen
2943 4853 2972 4888 a
3015 4833 3207 4905 phiala
3256 4829 3571 4903 repetiisse,
3612 4833 3757 4884 satis

2147 4911 2283 4961 atet.

2106 4923 2291 5047 p888.)
2323 4976 2455 5047 Ηωρ
2486 4983 2571 5032 est
2603 4976 2775 5046 plena
2804 4976 3006 5042 dictio,
3046 4992 3148 5047 pro
3178 4990 3298 5047 qua
3331 4972 3635 5047 Euripides
3665 4986 3761 5028 so-

2105 5045 2660 5120 lummodolimpvoc
2674 5045 3406 5120 dixit,subintelligendum
3423 5045 3766 5115 relinquens

2107 5113 2190 5178 ὄϊς
2223 5136 2238 5186 ;
2270 5119 2382 5177 vid.
2417 5113 2813 5176 Andromacb.
2845 5121 2972 5176 557.
3005 5120 3109 5176 Est
3136 5113 3336 5176 {utam
3367 5113 3606 5189 ὕπαρνος
3640 5129 3770 5185 quae

2106 5207 2231 5248 cum
2257 5207 2398 5262 agno
2427 5198 2528 5247 est.

2177 5257 2386 5334 (ςιτγν.
2431 5263 2686 5319 Bandur.
2739 5263 2809 5318 ad
2842 5263 3143 5320 Constant.
3197 5259 3476 5333 Porpbyr.
3530 5275 3590 5314 n.
3635 5257 3762 5313 365.

2108 5336 2167 5390 et
2190 5333 2288 5412 Qu
2319 5336 2512 5412 qange
2544 5334 2868 5412 Gl._Gr._h._
2895 5352 2965 5412 v._
3009 5406 3022 5412 _
3095 5406 3105 5412 _
3424 5407 3434 5412 _
3623 5404 3659 5412 η

2181 5406 2295 5478 (78)
2344 5400 2505 5463 Ver-"ti
2554 5408 2711 5463 retia.
2766 5407 2872 5463 Sed
2933 5406 3272 5464 debuissem
3319 5407 3496 5478 certe:
3551 5400 3766 5457 retibus

2107 5475 2350 5534 clausas.
2385 5479 2472 5536 Ita
2500 5494 2706 5534 caveas
2739 5479 2960 5534 retibus
2990 5479 3234 5544 cinctae,
3249 5475 3469 5546 quibus
3499 5489 3636 5546 aves
3665 5488 3766 5528 ae-

2106 5557 2437 5619 servantur,
2478 5551 2842 5621 Vngelbauer,
2882 5541 3308 5621 Aristophane—it
3333 5546 3498 5621 fligit
3548 5541 3766 5621 δίκτυα,

2101 5622 2322 5690 Avibus
2371 5609 2435 5677 νί
2477 5609 2614 5678 1083
2649 5637 2661 5673 :
2696 5609 2839 5678 Τὰς’
2866 5609 3520 5690 περιστερὰς-ξυλλαϐὼν
3561 5609 3763 5690 ,εἶρε-αξ

2104 5687 2220 5780 ἔχει
2273 5692 2364 5747 καὶ
2437 5691 2796 5766 ἰπαναγκάζει
2857 5683 3113 5744 παλεύειν
3193 5683 3479 5760 δεδεμένας
3557 5683 3643 5742 ἐν-
3677 5683 3763 5740 δι-

2101 5782 2270 5820 κτυω.
