4104 6380
317 287 438 346 877

927 283 1030 344 DE
1072 282 1527 346 CERIMONIIS
1571 284 1814 347 AULE
1854 282 2006 345 BYZ

2122 283 2327 345 ΤῘΝιΕ
2373 287 2522 346 LIB.
2570 285 2618 348 Ι.
2665 317 2740 331 -
2787 286 3123 348 APPEND.

3612 294 3733 354 878

315 437 418 486 την
452 417 550 490 (3)·
586 408 806 490 βιϐλίον
834 415 1300 487 συναντηματικὸν
1470 411 1687 492 βιϐλίον
1719 416 1780 470 τὸ
1810 434 1965 489 περι·-
1997 448 2008 485 Α

2122 431 2220 470 .em
2255 415 2483 472 codices
2514 416 2573 472 hi
2601 434 2614 474 :
2641 418 2850 474 rituale
2869 418 3333 476 ecclesiasticum
3359 437 3372 490 ;
3399 420 3535 477 libri
3556 427 3740 480 artem

319 507 458 584 ἑχον
491 502 613 579 περὶ
646 499 854 564 εὖδείας
907 504 980 574 (5)
1029 501 1119 556 καὶ
1151 507 1431 577 χειμῶνος
1473 506 1561 559 καὶ
1599 502 1792 575 ζάλης,
1827 504 1983 557 ὑετοῦ

318 616 378 652 τε
426 593 519 649 καὶ
566 591 853 667 ἀστραπῶν
903 591 994 645 κάῖ
1046 593 1293 666 βροντῶν
1327 595 1415 648 καὶ
1447 591 1662 666 ἀνέμων
1697 592 1980 672 ἐπιφορᾶς

321 683 461 760 πρὸς
518 683 734 744 τούτοις
809 680 1200 756 βροντολόγιον
1274 682 1362 737 καὶ
1436 682 1825 759 σεισμολόγιον
1882 683 1980 753 (6),

322 778 413 831 καὶ
469 770 648 848 ἕτερα,
717 771 816 826 ὅσα
871 776 1316 846 παρατηροῦνται
1386 775 1438 827 οἱ
1505 773 1824 829 πλευστικοὶ
1881 775 1982 847 (7)·

323 863 499 921 ἴστέον
535 860 613 932 δὲ,
664 861 746 916 ὅτι
794 864 1055 916 τοιοῦτον
1119 859 1335 936 βιϐλίον
1395 862 1768 942 ἐφιλοπονήθη
1809 863 1900 918 καὶ
1931 863 1991 918 ἐκ

331 951 564 1010 πολλῶν
620 945 848 1026 βιϐλίων
901 950 1167 1026 ἡρανίσθη
1222 953 1349 1028 παρ’
1400 951 1536 1025 ἐμοῦ
1579 955 1656 1027 (8)
1709 959 1988 1008 Κωνσταν-

331 1042 484 1099 τίνου
514 1039 566 1096 ἒν
598 1041 817 1112 Χριστῷ
853 1037 1069 1115 βασιλεῖ
1097 1039 1309 1112 αἰωνίῳ
1358 1040 1628 1115 βασιλέως
1672 1042 1986 1115 Ῥωμαίων,

332 1130 601 1206 Ἐπεύχια
621 1127 894 1209 φουνδάτα
933 1128 1008 1191 εἷς
1038 1129 1106 1184 τὰ
1129 1126 1524 1204 χαμόκουμϐα,
1550 1128 1643 1185 ²ίνα
1675 1131 1990 1187 ἂναπαύων-

327 1244 418 1278 ται
449 1222 502 1276 o't
532 1219 708 1298 φίλοι,
743 1220 876 1293 ἅπερ
907 1219 994 1273 καὶ
1025 1219 1377 1295 προείρηνται
1409 1221 1484 1282 εἷς
1517 1223 1617 1290 τὴν
1650 1217 1858 1276 ἔκθεσιν
1891 1226 1990 1276 τοῦ

331 1309 795 1385 μινσουράτωρος,
847 1307 931 1363 ὅτι
981 1305 1220 1363 δίδονται
1274 1309 1379 1364 ἀπὸ
1428 1313 1525 1364 τοῦ
1579 1308 1868 1384 βασιλιγοῦ
1903 1310 1992 1384 βες

325 1397 594 1475 στιαρίουο
646 1397 938 1472 θηριάκην,
988 1396 1194 1467 ἡνίτζιν
1255 1401 1352 1472 (9),
1407 1392 1566 1473 ἔτερα
1615 1397 1993 1475 ἀντιφάρμακα

2096 505 2332 578 regendi
2373 508 2662 564 exercitus
2697 507 2950 579 bellique
2989 510 3228 580 gerendi
3259 512 3572 582 docentes;
3604 515 3740 571 item

2097 597 2231 654 libri
2257 597 2829 668 mechanici,quibus
2852 603 2973 652 arte
2987 603 3045 654 et
3095 599 3489 658 instrumenta
3511 604 3744 674 capien-

2097 689 2307 746 darum
2334 687 2567 744 urbium
2591 693 2647 742 et
2667 687 2912 742 telorum
2929 688 3212 743 confectio
3228 693 3400 760 atque
3415 693 3748 761 ejaculandi

2099 780 2310 835 modus
2341 777 2780 842 describuntur,
2803 776 3035 848 aliaque
3060 778 3348 849 proposito
3370 784 3666 852 praesenti,
3689 783 3748 839 id

2099 877 2184 927 est
2229 868 2576 941 expeditioni
2630 867 2895 936 militari,
2943 884 3205 940 congrua
3243 873 3300 925 et
3340 871 3528 940 utilia,
3574 879 3638 929 ut
3681 874 3753 930 de

2100 960 2269 1016 bellis
2318 965 2557 1031 agentes
2599 966 2654 1014 et
2703 959 2774 1014 de
2826 957 3050 1014 ratione
3098 964 3290 1016 castra
3339 963 3751 1034 oppugnandi;

2101 1047 2362 1104 historici
2411 1064 2666 1120 quoque,
2701 1048 2982 1117 praecipue
3013 1046 3316 1120 Polyaenus
3357 1054 3416 1106 et
3449 1051 3753 1123 Syrianus.

2098 1139 2270 1193 Liber
2329 1137 2722 1208 [Artemidori]
2786 1137 3177 1194 Oneirocrites
3250 1139 3467 1210 dictus,
3527 1158 3624 1197 seu
3684 1143 3754 1198 de

2100 1228 2461 1284 somniorum
2512 1227 3030 1298 interpretatione;
3064 1227 3215 1283 alius
3247 1232 3753 1300 synantematicus

2102 1333 2198 1374 seu
2234 1319 2304 1372 de
2335 1315 2632 1373 ominibus
2665 1333 2793 1387 qua:
2826 1315 3146 1386 capiuntur
3175 1333 3208 1372 e
3239 1318 3412 1374 rebus
3442 1320 3588 1376 vivis
3620 1337 3754 1376 mu-

2103 1407 2247 1462 tisve
2269 1408 2423 1460 foras
2445 1405 2750 1477 prodeunti
2765 1414 2863 1460 aut
2885 1404 3105 1476 aliquid
3134 1407 3465 1464 instituenti
3500 1410 3753 1479 primum

1403 1498 1606 1553 JOAN°
1637 1500 1785 1554 JAC.
1821 1500 2085 1558 REISKII
2129 1501 2705 1561 COMMENTARIUS.

397 1591 477 1662 (3)
513 1588 909 1644 Proculdubio
938 1589 1376 1662 Artemidorum
1437 1588 1735 1662 intelligit,
1769 1591 1868 1660 qui
1899 1606 1994 1645 so-

328 1662 442 1729 lus,
477 1665 623 1716 bona
656 1661 906 1727 fortuna,
937 1661 1106 1716 nobis
1140 1665 1408 1730 superest
1456 1677 1523 1714 ex
1551 1661 2000 1729 ioneirocritiro-

333 1751 466 1814 rum
498 1743 754 1814 veterum
791 1730 1471 1814 numero._Uttotinugis
1492 1734 1995 1814 etraporibusdif:

335 1805 468 1862 fcrti
498 1811 661 1860 erant
682 1803 859 1858 medii
906 1806 1007 1857 sivi
1070 1804 1362 1868 homines,
1383 1779 1664 1858 δαί-εδει(
1693 1804 1988 1859 barbarici
2029 1779 2075 1843 Β

341 1877 595 1933 tenebris
628 1876 837 1946 sepulti
872 1892 972 1944 pro
1002 1874 1162 1929 fatali
1183 1877 1438 1946 quadam
1463 1877 1721 1946 istorum,
1744 1876 1988 1931 saeculo-

339 1965 472 2005 rum
506 1945 895 2014 inclementia,
919 1949 1004 2002 sic
1032 1945 1213 2001 etiam
1240 1947 1455 2001 relictis
1488 1945 1821 2001 utilioribus
1862 1953 1988 2001 stu-

339 2021 477 2086 diis,
509 2019 568 2074 in
601 2019 788 2073 varias
819 2025 994 2083 artes,
1047 2018 1554 2087 interpretationes
1606 2019 1989 2085 somniorum,

339 2090 850 2148 constellationum
875 2089 1267 2159 judicationes
1297 2095 1353 2145 et
1382 2089 1604 2145 similes
1635 2089 1986 2161 quisquilias

337 2171 460 2220 toto
495 2161 1191 2234 pectureincumbebant.
1238 2232 1245 2234 _
1511 2232 1543 2234 ᾗ,
1585 2207 1594 2216 .

410 2232 928 2307 (4)‘_Sic_scriptu_m
964 2249 1120 2307 more
1152 2232 1323 2287 istius
1353 2232 1546 2307 saeculi
1581 2249 1684 2302 pro
1730 2251 1992 2307 συναντη-

340 2301 595 2379 ματιὶιόν,
627 2304 843 2360 librum
869 2305 925 2358 in
959 2320 1072 2375 quo
1102 2305 1497 2379 interpretatio
1543 2301 1653 2356 τῶν
1687 2301 1930 2379 συναντώ
1949 2323 2002 2379 νζ

335 2373 468 2445 ¹των,
504 2393 699 2433 rerum
731 2373 1346 2447 occurrentium,quid
1379 2392 1580 2430 earum
1610 2393 1852 2447 quisque
1869 2373 2006 2430 boni

339 2451 552 2507 malive
575 2449 901 2518 portendat,
933 2449 1278 2503 continetur.
1323 2449 1623 2502 Amabant
1673 2458 1894 2502 veteres
1936 2463 2003 2502 ex

339 2525 511 2579 rebus
543 2519 983 2576 occurrentibus
1013 2535 1185 2575 omen
1217 2525 1472 2590 captare.
1507 2520 1677 2574 Conf.
1712 2520 2002 2588 Spartiau.

347 2596 404 2648 in
435 2595 641 2648 Severo
673 2597 715 2648 t.
752 2591 923 2647 lScr.
971 2595 1038 2647 Η.
1087 2598 1228 2662 Aug.
1267 2608 1320 2659 p.
1353 2591 1481 2650 637.
1547 2596 1604 2646 et
1652 2591 2004 2645 Artemidor.

349 2665 513 2732 lV,7.
548 2664 766 2722 Relerri
801 2663 915 2717 huc
955 2679 1186 2734 quoque
1236 2672 1482 2732 possunt
1537 2662 1717 2734 dicta,
1748 2663 1807 2716 in
1841 2662 2004 2716 libris

359 2737 585 2804 scriptis
606 2737 858 2806 primum
884 2734 940 2788 in
965 2733 1162 2788 oculos
1182 2735 1558 2798 incurrentia,
1577 2751 1606 2787 e
1621 2733 1838 2804 quibus
1853 2737 2003 2806 vete-

367 2823 462 2862 res
486 2803 676 2862 omina
706 2805 1041 2876 captabant.
1094 2806 1399 2861 Plebecula
1455 2803 1653 2860 nostra
1680 2810 1736 2859 et
1768 2803 2004 2859 mulier-

378 2876 817 2949 culzepraicipue
850 2893 1024 2932 mane
1069 2883 1408 2949 surgentes“
1438 2883 1535 2931 aut
1584 2876 1817 2949 aliquod
1860 2891 2007 2949 Opus

379 2947 747 3019 suscipientes
778 2949 1046 3003 evolvunt
1080 2965 1247 3005 sacra
1272 2947 1472 3014 biblia,
1505 2957 1559 3002 et
1598 2965 1628 3003 ο
1661 2947 1811 3003 lastis
1837 2948 2008 3001 tristi-

369 3019 563 3088 busvc,
599 3021 763 3075 minis
792 3025 897 3092 aut
926 3021 1416 3092 promissionibus
1473 3021 1541 3073 de
1573 3019 1788 3074 tuturis
1820 3019 2010 3092 conji-

363 3092 539 3147 ciunt.
577 3092 730 3146 ldem
753 3091 892 3147 olim
914 3090 1092 3147 Graeci
1128 3093 1414 3147 faciebant
1443 3107 1576 3146 cum
1601 3107 1766 3145 sacro
1785 3090 2000 3154 codice,

2112 1592 2414 1667 βηματίσαι
2481 1592 2582 1659 τήν
2641 1592 2766 1670 τῶν·
2809 1590 3018 1664 ἄστρων
3078 1589 3220 1670 Θξσιν
3279 1594 3754 1670 περιεργάζονται,

2108 1662 2475 1738 imperatores
2506 1667 2574 1738 ab
2612 1662 2766 1738 omni
2812 1662 2970 1738 aetate
2997 1667 3073 1718 ad
3113 1665 3234 1735 ipsa
3274 1662 3755 1738 nostra'teinpord

2108 1740 2335 1808 fuerunt
2382 1736 2559 1792 seduli
2608 1735 3057 1808 indagandarum
3090 1738 3440 1808 positionum
3480 1735 3757 1796 astrorum

2109 1805 2200 1865 Seu
2247 1809 2561 1881 astrologis
2598 1805 2925 1881 judiciariae
2973 1805 3230 1876 studiosi,
3261 1810 3394 1865 adeo
3432 1819 3490 1865 ut
3517 1814 3755 1881 quidam

2106 1883 2279 1935 etiam
2310 1879 2543 1953 priuata
2585 1878 2995 1953 descripserint,
3029 1881 3411 1953 seutabulas,
3444 1878 3752 1953 inquibus

2107 1957 2268 2007 astra
2303 1948 2363 2023 in
2409 1967 2549 2023 suos
2599 1948 2830 2023 gradus
2849 1956 2906 2004 et
2935 1951 3406 2008 constellationes
3447 1948 3754 2023 disposita,

2107 2021 2442 2094 triangulis,
2469 2021 2706 2094 circulis
2736 2021 2981 2090 aliisque
2999 2023 3216 2094 ﬁguris
3245 2024 3526 2079 distincta
3545 2021 3697 2080 sunt
3726 2021 3758 2082 e

2153 2092 2358 2168 uorum
2392 2092 2906 2168 combinationeet
2929 2092 3315 2168 calculatione
3337 2096 3408 2150 de
3433 2098 3641 2151 futuris
3664 2098 3758 2168 ju-

2153 2111 2358 2150 uorum
2392 2111 2827 2150 commnauone
2851 2111 2906 2147 et
2929 2111 3315 2150 caicuiauone
3337 2111 3408 2150 ue
3433 2111 3641 2151 tuturis
3664 2113 3756 2168 Ju-

2109 2111 2328 2222 gicium
2355 2165 2607 2220 elicitur.
2628 2161 2982 2218 Consulatur
3011 2164 3338 2221 Salmasius
3365 2167 3434 2221 de
3456 2169 3628 2222 annis
3651 2167 3756 2222 cli-

2109 2237 2457 2292 macterciis.
2486 2237 2702 2305 Hiciest
2727 2235 2834 2290 loci
2863 2251 3076 2292 sensus
3097 2238 3268 2305 vulgo
3290 2238 3438 2294 male
3456 2239 3754 2294 intellecti.

2110 2310 2359 2366 Verbum
2398 2304 2701 2381 mystica:
2727 2308 2881 2381 idem
2905 2315 2990 2362 est
3013 2304 3515 2381 οῐαυοίθεματίσαι,
3541 2311 3611 2366 de
3642 2326 3760 2381 qua

2109 2397 2248 2436 voce
2274 2378 2500 2435 vidﬁDu
2525 2380 2717 2449 Gange
2738 2378 2921 2453 Gloss.
2945 2378 3489 2453 Gr.Rideaslegens
3508 2378 3759 2452 aliquem

2112 2454 2266 2508 inter
2313 2453 2462 2523 bona
2512 2467 2620 2523 sua
2663 2456 2718 2505 et
2755 2449 2940 2523 libros
2990 2451 3153 2518 alios,
3205 2449 3374 2523 quos'
3407 2449 3757 2508 monasterio

2110 2524 2344 2580 cuidam
2391 2521 2547 2594 legat
2594 2521 2768 2591 (apud
2820 2521 3306 2594 Montfaucon‘fin
3347 2524 3620 2594 Paleogr.
3656 2525 3755 2580 Gr.

2113 2612 2170 2665 p.
2201 2595 2335 2665 414)
2355 2587 3044 2665 etiamnnumerarea’zno
3089 2587 3308 2665 βιϐλίον
3350 2587 3584 2648 παλαιὸν
3623 2594 3761 2648 κατά

2111 2657 2660 2754 ἆστρονὸμουςὶέχὶον
2720 2660 2973 2754 γενέθλια
3025 2657 3115 2754 κεέί
3174 2661 3487 2738 ὡρολόγιον
3548 2666 3639 2719 καὶ
3690 2665 3759 2718 τὰ

2456 2753 2459 2754 ,
2537 2738 2546 2754 Σ
2661 2750 2714 2754 Α--
2764 2734 2842 2754 κ..)
2890 2751 2934 2754 ---
2978 2742 3049 2754 ,κι
3109 2736 3154 2754 9L
3287 2737 3298 2748 ⁸
3560 2739 3571 2750 ο
3665 2738 3718 2754 οη

2111 2683 2484 2754 αστρονομους
2532 2683 2660 2788 εχῘρν
2720 2683 2973 2788 ’ἱενξυΛια
3025 2683 3115 2717 και
3174 2683 3487 2738 ωροΛογιον
3548 2686 3639 2719 και
3690 2685 3758 2718 τα

2109 2755 2416 2810 τριακοντα,
2452 2736 2549 2810 ubi
2623 2750 2716 2810 oro
2752 2751 2947 2810 ogzum_
2969 2742 3057 2790 est
3086 2736 3250 2800 liber,
3284 2737 3343 2792 in
3377 2755 3493 2808 quo
3526 2738 3758 2810 signifie-

2112 2804 2297 2872 catur,
2322 2825 2446 2877 quas
2470 2807 2625 2862 horae
2649 2808 2811 2860 bonae
2828 2804 3091 2880 malave,
3116 2814 3170 2862 et
3193 2804 3412 2878 quibus
3430 2804 3758 2880 Opus—quod

2111 2880 2510 2950 incipiendum
2539 2877 2840 2950 ne_cne,vel
2865 2879 2933 2931 de
2958 2877 3398 2944 tempestatibus
3424 2881 3582 2936 anni.
3608 2877 3756 2945 Quid

2113 2953 2188 3007 ibi
2225 2948 2342 3006 sint
2379 2949 2446 3002 τὰ
2491 2948 2788 3022 τριάκοντα
2829 2952 3042 3022 nescio.
3077 2950 3242 3006 Forte
3290 2958 3378 3007 est
3427 2954 3761 3022 astrologus

2114 3023 2327 3094 aliquis
2359 3019 2659 3094 Arabicus,
2693 3021 2792 3094 qui
2829 3019 3041 3076 librum
3075 3039 3248 3077 suum
3297 3025 3479 3090 cupita
3527 3019 3762 3094 triginta

2117 3093 2437 3164 insoripsit.
2489 3093 2889 3164 Nugacitatem
2947 3097 3005 3146 et
3061 3094 3452 3165 ignorantiam
3514 3093 3765 3151 istOrum

360 3138 2000 3234 B't'E"T't§€th§éKé323356351336}:'Zl'§,'p§iiéii
2035 3138 2076 3205 C
2119 3138 2450 3236 ἰὲἷιῖρὸἵςῖλίἓι
2483 3138 2889 3220 ἐΐῗᾶἐέίῖἰζὰἶ
2923 3138 3761 3236 sitdizt'aa‘B‘aﬁtgms;

359 3235 838 3290 Muhammedani
857 3252 962 3291 suo
975 3237 1262 3291 Alcorano
1275 3250 1344 3290 eu
1357 3236 1546 3290 mdem
1565 3235 1620 3288 in
1644 3235 1814 3288 linem
1835 3238 2012 3288 utun-

355 3312 466 3374 tur,
491 3305 687 3362 etvidi
711 3308 924 3362 multos
960 3307 1231 3363 Alcorani
1281 3307 1532 3372 codices,
1565 3306 1776 3376 quibus
1807 3306 1862 3358 in
1898 3305 2010 3359 ﬁne

359 3379 628 3434 additum
660 3383 784 3434 erat
813 3378 948 3450 phal
984 3379 1192 3434 nameh
1226 3394 1327 3434 seu
1353 3379 1638 3450 interpres
1660 3376 1922 3431 omnium
1944 3392 2011 3450 ex

358 3451 641 3506 Alcorano
674 3448 1122 3522 emergentium.
1143 3451 1222 3505 De
1253 3449 1508 3505 sortibus
1532 3449 1864 3522 Virgilianis
1887 3448 2012 3522 egit

360 3523 742 3578 Casaubonus
774 3515 1079 3592 ad'Script.
1106 3521 1251 3578 Ilist.
1288 3528 1434 3592 Aug.
1469 3525 1510 3574 t.
1551 3522 1587 3586 Ι,
1716 3521 1798 3584 19,
1834 3520 1904 3573 ad
1938 3515 2013 3573 lo-

361 3609 494 3650 cum
511 3593 827 3662 Spartiani,
844 3609 1018 3664 quem
1038 3595 1186 3648 bona
1207 3609 1338 3648 cum
1364 3593 1593 3648 lectoris
1609 3593 1844 3664 veniain
1860 3596 2011 3644 tran-

364 3665 478 3720 situ
496 3664 672 3720 simul
687 3663 1009 3720 emendabo
1023 3675 1070 3720 et
1087 3665 1394 3720 illustrabo
1408 3663 1851 3718 brevibus.Puto
1865 3677 2015 3717 nem-

365 3753 436 3809 pe
455 3744 539 3792 sic
561 3735 870 3809 legendum
905 3753 1038 3809 eum
1072 3751 1233 3809 esse:
1255 3739 1366 3806 fuit
1388 3735 1718 3809 (Adrianus)
1741 3733 1801 3789 in
1825 3748 2016 3809 amore

365 3805 919 3877 Trajaniﬁectamen
937 3805 1500 3880 ei(AdrianO)per(id
1516 3809 1628 3876 est)
1650 3809 1734 3872 ob,
1760 3805 2015 3880 promer)

366 3876 691 3950 pedagogos
740 3876 1055 3949 puerorum,
1097 3897 1233 3950 quos
1281 3880 1555 3947 ijanus
1587 3878 1892 3948 impensius
1925 3876 2015 3931 di-

369 3951 599 4020 ligebat,
649 3950 798 4007 Celso
844 3949 1311 4018 faventes’detulit
1361 3949 1650 4018 Rescripsi
1700 3949 1854 4004 Celso
1916 3963 2016 4018 pro

369 4023 531 4080 Gallo
561 4023 635 4078 ob
663 4039 731 4078 ea
760 4039 887 4092 quas
912 4041 965 4093 p.
1000 4024 1068 4077 39
1100 4023 1396 4094 leguntur.
1457 4023 1654 4076 Detulit
1686 4026 1877 4094 autem
1913 4035 2013 4088 po-

369 4096 551 4150 situm
571 4112 672 4164 pro
684 4089 925 4149 multum
945 4089 2020 4164 detulitfnempeTrajanusﬁxaplCe-co-

368 4168 591 4237 deferre
621 4173 760 4221 tunc
790 4167 1060 4221 dicebant
1093 4177 1145 4221 et
1163 4166 1416 4236 sequiori
1449 4174 1612 4219 astate
1655 4181 1756 4234 pro
1778 4164 2018 4237 multum

369 4234 476 4292 aut
503 4237 719 4309 aliquid
749 4238 928 4293 alicui
957 4237 1187 4308 deferre.
1241 4234 1334 4293 Sie
1393 4238 1633 4309 passim_
1661 4235 1908 4288 occurrit
1957 4234 2017 4309 in

367 4305 765 4380 Scriptfllist.
826 4318 972 4380 Aug.
1022 4305 1185 4365 Cano
1240 4325 1292 4364 v.
1327 4305 1556 4364 concilii
1615 4305 2019 4380 Lateranensis

369 4376 526 4450 apud
551 4376 1012 4448 Neubrigensém
1045 4380 1080 4435 l.
1118 4398 1200 4444 In,
1235 4397 1282 4435 c.
1336 4382 1388 4435 3.
1449 4380 1684 4434 Tantam
1743 4380 1801 4431 in
1830 4376 2020 4450 Cirris-

367 4447 553 4509 tianos
581 4447 985 4508 immanitatem
1013 4456 1286 4517 exercent,
1314 4457 1374 4506 ut
1395 4467 1496 4506 nec
1513 4449 1834 4506 monasterii
1870 4447 2020 4514 defe-

367 4528 522 4590 rant,
552 4540 649 4580 nec
675 4523 860 4579 viduis
891 4541 955 4579 ac
1031 4525 1280 4593 pupillis,
1325 4539 1437 4580 non
1483 4524 1670 4594 pueris
1699 4536 1764 4575 ac
1781 4519 2021 4590 senibus,

370 4612 491 4651 non
521 4597 746 4652 cuilibet
765 4600 998 4666 parcant
1026 4597 1192 4651 atati.

444 4669 522 4738 (5)
559 4662 967 4737 Imperatorem
1002 4667 1372 4723 astronomia
1405 4664 1736 4735 aliqualiter
1766 4662 2020 4732 peritum

371 4743 433 4795 et
456 4739 568 4794 diei
605 4739 911 4812 noctisque
942 4745 1120 4812 atque
1152 4743 1560 4812 tempestatem
1586 4751 1718 4812 esse
1734 4739 2021 4812 oportere,

371 4812 700 4883 luculenter
712 4806 1081 4867 demonstrat
1095 4806 1361 4883 Polybius
1374 4810 1622 4883 pag._55li
1653 4808 1741 4883 ed_.
1757 4806 2020 4883 Wecbel.

449 4882 528 4953 (6)
749 4887 836 4938 Du
868 4887 1058 4953 Cange
1116 4876 1217 4938 Gl:
1269 4876 1391 4937 Gr.'
1422 4876 1478 4936 νῖ
1509 4876 1908 4953 Βροντολόγιον
1969 4881 2025 4932 et

384 4948 860 5027 Καλανόολόγιον,
887 4948 1469 5027 υὺΓΟοΙοηόοιοείοιι
1510 4948 2020 5027 Grecobarbarum

374 5026 659 5098 exhibuit,
693 5023 808 5098 quo
839 5023 1357 5096 designatur,quid
1386 5023 2025 5098 tempestatistfortunaa

377 5093 853 5170 calamitatu'mve
867 5093 1272 5170 unusquisque
1285 5097 1410 5170 dies
1425 5093 1717 5170 importet.
1733 5093 2023 5164 Navigan-

375 5168 539 5225 tibus
571 5187 741 5224 usum
776 5166 1055 5238 prestare
1082 5166 1260 5225 libros
1292 5169 1470 5238 hujus
1494 5166 1724 5239 generis
1754 5170 1810 5219 et
1827 5180 2026 5239 neces-

377 5241 570 5297 sarios
601 5257 730 5297 esse
760 5235 925 5296 facile
957 5241 1258 5308 largimur.
1287 5235 1814 5295 Verum—excessum
1845 5239 1899 5290 in
1939 5235 2028 5290 his

377 5314 450 5368 ad
482 5313 751 5367 insanum
778 5315 1044 5368 studium
1078 5321 1135 5368 et
1157 5313 1628 5382 superstitionem
1656 5309 2028 5376 fuit,praeser-

378 5385 486 5440 lim
520 5384 578 5438 in
613 5384 872 5452 Oriente,
906 5387 1074 5452 cujus
1107 5381 1263 5448 reges
1298 5385 1617 5453 praecipuos
1650 5382 1952 5436 ministros
1975 5381 2032 5432 et

379 5455 606 5512 amicos
625 5456 954 5512 habuerunt
988 5472 1213 5526 semper
1243 5459 1299 5510 et
1355 5457 1548 5510 adhuc
1593 5453 1809 5526 habent
1840 5453 2028 5526 Almo-

378 5545 638 5598 naggem,
669 5528 1054 5600 astrologum,
1087 5522 1152 5582 ut
1188 5543 1256 5584 ex
1301 5526 1562 5581 historiis
1596 5522 2029 5600 etitinerariis,

378 5594 728 5655 ut'Bernieri
743 5605 798 5654 et
819 5594 1092 5664 aliorum,
1115 5603 1363 5655 constat.
1389 5603 1586 5670 Neque
1609 5598 1802 5652 minus
1825 5594 2033 5670 favisse

376 5688 544 5728 vanae
579 5672 713 5728 huic
746 5673 850 5726 arti
880 5671 1112 5728 Graecos
1134 5665 1542 5741 imperatores,
1564 5668 1826 5741 ipsorum
1849 5665 2033 5741 histo-

379 5745 470 5799 ria
499 5748 559 5800 et
588 5743 823 5800 Nicctas
850 5743 1158 5813 Choniates
1190 5737 1245 5813 ρ’.
1278 5743 1384 5813 342
1417 5737 1682 5813 testatur,
1715 5740 1884 5813 cujus
1912 5737 2034 5813 haec

380 5818 528 5876 sunt
581 5817 807 5876 verba:
866 5813 935 5873 Οἱ
974 5811 1026 5868 ἐι·
1082 5804 1230 5889 ἡμᾶς
1285 5804 1681 5891 αὒτοκράτοριξ
1725 5804 1815 5865 καὶ
1867 5804 2033 5884 μέχρι

2119 3237 2448 3294 liberalium
2473 3253 2586 3290 non
2612 3253 2678 3290 ex
2701 3236 2800 3290 illo
2824 3236 3031 3290 insano
3051 3237 3111 3290 in
3136 3238 3504 3302 astrologiam
3529 3238 3761 3303 affectu,

2120 3316 2215 3366 sed
2250 3309 2425 3363 etiam
2460 3324 2526 3364 ex
2558 3324 2624 3362 eo
2656 3323 2956 3378 agnoscas,
2992 3309 3146 3378 quod
3179 3308 3238 3362 in
3279 3309 3447 3364 turba
3479 3325 3764 3365 vanorum

2119 3387 2178 3437 et
2208 3379 2504 3434 inutilium
2537 3379 2844 3443 librorum,
2870 3395 3013 3449 quos
3042 3380 3425 3449 imperatores
3446 3380 3540 3434 hic
3562 3381 3766 3436 dicun-

2121 3458 2219 3508 tur
2246 3452 2305 3506 in
2337 3455 2529 3524 castra
2560 3465 2755 3524 secum
2781 3451 3032 3524 trahere,
3055 3452 3390 3507 tabularum
3423 3452 3765 3524 geographi-

2121 3539 2322 3590 carum
2357 3527 2412 3578 et
2440 3523 2877 3577 itinerariorum
2913 3521 3073 3578 nulla
3108 3524 3324 3578 mentio
3353 3521 3474 3589 (int,
3499 3521 3651 3594 quas
3678 3540 3772 3579 co-

2124 3596 2358 3668 mitatae
2381 3594 2798 3668 luisseveteres
2822 3594 3000 3668 impp.
3016 3600 3275 3668 testatur
3294 3595 3690 3668 Vegetiuslll,
3712 3596 3770 3651 6.

2125 3667 2214 3723 his
2238 3666 2453 3721 verbis:
2472 3667 2802 3722 Solertiores
2823 3665 2983 3736 duces
3004 3665 3310 3722 itinerario
3331 3665 3769 3736 provinciarum,

2125 3740 2180 3794 in
2232 3739 2428 3809 quibus
2458 3739 2766 3810 necessitas
2810 3734 3016 3810 [χρεία,
3068 3754 3157 3793 res
3205 3734 3396 3808 aliqua
3424 3739 3771 3810 _r.ecessario

2125 3808 2474 3881 peragenda]
2499 3811 2732 3876 geritur,
2748 3808 3104 3881 Anon'tantum
3125 3813 3392 3863 annotata
3423 3808 3770 3881 [litterarum

2126 3879 2522 3937 monumentis
2549 3881 2604 3934 in
2631 3879 2794 3934 libris
2828 3880 3061 3948 scriptis
3083 3879 3470 3950 consignata].
3492 3879 3584 3933 sed
3605 3882 3774 3935 etiam

2121 3958 2270 4024 picta
2303 3950 2555 4024 habuisse
2583 3952 2884 4024 ﬁrmantur
2913 3950 3184 4024 [boc_est,
3208 3957 3365 4005 certa
3387 3956 3443 4005 et
3461 3967 3593 4005 vera
3619 3952 3774 4007 fama

2127 4022 2681 4094 traduntur];utnon
2700 4023 2876 4094 solum
2898 4022 3126 4076 consilio
3149 4025 3368 4094 mentis,
3391 4039 3582 4078 verum
3605 4026 3776 4080 etiam

2124 4104 2342 4164 aspectu
2373 4092 2654 4148 oculorum
2686 4092 2835 4148 viam
2865 4093 3192 4162 proiecturis
3223 4094 3504 4162 eligerent.

2196 4165 2274 4236 (7)
2297 4165 2536 4236 ΔΝιιηιω,
2569 4165 2665 4235 qui
2699 4167 2912 4232 saepius
2946 4165 3242 4233 navigant.
3269 4165 3347 4220 De
3371 4165 3775 4236 terminatione

2129 4233 2211 4291 in
2245 4233 2338 4294 κός
2404 4253 2504 4307 pro
2565 4233 2803 4307 nomine
2853 4237 3246 4300 subetantivo,
3303 4233 3637 4294 υιναυτικός
3671 4252 3774 4307 pro

2126 4303 2749 4380 nautatcrpartwrtxdc
2793 4325 2893 4376 pro
2922 4309 3118 4377 milite,
3151 4325 3203 4363 v.
3242 4307 3428 4364 Vales.
3477 4308 3548 4364 ad
3580 4303 3772 4363 Anim.

2129 4378 2382 4435 Marcell.
2420 4378 2473 4448 p.
2511 4380 2606 4434 161
2643 4385 2700 4434 et
2731 4380 2861 4435 426.

2203 4450 2278 4534 (8.)
2313 4456 2393 4506 De
2425 4452 2531 4506 hoc
2563 4450 2709 4506 libro
2742 4450 2949 4506 uullibi
3009 4451 3366 4508 mentionem
3426 4451 3641 4506 factam
3687 4449 3778 4506 in-

2134 4538 2289 4578 vent.

2201 4593 2280 4663 (9)
2311 4593 2450 4649 Cum
2492 4592 2682 4665 locum
2716 4592 2874 4650 hunc
2905 4597 3210 4662 verterem,
3245 4592 3608 4665 nesciebam,
3633 4591 3777 4665 quid

2129 4665 2254 4721 haec
2283 4681 2390 4721 vox
2421 4664 2535 4720 sibi
2565 4665 2740 4721 vellet
2771 4671 2872 4722 aut
2911 4667 3066 4722 unde
3093 4665 3339 4733 veniret,
3382 4663 3777 4736 quamvis'suo

2130 4738 2382 4808 spicarer
2409 4737 2714 4794 Arabicam
2747 4753 2894 4794 esse.
2929 4737 3130 4808 Neque
3163 4737 3339 4794 falsus
3371 4737 3451 4792 fui
3484 4736 3779 4808 conjectu-

2131 4807 2355 4864 rie.Vix
2384 4813 2580 4881 tamen
2641 4825 2920 4880 unquam,
2971 4807 3083 4864 nisi
3141 4807 3674 4881 ipsagexperientia
3721 4809 3780 4863 et

2132 4881 2311 4951 hujus
2324 4879 2588 4935 vocabuli
2603 4877 2868 4952 exemplo
2897 4882 3126 4952 doctus,
3155 4877 3535 4936 credidissem
3549 4877 3779 4952 Graecos

2132 4950 2335 5015 novos,
2367 4953 2463 5020 qui
2496 4967 2674 5022 penes
2697 4950 3025 5023 mequidem
3048 4951 3399 5023 ineptiarum
3440 4960 3494 5008 et
3513 4950 3780 5007 sordium

2133 5023 2394 5094 omnium
2419 5037 2665 5094 capaces
2687 5023 2997 5089 habentur,
3015 5038 3082 5078 eo
3129 5024 3484 5094 processisse
3515 5038 3780 5094 unquam

2131 5093 2380 5152 licentiae
2414 5093 2471 5147 in
2494 5095 2954 5167 deturpandiset
2976 5093 3314 5150 mutilandis
3339 5093 3665 5167 peregrinis
3686 5109 3781 5149 vo-

2136 5168 2327 5232 cibus,
2361 5169 2420 5220 ut
2451 5167 2780 5239 eremplum
2818 5165 2930 5222 tale
2978 5169 3233 5233 ederent,
3291 5165 3464 5239 quale
3488 5165 3631 5222 ’hoc
3667 5170 3777 5221 est.

2139 5243 2241 5310 Pro
2263 5234 2645 5310 σικιπτ,νίτζιν’,
2681 5239 2834 5310 quod
2880 5251 3212 5308 sagapenum
3261 5234 3540 5310 Arabitus
3591 5242 3779 5310 notat,

2137 5309 2332 5364 ablata
2360 5308 2584 5382 meliori
2623 5308 2802 5382 parte,
2835 5310 3205 5379 expeditioris
3227 5309 3572 5382 elocutionis
3594 5309 3783 5382 gratia

2137 5381 2404 5435 dixerunt
2436 5374 2666 5453 ἠνίτζιν.
2700 5374 2830 5436 Vid.
2863 5374 2948 5437 Du
2972 5383 3164 5453 Cange
3194 5400 3245 5438 v.
3301 5374 3626 5448 Σικινίϐιτζ,
3679 5379 3781 5435 ubi

2137 5453 2325 5508 varios
2355 5452 2645 5508 scribendi
2678 5453 2826 5508 hanc
2857 5470 3062 5508 vocum
3098 5452 3296 5509 modos
3330 5456 3548 5523 profert
3579 5467 3782 5522 pravos

2139 5539 2344 5580 omnes
2377 5532 2583 5593 praeter
2613 5541 2795 5580 unum
2829 5524 3144 5595 σικιπίνιτζ,
3177 5529 3234 5580 et
3277 5527 3504 5595 adjecta
3537 5523 3784 5579 termina

2141 5596 2297 5652 tione
2339 5614 2382 5647 ιν
2415 5596 2542 5666 (pro
2577 5597 2679 5666 ιον)
2710 5594 3080 5666 σικιπινίτζιν,
3115 5601 3214 5652 aut
3254 5594 3481 5652 similes
3507 5595 3783 5664 scriptio-

2144 5685 2248 5723 nes
2283 5661 2671 5736 vthGwith'
2698 5673 2756 5724 et
2785 5661 3158 5739 σιχιϐινῖτζιν.
3191 5667 3557 5739 Sagapenum
3587 5661 3783 5739 autem

2145 5739 2528 5798 utilissimum
2553 5735 2681 5797 esse
2701 5735 2957 5811 simplex
2973 5735 3088 5798 tam
3106 5741 3166 5798 in
3191 5735 3502 5805 medicina,
3525 5752 3701 5810 quam
3725 5735 3784 5792 in

2148 5811 2464 5890 chirurgia,
2495 5816 2702 5872 notum
2731 5815 2843 5873 est.
