  <div class='ocr_page' id='page_1' title='image "/cluster/home/n/w/nwhite01/storage/ocr_20150623/112:no.1/coo.31924054870161/459.png"; bbox 0 0 4104 6384; ppageno 0'>
   <div class='ocr_carea' id='block_1_1' title="bbox 345 288 462 349">
    <p class='ocr_par' dir='ltr' id='par_1_1' title="bbox 345 288 462 349">
     <span class='ocr_line' id='line_1_1' title="bbox 345 288 462 349; baseline 0.017 -2"><span class='ocrx_word' id='word_1_1' title='bbox 345 288 462 349; x_wconf 88' lang='grc'><strong>903</strong></span> 
     </span>
    </p>
   </div>
   <div class='ocr_carea' id='block_1_2' title="bbox 1383 274 2663 341">
    <p class='ocr_par' dir='ltr' id='par_1_2' title="bbox 1383 274 2663 341">
     <span class='ocr_line' id='line_1_2' title="bbox 1383 274 2663 341; baseline -0.002 0"><span class='ocrx_word' id='word_1_2' title='bbox 1383 277 1920 341; x_wconf 79' lang='lat' dir='ltr'><strong>CONSTANTINI</strong></span> <span class='ocrx_word' id='word_1_3' title='bbox 1957 274 2663 340; x_wconf 80' lang='lat' dir='ltr'><strong>PORPHYROGENITI</strong></span> 
     </span>
    </p>
   </div>
   <div class='ocr_carea' id='block_1_3' title="bbox 3640 276 3762 337">
    <p class='ocr_par' dir='ltr' id='par_1_3' title="bbox 3640 276 3762 337">
     <span class='ocr_line' id='line_1_3' title="bbox 3640 276 3762 337; baseline 0.008 -2"><span class='ocrx_word' id='word_1_4' title='bbox 3640 276 3762 337; x_wconf 69' lang='grc'>904</span> 
     </span>
    </p>
   </div>
   <div class='ocr_carea' id='block_1_4' title="bbox 344 404 1986 493">
    <p class='ocr_par' dir='ltr' id='par_1_4' title="bbox 344 410 1986 493">
     <span class='ocr_line' id='line_1_4' title="bbox 344 410 1986 493; baseline -0.007 -16"><span class='ocrx_word' id='word_1_5' title='bbox 344 420 562 493; x_wconf 77' lang='lat' dir='ltr'><strong>politis.</strong></span> <span class='ocrx_word' id='word_1_6' title='bbox 621 419 795 474; x_wconf 88' lang='lat' dir='ltr'><strong>Porro</strong></span> <span class='ocrx_word' id='word_1_7' title='bbox 843 414 1160 482; x_wconf 90' lang='lat' dir='ltr'><strong>strictoria,</strong></span> <span class='ocrx_word' id='word_1_8' title='bbox 1218 411 1498 469; x_wconf 71' lang='lat' dir='ltr'><strong>thalassae</strong></span> <span class='ocrx_word' id='word_1_9' title='bbox 1555 416 1611 468; x_wconf 90' lang='lat' dir='ltr'><strong>et</strong></span> <span class='ocrx_word' id='word_1_10' title='bbox 1647 410 1822 467; x_wconf 91' lang='lat' dir='ltr'><strong>abdia</strong></span> <span class='ocrx_word' id='word_1_11' title='bbox 1853 427 1986 466; x_wconf 91' lang='lat' dir='ltr'><strong>cum</strong></span> 
     </span>
    </p>
   </div>
   <div class='ocr_carea' id='block_1_5' title="bbox 2098 404 3764 493">
    <p class='ocr_par' dir='ltr' id='par_1_5' title="bbox 2103 404 3764 482">
     <span class='ocr_line' id='line_1_5' title="bbox 2103 404 3764 482; baseline -0.001 -18"><span class='ocrx_word' id='word_1_12' title='bbox 2103 407 2211 465; x_wconf 77' lang='grc' dir='ltr'>εἶτε</span> <span class='ocrx_word' id='word_1_13' title='bbox 2240 410 2377 465; x_wconf 74' lang='grc' dir='ltr'>κατὰ</span> <span class='ocrx_word' id='word_1_14' title='bbox 2405 407 2522 479; x_wconf 70' lang='grc' dir='ltr'>δύο,</span> <span class='ocrx_word' id='word_1_15' title='bbox 2564 410 2651 464; x_wconf 69' lang='grc' dir='ltr'><strong>καὶ</strong></span> <span class='ocrx_word' id='word_1_16' title='bbox 2687 407 2765 470; x_wconf 75' lang='grc' dir='ltr'><strong>εἷς</strong></span> <span class='ocrx_word' id='word_1_17' title='bbox 2800 405 2998 471; x_wconf 66' lang='grc' dir='ltr'>λοιπὰς</span> <span class='ocrx_word' id='word_1_18' title='bbox 3046 404 3285 480; x_wconf 77' lang='grc' dir='ltr'><strong>ἐξόδους.</strong></span> <span class='ocrx_word' id='word_1_19' title='bbox 3342 404 3764 482; x_wconf 75' lang='grc' dir='ltr'><strong>Παραλαμϐἀνει</strong></span> 
     </span>
    </p>
   </div>
   <div class='ocr_carea' id='block_1_6' title="bbox 346 500 1990 576">
    <p class='ocr_par' dir='ltr' id='par_1_6' title="bbox 346 500 1990 576">
     <span class='ocr_line' id='line_1_6' title="bbox 346 500 1990 576; baseline -0.006 -11"><span class='ocrx_word' id='word_1_20' title='bbox 346 509 482 565; x_wconf 89' lang='lat' dir='ltr'><strong>latis</strong></span> <span class='ocrx_word' id='word_1_21' title='bbox 513 507 674 576; x_wconf 90' lang='lat' dir='ltr'><strong>loris,</strong></span> <span class='ocrx_word' id='word_1_22' title='bbox 709 513 766 563; x_wconf 92' lang='lat' dir='ltr'><strong>et</strong></span> <span class='ocrx_word' id='word_1_23' title='bbox 807 509 1131 568; x_wconf 87' lang='lat' dir='ltr'><strong>masurota,</strong></span> <span class='ocrx_word' id='word_1_24' title='bbox 1171 503 1437 574; x_wconf 66' lang='lat' dir='ltr'><strong>quaedam</strong></span> <span class='ocrx_word' id='word_1_25' title='bbox 1497 500 1798 557; x_wconf 88' lang='lat' dir='ltr'><strong>diblatteis</strong></span> <span class='ocrx_word' id='word_1_26' title='bbox 1844 517 1990 572; x_wconf 77' lang='lat' dir='ltr'><strong>prea-</strong></span> 
     </span>
    </p>
   </div>
   <div class='ocr_carea' id='block_1_7' title="bbox 341 588 1990 669">
    <p class='ocr_par' dir='ltr' id='par_1_7' title="bbox 341 588 1990 669">
     <span class='ocr_line' id='line_1_7' title="bbox 341 588 1990 669; baseline -0.006 -15"><span class='ocrx_word' id='word_1_27' title='bbox 341 602 511 665; x_wconf 83' lang='lat' dir='ltr'><strong>texta,</strong></span> <span class='ocrx_word' id='word_1_28' title='bbox 545 597 812 669; x_wconf 62' lang='lat' dir='ltr'><strong>quadam</strong></span> <span class='ocrx_word' id='word_1_29' title='bbox 846 612 1011 667; x_wconf 85' lang='lat' dir='ltr'><strong>pura.</strong></span> <span class='ocrx_word' id='word_1_30' title='bbox 1045 591 1471 665; x_wconf 87' lang='lat' dir='ltr'><strong>Epirrhiptaria</strong></span> <span class='ocrx_word' id='word_1_31' title='bbox 1517 591 1609 646; x_wconf 87' lang='lat' dir='ltr'><strong>vel</strong></span> <span class='ocrx_word' id='word_1_32' title='bbox 1658 588 1990 663; x_wconf 88' lang='lat' dir='ltr'><strong>scapularia</strong></span> 
     </span>
    </p>
   </div>
   <div class='ocr_carea' id='block_1_8' title="bbox 342 679 1987 754">
    <p class='ocr_par' dir='ltr' id='par_1_8' title="bbox 342 679 1987 754">
     <span class='ocr_line' id='line_1_8' title="bbox 342 679 1987 754; baseline -0.005 -11"><span class='ocrx_word' id='word_1_33' title='bbox 342 688 525 754; x_wconf 82' lang='lat' dir='ltr'><strong>varia;</strong></span> <span class='ocrx_word' id='word_1_34' title='bbox 559 687 798 742; x_wconf 86' lang='lat' dir='ltr'><strong>braccas</strong></span> <span class='ocrx_word' id='word_1_35' title='bbox 825 685 1185 740; x_wconf 91' lang='lat' dir='ltr'><strong>diversorum</strong></span> <span class='ocrx_word' id='word_1_36' title='bbox 1217 697 1519 753; x_wconf 82' lang='lat' dir='ltr'><strong>generum.</strong></span> <span class='ocrx_word' id='word_1_37' title='bbox 1544 680 1676 736; x_wconf 66' lang='lat' dir='ltr'><strong>Haec</strong></span> <span class='ocrx_word' id='word_1_38' title='bbox 1699 679 1905 737; x_wconf 91' lang='lat' dir='ltr'><strong>debent</strong></span> <span class='ocrx_word' id='word_1_39' title='bbox 1927 679 1987 734; x_wconf 91' lang='lat' dir='ltr'><strong>in</strong></span> 
     </span>
    </p>
   </div>
   <div class='ocr_carea' id='block_1_9' title="bbox 344 771 1988 849">
    <p class='ocr_par' dir='ltr' id='par_1_9' title="bbox 344 771 1988 849">
     <span class='ocr_line' id='line_1_9' title="bbox 344 771 1988 849; baseline -0.005 -17"><span class='ocrx_word' id='word_1_40' title='bbox 344 775 537 849; x_wconf 92' lang='lat' dir='ltr'><strong>bulgis</strong></span> <span class='ocrx_word' id='word_1_41' title='bbox 566 785 660 832; x_wconf 90' lang='lat' dir='ltr'><strong>aut</strong></span> <span class='ocrx_word' id='word_1_42' title='bbox 682 779 740 830; x_wconf 91' lang='lat' dir='ltr'><strong>et</strong></span> <span class='ocrx_word' id='word_1_43' title='bbox 769 776 827 830; x_wconf 90' lang='lat' dir='ltr'><strong>in</strong></span> <span class='ocrx_word' id='word_1_44' title='bbox 862 772 1128 830; x_wconf 88' lang='lat' dir='ltr'><strong>bisacciis</strong></span> <span class='ocrx_word' id='word_1_45' title='bbox 1152 771 1387 828; x_wconf 83' lang='lat' dir='ltr'><strong>deferri.</strong></span> <span class='ocrx_word' id='word_1_46' title='bbox 1419 775 1730 840; x_wconf 81' lang='lat' dir='ltr'><strong>Fertporro</strong></span> <span class='ocrx_word' id='word_1_47' title='bbox 1762 785 1988 840; x_wconf 92' lang='lat' dir='ltr'><strong>quoque</strong></span> 
     </span>
    </p>
   </div>
   <div class='ocr_carea' id='block_1_10' title="bbox 338 857 1984 935">
    <p class='ocr_par' dir='ltr' id='par_1_10' title="bbox 338 857 1984 935">
     <span class='ocr_line' id='line_1_10' title="bbox 338 857 1984 935; baseline -0.006 -14"><span class='ocrx_word' id='word_1_48' title='bbox 338 865 681 922; x_wconf 79' lang='lat' dir='ltr'><strong>vestiarium</strong></span> <span class='ocrx_word' id='word_1_49' title='bbox 741 863 1046 935; x_wconf 81' lang='lat' dir='ltr'><strong>imperiale</strong></span> <span class='ocrx_word' id='word_1_50' title='bbox 1095 877 1295 917; x_wconf 84' lang='lat' dir='ltr'>secum</span> <span class='ocrx_word' id='word_1_51' title='bbox 1353 861 1423 915; x_wconf 90' lang='lat' dir='ltr'><strong>ad</strong></span> <span class='ocrx_word' id='word_1_52' title='bbox 1469 876 1756 930; x_wconf 80' lang='lat' dir='ltr'><strong>expensas</strong></span> <span class='ocrx_word' id='word_1_53' title='bbox 1789 857 1984 914; x_wconf 87' lang='lat' dir='ltr'><strong>fossati</strong></span> 
     </span>
    </p>
   </div>
   <div class='ocr_carea' id='block_1_11' title="bbox 340 949 1988 1026">
    <p class='ocr_par' dir='ltr' id='par_1_11' title="bbox 340 949 1988 1026">
     <span class='ocr_line' id='line_1_11' title="bbox 340 949 1988 1026; baseline -0.005 -15"><span class='ocrx_word' id='word_1_54' title='bbox 340 953 940 1026; x_wconf 84' lang='lat' dir='ltr'><strong>faciendaslogarium</strong></span> <span class='ocrx_word' id='word_1_55' title='bbox 964 968 1063 1008; x_wconf 92' lang='lat' dir='ltr'><strong>seu</strong></span> <span class='ocrx_word' id='word_1_56' title='bbox 1085 957 1303 1006; x_wconf 90' lang='lat' dir='ltr'><strong>certam</strong></span> <span class='ocrx_word' id='word_1_57' title='bbox 1329 949 1645 1020; x_wconf 81' lang='lat' dir='ltr'><strong>quamdam</strong></span> <span class='ocrx_word' id='word_1_58' title='bbox 1673 953 1988 1004; x_wconf 63' lang='lat' dir='ltr'><strong>numerata:</strong></span> 
     </span>
    </p>
   </div>
   <div class='ocr_carea' id='block_1_12' title="bbox 341 1036 1986 1116">
    <p class='ocr_par' dir='ltr' id='par_1_12' title="bbox 341 1036 1986 1116">
     <span class='ocr_line' id='line_1_12' title="bbox 341 1036 1986 1116; baseline -0.005 -17"><span class='ocrx_word' id='word_1_59' title='bbox 341 1043 603 1116; x_wconf 69' lang='lat' dir='ltr'><strong>pecunia:</strong></span> <span class='ocrx_word' id='word_1_60' title='bbox 633 1043 858 1114; x_wconf 87' lang='lat' dir='ltr'><strong>copiam</strong></span> <span class='ocrx_word' id='word_1_61' title='bbox 883 1050 996 1096; x_wconf 88' lang='lat' dir='ltr'><strong>tam</strong></span> <span class='ocrx_word' id='word_1_62' title='bbox 1023 1041 1078 1095; x_wconf 90' lang='lat' dir='ltr'><strong>in</strong></span> <span class='ocrx_word' id='word_1_63' title='bbox 1113 1039 1514 1106; x_wconf 87' lang='lat' dir='ltr'><strong>centenartiis,</strong></span> <span class='ocrx_word' id='word_1_64' title='bbox 1538 1053 1716 1109; x_wconf 89' lang='lat' dir='ltr'><strong>quam</strong></span> <span class='ocrx_word' id='word_1_65' title='bbox 1757 1037 1818 1092; x_wconf 92' lang='lat' dir='ltr'><strong>in</strong></span> <span class='ocrx_word' id='word_1_66' title='bbox 1850 1036 1986 1092; x_wconf 86' lang='lat' dir='ltr'><strong>mil-</strong></span> 
     </span>
    </p>
   </div>
   <div class='ocr_carea' id='block_1_13' title="bbox 340 1126 1990 1202">
    <p class='ocr_par' dir='ltr' id='par_1_13' title="bbox 340 1126 1990 1202">
     <span class='ocr_line' id='line_1_13' title="bbox 340 1126 1990 1202; baseline -0.005 -13"><span class='ocrx_word' id='word_1_67' title='bbox 340 1132 609 1198; x_wconf 87' lang='lat' dir='ltr'><strong>liaresiis,</strong></span> <span class='ocrx_word' id='word_1_68' title='bbox 633 1131 825 1202; x_wconf 90' lang='lat' dir='ltr'><strong>iisque</strong></span> <span class='ocrx_word' id='word_1_69' title='bbox 853 1129 914 1185; x_wconf 88' lang='lat' dir='ltr'><strong>in</strong></span> <span class='ocrx_word' id='word_1_70' title='bbox 946 1129 1210 1187; x_wconf 84' lang='lat' dir='ltr'><strong>sacculos</strong></span> <span class='ocrx_word' id='word_1_71' title='bbox 1232 1127 1450 1198; x_wconf 89' lang='lat' dir='ltr'><strong>inditis,</strong></span> <span class='ocrx_word' id='word_1_72' title='bbox 1476 1132 1540 1182; x_wconf 90' lang='lat' dir='ltr'><strong>ut</strong></span> <span class='ocrx_word' id='word_1_73' title='bbox 1563 1126 1776 1182; x_wconf 89' lang='lat' dir='ltr'><strong>habeat</strong></span> <span class='ocrx_word' id='word_1_74' title='bbox 1796 1126 1990 1197; x_wconf 87' lang='lat' dir='ltr'><strong>impe-</strong></span> 
     </span>
    </p>
   </div>
   <div class='ocr_carea' id='block_1_14' title="bbox 340 1215 1986 1291">
    <p class='ocr_par' dir='ltr' id='par_1_14' title="bbox 340 1215 1986 1291">
     <span class='ocr_line' id='line_1_14' title="bbox 340 1215 1986 1291; baseline -0.003 -14"><span class='ocrx_word' id='word_1_75' title='bbox 340 1226 516 1291; x_wconf 88' lang='lat' dir='ltr'><strong>rator,</strong></span> <span class='ocrx_word' id='word_1_76' title='bbox 545 1220 697 1277; x_wconf 90' lang='lat' dir='ltr'><strong>unde</strong></span> <span class='ocrx_word' id='word_1_77' title='bbox 729 1219 1135 1291; x_wconf 91' lang='lat' dir='ltr'><strong>largitionibus</strong></span> <span class='ocrx_word' id='word_1_78' title='bbox 1166 1235 1284 1283; x_wconf 86' lang='lat' dir='ltr'><strong>eos,</strong></span> <span class='ocrx_word' id='word_1_79' title='bbox 1318 1216 1416 1287; x_wconf 89' lang='lat' dir='ltr'><strong>qui</strong></span> <span class='ocrx_word' id='word_1_80' title='bbox 1447 1233 1575 1273; x_wconf 90' lang='lat' dir='ltr'><strong>sese</strong></span> <span class='ocrx_word' id='word_1_81' title='bbox 1605 1221 1877 1272; x_wconf 83' lang='lat' dir='ltr'><strong>strenuos</strong></span> <span class='ocrx_word' id='word_1_82' title='bbox 1926 1215 1986 1272; x_wconf 92' lang='lat' dir='ltr'><strong>in</strong></span> 
     </span>
    </p>
   </div>
   <div class='ocr_carea' id='block_1_15' title="bbox 338 1305 1989 1377">
    <p class='ocr_par' dir='ltr' id='par_1_15' title="bbox 338 1305 1989 1377">
     <span class='ocr_line' id='line_1_15' title="bbox 338 1305 1989 1377; baseline -0.001 -11"><span class='ocrx_word' id='word_1_83' title='bbox 338 1311 566 1366; x_wconf 86' lang='lat' dir='ltr'><strong>bellicis</strong></span> <span class='ocrx_word' id='word_1_84' title='bbox 600 1308 873 1377; x_wconf 84' lang='lat' dir='ltr'><strong>periculis</strong></span> <span class='ocrx_word' id='word_1_85' title='bbox 907 1313 1250 1374; x_wconf 89' lang='lat' dir='ltr'><strong>monstrant,</strong></span> <span class='ocrx_word' id='word_1_86' title='bbox 1284 1310 1342 1362; x_wconf 86' lang='lat' dir='ltr'><strong>et</strong></span> <span class='ocrx_word' id='word_1_87' title='bbox 1386 1305 1654 1361; x_wconf 81' lang='lat' dir='ltr'><strong>tribunos</strong></span> <span class='ocrx_word' id='word_1_88' title='bbox 1704 1305 1989 1364; x_wconf 89' lang='lat' dir='ltr'><strong>honorare</strong></span> 
     </span>
    </p>
   </div>
   <div class='ocr_carea' id='block_1_16' title="bbox 339 1395 1986 1469">
    <p class='ocr_par' dir='ltr' id='par_1_16' title="bbox 339 1395 1986 1469">
     <span class='ocr_line' id='line_1_16' title="bbox 339 1395 1986 1469; baseline -0.005 -12"><span class='ocrx_word' id='word_1_89' title='bbox 339 1399 675 1469; x_wconf 64' lang='lat' dir='ltr'><strong>caeterisque</strong></span> <span class='ocrx_word' id='word_1_90' title='bbox 705 1397 1048 1455; x_wconf 87' lang='lat' dir='ltr'><strong>necessariis</strong></span> <span class='ocrx_word' id='word_1_91' title='bbox 1082 1395 1356 1468; x_wconf 80' lang='lat' dir='ltr'><strong>expensis</strong></span> <span class='ocrx_word' id='word_1_92' title='bbox 1387 1395 1720 1452; x_wconf 85' lang='lat' dir='ltr'><strong>satisfacere</strong></span> <span class='ocrx_word' id='word_1_93' title='bbox 1761 1395 1986 1468; x_wconf 87' lang='lat' dir='ltr'><strong>possit;</strong></span> 
     </span>
    </p>
   </div>
   <div class='ocr_carea' id='block_1_17' title="bbox 341 1484 1990 1559">
    <p class='ocr_par' dir='ltr' id='par_1_17' title="bbox 341 1484 1990 1559">
     <span class='ocr_line' id='line_1_17' title="bbox 341 1484 1990 1559; baseline -0.004 -14"><span class='ocrx_word' id='word_1_94' title='bbox 341 1493 407 1545; x_wconf 89' lang='lat' dir='ltr'><strong>ut</strong></span> <span class='ocrx_word' id='word_1_95' title='bbox 435 1495 491 1545; x_wconf 92' lang='lat' dir='ltr'><strong>et</strong></span> <span class='ocrx_word' id='word_1_96' title='bbox 521 1487 849 1555; x_wconf 88' lang='lat' dir='ltr'><strong>scholariis,</strong></span> <span class='ocrx_word' id='word_1_97' title='bbox 875 1487 972 1559; x_wconf 89' lang='lat' dir='ltr'><strong>qui</strong></span> <span class='ocrx_word' id='word_1_98' title='bbox 994 1488 1214 1558; x_wconf 83' lang='lat' dir='ltr'><strong>regiam</strong></span> <span class='ocrx_word' id='word_1_99' title='bbox 1240 1485 1419 1540; x_wconf 79' lang='lat' dir='ltr'><strong>tinam</strong></span> <span class='ocrx_word' id='word_1_100' title='bbox 1443 1485 1527 1539; x_wconf 89' lang='lat' dir='ltr'><strong>vel</strong></span> <span class='ocrx_word' id='word_1_101' title='bbox 1550 1484 1878 1540; x_wconf 87' lang='lat' dir='ltr'><strong>custodiam</strong></span> <span class='ocrx_word' id='word_1_102' title='bbox 1904 1501 1990 1540; x_wconf 85' lang='lat' dir='ltr'><strong>ca-</strong></span> 
     </span>
    </p>
   </div>
   <div class='ocr_carea' id='block_1_18' title="bbox 341 1573 1987 1648">
    <p class='ocr_par' dir='ltr' id='par_1_18' title="bbox 341 1573 1987 1648">
     <span class='ocr_line' id='line_1_18' title="bbox 341 1573 1987 1648; baseline -0.003 -14"><span class='ocrx_word' id='word_1_103' title='bbox 341 1583 627 1635; x_wconf 89' lang='lat' dir='ltr'><strong>strensem</strong></span> <span class='ocrx_word' id='word_1_104' title='bbox 642 1577 881 1645; x_wconf 90' lang='lat' dir='ltr'><strong>obeunt,</strong></span> <span class='ocrx_word' id='word_1_105' title='bbox 896 1582 952 1631; x_wconf 90' lang='lat' dir='ltr'><strong>et</strong></span> <span class='ocrx_word' id='word_1_106' title='bbox 973 1576 1124 1648; x_wconf 88' lang='lat' dir='ltr'><strong>regis</strong></span> <span class='ocrx_word' id='word_1_107' title='bbox 1148 1576 1348 1648; x_wconf 85' lang='lat' dir='ltr'><strong>aguris</strong></span> <span class='ocrx_word' id='word_1_108' title='bbox 1365 1590 1467 1630; x_wconf 90' lang='lat' dir='ltr'><strong>seu</strong></span> <span class='ocrx_word' id='word_1_109' title='bbox 1492 1573 1756 1644; x_wconf 90' lang='lat' dir='ltr'><strong>ephebis,</strong></span> <span class='ocrx_word' id='word_1_110' title='bbox 1775 1577 1831 1629; x_wconf 91' lang='lat' dir='ltr'><strong>et</strong></span> <span class='ocrx_word' id='word_1_111' title='bbox 1849 1573 1987 1641; x_wconf 91' lang='lat' dir='ltr'><strong>illis,</strong></span> 
     </span>
    </p>
   </div>
   <div class='ocr_carea' id='block_1_19' title="bbox 342 1661 1989 1740">
    <p class='ocr_par' dir='ltr' id='par_1_19' title="bbox 342 1661 1989 1740">
     <span class='ocr_line' id='line_1_19' title="bbox 342 1661 1989 1740; baseline -0.003 -17"><span class='ocrx_word' id='word_1_112' title='bbox 342 1668 443 1740; x_wconf 87' lang='lat' dir='ltr'><strong>qui</strong></span> <span class='ocrx_word' id='word_1_113' title='bbox 469 1668 542 1723; x_wconf 93' lang='lat' dir='ltr'><strong>ad</strong></span> <span class='ocrx_word' id='word_1_114' title='bbox 574 1667 791 1739; x_wconf 82' lang='lat' dir='ltr'><strong>regiam</strong></span> <span class='ocrx_word' id='word_1_115' title='bbox 820 1664 1117 1722; x_wconf 84' lang='lat' dir='ltr'><strong>hetaeriam</strong></span> <span class='ocrx_word' id='word_1_116' title='bbox 1141 1663 1459 1737; x_wconf 85' lang='lat' dir='ltr'><strong>pertinent,</strong></span> <span class='ocrx_word' id='word_1_117' title='bbox 1482 1661 1750 1735; x_wconf 83' lang='lat' dir='ltr'><strong>aliisque,</strong></span> <span class='ocrx_word' id='word_1_118' title='bbox 1776 1662 1989 1734; x_wconf 88' lang='lat' dir='ltr'><strong>quibus</strong></span> 
     </span>
    </p>
   </div>
   <div class='ocr_carea' id='block_1_20' title="bbox 2099 494 3765 571">
    <p class='ocr_par' dir='ltr' id='par_1_20' title="bbox 2099 494 3765 571">
     <span class='ocr_line' id='line_1_20' title="bbox 2099 494 3765 571; baseline 0 -19"><span class='ocrx_word' id='word_1_119' title='bbox 2099 495 2356 554; x_wconf 75' lang='grc' dir='ltr'>δὲταῦτα</span> <span class='ocrx_word' id='word_1_120' title='bbox 2396 498 2426 555; x_wconf 78' lang='grc' dir='ltr'>ὅ</span> <span class='ocrx_word' id='word_1_121' title='bbox 2455 519 2511 555; x_wconf 89' lang='grc' dir='ltr'>τε</span> <span class='ocrx_word' id='word_1_122' title='bbox 2550 496 2917 567; x_wconf 78' lang='grc' dir='ltr'>σακελλοὶριος</span> <span class='ocrx_word' id='word_1_123' title='bbox 2946 498 3037 554; x_wconf 76' lang='grc' dir='ltr'>καὶ</span> <span class='ocrx_word' id='word_1_124' title='bbox 3090 499 3118 552; x_wconf 85' lang='grc' dir='ltr'><strong>ὁ</strong></span> <span class='ocrx_word' id='word_1_125' title='bbox 3169 494 3393 565; x_wconf 77' lang='grc' dir='ltr'><strong>εἶδικὸς,</strong></span> <span class='ocrx_word' id='word_1_126' title='bbox 3435 498 3527 552; x_wconf 82' lang='grc' dir='ltr'><strong>καὶ</strong></span> <span class='ocrx_word' id='word_1_127' title='bbox 3558 497 3765 571; x_wconf 80' lang='grc' dir='ltr'>βαστά-</span> 
     </span>
    </p>
   </div>
   <div class='ocr_carea' id='block_1_21' title="bbox 2101 581 3768 666">
    <p class='ocr_par' dir='ltr' id='par_1_21' title="bbox 2101 581 3768 666">
     <span class='ocr_line' id='line_1_21' title="bbox 2101 581 3768 666; baseline 0.001 -24"><span class='ocrx_word' id='word_1_128' title='bbox 2101 593 2282 656; x_wconf 86' lang='grc' dir='ltr'>ζουσιν</span> <span class='ocrx_word' id='word_1_129' title='bbox 2341 589 2418 652; x_wconf 82' lang='grc' dir='ltr'>εἰς</span> <span class='ocrx_word' id='word_1_130' title='bbox 2471 590 2568 654; x_wconf 79' lang='grc' dir='ltr'><strong>τὰς</strong></span> <span class='ocrx_word' id='word_1_131' title='bbox 2629 586 2928 666; x_wconf 79' lang='grc' dir='ltr'>φορτώσεις</span> <span class='ocrx_word' id='word_1_132' title='bbox 2982 588 3161 642; x_wconf 79' lang='grc' dir='ltr'>αὐτῶν</span> <span class='ocrx_word' id='word_1_133' title='bbox 3221 581 3567 662; x_wconf 76' lang='grc' dir='ltr'>πυρέκϐολον</span> <span class='ocrx_word' id='word_1_134' title='bbox 3629 589 3768 660; x_wconf 80' lang='grc' dir='ltr'><strong>μετὰ</strong></span> 
     </span>
    </p>
   </div>
   <div class='ocr_carea' id='block_1_22' title="bbox 2095 675 3763 754">
    <p class='ocr_par' dir='ltr' id='par_1_22' title="bbox 2095 675 3763 754">
     <span class='ocr_line' id='line_1_22' title="bbox 2095 675 3763 754; baseline 0.005 -21"><span class='ocrx_word' id='word_1_135' title='bbox 2095 676 2258 742; x_wconf 72' lang='grc' dir='ltr'>’ίσκας</span> <span class='ocrx_word' id='word_1_136' title='bbox 2308 680 2422 752; x_wconf 87' lang='grc'>(50)</span> <span class='ocrx_word' id='word_1_137' title='bbox 2469 679 2559 734; x_wconf 82' lang='grc' dir='ltr'><strong>καὶ</strong></span> <span class='ocrx_word' id='word_1_138' title='bbox 2607 675 2886 748; x_wconf 71' lang='grc' dir='ltr'>κανδήλας</span> <span class='ocrx_word' id='word_1_139' title='bbox 2933 677 3170 752; x_wconf 76' lang='grc' dir='ltr'>ἀργυρᾶς</span> <span class='ocrx_word' id='word_1_140' title='bbox 3214 678 3283 754; x_wconf 82' lang='grc' dir='ltr'><strong>γ’,</strong></span> <span class='ocrx_word' id='word_1_141' title='bbox 3323 677 3414 730; x_wconf 82' lang='grc' dir='ltr'>καὶ</span> <span class='ocrx_word' id='word_1_142' title='bbox 3445 681 3660 752; x_wconf 66' lang='grc' dir='ltr'>χαλκᾶς</span> <span class='ocrx_word' id='word_1_143' title='bbox 3690 677 3763 754; x_wconf 71' lang='grc' dir='ltr'><strong>γ’,</strong></span> 
     </span>
    </p>
   </div>
   <div class='ocr_carea' id='block_1_23' title="bbox 2101 763 3762 840">
    <p class='ocr_par' dir='ltr' id='par_1_23' title="bbox 2101 763 3762 840">
     <span class='ocr_line' id='line_1_23' title="bbox 2101 763 3762 840; baseline -0.001 -19"><span class='ocrx_word' id='word_1_144' title='bbox 2101 765 2198 840; x_wconf 77' lang='grc' dir='ltr'><strong>μία</strong></span> <span class='ocrx_word' id='word_1_145' title='bbox 2234 767 2326 840; x_wconf 77' lang='grc' dir='ltr'><strong>μὶν</strong></span> <span class='ocrx_word' id='word_1_146' title='bbox 2363 767 2437 830; x_wconf 86' lang='grc' dir='ltr'><strong>εἷς</strong></span> <span class='ocrx_word' id='word_1_147' title='bbox 2469 768 2562 823; x_wconf 88' lang='grc' dir='ltr'>τὸν</span> <span class='ocrx_word' id='word_1_148' title='bbox 2593 771 2856 836; x_wconf 80' lang='grc' dir='ltr'>κοιαῶνα,</span> <span class='ocrx_word' id='word_1_149' title='bbox 2910 766 3004 840; x_wconf 78' lang='grc' dir='ltr'><strong>μία</strong></span> <span class='ocrx_word' id='word_1_150' title='bbox 3055 763 3111 820; x_wconf 73' lang='grc' dir='ltr'><strong>δὲ</strong></span> <span class='ocrx_word' id='word_1_151' title='bbox 3165 765 3239 828; x_wconf 88' lang='grc' dir='ltr'>εἰς</span> <span class='ocrx_word' id='word_1_152' title='bbox 3281 765 3344 820; x_wconf 88' lang='grc' dir='ltr'>τὸ</span> <span class='ocrx_word' id='word_1_153' title='bbox 3373 764 3762 840; x_wconf 76' lang='grc' dir='ltr'>κουκουμίλιν,</span> 
     </span>
    </p>
   </div>
   <div class='ocr_carea' id='block_1_24' title="bbox 2097 853 3766 934">
    <p class='ocr_par' dir='ltr' id='par_1_24' title="bbox 2097 853 3766 934">
     <span class='ocr_line' id='line_1_24' title="bbox 2097 853 3766 934; baseline -0.001 -22"><span class='ocrx_word' id='word_1_154' title='bbox 2097 859 2249 932; x_wconf 73' lang='grc' dir='ltr'>ἕτερα</span> <span class='ocrx_word' id='word_1_155' title='bbox 2281 857 2336 913; x_wconf 74' lang='grc' dir='ltr'><strong>δὲ</strong></span> <span class='ocrx_word' id='word_1_156' title='bbox 2368 859 2446 922; x_wconf 64' lang='grc' dir='ltr'><strong>εἷς</strong></span> <span class='ocrx_word' id='word_1_157' title='bbox 2475 859 2537 914; x_wconf 86' lang='grc' dir='ltr'>τὸ</span> <span class='ocrx_word' id='word_1_158' title='bbox 2585 858 3109 932; x_wconf 74' lang='grc' dir='ltr'>παρακοιτωνάριον.</span> <span class='ocrx_word' id='word_1_159' title='bbox 3146 853 3384 934; x_wconf 73' lang='grc' dir='ltr'>Ὀφείλει</span> <span class='ocrx_word' id='word_1_160' title='bbox 3428 853 3483 910; x_wconf 73' lang='grc' dir='ltr'><strong>δὲ</strong></span> <span class='ocrx_word' id='word_1_161' title='bbox 3517 855 3766 931; x_wconf 79' lang='grc' dir='ltr'><strong>γίνεσθαι</strong></span> 
     </span>
    </p>
   </div>
   <div class='ocr_carea' id='block_1_25' title="bbox 2098 942 3761 1023">
    <p class='ocr_par' dir='ltr' id='par_1_25' title="bbox 2098 942 3761 1023">
     <span class='ocr_line' id='line_1_25' title="bbox 2098 942 3761 1023; baseline 0.001 -23"><span class='ocrx_word' id='word_1_162' title='bbox 2098 943 2300 1009; x_wconf 73' lang='grc' dir='ltr'>λάκκος</span> <span class='ocrx_word' id='word_1_163' title='bbox 2350 950 2458 1020; x_wconf 88' lang='grc'><strong>(51)</strong></span> <span class='ocrx_word' id='word_1_164' title='bbox 2501 944 2645 1023; x_wconf 80' lang='grc' dir='ltr'><strong>ἔχων</strong></span> <span class='ocrx_word' id='word_1_165' title='bbox 2701 948 2864 1011; x_wconf 74' lang='grc' dir='ltr'>Βάθος</span> <span class='ocrx_word' id='word_1_166' title='bbox 2917 947 3190 1018; x_wconf 70' lang='grc' dir='ltr'><strong>σπιθαμὰς</strong></span> <span class='ocrx_word' id='word_1_167' title='bbox 3231 943 3349 1013; x_wconf 71' lang='grc' dir='ltr'>δύο,</span> <span class='ocrx_word' id='word_1_168' title='bbox 3395 944 3484 1000; x_wconf 83' lang='grc' dir='ltr'><strong>καὶ</strong></span> <span class='ocrx_word' id='word_1_169' title='bbox 3509 942 3604 1000; x_wconf 72' lang='grc' dir='ltr'>’ἕνα</span> <span class='ocrx_word' id='word_1_170' title='bbox 3637 967 3761 1001; x_wconf 88' lang='grc' dir='ltr'><strong>σκε-</strong></span> 
     </span>
    </p>
   </div>
   <div class='ocr_carea' id='block_1_26' title="bbox 2096 1033 3766 1112">
    <p class='ocr_par' dir='ltr' id='par_1_26' title="bbox 2096 1033 3766 1112">
     <span class='ocr_line' id='line_1_26' title="bbox 2096 1033 3766 1112; baseline 0 -20"><span class='ocrx_word' id='word_1_171' title='bbox 2096 1040 2356 1106; x_wconf 72' lang='grc' dir='ltr'>πάζονται</span> <span class='ocrx_word' id='word_1_172' title='bbox 2417 1037 2600 1092; x_wconf 75' lang='grc' dir='ltr'>ἐπάνω</span> <span class='ocrx_word' id='word_1_173' title='bbox 2651 1043 2751 1105; x_wconf 77' lang='grc' dir='ltr'><strong>τῆς</strong></span> <span class='ocrx_word' id='word_1_174' title='bbox 2791 1043 2896 1112; x_wconf 78' lang='grc' dir='ltr'><strong>γῆς</strong></span> <span class='ocrx_word' id='word_1_175' title='bbox 2947 1035 3050 1090; x_wconf 83' lang='grc' dir='ltr'><strong>ὑπὸ</strong></span> <span class='ocrx_word' id='word_1_176' title='bbox 3099 1033 3354 1091; x_wconf 72' lang='grc' dir='ltr'>πετάλων</span> <span class='ocrx_word' id='word_1_177' title='bbox 3401 1034 3632 1110; x_wconf 81' lang='grc' dir='ltr'>χαλκῶν</span> <span class='ocrx_word' id='word_1_178' title='bbox 3672 1057 3766 1092; x_wconf 87' lang='grc' dir='ltr'>κο-</span> 
     </span>
    </p>
   </div>
   <div class='ocr_carea' id='block_1_27' title="bbox 2098 1121 3763 1199">
    <p class='ocr_par' dir='ltr' id='par_1_27' title="bbox 2098 1121 3763 1199">
     <span class='ocr_line' id='line_1_27' title="bbox 2098 1121 3763 1199; baseline 0.001 -19"><span class='ocrx_word' id='word_1_179' title='bbox 2098 1127 2396 1193; x_wconf 84' lang='grc' dir='ltr'>σκινωτών,</span> <span class='ocrx_word' id='word_1_180' title='bbox 2435 1126 2526 1180; x_wconf 80' lang='grc' dir='ltr'><strong>καὶ</strong></span> <span class='ocrx_word' id='word_1_181' title='bbox 2580 1124 3044 1198; x_wconf 74' lang='grc' dir='ltr'>συμπαράκεινται</span> <span class='ocrx_word' id='word_1_182' title='bbox 3105 1125 3295 1185; x_wconf 70' lang='grc' dir='ltr'>αὐταῖς</span> <span class='ocrx_word' id='word_1_183' title='bbox 3344 1125 3481 1198; x_wconf 80' lang='grc' dir='ltr'>πρὸς</span> <span class='ocrx_word' id='word_1_184' title='bbox 3538 1121 3594 1178; x_wconf 75' lang='grc' dir='ltr'>ἓν</span> <span class='ocrx_word' id='word_1_185' title='bbox 3650 1126 3763 1199; x_wconf 82' lang='grc'>(52)</span> 
     </span>
    </p>
   </div>
   <div class='ocr_carea' id='block_1_28' title="bbox 2095 1212 3756 1290">
    <p class='ocr_par' dir='ltr' id='par_1_28' title="bbox 2095 1212 3756 1290">
     <span class='ocr_line' id='line_1_28' title="bbox 2095 1212 3756 1290; baseline -0.001 -20"><span class='ocrx_word' id='word_1_186' title='bbox 2095 1216 2221 1290; x_wconf 73' lang='grc' dir='ltr'><strong>τρία</strong></span> <span class='ocrx_word' id='word_1_187' title='bbox 2250 1212 2525 1289; x_wconf 68' lang='grc' dir='ltr'><strong>κηροῦλιαῑ</strong></span> <span class='ocrx_word' id='word_1_188' title='bbox 2564 1218 2697 1288; x_wconf 78' lang='grc'>(53),</span> <span class='ocrx_word' id='word_1_189' title='bbox 2754 1214 2988 1289; x_wconf 75' lang='grc' dir='ltr'>φανᾶρια</span> <span class='ocrx_word' id='word_1_190' title='bbox 3041 1216 3151 1283; x_wconf 68' lang='grc'>(54)</span> <span class='ocrx_word' id='word_1_191' title='bbox 3201 1217 3385 1288; x_wconf 75' lang='grc' dir='ltr'>χαλκᾶ</span> <span class='ocrx_word' id='word_1_192' title='bbox 3428 1214 3756 1286; x_wconf 80' lang='grc' dir='ltr'>κοσκινωτᾶ,</span> 
     </span>
    </p>
   </div>
   <div class='ocr_carea' id='block_1_29' title="bbox 2097 1300 3765 1379">
    <p class='ocr_par' dir='ltr' id='par_1_29' title="bbox 2097 1300 3765 1379">
     <span class='ocr_line' id='line_1_29' title="bbox 2097 1300 3765 1379; baseline 0 -19"><span class='ocrx_word' id='word_1_193' title='bbox 2097 1305 2186 1360; x_wconf 82' lang='grc' dir='ltr'>καὶ</span> <span class='ocrx_word' id='word_1_194' title='bbox 2241 1304 2548 1379; x_wconf 68' lang='grc' dir='ltr'>ὡρολόγιον</span> <span class='ocrx_word' id='word_1_195' title='bbox 2598 1307 2711 1378; x_wconf 89' lang='grc'>(55)</span> <span class='ocrx_word' id='word_1_196' title='bbox 2764 1304 2957 1379; x_wconf 75' lang='grc' dir='ltr'>μικρὸν</span> <span class='ocrx_word' id='word_1_197' title='bbox 3012 1304 3279 1378; x_wconf 68' lang='grc' dir='ltr'>ἀργυροῦν</span> <span class='ocrx_word' id='word_1_198' title='bbox 3322 1300 3411 1358; x_wconf 68' lang='grc' dir='ltr'>διὰ</span> <span class='ocrx_word' id='word_1_199' title='bbox 3460 1303 3526 1358; x_wconf 72' lang='grc' dir='ltr'><strong>τὰ</strong></span> <span class='ocrx_word' id='word_1_200' title='bbox 3571 1325 3765 1360; x_wconf 83' lang='grc' dir='ltr'>νυκτε-</span> 
     </span>
    </p>
   </div>
   <div class='ocr_carea' id='block_1_30' title="bbox 2098 1390 3761 1471">
    <p class='ocr_par' dir='ltr' id='par_1_30' title="bbox 2098 1390 3761 1471">
     <span class='ocr_line' id='line_1_30' title="bbox 2098 1390 3761 1471; baseline 0.001 -22"><span class='ocrx_word' id='word_1_201' title='bbox 2098 1393 2358 1470; x_wconf 70' lang='grc' dir='ltr'><strong>ρεῦματα,</strong></span> <span class='ocrx_word' id='word_1_202' title='bbox 2418 1395 2550 1468; x_wconf 73' lang='grc' dir='ltr'>’ὀπερ</span> <span class='ocrx_word' id='word_1_203' title='bbox 2609 1391 2814 1471; x_wconf 63' lang='grc' dir='ltr'>ὀφείλει</span> <span class='ocrx_word' id='word_1_204' title='bbox 2874 1390 3126 1457; x_wconf 73' lang='grc' dir='ltr'><strong>’ἵστασθαι</strong></span> <span class='ocrx_word' id='word_1_205' title='bbox 3205 1392 3281 1454; x_wconf 76' lang='grc' dir='ltr'>εἷς</span> <span class='ocrx_word' id='word_1_206' title='bbox 3354 1392 3445 1447; x_wconf 87' lang='grc' dir='ltr'>τὸν</span> <span class='ocrx_word' id='word_1_207' title='bbox 3505 1399 3761 1450; x_wconf 69' lang='grc' dir='ltr'>κοιτῶνα.</span> 
     </span>
    </p>
   </div>
   <div class='ocr_carea' id='block_1_31' title="bbox 2097 1479 3758 1559">
    <p class='ocr_par' dir='ltr' id='par_1_31' title="bbox 2097 1479 3758 1559">
     <span class='ocr_line' id='line_1_31' title="bbox 2097 1479 3758 1559; baseline 0 -21"><span class='ocrx_word' id='word_1_208' title='bbox 2097 1484 2184 1538; x_wconf 80' lang='grc' dir='ltr'><strong>καὶ</strong></span> <span class='ocrx_word' id='word_1_209' title='bbox 2218 1482 2400 1557; x_wconf 82' lang='grc' dir='ltr'>ἓτερον</span> <span class='ocrx_word' id='word_1_210' title='bbox 2457 1482 2723 1558; x_wconf 76' lang='grc' dir='ltr'>χαλκοῦν,</span> <span class='ocrx_word' id='word_1_211' title='bbox 2788 1481 2920 1556; x_wconf 80' lang='grc' dir='ltr'>ὅπερ</span> <span class='ocrx_word' id='word_1_212' title='bbox 2976 1480 3186 1559; x_wconf 63' lang='grc' dir='ltr'>ὀφείλει</span> <span class='ocrx_word' id='word_1_213' title='bbox 3237 1479 3491 1536; x_wconf 69' lang='grc' dir='ltr'><strong>ἵστασθαι</strong></span> <span class='ocrx_word' id='word_1_214' title='bbox 3546 1479 3673 1537; x_wconf 72' lang='grc' dir='ltr'><strong>’ἔνθα</strong></span> <span class='ocrx_word' id='word_1_215' title='bbox 3705 1483 3758 1538; x_wconf 72' lang='grc' dir='ltr'>οἱ</span> 
     </span>
    </p>
   </div>
   <div class='ocr_carea' id='block_1_32' title="bbox 2097 1571 3762 1647">
    <p class='ocr_par' dir='ltr' id='par_1_32' title="bbox 2097 1571 3762 1647">
     <span class='ocr_line' id='line_1_32' title="bbox 2097 1571 3762 1647; baseline -0.001 -18"><span class='ocrx_word' id='word_1_216' title='bbox 2097 1579 2414 1629; x_wconf 75' lang='grc' dir='ltr'>κοιτωνῖται</span> <span class='ocrx_word' id='word_1_217' title='bbox 2523 1572 2758 1647; x_wconf 68' lang='grc' dir='ltr'>μένουσι.</span> <span class='ocrx_word' id='word_1_218' title='bbox 2867 1574 3007 1646; x_wconf 80' lang='grc' dir='ltr'>Πρὸς</span> <span class='ocrx_word' id='word_1_219' title='bbox 3102 1575 3324 1632; x_wconf 85' lang='grc' dir='ltr'>τούτοις</span> <span class='ocrx_word' id='word_1_220' title='bbox 3429 1571 3762 1628; x_wconf 79' lang='grc' dir='ltr'>σκουτὲλλια</span> 
     </span>
    </p>
   </div>
   <div class='ocr_carea' id='block_1_33' title="bbox 2099 1660 3766 1738">
    <p class='ocr_par' dir='ltr' id='par_1_33' title="bbox 2099 1660 3766 1738">
     <span class='ocr_line' id='line_1_33' title="bbox 2099 1660 3766 1738; baseline 0.001 -22"><span class='ocrx_word' id='word_1_221' title='bbox 2099 1660 2384 1737; x_wconf 75' lang='grc' dir='ltr'><strong>ὁλόγρυσα</strong></span> <span class='ocrx_word' id='word_1_222' title='bbox 2458 1660 2523 1731; x_wconf 71' lang='grc' dir='ltr'><strong>δ’,</strong></span> <span class='ocrx_word' id='word_1_223' title='bbox 2604 1662 2964 1735; x_wconf 76' lang='grc' dir='ltr'>μινσουράκια</span> <span class='ocrx_word' id='word_1_224' title='bbox 3039 1660 3321 1735; x_wconf 83' lang='grc' dir='ltr'>ὁλόχρυσα</span> <span class='ocrx_word' id='word_1_225' title='bbox 3401 1661 3468 1737; x_wconf 84' lang='grc' dir='ltr'><strong>β’,</strong></span> <span class='ocrx_word' id='word_1_226' title='bbox 3537 1660 3766 1738; x_wconf 80' lang='grc' dir='ltr'><strong>ὀρθομί-</strong></span> 
     </span>
    </p>
   </div>
   <div class='ocr_carea' id='block_1_34' title="bbox 1339 1772 2694 1830">
    <p class='ocr_par' dir='ltr' id='par_1_34' title="bbox 1339 1772 2694 1830">
     <span class='ocr_line' id='line_1_34' title="bbox 1339 1772 2694 1830; baseline -0.001 -1"><span class='ocrx_word' id='word_1_227' title='bbox 1339 1772 1542 1830; x_wconf 85' lang='lat' dir='ltr'><strong>JOAN.</strong></span> <span class='ocrx_word' id='word_1_228' title='bbox 1584 1773 1728 1828; x_wconf 84' lang='lat' dir='ltr'><strong>JAC.</strong></span> <span class='ocrx_word' id='word_1_229' title='bbox 1784 1772 2040 1828; x_wconf 78' lang='lat' dir='ltr'><strong>REISKII</strong></span> <span class='ocrx_word' id='word_1_230' title='bbox 2101 1773 2694 1830; x_wconf 74' lang='lat' dir='ltr'><strong>COMMENTARIUS.</strong></span> 
     </span>
    </p>
   </div>
   <div class='ocr_carea' id='block_1_35' title="bbox 412 1861 3765 1940">
    <p class='ocr_par' dir='ltr' id='par_1_35' title="bbox 412 1861 3765 1940">
     <span class='ocr_line' id='line_1_35' title="bbox 412 1861 3765 1940; baseline -0.001 -17"><span class='ocrx_word' id='word_1_231' title='bbox 412 1867 528 1940; x_wconf 87' lang='grc'>(50)</span> <span class='ocrx_word' id='word_1_232' title='bbox 563 1870 626 1923; x_wconf 90' lang='lat' dir='ltr'><strong>In</strong></span> <span class='ocrx_word' id='word_1_233' title='bbox 659 1865 882 1922; x_wconf 86' lang='lat' dir='ltr'><strong>Latinis</strong></span> <span class='ocrx_word' id='word_1_234' title='bbox 914 1864 1236 1940; x_wconf 82' lang='lat' dir='ltr'><strong>permutavi</strong></span> <span class='ocrx_word' id='word_1_235' title='bbox 1269 1863 1478 1940; x_wconf 83' lang='lat' dir='ltr'><strong>harum</strong></span> <span class='ocrx_word' id='word_1_236' title='bbox 1512 1879 1717 1940; x_wconf 85' lang='lat' dir='ltr'><strong>vocum</strong></span> <span class='ocrx_word' id='word_1_237' title='bbox 1765 1861 1996 1940; x_wconf 84' lang='lat' dir='ltr'><strong>signifi-</strong></span> <span class='ocrx_word' id='word_1_238' title='bbox 2029 1867 2074 1931; x_wconf 86' lang='grc' dir='ltr'><strong>Β</strong></span> <span class='ocrx_word' id='word_1_239' title='bbox 2107 1863 2418 1940; x_wconf 46' lang='lat' dir='ltr'><strong>tennihus,</strong></span> <span class='ocrx_word' id='word_1_240' title='bbox 2455 1871 2507 1918; x_wconf 88' lang='lat' dir='ltr'><strong>et</strong></span> <span class='ocrx_word' id='word_1_241' title='bbox 2565 1879 2798 1940; x_wconf 87' lang='lat' dir='ltr'><strong>cornu,_</strong></span> <span class='ocrx_word' id='word_1_242' title='bbox 2821 1863 2893 1918; x_wconf 91' lang='lat' dir='ltr'><strong>ad</strong></span> <span class='ocrx_word' id='word_1_243' title='bbox 2946 1862 3178 1940; x_wconf 78' lang='lat' dir='ltr'><strong>tabulas</strong></span> <span class='ocrx_word' id='word_1_244' title='bbox 3224 1863 3444 1940; x_wconf 70' lang='lat' dir='ltr'><strong>ligneas</strong></span> <span class='ocrx_word' id='word_1_245' title='bbox 3469 1878 3765 1940; x_wconf 68' lang='lat' dir='ltr'><strong>_aeneasve</strong></span> 
     </span>
    </p>
   </div>
   <div class='ocr_carea' id='block_1_36' title="bbox 345 1935 1996 2061">
    <p class='ocr_par' dir='ltr' id='par_1_36' title="bbox 345 1935 1996 2061">
     <span class='ocr_line' id='line_1_36' title="bbox 345 1935 1996 2061; baseline -0.004 -65"><span class='ocrx_word' id='word_1_246' title='bbox 345 1935 607 1996; x_wconf 84' lang='lat' dir='ltr'><strong>cationes</strong></span> <span class='ocrx_word' id='word_1_247' title='bbox 629 1949 681 1994; x_wconf 88' lang='lat' dir='ltr'><strong>et</strong></span> <span class='ocrx_word' id='word_1_248' title='bbox 709 1935 1074 2010; x_wconf 83' lang='lat' dir='ltr'><strong>pererrorem</strong></span> <span class='ocrx_word' id='word_1_249' title='bbox 1092 1937 1270 1992; x_wconf 87' lang='lat' dir='ltr'><strong>tribui</strong></span> <span class='ocrx_word' id='word_1_250' title='bbox 1287 1935 1617 2061; x_wconf 64' lang='lat' dir='ltr'><strong>ryrecholo,</strong></span> <span class='ocrx_word' id='word_1_251' title='bbox 1644 1937 1793 2006; x_wconf 89' lang='lat' dir='ltr'><strong>quod</strong></span> <span class='ocrx_word' id='word_1_252' title='bbox 1825 1935 1996 1989; x_wconf 73' lang='lat' dir='ltr'><strong>hiscie</strong></span> 
     </span>
     <span class='ocr_line' id='line_1_37' title="bbox 345 2007 1996 2061; baseline 0 0"><span class='ocrx_word' id='word_1_253' title='bbox 345 2017 491 2061; x_wconf 77' lang='lat' dir='ltr'><strong>erat.</strong></span> <span class='ocrx_word' id='word_1_254' title='bbox 519 2017 577 2061; x_wconf 85' lang='lat' dir='ltr'><strong>et</strong></span> <span class='ocrx_word' id='word_1_255' title='bbox 607 2009 864 2061; x_wconf 77' lang='lat' dir='ltr'><strong>vicissim</strong></span> <span class='ocrx_word' id='word_1_256' title='bbox 898 2009 1057 2061; x_wconf 81' lang='lat' dir='ltr'><strong>huic.</strong></span> <span class='ocrx_word' id='word_1_257' title='bbox 1082 2009 1236 2061; x_wconf 88' lang='lat' dir='ltr'><strong>auod</strong></span> <span class='ocrx_word' id='word_1_258' title='bbox 1264 2011 1277 2060; x_wconf 92' lang='lat' dir='ltr'><strong>i</strong></span> <span class='ocrx_word' id='word_1_259' title='bbox 1313 2007 1785 2061; x_wconf 87' lang='lat' dir='ltr'><strong>tius.Estnemne</strong></span> <span class='ocrx_word' id='word_1_260' title='bbox 1800 2021 1996 2061; x_wconf 83' lang='lat' dir='ltr'><strong>nvrec-</strong></span> 
     </span>
    </p>
   </div>
   <div class='ocr_carea' id='block_1_37' title="bbox 345 2007 1997 2081">
    <p class='ocr_par' dir='ltr' id='par_1_37' title="bbox 345 2007 1997 2081">
     <span class='ocr_line' id='line_1_38' title="bbox 345 2007 1997 2081; baseline -0.004 -13"><span class='ocrx_word' id='word_1_261' title='bbox 345 2017 491 2078; x_wconf 89' lang='lat' dir='ltr'><strong>erat,</strong></span> <span class='ocrx_word' id='word_1_262' title='bbox 519 2017 577 2066; x_wconf 87' lang='lat' dir='ltr'><strong>et</strong></span> <span class='ocrx_word' id='word_1_263' title='bbox 607 2007 864 2066; x_wconf 77' lang='lat' dir='ltr'><strong>vicissim</strong></span> <span class='ocrx_word' id='word_1_264' title='bbox 898 2009 1057 2078; x_wconf 84' lang='lat' dir='ltr'><strong>huic,</strong></span> <span class='ocrx_word' id='word_1_265' title='bbox 1082 2009 1236 2081; x_wconf 92' lang='lat' dir='ltr'><strong>quod</strong></span> <span class='ocrx_word' id='word_1_266' title='bbox 1264 2007 1561 2081; x_wconf 84' lang='lat' dir='ltr'><strong>illius.Est</strong></span> <span class='ocrx_word' id='word_1_267' title='bbox 1575 2021 1785 2078; x_wconf 90' lang='lat' dir='ltr'><strong>nempe</strong></span> <span class='ocrx_word' id='word_1_268' title='bbox 1799 2021 1997 2081; x_wconf 59' lang='lat' dir='ltr'><strong>pyrec-</strong></span> 
     </span>
    </p>
   </div>
   <div class='ocr_carea' id='block_1_38' title="bbox 343 2079 2001 2153">
    <p class='ocr_par' dir='ltr' id='par_1_38' title="bbox 343 2079 2001 2153">
     <span class='ocr_line' id='line_1_39' title="bbox 343 2079 2001 2153; baseline -0.002 -16"><span class='ocrx_word' id='word_1_269' title='bbox 343 2083 548 2138; x_wconf 90' lang='lat' dir='ltr'><strong>bolum</strong></span> <span class='ocrx_word' id='word_1_270' title='bbox 581 2081 856 2153; x_wconf 88' lang='lat' dir='ltr'><strong>terebella</strong></span> <span class='ocrx_word' id='word_1_271' title='bbox 884 2079 1251 2153; x_wconf 46' lang='lat' dir='ltr'><strong>ligneafqua</strong></span> <span class='ocrx_word' id='word_1_272' title='bbox 1280 2095 1458 2150; x_wconf 88' lang='lat' dir='ltr'><strong>super</strong></span> <span class='ocrx_word' id='word_1_273' title='bbox 1491 2079 1722 2148; x_wconf 82' lang='lat' dir='ltr'><strong>hyscam</strong></span> <span class='ocrx_word' id='word_1_274' title='bbox 1764 2079 2001 2153; x_wconf 79' lang='lat' dir='ltr'><strong>_agitata</strong></span> 
     </span>
    </p>
   </div>
   <div class='ocr_carea' id='block_1_39' title="bbox 340 2147 1998 2231">
    <p class='ocr_par' dir='ltr' id='par_1_39' title="bbox 340 2147 1998 2231">
     <span class='ocr_line' id='line_1_40' title="bbox 340 2147 1998 2231; baseline -0.004 -22"><span class='ocrx_word' id='word_1_275' title='bbox 340 2154 566 2209; x_wconf 83' lang='lat' dir='ltr'><strong>fortiter</strong></span> <span class='ocrx_word' id='word_1_276' title='bbox 595 2152 716 2231; x_wconf 53' lang='lat' dir='ltr'><strong>hinc</strong></span> <span class='ocrx_word' id='word_1_277' title='bbox 736 2147 960 2231; x_wconf 61' lang='lat' dir='ltr'><strong>_ignem&#39;</strong></span> <span class='ocrx_word' id='word_1_278' title='bbox 997 2147 1272 2231; x_wconf 38' lang='lat' dir='ltr'><strong>conci—pit.</strong></span> <span class='ocrx_word' id='word_1_279' title='bbox 1293 2147 1496 2231; x_wconf 34' lang='grc' dir='ltr'><strong>’Πίνδοο</strong></span> <span class='ocrx_word' id='word_1_280' title='bbox 1526 2147 1659 2205; x_wconf 81' lang='lat' dir='ltr'><strong>vero</strong></span> <span class='ocrx_word' id='word_1_281' title='bbox 1689 2147 1776 2231; x_wconf 77' lang='lat' dir='ltr'><strong>vel</strong></span> <span class='ocrx_word' id='word_1_282' title='bbox 1817 2147 1998 2231; x_wconf 71' lang='lat' dir='ltr'><strong>hisce,</strong></span> 
     </span>
    </p>
   </div>
   <div class='ocr_carea' id='block_1_40' title="bbox 345 2221 1996 2298">
    <p class='ocr_par' dir='ltr' id='par_1_40' title="bbox 345 2221 1996 2298">
     <span class='ocr_line' id='line_1_41' title="bbox 345 2221 1996 2298; baseline -0.004 -17"><span class='ocrx_word' id='word_1_283' title='bbox 345 2242 451 2298; x_wconf 87' lang='lat' dir='ltr'><strong>pro</strong></span> <span class='ocrx_word' id='word_1_284' title='bbox 478 2241 594 2296; x_wconf 93' lang='lat' dir='ltr'><strong>quo</strong></span> <span class='ocrx_word' id='word_1_285' title='bbox 627 2221 812 2298; x_wconf 73' lang='lat' dir='ltr'><strong>Latini</strong></span> <span class='ocrx_word' id='word_1_286' title='bbox 846 2225 1092 2298; x_wconf 81' lang='lat' dir='ltr'><strong>propius</strong></span> <span class='ocrx_word' id='word_1_287' title='bbox 1123 2221 1196 2277; x_wconf 92' lang='lat' dir='ltr'><strong>ad</strong></span> <span class='ocrx_word' id='word_1_288' title='bbox 1221 2221 1507 2298; x_wconf 87' lang='lat' dir='ltr'><strong>orlgiuem</strong></span> <span class='ocrx_word' id='word_1_289' title='bbox 1533 2236 1655 2275; x_wconf 73' lang='lat' dir='ltr'><strong>esca</strong></span> <span class='ocrx_word' id='word_1_290' title='bbox 1703 2222 1996 2298; x_wconf 81' lang='lat' dir='ltr'><strong>dicebant,</strong></span> 
     </span>
    </p>
   </div>
   <div class='ocr_carea' id='block_1_41' title="bbox 342 2293 1998 2365">
    <p class='ocr_par' dir='ltr' id='par_1_41' title="bbox 342 2293 1998 2365">
     <span class='ocr_line' id='line_1_42' title="bbox 342 2293 1998 2365; baseline -0.003 -14"><span class='ocrx_word' id='word_1_291' title='bbox 342 2293 433 2351; x_wconf 80' lang='lat' dir='ltr'><strong>est</strong></span> <span class='ocrx_word' id='word_1_292' title='bbox 461 2293 645 2350; x_wconf 81' lang='lat' dir='ltr'><strong>fomes</strong></span> <span class='ocrx_word' id='word_1_293' title='bbox 680 2293 861 2363; x_wconf 71' lang='lat' dir='ltr'><strong>ignis,</strong></span> <span class='ocrx_word' id='word_1_294' title='bbox 890 2295 1112 2365; x_wconf 83' lang='lat' dir='ltr'><strong>lignum</strong></span> <span class='ocrx_word' id='word_1_295' title='bbox 1145 2295 1522 2363; x_wconf 85' lang='lat' dir='ltr'><strong>spongiosum</strong></span> <span class='ocrx_word' id='word_1_296' title='bbox 1573 2297 1674 2346; x_wconf 88' lang='lat' dir='ltr'><strong>aut</strong></span> <span class='ocrx_word' id='word_1_297' title='bbox 1701 2293 1998 2365; x_wconf 80' lang='lat' dir='ltr'><strong>materies</strong></span> 
     </span>
    </p>
   </div>
   <div class='ocr_carea' id='block_1_42' title="bbox 343 2363 1999 2491">
    <p class='ocr_par' dir='ltr' id='par_1_42' title="bbox 343 2363 1999 2491">
     <span class='ocr_line' id='line_1_43' title="bbox 343 2363 1999 2438; baseline -0.001 -16"><span class='ocrx_word' id='word_1_298' title='bbox 343 2367 446 2423; x_wconf 89' lang='lat' dir='ltr'><strong>illa</strong></span> <span class='ocrx_word' id='word_1_299' title='bbox 477 2366 669 2438; x_wconf 88' lang='lat' dir='ltr'><strong>lignea</strong></span> <span class='ocrx_word' id='word_1_300' title='bbox 702 2367 795 2420; x_wconf 87' lang='lat' dir='ltr'><strong>fun</strong></span> <span class='ocrx_word' id='word_1_301' title='bbox 845 2363 961 2432; x_wconf 65' lang='lat' dir='ltr'><strong>osa,</strong></span> <span class='ocrx_word' id='word_1_302' title='bbox 995 2383 1122 2436; x_wconf 83' lang='lat' dir='ltr'><strong>quae</strong></span> <span class='ocrx_word' id='word_1_303' title='bbox 1153 2365 1212 2419; x_wconf 90' lang='lat' dir='ltr'><strong>in</strong></span> <span class='ocrx_word' id='word_1_304' title='bbox 1247 2365 1491 2418; x_wconf 87' lang='lat' dir='ltr'><strong>nucibus</strong></span> <span class='ocrx_word' id='word_1_305' title='bbox 1523 2379 1573 2419; x_wconf 92' lang='lat' dir='ltr'><strong>e.</strong></span> <span class='ocrx_word' id='word_1_306' title='bbox 1610 2380 1661 2420; x_wconf 94' lang='lat' dir='ltr'><strong>c.</strong></span> <span class='ocrx_word' id='word_1_307' title='bbox 1695 2363 1850 2418; x_wconf 89' lang='lat' dir='ltr'><strong>inter</strong></span> <span class='ocrx_word' id='word_1_308' title='bbox 1879 2379 1999 2420; x_wconf 91' lang='lat' dir='ltr'><strong>cor-</strong></span> 
     </span>
     <span class='ocr_line' id='line_1_44' title="bbox 343 2382 1998 2491; baseline -0.001 0"><span class='ocrx_word' id='word_1_309' title='bbox 343 2439 516 2491; x_wconf 88' lang='lat' dir='ltr'><strong>ticem</strong></span> <span class='ocrx_word' id='word_1_310' title='bbox 549 2444 606 2491; x_wconf 90' lang='lat' dir='ltr'><strong>et</strong></span> <span class='ocrx_word' id='word_1_311' title='bbox 639 2382 956 2491; x_wconf 34' lang='lat' dir='ltr'><strong>meduilam</strong></span> <span class='ocrx_word' id='word_1_312' title='bbox 992 2453 1140 2491; x_wconf 74' lang='lat' dir='ltr'><strong>saeue</strong></span> <span class='ocrx_word' id='word_1_313' title='bbox 1171 2437 1485 2491; x_wconf 89' lang='lat' dir='ltr'><strong>invenitur.</strong></span> <span class='ocrx_word' id='word_1_314' title='bbox 1515 2444 1615 2490; x_wconf 89' lang='lat' dir='ltr'><strong>aut</strong></span> <span class='ocrx_word' id='word_1_315' title='bbox 1665 2433 1858 2491; x_wconf 78' lang='lat' dir='ltr'><strong>qualis</strong></span> <span class='ocrx_word' id='word_1_316' title='bbox 1907 2438 1998 2490; x_wconf 87' lang='lat' dir='ltr'><strong>est</strong></span> 
     </span>
    </p>
   </div>
   <div class='ocr_carea' id='block_1_43' title="bbox 341 2437 1615 2508">
    <p class='ocr_par' dir='ltr' id='par_1_43' title="bbox 341 2437 1615 2508">
     <span class='ocr_line' id='line_1_45' title="bbox 341 2437 1615 2508; baseline -0.003 -14"><span class='ocrx_word' id='word_1_317' title='bbox 341 2439 516 2494; x_wconf 82' lang='lat' dir='ltr'><strong>tieem</strong></span> <span class='ocrx_word' id='word_1_318' title='bbox 549 2444 606 2492; x_wconf 88' lang='lat' dir='ltr'><strong>et</strong></span> <span class='ocrx_word' id='word_1_319' title='bbox 639 2437 956 2492; x_wconf 86' lang='lat' dir='ltr'><strong>medullam</strong></span> <span class='ocrx_word' id='word_1_320' title='bbox 992 2453 1140 2508; x_wconf 74' lang='lat' dir='ltr'><strong>saepe</strong></span> <span class='ocrx_word' id='word_1_321' title='bbox 1171 2437 1490 2508; x_wconf 70' lang='lat' dir='ltr'><strong>invenitur,</strong></span> <span class='ocrx_word' id='word_1_322' title='bbox 1515 2444 1615 2490; x_wconf 89' lang='lat' dir='ltr'><strong>aut</strong></span> 
     </span>
    </p>
   </div>
   <div class='ocr_carea' id='block_1_44' title="bbox 343 2507 1992 2580">
    <p class='ocr_par' dir='ltr' id='par_1_44' title="bbox 343 2507 1992 2580">
     <span class='ocr_line' id='line_1_46' title="bbox 343 2507 1992 2580; baseline -0.002 -16"><span class='ocrx_word' id='word_1_323' title='bbox 343 2509 444 2564; x_wconf 89' lang='lat' dir='ltr'><strong>illa</strong></span> <span class='ocrx_word' id='word_1_324' title='bbox 477 2509 752 2564; x_wconf 85' lang='lat' dir='ltr'><strong>materies</strong></span> <span class='ocrx_word' id='word_1_325' title='bbox 788 2512 1057 2580; x_wconf 87' lang='lat' dir='ltr'><strong>lungosa,</strong></span> <span class='ocrx_word' id='word_1_326' title='bbox 1091 2525 1221 2579; x_wconf 67' lang='lat' dir='ltr'><strong>quae</strong></span> <span class='ocrx_word' id='word_1_327' title='bbox 1254 2507 1610 2563; x_wconf 88' lang='lat' dir='ltr'><strong>nostratibus</strong></span> <span class='ocrx_word' id='word_1_328' title='bbox 1667 2507 1992 2580; x_wconf 80' lang='lat' dir='ltr'><strong>Schwamm,</strong></span> 
     </span>
    </p>
   </div>
   <div class='ocr_carea' id='block_1_45' title="bbox 343 2577 1994 2651">
    <p class='ocr_par' dir='ltr' id='par_1_45' title="bbox 343 2577 1994 2651">
     <span class='ocr_line' id='line_1_47' title="bbox 343 2577 1994 2651; baseline -0.002 -14"><span class='ocrx_word' id='word_1_329' title='bbox 343 2582 672 2637; x_wconf 79' lang='lat' dir='ltr'><strong>Feuer-oder</strong></span> <span class='ocrx_word' id='word_1_330' title='bbox 703 2577 1200 2635; x_wconf 55' lang='lat' dir='ltr'><strong>Pulverschwamm</strong></span> <span class='ocrx_word' id='word_1_331' title='bbox 1235 2579 1562 2651; x_wconf 87' lang='lat' dir='ltr'><strong>appellatur</strong></span> <span class='ocrx_word' id='word_1_332' title='bbox 1592 2598 1607 2646; x_wconf 87' lang='lat'><strong>;</strong></span> <span class='ocrx_word' id='word_1_333' title='bbox 1660 2581 1726 2631; x_wconf 87' lang='lat' dir='ltr'><strong>V.</strong></span> <span class='ocrx_word' id='word_1_334' title='bbox 1781 2580 1852 2651; x_wconf 18' lang='lat' dir='ltr'><strong>die</strong></span> <span class='ocrx_word' id='word_1_335' title='bbox 1883 2577 1994 2634; x_wconf 87' lang='lat' dir='ltr'><strong>hac</strong></span> 
     </span>
    </p>
   </div>
   <div class='ocr_carea' id='block_1_46' title="bbox 341 2650 1994 2723">
    <p class='ocr_par' dir='ltr' id='par_1_46' title="bbox 341 2650 1994 2723">
     <span class='ocr_line' id='line_1_48' title="bbox 341 2650 1994 2723; baseline -0.002 -16"><span class='ocrx_word' id='word_1_336' title='bbox 341 2669 482 2709; x_wconf 87' lang='lat' dir='ltr'><strong>voce</strong></span> <span class='ocrx_word' id='word_1_337' title='bbox 512 2653 677 2708; x_wconf 88' lang='lat' dir='ltr'><strong>Paul.</strong></span> <span class='ocrx_word' id='word_1_338' title='bbox 713 2651 992 2723; x_wconf 78' lang='lat' dir='ltr'><strong>Leopard.</strong></span> <span class='ocrx_word' id='word_1_339' title='bbox 1019 2650 1318 2723; x_wconf 83' lang='lat' dir='ltr'><strong>Emendat.</strong></span> <span class='ocrx_word' id='word_1_340' title='bbox 1349 2650 1488 2715; x_wconf 86' lang='lat' dir='ltr'><strong>Vlll,</strong></span> <span class='ocrx_word' id='word_1_341' title='bbox 1511 2651 1564 2704; x_wconf 88' lang='lat'><strong>7.</strong></span> <span class='ocrx_word' id='word_1_342' title='bbox 1599 2657 1652 2704; x_wconf 92' lang='lat' dir='ltr'><strong>et</strong></span> <span class='ocrx_word' id='word_1_343' title='bbox 1689 2652 1770 2723; x_wconf 84' lang='lat' dir='ltr'><strong>Du</strong></span> <span class='ocrx_word' id='word_1_344' title='bbox 1795 2650 1994 2723; x_wconf 83' lang='lat' dir='ltr'><strong>Gange</strong></span> 
     </span>
    </p>
   </div>
   <div class='ocr_carea' id='block_1_47' title="bbox 341 2721 1990 2792">
    <p class='ocr_par' dir='ltr' id='par_1_47' title="bbox 341 2721 1990 2792">
     <span class='ocr_line' id='line_1_49' title="bbox 341 2721 1990 2792; baseline -0.003 -12"><span class='ocrx_word' id='word_1_345' title='bbox 341 2725 432 2780; x_wconf 88' lang='lat' dir='ltr'><strong>Gl.</strong></span> <span class='ocrx_word' id='word_1_346' title='bbox 465 2728 560 2780; x_wconf 91' lang='lat' dir='ltr'><strong>Gr.</strong></span> <span class='ocrx_word' id='word_1_347' title='bbox 599 2725 653 2779; x_wconf 93' lang='lat' dir='ltr'><strong>h.</strong></span> <span class='ocrx_word' id='word_1_348' title='bbox 687 2741 740 2778; x_wconf 93' lang='lat' dir='ltr'><strong>v.</strong></span> <span class='ocrx_word' id='word_1_349' title='bbox 776 2721 902 2779; x_wconf 85' lang='lat' dir='ltr'><strong>Non</strong></span> <span class='ocrx_word' id='word_1_350' title='bbox 953 2734 1039 2778; x_wconf 88' lang='lat' dir='ltr'><strong>est</strong></span> <span class='ocrx_word' id='word_1_351' title='bbox 1069 2740 1176 2778; x_wconf 83' lang='lat' dir='ltr'><strong>vox</strong></span> <span class='ocrx_word' id='word_1_352' title='bbox 1234 2722 1496 2789; x_wconf 85' lang='lat' dir='ltr'><strong>barbara,</strong></span> <span class='ocrx_word' id='word_1_353' title='bbox 1553 2723 1706 2792; x_wconf 91' lang='lat' dir='ltr'><strong>quod</strong></span> <span class='ocrx_word' id='word_1_354' title='bbox 1741 2721 1990 2777; x_wconf 69' lang='lat' dir='ltr'><strong>Graeculi</strong></span> 
     </span>
    </p>
   </div>
   <div class='ocr_carea' id='block_1_48' title="bbox 340 2793 1990 2868">
    <p class='ocr_par' dir='ltr' id='par_1_48' title="bbox 340 2793 1990 2868">
     <span class='ocr_line' id='line_1_50' title="bbox 340 2793 1990 2868; baseline -0.001 -18"><span class='ocrx_word' id='word_1_355' title='bbox 340 2797 826 2868; x_wconf 86' lang='lat' dir='ltr'><strong>perhibent,__sed</strong></span> <span class='ocrx_word' id='word_1_356' title='bbox 900 2796 1048 2868; x_wconf 81' lang='lat' dir='ltr'><strong>bene</strong></span> <span class='ocrx_word' id='word_1_357' title='bbox 1105 2793 1641 2868; x_wconf 62' lang='lat' dir='ltr'><strong>Grtecebriginis,</strong></span> <span class='ocrx_word' id='word_1_358' title='bbox 1719 2808 1990 2868; x_wconf 82' lang='lat' dir='ltr'><strong>quamvts</strong></span> 
     </span>
    </p>
   </div>
   <div class='ocr_carea' id='block_1_49' title="bbox 340 2863 1990 2942">
    <p class='ocr_par' dir='ltr' id='par_1_49' title="bbox 340 2863 1990 2942">
     <span class='ocr_line' id='line_1_51' title="bbox 340 2863 1990 2942; baseline -0.001 -20"><span class='ocrx_word' id='word_1_359' title='bbox 340 2863 921 2942; x_wconf 22' lang='lat' dir='ltr'><strong>mutilata._’_Veteres</strong></span> <span class='ocrx_word' id='word_1_360' title='bbox 948 2867 1160 2942; x_wconf 41' lang='lat' dir='ltr'><strong>“Graeci</strong></span> <span class='ocrx_word' id='word_1_361' title='bbox 1217 2863 1426 2942; x_wconf 79' lang='grc' dir='ltr'><strong>ἐσχάρα</strong></span> <span class='ocrx_word' id='word_1_362' title='bbox 1466 2863 1990 2942; x_wconf 31' lang='grc' dir='ltr'><strong>ίάίοειιειηῐευὶῐθω</strong></span> 
     </span>
    </p>
   </div>
   <div class='ocr_carea' id='block_1_50' title="bbox 339 2936 1988 3012">
    <p class='ocr_par' dir='ltr' id='par_1_50' title="bbox 339 2936 1988 3012">
     <span class='ocr_line' id='line_1_52' title="bbox 339 2936 1988 3012; baseline -0.002 -19"><span class='ocrx_word' id='word_1_363' title='bbox 339 2937 581 3012; x_wconf 62' lang='lat' dir='ltr'><strong>grege-3;.</strong></span> <span class='ocrx_word' id='word_1_364' title='bbox 617 2937 767 3012; x_wconf 82' lang='lat' dir='ltr'><strong>Illud</strong></span> <span class='ocrx_word' id='word_1_365' title='bbox 801 2938 1058 3012; x_wconf 84' lang='lat' dir='ltr'><strong>perhibet</strong></span> <span class='ocrx_word' id='word_1_366' title='bbox 1089 2936 1524 3012; x_wconf 65' lang='lat' dir='ltr'><strong>Theophrastus</strong></span> <span class='ocrx_word' id='word_1_367' title='bbox 1545 2936 1710 3012; x_wconf 88' lang='lat' dir='ltr'><strong>_Hist.</strong></span> <span class='ocrx_word' id='word_1_368' title='bbox 1741 2936 1988 3012; x_wconf 44' lang='lat' dir='ltr'><strong>_Plant”</strong></span> 
     </span>
    </p>
   </div>
   <div class='ocr_carea' id='block_1_51' title="bbox 338 3007 1984 3076">
    <p class='ocr_par' dir='ltr' id='par_1_51' title="bbox 338 3007 1984 3076">
     <span class='ocr_line' id='line_1_53' title="bbox 338 3007 1984 3076; baseline -0.001 -11"><span class='ocrx_word' id='word_1_369' title='bbox 338 3007 450 3065; x_wconf 83' lang='lat' dir='ltr'><strong>hoc</strong></span> <span class='ocrx_word' id='word_1_370' title='bbox 479 3007 833 3064; x_wconf 81' lang='lat' dir='ltr'><strong>Scholiastes</strong></span> <span class='ocrx_word' id='word_1_371' title='bbox 863 3009 1152 3073; x_wconf 82' lang='lat' dir='ltr'><strong>Apollonii</strong></span> <span class='ocrx_word' id='word_1_372' title='bbox 1192 3009 1400 3076; x_wconf 74' lang='lat' dir='ltr'><strong>Rhodii</strong></span> <span class='ocrx_word' id='word_1_373' title='bbox 1441 3009 1510 3063; x_wconf 88' lang='lat' dir='ltr'><strong>ad</strong></span> <span class='ocrx_word' id='word_1_374' title='bbox 1545 3007 1637 3076; x_wconf 68' lang='grc' dir='ltr'><strong>Μ,</strong></span> <span class='ocrx_word' id='word_1_375' title='bbox 1663 3025 1710 3060; x_wconf 82' lang='grc' dir='ltr'><strong>ν.</strong></span> <span class='ocrx_word' id='word_1_376' title='bbox 1737 3009 1792 3063; x_wconf 89' lang='lat'><strong>5.</strong></span> <span class='ocrx_word' id='word_1_377' title='bbox 1827 3009 1984 3075; x_wconf 75' lang='grc'>1184,</span> 
     </span>
    </p>
   </div>
   <div class='ocr_carea' id='block_1_52' title="bbox 343 3073 1988 3152">
    <p class='ocr_par' dir='ltr' id='par_1_52' title="bbox 343 3073 1988 3152">
     <span class='ocr_line' id='line_1_54' title="bbox 343 3073 1988 3152; baseline -0.001 -16"><span class='ocrx_word' id='word_1_378' title='bbox 343 3082 444 3138; x_wconf 88' lang='lat' dir='ltr'><strong>ubi</strong></span> <span class='ocrx_word' id='word_1_379' title='bbox 474 3083 556 3136; x_wconf 91' lang='lat' dir='ltr'><strong>sic</strong></span> <span class='ocrx_word' id='word_1_380' title='bbox 588 3082 670 3136; x_wconf 90' lang='lat' dir='ltr'><strong>ait</strong></span> <span class='ocrx_word' id='word_1_381' title='bbox 704 3098 718 3136; x_wconf 87' lang='lat'><strong>:</strong></span> <span class='ocrx_word' id='word_1_382' title='bbox 751 3079 832 3135; x_wconf 78' lang='grc' dir='ltr'><strong>Τὰ</strong></span> <span class='ocrx_word' id='word_1_383' title='bbox 861 3079 995 3148; x_wconf 74' lang='grc' dir='ltr'>ξύλα</span> <span class='ocrx_word' id='word_1_384' title='bbox 1025 3073 1350 3152; x_wconf 71' lang='grc' dir='ltr'>παρὲτριϐον</span> <span class='ocrx_word' id='word_1_385' title='bbox 1388 3077 1476 3152; x_wconf 25' lang='grc' dir='ltr'><strong>καμῖ</strong></span> <span class='ocrx_word' id='word_1_386' title='bbox 1521 3073 1633 3152; x_wconf 8' lang='lat' dir='ltr'><strong>(in?</strong></span> <span class='ocrx_word' id='word_1_387' title='bbox 1675 3076 1821 3148; x_wconf 78' lang='grc' dir='ltr'><strong>αὐτῷ</strong></span> <span class='ocrx_word' id='word_1_388' title='bbox 1880 3073 1988 3148; x_wconf 67' lang='lat' dir='ltr'><strong>(sit:</strong></span> 
     </span>
    </p>
   </div>
   <div class='ocr_carea' id='block_1_53' title="bbox 338 3148 1988 3226">
    <p class='ocr_par' dir='ltr' id='par_1_53' title="bbox 338 3148 1988 3226">
     <span class='ocr_line' id='line_1_55' title="bbox 338 3148 1988 3226; baseline -0.002 -18"><span class='ocrx_word' id='word_1_389' title='bbox 338 3152 477 3225; x_wconf 88' lang='lat' dir='ltr'><strong>leg.,</strong></span> <span class='ocrx_word' id='word_1_390' title='bbox 506 3162 708 3226; x_wconf 73' lang='lat' dir='ltr'><strong>postea,</strong></span> <span class='ocrx_word' id='word_1_391' title='bbox 728 3169 801 3226; x_wconf 7' lang='lat' dir='ltr'><strong>(eo</strong></span> <span class='ocrx_word' id='word_1_392' title='bbox 830 3157 1011 3226; x_wconf 40' lang='lat' dir='ltr'><strong>facta;</strong></span> <span class='ocrx_word' id='word_1_393' title='bbox 1033 3148 1131 3226; x_wconf 67' lang='lat' dir='ltr'><strong>per</strong></span> <span class='ocrx_word' id='word_1_394' title='bbox 1163 3153 1279 3220; x_wconf 73' lang='lat' dir='ltr'><strong>hoc,</strong></span> <span class='ocrx_word' id='word_1_395' title='bbox 1311 3161 1418 3226; x_wconf 84' lang='lat' dir='ltr'><strong>aut</strong></span> <span class='ocrx_word' id='word_1_396' title='bbox 1440 3149 1531 3202; x_wconf 86' lang='grc' dir='ltr'><strong>ἀπ’</strong></span> <span class='ocrx_word' id='word_1_397' title='bbox 1563 3148 1739 3226; x_wconf 55' lang='lat' dir='ltr'><strong>alitti</strong></span> <span class='ocrx_word' id='word_1_398' title='bbox 1770 3167 1839 3226; x_wconf 57' lang='lat' dir='ltr'><strong>ea»:</strong></span> <span class='ocrx_word' id='word_1_399' title='bbox 1871 3152 1988 3206; x_wconf 75' lang='lat' dir='ltr'><strong>illis</strong></span> 
     </span>
    </p>
   </div>
   <div class='ocr_carea' id='block_1_54' title="bbox 339 3219 2068 3315">
    <p class='ocr_par' dir='ltr' id='par_1_54' title="bbox 339 3219 2068 3315">
     <span class='ocr_line' id='line_1_56' title="bbox 339 3219 2068 3315; baseline -0.004 -34"><span class='ocrx_word' id='word_1_400' title='bbox 339 3219 750 3315; x_wconf 40' lang='lat' dir='ltr'><strong>eliciebanlht&#39;o</strong></span> <span class='ocrx_word' id='word_1_401' title='bbox 796 3219 1212 3315; x_wconf 35' lang='grc' dir='ltr'>ττῦριέξοιλλον,</span> <span class='ocrx_word' id='word_1_402' title='bbox 1264 3224 1484 3307; x_wconf 66' lang='grc' dir='ltr'>Ηυρτςϊοε</span> <span class='ocrx_word' id='word_1_403' title='bbox 1520 3221 1620 3306; x_wconf 60' lang='grc' dir='ltr'><strong>γὰρ</strong></span> <span class='ocrx_word' id='word_1_404' title='bbox 1651 3219 1821 3315; x_wconf 62' lang='grc' dir='ltr'>τοιὶῦτοὶ</span> <span class='ocrx_word' id='word_1_405' title='bbox 1852 3241 1985 3307; x_wconf 44' lang='lat' dir='ltr'><strong>«prim</strong></span> <span class='ocrx_word' id='word_1_406' title='bbox 2018 3250 2068 3315; x_wconf 70' lang='grc' dir='ltr'><strong>Ο</strong></span> 
     </span>
    </p>
   </div>
   <div class='ocr_carea' id='block_1_55' title="bbox 337 3290 1984 3377">
    <p class='ocr_par' dir='ltr' id='par_1_55' title="bbox 337 3290 1984 3377">
     <span class='ocr_line' id='line_1_57' title="bbox 337 3290 1984 3377; baseline -0.001 -29"><span class='ocrx_word' id='word_1_407' title='bbox 337 3296 404 3377; x_wconf 55' lang='grc' dir='ltr'><strong>τὰ</strong></span> <span class='ocrx_word' id='word_1_408' title='bbox 424 3290 1182 3377; x_wconf 58' lang='grc' dir='ltr'><strong>πρρστρξξὸμενοςἀλλήλοις</strong></span> <span class='ocrx_word' id='word_1_409' title='bbox 1239 3290 1376 3377; x_wconf 48' lang='lat' dir='ltr'><strong>lippi;</strong></span> <span class='ocrx_word' id='word_1_410' title='bbox 1411 3290 1494 3347; x_wconf 78' lang='grc' dir='ltr'>τὸ</span> <span class='ocrx_word' id='word_1_411' title='bbox 1534 3290 1660 3377; x_wconf 61' lang='grc' dir='ltr'><strong>’πῦρ</strong></span> <span class='ocrx_word' id='word_1_412' title='bbox 1709 3290 1984 3377; x_wconf 62' lang='grc' dir='ltr'><strong>ἐγγεννᾷν,</strong></span> 
     </span>
    </p>
   </div>
   <div class='ocr_carea' id='block_1_56' title="bbox 339 3363 1989 3438">
    <p class='ocr_par' dir='ltr' id='par_1_56' title="bbox 339 3363 1989 3438">
     <span class='ocr_line' id='line_1_58' title="bbox 339 3363 1989 3438; baseline -0.001 -19"><span class='ocrx_word' id='word_1_413' title='bbox 339 3366 413 3438; x_wconf 73' lang='grc' dir='ltr'>ᾧν</span> <span class='ocrx_word' id='word_1_414' title='bbox 451 3363 514 3420; x_wconf 81' lang='grc' dir='ltr'>τὸ</span> <span class='ocrx_word' id='word_1_415' title='bbox 541 3363 806 3438; x_wconf 29' lang='grc' dir='ltr'>μὲνλέστιν</span> <span class='ocrx_word' id='word_1_416' title='bbox 846 3365 1060 3433; x_wconf 79' lang='grc' dir='ltr'>ὕπτιον,</span> <span class='ocrx_word' id='word_1_417' title='bbox 1093 3364 1122 3418; x_wconf 79' lang='grc'><em>8</em></span> <span class='ocrx_word' id='word_1_418' title='bbox 1171 3363 1420 3438; x_wconf 80' lang='grc' dir='ltr'>καλεῖται</span> <span class='ocrx_word' id='word_1_419' title='bbox 1458 3363 1712 3438; x_wconf 57' lang='grc' dir='ltr'><strong>⁸ιττορευς,</strong></span> <span class='ocrx_word' id='word_1_420' title='bbox 1750 3363 1989 3438; x_wconf 75' lang='grc' dir='ltr'>’θάτερον</span> 
     </span>
    </p>
   </div>
   <div class='ocr_carea' id='block_1_57' title="bbox 341 3430 1988 3510">
    <p class='ocr_par' dir='ltr' id='par_1_57' title="bbox 341 3430 1988 3510">
     <span class='ocr_line' id='line_1_59' title="bbox 341 3430 1988 3510; baseline -0.001 -19"><span class='ocrx_word' id='word_1_421' title='bbox 341 3434 399 3491; x_wconf 73' lang='grc' dir='ltr'><strong>δὲ</strong></span> <span class='ocrx_word' id='word_1_422' title='bbox 452 3430 834 3510; x_wconf 74' lang='grc' dir='ltr'>παροιπλήσιον</span> <span class='ocrx_word' id='word_1_423' title='bbox 889 3430 1168 3510; x_wconf 62' lang='grc' dir='ltr'>τρυπάνῳῖ</span> <span class='ocrx_word' id='word_1_424' title='bbox 1249 3435 1380 3510; x_wconf 77' lang='grc' dir='ltr'>ὅπερ</span> <span class='ocrx_word' id='word_1_425' title='bbox 1453 3430 1824 3510; x_wconf 32' lang='grc' dir='ltr'>ἔπιτ’ριϐο-ντες</span> <span class='ocrx_word' id='word_1_426' title='bbox 1899 3430 1988 3508; x_wconf 73' lang='grc' dir='ltr'><strong>’τῷ</strong></span> 
     </span>
    </p>
   </div>
   <div class='ocr_carea' id='block_1_58' title="bbox 341 3507 1988 3584">
    <p class='ocr_par' dir='ltr' id='par_1_58' title="bbox 341 3507 1988 3584">
     <span class='ocr_line' id='line_1_60' title="bbox 341 3507 1988 3584; baseline 0.002 -23"><span class='ocrx_word' id='word_1_427' title='bbox 341 3507 894 3584; x_wconf 68' lang='grc' dir='ltr'>στορεῖστρέφουσιν.</span> <span class='ocrx_word' id='word_1_428' title='bbox 927 3507 1131 3584; x_wconf 78' lang='lat' dir='ltr'><strong>Multis</strong></span> <span class='ocrx_word' id='word_1_429' title='bbox 1158 3507 1586 3584; x_wconf 70' lang='lat' dir='ltr'><strong>huncinorem</strong></span> <span class='ocrx_word' id='word_1_430' title='bbox 1613 3509 1808 3579; x_wconf 85' lang='lat' dir='ltr'><strong>ignem</strong></span> <span class='ocrx_word' id='word_1_431' title='bbox 1843 3507 1988 3584; x_wconf 81' lang='lat' dir='ltr'><strong>exci-</strong></span> 
     </span>
    </p>
   </div>
   <div class='ocr_carea' id='block_1_59' title="bbox 338 3580 1986 3648">
    <p class='ocr_par' dir='ltr' id='par_1_59' title="bbox 338 3580 1986 3648">
     <span class='ocr_line' id='line_1_61' title="bbox 338 3580 1986 3648; baseline -0.001 -12"><span class='ocrx_word' id='word_1_432' title='bbox 338 3581 526 3645; x_wconf 89' lang='lat' dir='ltr'><strong>tandi,</strong></span> <span class='ocrx_word' id='word_1_433' title='bbox 558 3580 792 3642; x_wconf 67' lang='lat' dir='ltr'><strong>Graecis,</strong></span> <span class='ocrx_word' id='word_1_434' title='bbox 828 3581 1045 3635; x_wconf 85' lang='lat' dir='ltr'><strong>Latinis</strong></span> <span class='ocrx_word' id='word_1_435' title='bbox 1074 3587 1130 3635; x_wconf 92' lang='lat' dir='ltr'><strong>ct</strong></span> <span class='ocrx_word' id='word_1_436' title='bbox 1162 3580 1453 3635; x_wconf 82' lang='lat' dir='ltr'><strong>Arabibus</strong></span> <span class='ocrx_word' id='word_1_437' title='bbox 1503 3587 1851 3648; x_wconf 78' lang='lat' dir='ltr'><strong>usurpatum</strong></span> <span class='ocrx_word' id='word_1_438' title='bbox 1887 3583 1986 3635; x_wconf 92' lang='lat' dir='ltr'><strong>de-</strong></span> 
     </span>
    </p>
   </div>
   <div class='ocr_carea' id='block_1_60' title="bbox 339 3651 1988 3708">
    <p class='ocr_par' dir='ltr' id='par_1_60' title="bbox 339 3651 1988 3708">
     <span class='ocr_line' id='line_1_62' title="bbox 339 3651 1988 3708; baseline -0.002 -1"><span class='ocrx_word' id='word_1_439' title='bbox 339 3653 638 3708; x_wconf 87' lang='lat' dir='ltr'><strong>clararunt</strong></span> <span class='ocrx_word' id='word_1_440' title='bbox 665 3654 872 3707; x_wconf 87' lang='lat' dir='ltr'><strong>Petrus</strong></span> <span class='ocrx_word' id='word_1_441' title='bbox 904 3651 1222 3707; x_wconf 87' lang='lat' dir='ltr'><strong>Scriverius</strong></span> <span class='ocrx_word' id='word_1_442' title='bbox 1253 3653 1310 3706; x_wconf 90' lang='lat' dir='ltr'><strong>in</strong></span> <span class='ocrx_word' id='word_1_443' title='bbox 1345 3651 1491 3706; x_wconf 88' lang='lat' dir='ltr'><strong>Hist.</strong></span> <span class='ocrx_word' id='word_1_444' title='bbox 1525 3653 1815 3706; x_wconf 87' lang='lat' dir='ltr'><strong>Comitum</strong></span> <span class='ocrx_word' id='word_1_445' title='bbox 1850 3651 1988 3707; x_wconf 81' lang='lat' dir='ltr'><strong>Hol-</strong></span> 
     </span>
    </p>
   </div>
   <div class='ocr_carea' id='block_1_61' title="bbox 340 3722 1984 3796">
    <p class='ocr_par' dir='ltr' id='par_1_61' title="bbox 340 3722 1984 3796">
     <span class='ocr_line' id='line_1_63' title="bbox 340 3722 1984 3796; baseline 0 -16"><span class='ocrx_word' id='word_1_446' title='bbox 340 3723 550 3780; x_wconf 76' lang='lat' dir='ltr'><strong>landiaa</strong></span> <span class='ocrx_word' id='word_1_447' title='bbox 583 3741 637 3796; x_wconf 93' lang='lat' dir='ltr'><strong>p.</strong></span> <span class='ocrx_word' id='word_1_448' title='bbox 675 3741 752 3778; x_wconf 90' lang='lat' dir='ltr'><strong>m.</strong></span> <span class='ocrx_word' id='word_1_449' title='bbox 785 3724 910 3796; x_wconf 76' lang='lat'><strong>391,</strong></span> <span class='ocrx_word' id='word_1_450' title='bbox 943 3733 993 3778; x_wconf 89' lang='lat' dir='ltr'><strong>et</strong></span> <span class='ocrx_word' id='word_1_451' title='bbox 1026 3723 1352 3779; x_wconf 86' lang='lat' dir='ltr'><strong>Schuliens.</strong></span> <span class='ocrx_word' id='word_1_452' title='bbox 1387 3723 1447 3778; x_wconf 88' lang='lat' dir='ltr'><strong>in</strong></span> <span class='ocrx_word' id='word_1_453' title='bbox 1479 3722 1634 3794; x_wconf 82' lang='lat' dir='ltr'><strong>Orig.</strong></span> <span class='ocrx_word' id='word_1_454' title='bbox 1671 3729 1712 3776; x_wconf 86' lang='lat' dir='ltr'><strong>t.</strong></span> <span class='ocrx_word' id='word_1_455' title='bbox 1738 3723 1782 3796; x_wconf 71' lang='grc' dir='ltr'><strong>Ι,</strong></span> <span class='ocrx_word' id='word_1_456' title='bbox 1809 3741 1862 3793; x_wconf 91' lang='lat' dir='ltr'><strong>p.</strong></span> <span class='ocrx_word' id='word_1_457' title='bbox 1893 3725 1984 3780; x_wconf 90' lang='lat'><strong>63.</strong></span> 
     </span>
    </p>
   </div>
   <div class='ocr_carea' id='block_1_62' title="bbox 409 3794 1988 3866">
    <p class='ocr_par' dir='ltr' id='par_1_62' title="bbox 409 3794 1988 3866">
     <span class='ocr_line' id='line_1_64' title="bbox 409 3794 1988 3866; baseline 0.001 -16"><span class='ocrx_word' id='word_1_458' title='bbox 409 3798 520 3865; x_wconf 81' lang='lat' dir='ltr'>(5t)</span> <span class='ocrx_word' id='word_1_459' title='bbox 553 3794 666 3851; x_wconf 80' lang='lat' dir='ltr'><strong>lloc</strong></span> <span class='ocrx_word' id='word_1_460' title='bbox 696 3795 1048 3850; x_wconf 86' lang='lat' dir='ltr'><strong>vocabulum</strong></span> <span class='ocrx_word' id='word_1_461' title='bbox 1099 3797 1310 3850; x_wconf 81' lang='lat' dir='ltr'><strong>Graecis</strong></span> <span class='ocrx_word' id='word_1_462' title='bbox 1351 3811 1556 3849; x_wconf 91' lang='lat' dir='ltr'><strong>cavum</strong></span> <span class='ocrx_word' id='word_1_463' title='bbox 1599 3794 1988 3866; x_wconf 88' lang='lat' dir='ltr'><strong>quodcunque</strong></span> 
     </span>
    </p>
   </div>
   <div class='ocr_carea' id='block_1_63' title="bbox 336 3865 1983 3938">
    <p class='ocr_par' dir='ltr' id='par_1_63' title="bbox 336 3865 1983 3938">
     <span class='ocr_line' id='line_1_65' title="bbox 336 3865 1983 3938; baseline -0.001 -15"><span class='ocrx_word' id='word_1_464' title='bbox 336 3870 766 3938; x_wconf 82' lang='lat' dir='ltr'><strong>receptaculum</strong></span> <span class='ocrx_word' id='word_1_465' title='bbox 827 3874 1010 3933; x_wconf 88' lang='lat' dir='ltr'><strong>notat,</strong></span> <span class='ocrx_word' id='word_1_466' title='bbox 1071 3869 1187 3922; x_wconf 80' lang='lat' dir='ltr'><strong>sive</strong></span> <span class='ocrx_word' id='word_1_467' title='bbox 1254 3883 1528 3929; x_wconf 89' lang='lat' dir='ltr'><strong>vacuum,</strong></span> <span class='ocrx_word' id='word_1_468' title='bbox 1589 3882 1708 3938; x_wconf 85' lang='lat' dir='ltr'><strong>sive</strong></span> <span class='ocrx_word' id='word_1_469' title='bbox 1750 3865 1983 3938; x_wconf 87' lang='lat' dir='ltr'><strong>plenum</strong></span> 
     </span>
    </p>
   </div>
   <div class='ocr_carea' id='block_1_64' title="bbox 338 3937 1987 4008">
    <p class='ocr_par' dir='ltr' id='par_1_64' title="bbox 338 3937 1987 4008">
     <span class='ocr_line' id='line_1_66' title="bbox 338 3937 1987 4008; baseline 0.001 -15"><span class='ocrx_word' id='word_1_470' title='bbox 338 3937 513 3994; x_wconf 77' lang='lat' dir='ltr'><strong>rebus</strong></span> <span class='ocrx_word' id='word_1_471' title='bbox 537 3938 792 3994; x_wconf 89' lang='lat' dir='ltr'><strong>humidis</strong></span> <span class='ocrx_word' id='word_1_472' title='bbox 819 3945 920 3993; x_wconf 92' lang='lat' dir='ltr'><strong>aut</strong></span> <span class='ocrx_word' id='word_1_473' title='bbox 951 3939 1144 3995; x_wconf 91' lang='lat' dir='ltr'><strong>siccis.</strong></span> <span class='ocrx_word' id='word_1_474' title='bbox 1187 3939 1272 3992; x_wconf 89' lang='lat' dir='ltr'><strong>Ita</strong></span> <span class='ocrx_word' id='word_1_475' title='bbox 1321 3954 1549 4008; x_wconf 92' lang='lat' dir='ltr'><strong>quoque</strong></span> <span class='ocrx_word' id='word_1_476' title='bbox 1595 3937 1780 3992; x_wconf 88' lang='lat' dir='ltr'><strong>Latini</strong></span> <span class='ocrx_word' id='word_1_477' title='bbox 1833 3938 1987 3994; x_wconf 76' lang='lat' dir='ltr'><strong>lacus</strong></span> 
     </span>
    </p>
   </div>
   <div class='ocr_carea' id='block_1_65' title="bbox 339 4009 1984 4082">
    <p class='ocr_par' dir='ltr' id='par_1_65' title="bbox 339 4009 1984 4082">
     <span class='ocr_line' id='line_1_67' title="bbox 339 4009 1984 4082; baseline 0.001 -18"><span class='ocrx_word' id='word_1_478' title='bbox 339 4009 628 4082; x_wconf 80' lang='lat' dir='ltr'><strong>dicebant,</strong></span> <span class='ocrx_word' id='word_1_479' title='bbox 661 4027 772 4081; x_wconf 90' lang='lat' dir='ltr'><strong>quo</strong></span> <span class='ocrx_word' id='word_1_480' title='bbox 805 4027 980 4066; x_wconf 85' lang='lat' dir='ltr'><strong>sensu</strong></span> <span class='ocrx_word' id='word_1_481' title='bbox 1017 4012 1070 4065; x_wconf 92' lang='lat' dir='ltr'><strong>in</strong></span> <span class='ocrx_word' id='word_1_482' title='bbox 1101 4010 1314 4064; x_wconf 81' lang='lat' dir='ltr'><strong>Latinis</strong></span> <span class='ocrx_word' id='word_1_483' title='bbox 1333 4012 1518 4082; x_wconf 79' lang='lat' dir='ltr'><strong>posui.</strong></span> <span class='ocrx_word' id='word_1_484' title='bbox 1546 4009 1734 4065; x_wconf 89' lang='lat' dir='ltr'><strong>Latini</strong></span> <span class='ocrx_word' id='word_1_485' title='bbox 1758 4011 1984 4081; x_wconf 85' lang='lat' dir='ltr'><strong>sequio-</strong></span> 
     </span>
    </p>
   </div>
   <div class='ocr_carea' id='block_1_66' title="bbox 341 4081 1982 4153">
    <p class='ocr_par' dir='ltr' id='par_1_66' title="bbox 341 4081 1982 4153">
     <span class='ocr_line' id='line_1_68' title="bbox 341 4081 1982 4153; baseline 0.001 -17"><span class='ocrx_word' id='word_1_486' title='bbox 341 4097 434 4153; x_wconf 84' lang='lat' dir='ltr'><strong>res</strong></span> <span class='ocrx_word' id='word_1_487' title='bbox 463 4081 674 4137; x_wconf 85' lang='lat' dir='ltr'><strong>vitreas</strong></span> <span class='ocrx_word' id='word_1_488' title='bbox 706 4081 934 4141; x_wconf 78' lang='lat' dir='ltr'><strong>ollulas.</strong></span> <span class='ocrx_word' id='word_1_489' title='bbox 968 4082 1024 4136; x_wconf 93' lang='lat' dir='ltr'><strong>in</strong></span> <span class='ocrx_word' id='word_1_490' title='bbox 1061 4083 1275 4152; x_wconf 91' lang='lat' dir='ltr'><strong>quibus</strong></span> <span class='ocrx_word' id='word_1_491' title='bbox 1305 4081 1546 4153; x_wconf 72' lang='lat' dir='ltr'><strong>lychnos</strong></span> <span class='ocrx_word' id='word_1_492' title='bbox 1596 4097 1693 4150; x_wconf 90' lang='lat' dir='ltr'><strong>per</strong></span> <span class='ocrx_word' id='word_1_493' title='bbox 1754 4087 1982 4138; x_wconf 87' lang='lat' dir='ltr'><strong>noctem</strong></span> 
     </span>
    </p>
   </div>
   <div class='ocr_carea' id='block_1_67' title="bbox 339 4152 1983 4223">
    <p class='ocr_par' dir='ltr' id='par_1_67' title="bbox 339 4152 1983 4223">
     <span class='ocr_line' id='line_1_69' title="bbox 339 4152 1983 4223; baseline 0 -15"><span class='ocrx_word' id='word_1_494' title='bbox 339 4152 609 4209; x_wconf 90' lang='lat' dir='ltr'><strong>ardentes</strong></span> <span class='ocrx_word' id='word_1_495' title='bbox 623 4154 992 4221; x_wconf 83' lang='lat' dir='ltr'><strong>deponebant</strong></span> <span class='ocrx_word' id='word_1_496' title='bbox 1007 4160 1160 4208; x_wconf 91' lang='lat' dir='ltr'><strong>metu</strong></span> <span class='ocrx_word' id='word_1_497' title='bbox 1177 4152 1562 4208; x_wconf 87' lang='lat' dir='ltr'><strong>scintillarum</strong></span> <span class='ocrx_word' id='word_1_498' title='bbox 1577 4154 1983 4223; x_wconf 85' lang='lat' dir='ltr'><strong>decidentium,</strong></span> 
     </span>
    </p>
   </div>
   <div class='ocr_carea' id='block_1_68' title="bbox 338 4225 1980 4296">
    <p class='ocr_par' dir='ltr' id='par_1_68' title="bbox 338 4225 1980 4296">
     <span class='ocr_line' id='line_1_70' title="bbox 338 4225 1980 4296; baseline 0.001 -16"><span class='ocrx_word' id='word_1_499' title='bbox 338 4240 411 4280; x_wconf 86' lang='lat' dir='ltr'><strong>ne</strong></span> <span class='ocrx_word' id='word_1_500' title='bbox 434 4226 842 4292; x_wconf 88' lang='lat' dir='ltr'><strong>circumposita</strong></span> <span class='ocrx_word' id='word_1_501' title='bbox 864 4225 1260 4292; x_wconf 88' lang='lat' dir='ltr'><strong>incenderent,</strong></span> <span class='ocrx_word' id='word_1_502' title='bbox 1285 4226 1657 4296; x_wconf 86' lang='lat' dir='ltr'><strong>appellabant</strong></span> <span class='ocrx_word' id='word_1_503' title='bbox 1675 4226 1980 4281; x_wconf 83' lang='lat' dir='ltr'><strong>crucibula.</strong></span> 
     </span>
    </p>
   </div>
   <div class='ocr_carea' id='block_1_69' title="bbox 337 4296 1986 4368">
    <p class='ocr_par' dir='ltr' id='par_1_69' title="bbox 337 4296 1986 4368">
     <span class='ocr_line' id='line_1_71' title="bbox 337 4296 1986 4368; baseline 0.001 -18"><span class='ocrx_word' id='word_1_504' title='bbox 337 4296 406 4351; x_wconf 88' lang='lat' dir='ltr'><strong>V.</strong></span> <span class='ocrx_word' id='word_1_505' title='bbox 440 4301 523 4352; x_wconf 92' lang='lat' dir='ltr'><strong>Du</strong></span> <span class='ocrx_word' id='word_1_506' title='bbox 552 4297 744 4368; x_wconf 83' lang='lat' dir='ltr'><strong>Cange</strong></span> <span class='ocrx_word' id='word_1_507' title='bbox 775 4298 832 4352; x_wconf 93' lang='lat' dir='ltr'><strong>h.</strong></span> <span class='ocrx_word' id='word_1_508' title='bbox 866 4313 920 4354; x_wconf 92' lang='lat' dir='ltr'><strong>v.</strong></span> <span class='ocrx_word' id='word_1_509' title='bbox 959 4296 1312 4352; x_wconf 66' lang='lat' dir='ltr'><strong>Vocabulum</strong></span> <span class='ocrx_word' id='word_1_510' title='bbox 1337 4299 1392 4352; x_wconf 91' lang='lat' dir='ltr'><strong>id</strong></span> <span class='ocrx_word' id='word_1_511' title='bbox 1425 4314 1458 4352; x_wconf 88' lang='lat' dir='ltr'><strong>a</strong></span> <span class='ocrx_word' id='word_1_512' title='bbox 1482 4296 1827 4352; x_wconf 88' lang='lat' dir='ltr'><strong>Germanica</strong></span> <span class='ocrx_word' id='word_1_513' title='bbox 1849 4312 1986 4352; x_wconf 93' lang='lat' dir='ltr'><strong>voce</strong></span> 
     </span>
    </p>
   </div>
   <div class='ocr_carea' id='block_1_70' title="bbox 340 4368 1986 4441">
    <p class='ocr_par' dir='ltr' id='par_1_70' title="bbox 340 4368 1986 4441">
     <span class='ocr_line' id='line_1_72' title="bbox 340 4368 1986 4441; baseline 0 -17"><span class='ocrx_word' id='word_1_514' title='bbox 340 4370 518 4441; x_wconf 87' lang='lat' dir='ltr'><strong>Krug,</strong></span> <span class='ocrx_word' id='word_1_515' title='bbox 549 4369 778 4436; x_wconf 77' lang='lat' dir='ltr'><strong>erue/ia,</strong></span> <span class='ocrx_word' id='word_1_516' title='bbox 811 4369 1114 4441; x_wconf 7' lang='lat' dir='ltr'><strong>cruche,gid</strong></span> <span class='ocrx_word' id='word_1_517' title='bbox 1149 4374 1234 4441; x_wconf 90' lang='lat' dir='ltr'><strong>est</strong></span> <span class='ocrx_word' id='word_1_518' title='bbox 1265 4370 1423 4436; x_wconf 88' lang='lat' dir='ltr'><strong>ollea,</strong></span> <span class='ocrx_word' id='word_1_519' title='bbox 1457 4383 1639 4441; x_wconf 78' lang='lat' dir='ltr'><strong>urceo,</strong></span> <span class='ocrx_word' id='word_1_520' title='bbox 1673 4368 1986 4441; x_wconf 84' lang='lat' dir='ltr'><strong>derivanda</strong></span> 
     </span>
    </p>
   </div>
   <div class='ocr_carea' id='block_1_71' title="bbox 337 4439 1980 4510">
    <p class='ocr_par' dir='ltr' id='par_1_71' title="bbox 337 4439 1980 4510">
     <span class='ocr_line' id='line_1_73' title="bbox 337 4439 1980 4510; baseline 0.001 -15"><span class='ocrx_word' id='word_1_521' title='bbox 337 4447 444 4509; x_wconf 89' lang='lat' dir='ltr'><strong>est,</strong></span> <span class='ocrx_word' id='word_1_522' title='bbox 466 4439 631 4496; x_wconf 84' lang='lat' dir='ltr'><strong>unde</strong></span> <span class='ocrx_word' id='word_1_523' title='bbox 654 4442 864 4496; x_wconf 79' lang='lat' dir='ltr'><strong>factum</strong></span> <span class='ocrx_word' id='word_1_524' title='bbox 898 4439 1329 4496; x_wconf 87' lang='lat' dir='ltr'><strong>deminutivum</strong></span> <span class='ocrx_word' id='word_1_525' title='bbox 1367 4440 1698 4503; x_wconf 84' lang='lat' dir='ltr'><strong>cruciolum,</strong></span> <span class='ocrx_word' id='word_1_526' title='bbox 1728 4439 1980 4510; x_wconf 86' lang='lat' dir='ltr'><strong>interpo-</strong></span> 
     </span>
    </p>
   </div>
   <div class='ocr_carea' id='block_1_72' title="bbox 338 4511 1981 4582">
    <p class='ocr_par' dir='ltr' id='par_1_72' title="bbox 338 4511 1981 4582">
     <span class='ocr_line' id='line_1_74' title="bbox 338 4511 1981 4582; baseline 0.001 -15"><span class='ocrx_word' id='word_1_527' title='bbox 338 4513 472 4577; x_wconf 82' lang='lat' dir='ltr'><strong>sito,</strong></span> <span class='ocrx_word' id='word_1_528' title='bbox 505 4529 580 4581; x_wconf 88' lang='lat' dir='ltr'><strong>m,</strong></span> <span class='ocrx_word' id='word_1_529' title='bbox 605 4511 987 4577; x_wconf 86' lang='lat' dir='ltr'><strong>crucimolum,</strong></span> <span class='ocrx_word' id='word_1_530' title='bbox 1010 4528 1191 4582; x_wconf 89' lang='lat' dir='ltr'><strong>eoque</strong></span> <span class='ocrx_word' id='word_1_531' title='bbox 1212 4511 1270 4566; x_wconf 93' lang='lat' dir='ltr'><strong>in</strong></span> <span class='ocrx_word' id='word_1_532' title='bbox 1297 4513 1328 4566; x_wconf 89' lang='lat' dir='ltr'><strong>b</strong></span> <span class='ocrx_word' id='word_1_533' title='bbox 1351 4519 1596 4579; x_wconf 88' lang='lat' dir='ltr'><strong>mutato,</strong></span> <span class='ocrx_word' id='word_1_534' title='bbox 1620 4512 1981 4568; x_wconf 77' lang='lat' dir='ltr'><strong>crucibolum.</strong></span> 
     </span>
    </p>
   </div>
   <div class='ocr_carea' id='block_1_73' title="bbox 409 4584 1597 4656">
    <p class='ocr_par' dir='ltr' id='par_1_73' title="bbox 409 4584 1597 4656">
     <span class='ocr_line' id='line_1_75' title="bbox 409 4584 1597 4656; baseline -0.003 -17"><span class='ocrx_word' id='word_1_535' title='bbox 409 4585 524 4654; x_wconf 79' lang='lat'>(52)</span> <span class='ocrx_word' id='word_1_536' title='bbox 557 4584 693 4656; x_wconf 82' lang='lat' dir='ltr'><strong>Vid.</strong></span> <span class='ocrx_word' id='word_1_537' title='bbox 716 4585 1037 4656; x_wconf 18' lang='lat' dir='ltr'><strong>quaeiinfra</strong></span> <span class='ocrx_word' id='word_1_538' title='bbox 1056 4587 1124 4639; x_wconf 89' lang='lat' dir='ltr'><strong>ad</strong></span> <span class='ocrx_word' id='word_1_539' title='bbox 1159 4584 1597 4656; x_wconf 80' lang='lat' dir='ltr'><strong>p.28tdicam.</strong></span> 
     </span>
    </p>
   </div>
   <div class='ocr_carea' id='block_1_74' title="bbox 409 4653 1982 4728">
    <p class='ocr_par' dir='ltr' id='par_1_74' title="bbox 409 4653 1982 4728">
     <span class='ocr_line' id='line_1_76' title="bbox 409 4653 1982 4728; baseline -0.001 -18"><span class='ocrx_word' id='word_1_540' title='bbox 409 4653 524 4728; x_wconf 88' lang='lat'>(53)</span> <span class='ocrx_word' id='word_1_541' title='bbox 575 4653 810 4728; x_wconf 44' lang='lat' dir='ltr'><strong>Dixi‘in</strong></span> <span class='ocrx_word' id='word_1_542' title='bbox 857 4655 1096 4728; x_wconf 87' lang='lat' dir='ltr'><strong>Latinis,</strong></span> <span class='ocrx_word' id='word_1_543' title='bbox 1146 4653 1281 4726; x_wconf 87' lang='lat' dir='ltr'><strong>quid</strong></span> <span class='ocrx_word' id='word_1_544' title='bbox 1327 4653 1982 4728; x_wconf 85' lang='lat' dir='ltr'><strong>sit,__ex_mea_qu_i_dem</strong></span> 
     </span>
    </p>
   </div>
   <div class='ocr_carea' id='block_1_75' title="bbox 337 4725 1984 4798">
    <p class='ocr_par' dir='ltr' id='par_1_75' title="bbox 337 4725 1984 4798">
     <span class='ocr_line' id='line_1_77' title="bbox 337 4725 1984 4798; baseline 0.001 -16"><span class='ocrx_word' id='word_1_545' title='bbox 337 4725 653 4783; x_wconf 83' lang='lat' dir='ltr'><strong>sententia.</strong></span> <span class='ocrx_word' id='word_1_546' title='bbox 712 4727 826 4783; x_wconf 85' lang='lat' dir='ltr'><strong>Nos</strong></span> <span class='ocrx_word' id='word_1_547' title='bbox 876 4725 1242 4798; x_wconf 87' lang='lat' dir='ltr'><strong>appellamus</strong></span> <span class='ocrx_word' id='word_1_548' title='bbox 1282 4730 1374 4798; x_wconf 81' lang='lat' dir='ltr'><strong>ein</strong></span> <span class='ocrx_word' id='word_1_549' title='bbox 1429 4725 1759 4798; x_wconf 71' lang='lat' dir='ltr'><strong>Wachsslolc.</strong></span> <span class='ocrx_word' id='word_1_550' title='bbox 1819 4726 1984 4784; x_wconf 85' lang='lat' dir='ltr'><strong>Forte</strong></span> 
     </span>
    </p>
   </div>
   <div class='ocr_carea' id='block_1_76' title="bbox 338 4797 1860 4870">
    <p class='ocr_par' dir='ltr' id='par_1_76' title="bbox 338 4797 1860 4870">
     <span class='ocr_line' id='line_1_78' title="bbox 338 4797 1860 4870; baseline 0 -18"><span class='ocrx_word' id='word_1_551' title='bbox 338 4799 495 4854; x_wconf 91' lang='lat' dir='ltr'><strong>Idem</strong></span> <span class='ocrx_word' id='word_1_552' title='bbox 531 4799 640 4853; x_wconf 86' lang='lat' dir='ltr'><strong>fuit</strong></span> <span class='ocrx_word' id='word_1_553' title='bbox 668 4797 1000 4864; x_wconf 32' lang='lat' dir='ltr'><strong>crinale,&#39;de</strong></span> <span class='ocrx_word' id='word_1_554' title='bbox 1031 4815 1146 4870; x_wconf 87' lang='lat' dir='ltr'><strong>quo</strong></span> <span class='ocrx_word' id='word_1_555' title='bbox 1176 4797 1242 4870; x_wconf 73' lang='lat' dir='ltr'><strong>Y.</strong></span> <span class='ocrx_word' id='word_1_556' title='bbox 1278 4797 1365 4852; x_wconf 91' lang='lat' dir='ltr'><strong>Du</strong></span> <span class='ocrx_word' id='word_1_557' title='bbox 1397 4797 1773 4870; x_wconf 17' lang='lat' dir='ltr'><strong>Cangiumih.</strong></span> <span class='ocrx_word' id='word_1_558' title='bbox 1805 4813 1860 4852; x_wconf 92' lang='lat' dir='ltr'><strong>v.</strong></span> 
     </span>
    </p>
   </div>
   <div class='ocr_carea' id='block_1_77' title="bbox 408 4869 1982 4941">
    <p class='ocr_par' dir='ltr' id='par_1_77' title="bbox 408 4869 1982 4941">
     <span class='ocr_line' id='line_1_79' title="bbox 408 4869 1982 4941; baseline 0.001 -17"><span class='ocrx_word' id='word_1_559' title='bbox 408 4871 520 4941; x_wconf 77' lang='grc'>(54)</span> <span class='ocrx_word' id='word_1_560' title='bbox 555 4871 818 4926; x_wconf 83' lang='lat' dir='ltr'><strong>Perhibet</strong></span> <span class='ocrx_word' id='word_1_561' title='bbox 849 4870 933 4925; x_wconf 92' lang='lat' dir='ltr'><strong>Du</strong></span> <span class='ocrx_word' id='word_1_562' title='bbox 968 4869 1159 4940; x_wconf 80' lang='lat' dir='ltr'><strong>Gange</strong></span> <span class='ocrx_word' id='word_1_563' title='bbox 1188 4869 1275 4925; x_wconf 89' lang='lat' dir='ltr'><strong>Gl.</strong></span> <span class='ocrx_word' id='word_1_564' title='bbox 1315 4870 1433 4925; x_wconf 78' lang='lat' dir='ltr'><strong>Lat.</strong></span> <span class='ocrx_word' id='word_1_565' title='bbox 1483 4869 1912 4941; x_wconf 77' lang='lat' dir='ltr'><strong>Cereophalum,</strong></span> <span class='ocrx_word' id='word_1_566' title='bbox 1948 4886 1982 4926; x_wconf 86' lang='lat' dir='ltr'><strong>a</strong></span> 
     </span>
    </p>
   </div>
   <div class='ocr_carea' id='block_1_78' title="bbox 338 4939 1980 4997">
    <p class='ocr_par' dir='ltr' id='par_1_78' title="bbox 338 4939 1980 4997">
     <span class='ocr_line' id='line_1_80' title="bbox 338 4939 1980 4997; baseline 0.001 -3"><span class='ocrx_word' id='word_1_567' title='bbox 338 4939 619 4995; x_wconf 83' lang='lat' dir='ltr'><strong>Cinnamo</strong></span> <span class='ocrx_word' id='word_1_568' title='bbox 647 4942 1039 4997; x_wconf 87' lang='lat' dir='ltr'><strong>inventionem</strong></span> <span class='ocrx_word' id='word_1_569' title='bbox 1064 4939 1422 4996; x_wconf 81' lang='lat' dir='ltr'><strong>laternarum</strong></span> <span class='ocrx_word' id='word_1_570' title='bbox 1446 4941 1836 4996; x_wconf 89' lang='lat' dir='ltr'><strong>castrensium</strong></span> <span class='ocrx_word' id='word_1_571' title='bbox 1861 4940 1980 4996; x_wconf 86' lang='lat' dir='ltr'><strong>Ma-</strong></span> 
     </span>
    </p>
   </div>
   <div class='ocr_carea' id='block_1_79' title="bbox 341 5010 1981 5081">
    <p class='ocr_par' dir='ltr' id='par_1_79' title="bbox 341 5010 1981 5081">
     <span class='ocr_line' id='line_1_81' title="bbox 341 5010 1981 5081; baseline 0.003 -18"><span class='ocrx_word' id='word_1_572' title='bbox 341 5010 498 5065; x_wconf 90' lang='lat' dir='ltr'><strong>nueli</strong></span> <span class='ocrx_word' id='word_1_573' title='bbox 518 5012 850 5081; x_wconf 85' lang='lat' dir='ltr'><strong>imperatori</strong></span> <span class='ocrx_word' id='word_1_574' title='bbox 869 5013 1066 5068; x_wconf 89' lang='lat' dir='ltr'><strong>tribui.</strong></span> <span class='ocrx_word' id='word_1_575' title='bbox 1086 5013 1210 5068; x_wconf 94' lang='lat' dir='ltr'><strong>Non</strong></span> <span class='ocrx_word' id='word_1_576' title='bbox 1229 5011 1579 5067; x_wconf 88' lang='lat' dir='ltr'><strong>meminime</strong></span> <span class='ocrx_word' id='word_1_577' title='bbox 1604 5011 1661 5066; x_wconf 91' lang='lat' dir='ltr'><strong>id</strong></span> <span class='ocrx_word' id='word_1_578' title='bbox 1687 5012 1742 5066; x_wconf 90' lang='lat' dir='ltr'><strong>in</strong></span> <span class='ocrx_word' id='word_1_579' title='bbox 1769 5013 1981 5068; x_wconf 83' lang='lat' dir='ltr'><strong>Cinna-</strong></span> 
     </span>
    </p>
   </div>
   <div class='ocr_carea' id='block_1_80' title="bbox 342 5083 1982 5156">
    <p class='ocr_par' dir='ltr' id='par_1_80' title="bbox 342 5083 1982 5156">
     <span class='ocr_line' id='line_1_82' title="bbox 342 5083 1982 5156; baseline 0.004 -21"><span class='ocrx_word' id='word_1_580' title='bbox 342 5096 438 5136; x_wconf 88' lang='lat' dir='ltr'><strong>mo</strong></span> <span class='ocrx_word' id='word_1_581' title='bbox 472 5083 700 5151; x_wconf 75' lang='lat' dir='ltr'><strong>legisse.</strong></span> <span class='ocrx_word' id='word_1_582' title='bbox 725 5085 886 5156; x_wconf 86' lang='lat' dir='ltr'><strong>Certe</strong></span> <span class='ocrx_word' id='word_1_583' title='bbox 911 5084 1150 5141; x_wconf 84' lang='lat' dir='ltr'><strong>fallitur.</strong></span> <span class='ocrx_word' id='word_1_584' title='bbox 1176 5084 1550 5156; x_wconf 87' lang='lat' dir='ltr'><strong>Antiquiores</strong></span> <span class='ocrx_word' id='word_1_585' title='bbox 1571 5084 1728 5138; x_wconf 90' lang='lat' dir='ltr'><strong>enim</strong></span> <span class='ocrx_word' id='word_1_586' title='bbox 1757 5084 1853 5156; x_wconf 85' lang='lat' dir='ltr'><strong>illo</strong></span> <span class='ocrx_word' id='word_1_587' title='bbox 1884 5101 1982 5141; x_wconf 88' lang='lat' dir='ltr'><strong>eas</strong></span> 
     </span>
    </p>
   </div>
   <div class='ocr_carea' id='block_1_81' title="bbox 341 5155 1982 5225">
    <p class='ocr_par' dir='ltr' id='par_1_81' title="bbox 341 5155 1982 5225">
     <span class='ocr_line' id='line_1_83' title="bbox 341 5155 1982 5225; baseline 0.003 -18"><span class='ocrx_word' id='word_1_588' title='bbox 341 5160 735 5225; x_wconf 77' lang='lat' dir='ltr'><strong>esse,constat</strong></span> <span class='ocrx_word' id='word_1_589' title='bbox 755 5171 822 5210; x_wconf 86' lang='lat' dir='ltr'><strong>ex</strong></span> <span class='ocrx_word' id='word_1_590' title='bbox 837 5155 941 5210; x_wconf 92' lang='lat' dir='ltr'><strong>hoc</strong></span> <span class='ocrx_word' id='word_1_591' title='bbox 973 5156 1114 5211; x_wconf 90' lang='lat' dir='ltr'><strong>loco.</strong></span> <span class='ocrx_word' id='word_1_592' title='bbox 1139 5157 1306 5211; x_wconf 83' lang='lat' dir='ltr'><strong>Tales</strong></span> <span class='ocrx_word' id='word_1_593' title='bbox 1340 5155 1590 5210; x_wconf 88' lang='lat' dir='ltr'><strong>laternas</strong></span> <span class='ocrx_word' id='word_1_594' title='bbox 1607 5155 1982 5225; x_wconf 86' lang='lat' dir='ltr'><strong>appellabant</strong></span> 
     </span>
    </p>
   </div>
   <div class='ocr_carea' id='block_1_82' title="bbox 342 5223 1980 5299">
    <p class='ocr_par' dir='ltr' id='par_1_82' title="bbox 342 5223 1980 5299">
     <span class='ocr_line' id='line_1_84' title="bbox 342 5223 1980 5299; baseline 0.002 -20"><span class='ocrx_word' id='word_1_595' title='bbox 342 5223 530 5299; x_wconf 78' lang='lat' dir='ltr'><strong>_Lalini</strong></span> <span class='ocrx_word' id='word_1_596' title='bbox 553 5225 844 5299; x_wconf 69' lang='lat' dir='ltr'><strong>absconsns</strong></span> <span class='ocrx_word' id='word_1_597' title='bbox 866 5232 1150 5283; x_wconf 63' lang='lat' dir='ltr'><strong>etsconsas</strong></span> <span class='ocrx_word' id='word_1_598' title='bbox 1169 5228 1344 5299; x_wconf 89' lang='lat' dir='ltr'><strong>(quod</strong></span> <span class='ocrx_word' id='word_1_599' title='bbox 1364 5228 1614 5299; x_wconf 70' lang='lat' dir='ltr'><strong>candelae</strong></span> <span class='ocrx_word' id='word_1_600' title='bbox 1630 5223 1901 5299; x_wconf 74' lang='lat' dir='ltr'><strong>ardentes</strong></span> <span class='ocrx_word' id='word_1_601' title='bbox 1918 5227 1980 5283; x_wconf 90' lang='lat' dir='ltr'><strong>in</strong></span> 
     </span>
    </p>
   </div>
   <div class='ocr_carea' id='block_1_83' title="bbox 339 5294 1983 5370">
    <p class='ocr_par' dir='ltr' id='par_1_83' title="bbox 339 5294 1983 5370">
     <span class='ocr_line' id='line_1_85' title="bbox 339 5294 1983 5370; baseline 0.003 -21"><span class='ocrx_word' id='word_1_602' title='bbox 339 5294 412 5350; x_wconf 88' lang='lat' dir='ltr'><strong>iis</strong></span> <span class='ocrx_word' id='word_1_603' title='bbox 435 5295 736 5370; x_wconf 75' lang='lat' dir='ltr'><strong>absconsze</strong></span> <span class='ocrx_word' id='word_1_604' title='bbox 758 5297 1039 5370; x_wconf 85' lang='lat' dir='ltr'><strong>laterent),</strong></span> <span class='ocrx_word' id='word_1_605' title='bbox 1074 5316 1124 5354; x_wconf 88' lang='grc' dir='ltr'>ν.</span> <span class='ocrx_word' id='word_1_606' title='bbox 1158 5294 1240 5354; x_wconf 81' lang='lat' dir='ltr'><strong>Du</strong></span> <span class='ocrx_word' id='word_1_607' title='bbox 1275 5299 1463 5370; x_wconf 83' lang='lat' dir='ltr'><strong>Gange</strong></span> <span class='ocrx_word' id='word_1_608' title='bbox 1489 5298 1573 5354; x_wconf 88' lang='lat' dir='ltr'><strong>Gl.</strong></span> <span class='ocrx_word' id='word_1_609' title='bbox 1603 5299 1658 5353; x_wconf 91' lang='lat' dir='ltr'><strong>L.</strong></span> <span class='ocrx_word' id='word_1_610' title='bbox 1684 5299 1718 5353; x_wconf 95' lang='lat' dir='ltr'><strong>h</strong></span> <span class='ocrx_word' id='word_1_611' title='bbox 1763 5297 1830 5352; x_wconf 88' lang='lat' dir='ltr'><strong>V.</strong></span> <span class='ocrx_word' id='word_1_612' title='bbox 1852 5298 1983 5354; x_wconf 84' lang='lat' dir='ltr'><strong>Ber-</strong></span> 
     </span>
    </p>
   </div>
   <div class='ocr_carea' id='block_1_84' title="bbox 341 5365 1980 5441">
    <p class='ocr_par' dir='ltr' id='par_1_84' title="bbox 341 5365 1980 5441">
     <span class='ocr_line' id='line_1_86' title="bbox 341 5365 1980 5441; baseline 0.003 -21"><span class='ocrx_word' id='word_1_613' title='bbox 341 5367 508 5421; x_wconf 87' lang='lat' dir='ltr'><strong>nard.</strong></span> <span class='ocrx_word' id='word_1_614' title='bbox 547 5365 812 5424; x_wconf 88' lang='lat' dir='ltr'><strong>Monach.</strong></span> <span class='ocrx_word' id='word_1_615' title='bbox 847 5371 904 5423; x_wconf 91' lang='lat' dir='ltr'><strong>in</strong></span> <span class='ocrx_word' id='word_1_616' title='bbox 938 5365 1194 5426; x_wconf 74' lang='lat' dir='ltr'><strong>Consiilt.</strong></span> <span class='ocrx_word' id='word_1_617' title='bbox 1229 5365 1488 5426; x_wconf 75' lang='lat' dir='ltr'><strong>Cluniae.</strong></span> <span class='ocrx_word' id='word_1_618' title='bbox 1527 5387 1540 5424; x_wconf 88' lang='lat'><strong>:</strong></span> <span class='ocrx_word' id='word_1_619' title='bbox 1571 5369 1734 5439; x_wconf 84' lang='lat' dir='ltr'><strong>prior</strong></span> <span class='ocrx_word' id='word_1_620' title='bbox 1781 5373 1980 5441; x_wconf 82' lang='lat' dir='ltr'><strong>accipit</strong></span> 
     </span>
    </p>
   </div>
   <div class='ocr_carea' id='block_1_85' title="bbox 339 5441 1980 5510">
    <p class='ocr_par' dir='ltr' id='par_1_85' title="bbox 339 5441 1980 5510">
     <span class='ocr_line' id='line_1_87' title="bbox 339 5441 1980 5510; baseline 0.002 -17"><span class='ocrx_word' id='word_1_621' title='bbox 339 5454 616 5506; x_wconf 79' lang='lat' dir='ltr'><strong>sconsam,</strong></span> <span class='ocrx_word' id='word_1_622' title='bbox 647 5456 808 5510; x_wconf 85' lang='lat' dir='ltr'><strong>quam</strong></span> <span class='ocrx_word' id='word_1_623' title='bbox 835 5458 899 5495; x_wconf 83' lang='lat' dir='ltr'><strong>ea</strong></span> <span class='ocrx_word' id='word_1_624' title='bbox 925 5441 1061 5497; x_wconf 80' lang='lat' dir='ltr'><strong>hora</strong></span> <span class='ocrx_word' id='word_1_625' title='bbox 1085 5442 1332 5498; x_wconf 80' lang='lat' dir='ltr'><strong>candela</strong></span> <span class='ocrx_word' id='word_1_626' title='bbox 1363 5445 1513 5497; x_wconf 78' lang='lat' dir='ltr'><strong>intus</strong></span> <span class='ocrx_word' id='word_1_627' title='bbox 1552 5458 1777 5497; x_wconf 76' lang='lat' dir='ltr'><strong>accensa</strong></span> <span class='ocrx_word' id='word_1_628' title='bbox 1824 5443 1980 5497; x_wconf 81' lang='lat' dir='ltr'><strong>omni</strong></span> 
     </span>
    </p>
   </div>
   <div class='ocr_carea' id='block_1_86' title="bbox 338 5512 1982 5593">
    <p class='ocr_par' dir='ltr' id='par_1_86' title="bbox 338 5512 1982 5593">
     <span class='ocr_line' id='line_1_88' title="bbox 338 5512 1982 5593; baseline 0.001 -27"><span class='ocrx_word' id='word_1_629' title='bbox 338 5514 490 5567; x_wconf 79' lang='lat' dir='ltr'><strong>nocte</strong></span> <span class='ocrx_word' id='word_1_630' title='bbox 543 5523 706 5593; x_wconf 73' lang='lat' dir='ltr'><strong>parat</strong></span> <span class='ocrx_word' id='word_1_631' title='bbox 762 5513 856 5593; x_wconf 73' lang='lat' dir='ltr'><strong>illi</strong></span> <span class='ocrx_word' id='word_1_632' title='bbox 901 5512 1367 5593; x_wconf 61' lang='lat' dir='ltr'><strong>liebdomadarius</strong></span> <span class='ocrx_word' id='word_1_633' title='bbox 1412 5515 1482 5593; x_wconf 85' lang='lat' dir='ltr'><strong>ad</strong></span> <span class='ocrx_word' id='word_1_634' title='bbox 1519 5513 1837 5593; x_wconf 75' lang='lat' dir='ltr'><strong>faciendam</strong></span> <span class='ocrx_word' id='word_1_635' title='bbox 1875 5517 1982 5568; x_wconf 81' lang='lat' dir='ltr'><strong>cir-</strong></span> 
     </span>
    </p>
   </div>
   <div class='ocr_carea' id='block_1_87' title="bbox 337 5583 1978 5655">
    <p class='ocr_par' dir='ltr' id='par_1_87' title="bbox 337 5583 1978 5655">
     <span class='ocr_line' id='line_1_89' title="bbox 337 5583 1978 5655; baseline 0.001 -17"><span class='ocrx_word' id='word_1_636' title='bbox 337 5598 479 5650; x_wconf 81' lang='lat' dir='ltr'><strong>cam,</strong></span> <span class='ocrx_word' id='word_1_637' title='bbox 542 5583 597 5655; x_wconf 85' lang='lat' dir='ltr'><strong>id</strong></span> <span class='ocrx_word' id='word_1_638' title='bbox 659 5593 745 5639; x_wconf 87' lang='lat' dir='ltr'><strong>est</strong></span> <span class='ocrx_word' id='word_1_639' title='bbox 809 5585 1255 5652; x_wconf 86' lang='lat' dir='ltr'><strong>circitationem,</strong></span> <span class='ocrx_word' id='word_1_640' title='bbox 1334 5585 1765 5652; x_wconf 87' lang='lat' dir='ltr'><strong>lustrationem,</strong></span> <span class='ocrx_word' id='word_1_641' title='bbox 1852 5601 1978 5655; x_wconf 72' lang='lat' dir='ltr'><strong>quin</strong></span> 
     </span>
    </p>
   </div>
   <div class='ocr_carea' id='block_1_88' title="bbox 339 5654 1976 5713">
    <p class='ocr_par' dir='ltr' id='par_1_88' title="bbox 339 5654 1976 5713">
     <span class='ocr_line' id='line_1_90' title="bbox 339 5654 1976 5713; baseline 0.002 -3"><span class='ocrx_word' id='word_1_642' title='bbox 339 5654 604 5711; x_wconf 89' lang='lat' dir='ltr'><strong>obeundo</strong></span> <span class='ocrx_word' id='word_1_643' title='bbox 663 5657 747 5713; x_wconf 81' lang='lat' dir='ltr'><strong>fit.</strong></span> <span class='ocrx_word' id='word_1_644' title='bbox 800 5656 841 5711; x_wconf 89' lang='lat' dir='ltr'><strong>E</strong></span> <span class='ocrx_word' id='word_1_645' title='bbox 881 5658 1054 5712; x_wconf 90' lang='lat' dir='ltr'><strong>variis</strong></span> <span class='ocrx_word' id='word_1_646' title='bbox 1101 5657 1449 5713; x_wconf 87' lang='lat' dir='ltr'><strong>materiebus</strong></span> <span class='ocrx_word' id='word_1_647' title='bbox 1497 5659 1788 5712; x_wconf 82' lang='lat' dir='ltr'><strong>faciebant</strong></span> <span class='ocrx_word' id='word_1_648' title='bbox 1831 5654 1976 5713; x_wconf 84' lang='lat' dir='ltr'><strong>tales</strong></span> 
     </span>
    </p>
   </div>
   <div class='ocr_carea' id='block_1_89' title="bbox 338 5727 1978 5801">
    <p class='ocr_par' dir='ltr' id='par_1_89' title="bbox 338 5727 1978 5801">
     <span class='ocr_line' id='line_1_91' title="bbox 338 5727 1978 5801; baseline 0.001 -15"><span class='ocrx_word' id='word_1_649' title='bbox 338 5727 674 5801; x_wconf 81' lang='lat' dir='ltr'><strong>absconsas,</strong></span> <span class='ocrx_word' id='word_1_650' title='bbox 709 5731 860 5786; x_wconf 90' lang='lat' dir='ltr'><strong>vitro</strong></span> <span class='ocrx_word' id='word_1_651' title='bbox 891 5733 947 5786; x_wconf 90' lang='lat' dir='ltr'><strong>et</strong></span> <span class='ocrx_word' id='word_1_652' title='bbox 973 5728 1128 5788; x_wconf 88' lang='lat' dir='ltr'><strong>corio</strong></span> <span class='ocrx_word' id='word_1_653' title='bbox 1158 5728 1414 5786; x_wconf 88' lang='lat' dir='ltr'><strong>tenuiter</strong></span> <span class='ocrx_word' id='word_1_654' title='bbox 1434 5744 1588 5796; x_wconf 88' lang='lat' dir='ltr'><strong>raso,</strong></span> <span class='ocrx_word' id='word_1_655' title='bbox 1618 5727 1978 5787; x_wconf 83' lang='lat' dir='ltr'><strong>membranis</strong></span> 
     </span>
    </p>
   </div>
   <div class='ocr_carea' id='block_1_90' title="bbox 2111 1933 3764 2006">
    <p class='ocr_par' dir='ltr' id='par_1_90' title="bbox 2111 1933 3764 2006">
     <span class='ocr_line' id='line_1_92' title="bbox 2111 1933 3764 2006; baseline 0.002 -16"><span class='ocrx_word' id='word_1_656' title='bbox 2111 1937 2324 1991; x_wconf 86' lang='lat' dir='ltr'><strong>attixis.</strong></span> <span class='ocrx_word' id='word_1_657' title='bbox 2359 1935 2607 2006; x_wconf 88' lang='lat' dir='ltr'><strong>Elegans</strong></span> <span class='ocrx_word' id='word_1_658' title='bbox 2648 1942 2740 1992; x_wconf 85' lang='lat' dir='ltr'><strong>est</strong></span> <span class='ocrx_word' id='word_1_659' title='bbox 2785 1933 2949 1991; x_wconf 91' lang='lat' dir='ltr'><strong>locus</strong></span> <span class='ocrx_word' id='word_1_660' title='bbox 3008 1935 3162 2006; x_wconf 87' lang='lat' dir='ltr'><strong>apud</strong></span> <span class='ocrx_word' id='word_1_661' title='bbox 3220 1933 3289 1991; x_wconf 29' lang='lat' dir='ltr'><strong>S.’</strong></span> <span class='ocrx_word' id='word_1_662' title='bbox 3339 1934 3656 1992; x_wconf 90' lang='lat' dir='ltr'><strong>Altelmum</strong></span> <span class='ocrx_word' id='word_1_663' title='bbox 3689 1935 3764 1993; x_wconf 90' lang='lat' dir='ltr'><strong>de</strong></span> 
     </span>
    </p>
   </div>
   <div class='ocr_carea' id='block_1_91' title="bbox 2110 2007 2681 2079">
    <p class='ocr_par' dir='ltr' id='par_1_91' title="bbox 2110 2007 2681 2079">
     <span class='ocr_line' id='line_1_93' title="bbox 2110 2007 2681 2079; baseline 0.002 -17"><span class='ocrx_word' id='word_1_664' title='bbox 2110 2007 2302 2063; x_wconf 87' lang='lat' dir='ltr'><strong>Laude</strong></span> <span class='ocrx_word' id='word_1_665' title='bbox 2337 2007 2632 2079; x_wconf 85' lang='lat' dir='ltr'><strong>Virginum</strong></span> <span class='ocrx_word' id='word_1_666' title='bbox 2667 2023 2681 2063; x_wconf 89' lang='lat'><strong>:</strong></span> 
     </span>
    </p>
   </div>
   <div class='ocr_carea' id='block_1_92' title="bbox 2183 2113 3391 2183">
    <p class='ocr_par' dir='ltr' id='par_1_92' title="bbox 2183 2113 3391 2183">
     <span class='ocr_line' id='line_1_94' title="bbox 2183 2113 3391 2183; baseline -0.001 -12"><span class='ocrx_word' id='word_1_667' title='bbox 2183 2115 2288 2171; x_wconf 77' lang='lat' dir='ltr'><strong>Nec</strong></span> <span class='ocrx_word' id='word_1_668' title='bbox 2321 2115 2531 2170; x_wconf 85' lang='lat' dir='ltr'><strong>lalerna</strong></span> <span class='ocrx_word' id='word_1_669' title='bbox 2563 2113 2670 2170; x_wconf 81' lang='lat' dir='ltr'><strong>tibi</strong></span> <span class='ocrx_word' id='word_1_670' title='bbox 2699 2115 2953 2171; x_wconf 76' lang='lat' dir='ltr'><strong>vilesceal</strong></span> <span class='ocrx_word' id='word_1_671' title='bbox 2981 2116 3176 2182; x_wconf 79' lang='lat' dir='ltr'><strong>vitrea,</strong></span> <span class='ocrx_word' id='word_1_672' title='bbox 3209 2115 3391 2183; x_wconf 86' lang='lat' dir='ltr'><strong>virgo.</strong></span> 
     </span>
    </p>
   </div>
   <div class='ocr_carea' id='block_1_93' title="bbox 2184 2185 3540 2258">
    <p class='ocr_par' dir='ltr' id='par_1_93' title="bbox 2184 2185 3540 2258">
     <span class='ocr_line' id='line_1_95' title="bbox 2184 2185 3540 2258; baseline -0.001 -16"><span class='ocrx_word' id='word_1_673' title='bbox 2184 2188 2412 2258; x_wconf 85' lang='lat' dir='ltr'><strong>Tergore</strong></span> <span class='ocrx_word' id='word_1_674' title='bbox 2432 2188 2513 2242; x_wconf 86' lang='lat' dir='ltr'><strong>vel</strong></span> <span class='ocrx_word' id='word_1_675' title='bbox 2545 2203 2668 2242; x_wconf 80' lang='lat' dir='ltr'><strong>raso</strong></span> <span class='ocrx_word' id='word_1_676' title='bbox 2698 2196 2752 2242; x_wconf 77' lang='lat' dir='ltr'><strong>ei</strong></span> <span class='ocrx_word' id='word_1_677' title='bbox 2778 2187 2949 2258; x_wconf 77' lang='lat' dir='ltr'><strong>lignis</strong></span> <span class='ocrx_word' id='word_1_678' title='bbox 2977 2195 3263 2253; x_wconf 77' lang='lat' dir='ltr'><strong>compacta</strong></span> <span class='ocrx_word' id='word_1_679' title='bbox 3283 2185 3540 2257; x_wconf 76' lang='lat' dir='ltr'><strong>salignis,</strong></span> 
     </span>
    </p>
   </div>
   <div class='ocr_carea' id='block_1_94' title="bbox 2177 2259 3439 2327">
    <p class='ocr_par' dir='ltr' id='par_1_94' title="bbox 2177 2259 3439 2327">
     <span class='ocr_line' id='line_1_96' title="bbox 2177 2259 3439 2327; baseline 0.001 -15"><span class='ocrx_word' id='word_1_680' title='bbox 2177 2259 2279 2312; x_wconf 88' lang='lat' dir='ltr'><strong>Seu</strong></span> <span class='ocrx_word' id='word_1_681' title='bbox 2313 2259 2758 2312; x_wconf 86' lang='lat' dir='ltr'><strong>membranarum</strong></span> <span class='ocrx_word' id='word_1_682' title='bbox 2783 2261 2942 2313; x_wconf 76' lang='lat' dir='ltr'><strong>tenui</strong></span> <span class='ocrx_word' id='word_1_683' title='bbox 2967 2259 3243 2313; x_wconf 80' lang='lat' dir='ltr'><strong>velamine</strong></span> <span class='ocrx_word' id='word_1_684' title='bbox 3270 2260 3439 2327; x_wconf 77' lang='lat' dir='ltr'><strong>facta,</strong></span> 
     </span>
    </p>
   </div>
   <div class='ocr_carea' id='block_1_95' title="bbox 2181 2329 3436 2402">
    <p class='ocr_par' dir='ltr' id='par_1_95' title="bbox 2181 2329 3436 2402">
     <span class='ocr_line' id='line_1_97' title="bbox 2181 2329 3436 2402; baseline 0 -18"><span class='ocrx_word' id='word_1_685' title='bbox 2181 2329 2489 2396; x_wconf 80' lang='lat' dir='ltr'><strong>Quamlibet</strong></span> <span class='ocrx_word' id='word_1_686' title='bbox 2516 2335 2694 2386; x_wconf 69' lang='lat' dir='ltr'><strong>aerata</strong></span> <span class='ocrx_word' id='word_1_687' title='bbox 2721 2331 3006 2402; x_wconf 76' lang='lat' dir='ltr'><strong>prcecellul</strong></span> <span class='ocrx_word' id='word_1_688' title='bbox 3024 2333 3168 2400; x_wconf 78' lang='lat' dir='ltr'><strong>forte</strong></span> <span class='ocrx_word' id='word_1_689' title='bbox 3199 2331 3436 2385; x_wconf 80' lang='lat' dir='ltr'><strong>laterna.</strong></span> 
     </span>
    </p>
   </div>
   <div class='ocr_carea' id='block_1_96' title="bbox 2177 2435 3758 2508">
    <p class='ocr_par' dir='ltr' id='par_1_96' title="bbox 2177 2435 3758 2508">
     <span class='ocr_line' id='line_1_98' title="bbox 2177 2435 3758 2508; baseline 0.003 -18"><span class='ocrx_word' id='word_1_690' title='bbox 2177 2437 2288 2508; x_wconf 90' lang='lat'>(55)</span> <span class='ocrx_word' id='word_1_691' title='bbox 2321 2436 2564 2492; x_wconf 87' lang='lat' dir='ltr'><strong>Videtur</strong></span> <span class='ocrx_word' id='word_1_692' title='bbox 2593 2436 2738 2491; x_wconf 90' lang='lat' dir='ltr'><strong>mihi</strong></span> <span class='ocrx_word' id='word_1_693' title='bbox 2770 2436 2880 2492; x_wconf 92' lang='lat' dir='ltr'><strong>hoc</strong></span> <span class='ocrx_word' id='word_1_694' title='bbox 2919 2453 2986 2493; x_wconf 86' lang='lat' dir='ltr'><strong>ex</strong></span> <span class='ocrx_word' id='word_1_695' title='bbox 3033 2435 3159 2492; x_wconf 93' lang='lat' dir='ltr'><strong>loco</strong></span> <span class='ocrx_word' id='word_1_696' title='bbox 3199 2436 3339 2492; x_wconf 88' lang='lat' dir='ltr'><strong>satis</strong></span> <span class='ocrx_word' id='word_1_697' title='bbox 3371 2440 3494 2492; x_wconf 90' lang='lat' dir='ltr'><strong>tuto</strong></span> <span class='ocrx_word' id='word_1_698' title='bbox 3543 2436 3758 2494; x_wconf 82' lang='lat' dir='ltr'><strong>conﬁci</strong></span> 
     </span>
    </p>
   </div>
   <div class='ocr_carea' id='block_1_97' title="bbox 2104 2508 3758 2581">
    <p class='ocr_par' dir='ltr' id='par_1_97' title="bbox 2104 2508 3758 2581">
     <span class='ocr_line' id='line_1_99' title="bbox 2104 2508 3758 2581; baseline 0.002 -18"><span class='ocrx_word' id='word_1_699' title='bbox 2104 2524 2294 2580; x_wconf 89' lang='lat' dir='ltr'><strong>posse,</strong></span> <span class='ocrx_word' id='word_1_700' title='bbox 2321 2509 2442 2578; x_wconf 88' lang='lat' dir='ltr'><strong>jam</strong></span> <span class='ocrx_word' id='word_1_701' title='bbox 2485 2525 2604 2564; x_wconf 68' lang='lat' dir='ltr'><strong>aevo</strong></span> <span class='ocrx_word' id='word_1_702' title='bbox 2635 2509 2862 2565; x_wconf 90' lang='lat' dir='ltr'><strong>decimo</strong></span> <span class='ocrx_word' id='word_1_703' title='bbox 2916 2508 3218 2579; x_wconf 88' lang='lat' dir='ltr'><strong>horologia</strong></span> <span class='ocrx_word' id='word_1_704' title='bbox 3265 2508 3584 2581; x_wconf 86' lang='lat' dir='ltr'><strong>gestatilia,</strong></span> <span class='ocrx_word' id='word_1_705' title='bbox 3623 2526 3758 2581; x_wconf 74' lang='lat' dir='ltr'><strong>quae</strong></span> 
     </span>
    </p>
   </div>
   <div class='ocr_carea' id='block_1_98' title="bbox 2104 2580 3756 2651">
    <p class='ocr_par' dir='ltr' id='par_1_98' title="bbox 2104 2580 3756 2651">
     <span class='ocr_line' id='line_1_100' title="bbox 2104 2580 3756 2651; baseline 0.001 -16"><span class='ocrx_word' id='word_1_706' title='bbox 2104 2581 2245 2635; x_wconf 90' lang='lat' dir='ltr'><strong>rotis</strong></span> <span class='ocrx_word' id='word_1_707' title='bbox 2276 2583 2470 2647; x_wconf 68' lang='lat' dir='ltr'><strong>aeneis,</strong></span> <span class='ocrx_word' id='word_1_708' title='bbox 2513 2581 2855 2646; x_wconf 89' lang='lat' dir='ltr'><strong>clateribus,</strong></span> <span class='ocrx_word' id='word_1_709' title='bbox 2907 2581 3147 2636; x_wconf 87' lang='lat' dir='ltr'><strong>funibus</strong></span> <span class='ocrx_word' id='word_1_710' title='bbox 3191 2585 3247 2634; x_wconf 88' lang='lat' dir='ltr'><strong>et</strong></span> <span class='ocrx_word' id='word_1_711' title='bbox 3294 2580 3569 2650; x_wconf 85' lang='lat' dir='ltr'><strong>appensis</strong></span> <span class='ocrx_word' id='word_1_712' title='bbox 3609 2580 3756 2651; x_wconf 81' lang='lat' dir='ltr'><strong>pon-</strong></span> 
     </span>
    </p>
   </div>
   <div class='ocr_carea' id='block_1_99' title="bbox 2103 2652 3756 2724">
    <p class='ocr_par' dir='ltr' id='par_1_99' title="bbox 2103 2652 3756 2724">
     <span class='ocr_line' id='line_1_101' title="bbox 2103 2652 3756 2724; baseline 0.002 -19"><span class='ocrx_word' id='word_1_713' title='bbox 2103 2653 2340 2724; x_wconf 81' lang='lat' dir='ltr'><strong>deribus</strong></span> <span class='ocrx_word' id='word_1_714' title='bbox 2374 2656 2648 2724; x_wconf 89' lang='lat' dir='ltr'><strong>aguntur,</strong></span> <span class='ocrx_word' id='word_1_715' title='bbox 2679 2652 2870 2722; x_wconf 91' lang='lat' dir='ltr'><strong>qualia</strong></span> <span class='ocrx_word' id='word_1_716' title='bbox 2902 2663 3102 2724; x_wconf 88' lang='lat' dir='ltr'><strong>nostra</strong></span> <span class='ocrx_word' id='word_1_717' title='bbox 3131 2658 3290 2719; x_wconf 88' lang='lat' dir='ltr'><strong>sunt,</strong></span> <span class='ocrx_word' id='word_1_718' title='bbox 3315 2654 3371 2706; x_wconf 90' lang='lat' dir='ltr'><strong>in</strong></span> <span class='ocrx_word' id='word_1_719' title='bbox 3409 2669 3517 2707; x_wconf 90' lang='lat' dir='ltr'><strong>usu</strong></span> <span class='ocrx_word' id='word_1_720' title='bbox 3547 2653 3756 2724; x_wconf 87' lang='lat' dir='ltr'><strong>fuisse.</strong></span> 
     </span>
    </p>
   </div>
   <div class='ocr_carea' id='block_1_100' title="bbox 2100 2722 3758 2795">
    <p class='ocr_par' dir='ltr' id='par_1_100' title="bbox 2100 2722 3758 2795">
     <span class='ocr_line' id='line_1_102' title="bbox 2100 2722 3758 2795; baseline 0.001 -17"><span class='ocrx_word' id='word_1_721' title='bbox 2100 2722 2239 2778; x_wconf 87' lang='lat' dir='ltr'><strong>Nam</strong></span> <span class='ocrx_word' id='word_1_722' title='bbox 2267 2722 2685 2795; x_wconf 48' lang='lat' dir='ltr'><strong>quod&#39;parvum</strong></span> <span class='ocrx_word' id='word_1_723' title='bbox 2711 2731 3032 2794; x_wconf 75' lang='lat' dir='ltr'><strong>argenteum</strong></span> <span class='ocrx_word' id='word_1_724' title='bbox 3055 2723 3400 2793; x_wconf 80' lang='lat' dir='ltr'><strong>horologium</strong></span> <span class='ocrx_word' id='word_1_725' title='bbox 3427 2724 3497 2795; x_wconf 71' lang='lat' dir='ltr'><strong>at!</strong></span> <span class='ocrx_word' id='word_1_726' title='bbox 3521 2723 3758 2792; x_wconf 82' lang='lat' dir='ltr'><strong>vigilias</strong></span> 
     </span>
    </p>
   </div>
   <div class='ocr_carea' id='block_1_101' title="bbox 2098 2794 3757 2868">
    <p class='ocr_par' dir='ltr' id='par_1_101' title="bbox 2098 2794 3757 2868">
     <span class='ocr_line' id='line_1_103' title="bbox 2098 2794 3757 2868; baseline 0.002 -18"><span class='ocrx_word' id='word_1_727' title='bbox 2098 2803 2401 2868; x_wconf 78' lang='lat' dir='ltr'><strong>nocturnas</strong></span> <span class='ocrx_word' id='word_1_728' title='bbox 2446 2794 2676 2868; x_wconf 87' lang='lat' dir='ltr'><strong>dicitur,</strong></span> <span class='ocrx_word' id='word_1_729' title='bbox 2729 2796 2982 2867; x_wconf 81' lang='lat' dir='ltr'><strong>profecto</strong></span> <span class='ocrx_word' id='word_1_730' title='bbox 3037 2813 3151 2850; x_wconf 92' lang='lat' dir='ltr'><strong>non</strong></span> <span class='ocrx_word' id='word_1_731' title='bbox 3199 2801 3389 2868; x_wconf 76' lang='lat' dir='ltr'><strong>potuit</strong></span> <span class='ocrx_word' id='word_1_732' title='bbox 3445 2794 3757 2867; x_wconf 80' lang='lat' dir='ltr'><strong>clepsydra</strong></span> 
     </span>
    </p>
   </div>
   <div class='ocr_carea' id='block_1_102' title="bbox 2100 2866 3755 2937">
    <p class='ocr_par' dir='ltr' id='par_1_102' title="bbox 2100 2866 3755 2937">
     <span class='ocr_line' id='line_1_104' title="bbox 2100 2866 3755 2937; baseline 0.002 -17"><span class='ocrx_word' id='word_1_733' title='bbox 2100 2868 2302 2922; x_wconf 85' lang='lat' dir='ltr'><strong>fuisse.</strong></span> <span class='ocrx_word' id='word_1_734' title='bbox 2338 2867 2444 2922; x_wconf 89' lang='lat' dir='ltr'><strong>Pro</strong></span> <span class='ocrx_word' id='word_1_735' title='bbox 2471 2866 2652 2922; x_wconf 51' lang='lat' dir='ltr'><strong>totii&#39;is</strong></span> <span class='ocrx_word' id='word_1_736' title='bbox 2683 2866 2866 2934; x_wconf 86' lang='lat' dir='ltr'><strong>enim,</strong></span> <span class='ocrx_word' id='word_1_737' title='bbox 2898 2869 3217 2937; x_wconf 65' lang='lat' dir='ltr'><strong>praesertim</strong></span> <span class='ocrx_word' id='word_1_738' title='bbox 3249 2866 3532 2935; x_wconf 75' lang='lat' dir='ltr'><strong>hibernis,</strong></span> <span class='ocrx_word' id='word_1_739' title='bbox 3566 2866 3755 2924; x_wconf 81' lang='lat' dir='ltr'><strong>nectis</strong></span> 
     </span>
    </p>
   </div>
   <div class='ocr_carea' id='block_1_103' title="bbox 2099 2937 3750 3010">
    <p class='ocr_par' dir='ltr' id='par_1_103' title="bbox 2099 2937 3750 3010">
     <span class='ocr_line' id='line_1_105' title="bbox 2099 2937 3750 3010; baseline -0.001 -16"><span class='ocrx_word' id='word_1_740' title='bbox 2099 2945 2288 3009; x_wconf 87' lang='lat' dir='ltr'><strong>spatio</strong></span> <span class='ocrx_word' id='word_1_741' title='bbox 2344 2955 2622 3010; x_wconf 90' lang='lat' dir='ltr'><strong>magnum</strong></span> <span class='ocrx_word' id='word_1_742' title='bbox 2681 2955 2785 2993; x_wconf 90' lang='lat' dir='ltr'><strong>vas</strong></span> <span class='ocrx_word' id='word_1_743' title='bbox 2840 2938 3262 3010; x_wconf 85' lang='lat' dir='ltr'><strong>requirebatur.</strong></span> <span class='ocrx_word' id='word_1_744' title='bbox 3316 2937 3495 2994; x_wconf 84' lang='lat' dir='ltr'><strong>Multo</strong></span> <span class='ocrx_word' id='word_1_745' title='bbox 3551 2939 3750 3010; x_wconf 82' lang='lat' dir='ltr'><strong>minus</strong></span> 
     </span>
    </p>
   </div>
   <div class='ocr_carea' id='block_1_104' title="bbox 2099 3008 3737 3081">
    <p class='ocr_par' dir='ltr' id='par_1_104' title="bbox 2099 3008 3737 3081">
     <span class='ocr_line' id='line_1_106' title="bbox 2099 3008 3737 3081; baseline -0.002 -15"><span class='ocrx_word' id='word_1_746' title='bbox 2099 3008 2288 3081; x_wconf 83' lang='lat' dir='ltr'><strong>potuit</strong></span> <span class='ocrx_word' id='word_1_747' title='bbox 2316 3008 2570 3079; x_wconf 80' lang='lat' dir='ltr'><strong>gnomon</strong></span> <span class='ocrx_word' id='word_1_748' title='bbox 2621 3011 2816 3066; x_wconf 84' lang='lat' dir='ltr'><strong>fuisse.</strong></span> <span class='ocrx_word' id='word_1_749' title='bbox 2851 3008 3004 3064; x_wconf 83' lang='lat' dir='ltr'><strong>Nihil</strong></span> <span class='ocrx_word' id='word_1_750' title='bbox 3055 3010 3236 3081; x_wconf 91' lang='lat' dir='ltr'><strong>igitur</strong></span> <span class='ocrx_word' id='word_1_751' title='bbox 3265 3010 3548 3081; x_wconf 88' lang='lat' dir='ltr'><strong>reliquum</strong></span> <span class='ocrx_word' id='word_1_752' title='bbox 3579 3008 3737 3063; x_wconf 91' lang='lat' dir='ltr'><strong>aliud</strong></span> 
     </span>
    </p>
   </div>
   <div class='ocr_carea' id='block_1_105' title="bbox 2097 3080 3743 3152">
    <p class='ocr_par' dir='ltr' id='par_1_105' title="bbox 2097 3080 3743 3152">
     <span class='ocr_line' id='line_1_107' title="bbox 2097 3080 3743 3152; baseline -0.002 -15"><span class='ocrx_word' id='word_1_753' title='bbox 2097 3080 2206 3149; x_wconf 77' lang='lat' dir='ltr'><strong>est,</strong></span> <span class='ocrx_word' id='word_1_754' title='bbox 2240 3099 2416 3152; x_wconf 89' lang='lat' dir='ltr'><strong>quam</strong></span> <span class='ocrx_word' id='word_1_755' title='bbox 2451 3088 2723 3146; x_wconf 90' lang='lat' dir='ltr'><strong>statuere,</strong></span> <span class='ocrx_word' id='word_1_756' title='bbox 2750 3082 2861 3137; x_wconf 91' lang='lat' dir='ltr'><strong>hoc</strong></span> <span class='ocrx_word' id='word_1_757' title='bbox 2892 3080 3128 3151; x_wconf 75' lang='lat' dir='ltr'><strong>parvum</strong></span> <span class='ocrx_word' id='word_1_758' title='bbox 3155 3089 3488 3150; x_wconf 86' lang='lat' dir='ltr'><strong>argenteum</strong></span> <span class='ocrx_word' id='word_1_759' title='bbox 3513 3080 3743 3152; x_wconf 83' lang='lat' dir='ltr'><strong>horolo-</strong></span> 
     </span>
    </p>
   </div>
   <div class='ocr_carea' id='block_1_106' title="bbox 2099 3151 3742 3225">
    <p class='ocr_par' dir='ltr' id='par_1_106' title="bbox 2099 3151 3742 3225">
     <span class='ocr_line' id='line_1_108' title="bbox 2099 3151 3742 3225; baseline -0.001 -18"><span class='ocrx_word' id='word_1_760' title='bbox 2099 3151 2273 3225; x_wconf 29' lang='lat' dir='ltr'><strong>gium’</strong></span> <span class='ocrx_word' id='word_1_761' title='bbox 2296 3157 2472 3208; x_wconf 87' lang='lat' dir='ltr'><strong>fuisse</strong></span> <span class='ocrx_word' id='word_1_762' title='bbox 2519 3153 2820 3224; x_wconf 85' lang='lat' dir='ltr'><strong>gestabile,</strong></span> <span class='ocrx_word' id='word_1_763' title='bbox 2863 3152 3266 3225; x_wconf 89' lang='lat' dir='ltr'><strong>nonquidem</strong></span> <span class='ocrx_word' id='word_1_764' title='bbox 3310 3153 3370 3208; x_wconf 87' lang='lat' dir='ltr'><strong>in</strong></span> <span class='ocrx_word' id='word_1_765' title='bbox 3419 3151 3742 3225; x_wconf 87' lang='lat' dir='ltr'><strong>marsupio,</strong></span> 
     </span>
    </p>
   </div>
   <div class='ocr_carea' id='block_1_107' title="bbox 2100 3224 3745 3296">
    <p class='ocr_par' dir='ltr' id='par_1_107' title="bbox 2100 3224 3745 3296">
     <span class='ocr_line' id='line_1_109' title="bbox 2100 3224 3745 3296; baseline 0 -17"><span class='ocrx_word' id='word_1_766' title='bbox 2100 3224 2293 3296; x_wconf 87' lang='lat' dir='ltr'><strong>qualia</strong></span> <span class='ocrx_word' id='word_1_767' title='bbox 2309 3241 2415 3279; x_wconf 90' lang='lat' dir='ltr'><strong>nos</strong></span> <span class='ocrx_word' id='word_1_768' title='bbox 2439 3241 2720 3294; x_wconf 89' lang='lat' dir='ltr'><strong>perquam</strong></span> <span class='ocrx_word' id='word_1_769' title='bbox 2751 3228 2976 3279; x_wconf 88' lang='lat' dir='ltr'><strong>minuta</strong></span> <span class='ocrx_word' id='word_1_770' title='bbox 2997 3224 3450 3294; x_wconf 88' lang='lat' dir='ltr'><strong>habemus(nam</strong></span> <span class='ocrx_word' id='word_1_771' title='bbox 3477 3224 3530 3278; x_wconf 91' lang='lat' dir='ltr'><strong>id</strong></span> <span class='ocrx_word' id='word_1_772' title='bbox 3554 3239 3745 3295; x_wconf 90' lang='lat' dir='ltr'><strong>genus</strong></span> 
     </span>
    </p>
   </div>
   <div class='ocr_carea' id='block_1_108' title="bbox 2098 3295 3753 3367">
    <p class='ocr_par' dir='ltr' id='par_1_108' title="bbox 2098 3295 3753 3367">
     <span class='ocr_line' id='line_1_110' title="bbox 2098 3295 3753 3367; baseline -0.001 -15"><span class='ocrx_word' id='word_1_773' title='bbox 2098 3295 2165 3352; x_wconf 84' lang='lat' dir='ltr'><strong>eo</strong></span> <span class='ocrx_word' id='word_1_774' title='bbox 2195 3313 2313 3352; x_wconf 70' lang='lat' dir='ltr'><strong>sevo</strong></span> <span class='ocrx_word' id='word_1_775' title='bbox 2346 3296 2607 3352; x_wconf 88' lang='lat' dir='ltr'><strong>nondum</strong></span> <span class='ocrx_word' id='word_1_776' title='bbox 2639 3301 2765 3352; x_wconf 90' lang='lat' dir='ltr'><strong>erat</strong></span> <span class='ocrx_word' id='word_1_777' title='bbox 2813 3299 3065 3364; x_wconf 90' lang='lat' dir='ltr'><strong>notum),</strong></span> <span class='ocrx_word' id='word_1_778' title='bbox 3100 3298 3201 3352; x_wconf 91' lang='lat' dir='ltr'><strong>sed</strong></span> <span class='ocrx_word' id='word_1_779' title='bbox 3237 3297 3409 3367; x_wconf 89' lang='lat' dir='ltr'><strong>quale</strong></span> <span class='ocrx_word' id='word_1_780' title='bbox 3454 3295 3512 3350; x_wconf 89' lang='lat' dir='ltr'><strong>in</strong></span> <span class='ocrx_word' id='word_1_781' title='bbox 3544 3311 3753 3351; x_wconf 84' lang='lat' dir='ltr'><strong>mensa</strong></span> 
     </span>
    </p>
   </div>
   <div class='ocr_carea' id='block_1_109' title="bbox 2100 3367 3752 3439">
    <p class='ocr_par' dir='ltr' id='par_1_109' title="bbox 2100 3367 3752 3439">
     <span class='ocr_line' id='line_1_111' title="bbox 2100 3367 3752 3439; baseline 0 -17"><span class='ocrx_word' id='word_1_782' title='bbox 2100 3369 2297 3439; x_wconf 89' lang='lat' dir='ltr'><strong>reponi</strong></span> <span class='ocrx_word' id='word_1_783' title='bbox 2314 3369 2498 3422; x_wconf 90' lang='lat' dir='ltr'><strong>autad</strong></span> <span class='ocrx_word' id='word_1_784' title='bbox 2520 3368 2796 3436; x_wconf 90' lang='lat' dir='ltr'><strong>parietem</strong></span> <span class='ocrx_word' id='word_1_785' title='bbox 2820 3369 2964 3439; x_wconf 90' lang='lat' dir='ltr'><strong>erigi</strong></span> <span class='ocrx_word' id='word_1_786' title='bbox 3000 3367 3336 3424; x_wconf 86' lang='lat' dir='ltr'><strong>solet.Patet</strong></span> <span class='ocrx_word' id='word_1_787' title='bbox 3353 3368 3409 3422; x_wconf 91' lang='lat' dir='ltr'><strong>id</strong></span> <span class='ocrx_word' id='word_1_788' title='bbox 3433 3383 3668 3439; x_wconf 88' lang='lat' dir='ltr'><strong>quoque</strong></span> <span class='ocrx_word' id='word_1_789' title='bbox 3681 3383 3752 3439; x_wconf 85' lang='lat' dir='ltr'><strong>ex</strong></span> 
     </span>
    </p>
   </div>
   <div class='ocr_carea' id='block_1_110' title="bbox 2099 3438 3750 3511">
    <p class='ocr_par' dir='ltr' id='par_1_110' title="bbox 2099 3438 3750 3511">
     <span class='ocr_line' id='line_1_112' title="bbox 2099 3438 3750 3511; baseline -0.001 -17"><span class='ocrx_word' id='word_1_790' title='bbox 2099 3438 2224 3496; x_wconf 86' lang='lat' dir='ltr'><strong>loco</strong></span> <span class='ocrx_word' id='word_1_791' title='bbox 2258 3445 2394 3494; x_wconf 89' lang='lat' dir='ltr'><strong>noto</strong></span> <span class='ocrx_word' id='word_1_792' title='bbox 2415 3440 2881 3511; x_wconf 87' lang='lat' dir='ltr'><strong>Reginonis,quo</strong></span> <span class='ocrx_word' id='word_1_793' title='bbox 2913 3438 3126 3494; x_wconf 82' lang='lat' dir='ltr'><strong>dicitur</strong></span> <span class='ocrx_word' id='word_1_794' title='bbox 3149 3441 3373 3494; x_wconf 84' lang='lat' dir='ltr'><strong>Ilaroun</strong></span> <span class='ocrx_word' id='word_1_795' title='bbox 3402 3441 3458 3493; x_wconf 90' lang='lat' dir='ltr'><strong>al</strong></span> <span class='ocrx_word' id='word_1_796' title='bbox 3481 3438 3750 3504; x_wconf 75' lang='lat' dir='ltr'><strong>liuschid,</strong></span> 
     </span>
    </p>
   </div>
   <div class='ocr_carea' id='block_1_111' title="bbox 2099 3509 3750 3582">
    <p class='ocr_par' dir='ltr' id='par_1_111' title="bbox 2099 3509 3750 3582">
     <span class='ocr_line' id='line_1_113' title="bbox 2099 3509 3750 3582; baseline -0.001 -16"><span class='ocrx_word' id='word_1_797' title='bbox 2099 3528 2198 3566; x_wconf 87' lang='lat' dir='ltr'><strong>rex</strong></span> <span class='ocrx_word' id='word_1_798' title='bbox 2228 3509 2678 3579; x_wconf 77' lang='lat' dir='ltr'><strong>Saracenorum,</strong></span> <span class='ocrx_word' id='word_1_799' title='bbox 2710 3509 2910 3566; x_wconf 88' lang='lat' dir='ltr'><strong>Carolo</strong></span> <span class='ocrx_word' id='word_1_800' title='bbox 2951 3511 3025 3566; x_wconf 90' lang='lat' dir='ltr'><strong>M.</strong></span> <span class='ocrx_word' id='word_1_801' title='bbox 3076 3511 3439 3582; x_wconf 90' lang='lat' dir='ltr'><strong>horologium</strong></span> <span class='ocrx_word' id='word_1_802' title='bbox 3493 3510 3750 3582; x_wconf 80' lang='lat' dir='ltr'><strong>misisse,</strong></span> 
     </span>
    </p>
   </div>
   <div class='ocr_carea' id='block_1_112' title="bbox 2099 3580 3753 3654">
    <p class='ocr_par' dir='ltr' id='par_1_112' title="bbox 2099 3580 3753 3654">
     <span class='ocr_line' id='line_1_114' title="bbox 2099 3580 3753 3654; baseline 0 -18"><span class='ocrx_word' id='word_1_803' title='bbox 2099 3585 2255 3653; x_wconf 90' lang='lat' dir='ltr'><strong>quod</strong></span> <span class='ocrx_word' id='word_1_804' title='bbox 2285 3581 2381 3638; x_wconf 91' lang='lat' dir='ltr'><strong>ille</strong></span> <span class='ocrx_word' id='word_1_805' title='bbox 2400 3583 2663 3654; x_wconf 87' lang='lat' dir='ltr'><strong>pluribus</strong></span> <span class='ocrx_word' id='word_1_806' title='bbox 2695 3581 3002 3646; x_wconf 77' lang='lat' dir='ltr'><strong>describit;</strong></span> <span class='ocrx_word' id='word_1_807' title='bbox 3031 3580 3502 3652; x_wconf 44' lang='lat' dir='ltr'><strong>repetere—tamen</strong></span> <span class='ocrx_word' id='word_1_808' title='bbox 3527 3598 3643 3636; x_wconf 90' lang='lat' dir='ltr'><strong>non</strong></span> <span class='ocrx_word' id='word_1_809' title='bbox 3665 3580 3753 3636; x_wconf 90' lang='lat' dir='ltr'><strong>lu-</strong></span> 
     </span>
    </p>
   </div>
   <div class='ocr_carea' id='block_1_113' title="bbox 2099 3653 3748 3724">
    <p class='ocr_par' dir='ltr' id='par_1_113' title="bbox 2099 3653 3748 3724">
     <span class='ocr_line' id='line_1_115' title="bbox 2099 3653 3748 3724; baseline -0.002 -15"><span class='ocrx_word' id='word_1_810' title='bbox 2099 3655 2212 3709; x_wconf 88' lang='lat' dir='ltr'><strong>bet.</strong></span> <span class='ocrx_word' id='word_1_811' title='bbox 2230 3653 2449 3709; x_wconf 86' lang='lat' dir='ltr'><strong>Saltem</strong></span> <span class='ocrx_word' id='word_1_812' title='bbox 2473 3656 2529 3709; x_wconf 91' lang='lat' dir='ltr'><strong>id</strong></span> <span class='ocrx_word' id='word_1_813' title='bbox 2553 3671 2620 3710; x_wconf 87' lang='lat' dir='ltr'><strong>ex</strong></span> <span class='ocrx_word' id='word_1_814' title='bbox 2642 3672 2708 3710; x_wconf 92' lang='lat' dir='ltr'><strong>eo</strong></span> <span class='ocrx_word' id='word_1_815' title='bbox 2731 3653 2856 3709; x_wconf 91' lang='lat' dir='ltr'><strong>loco</strong></span> <span class='ocrx_word' id='word_1_816' title='bbox 2879 3654 3493 3724; x_wconf 81' lang='lat' dir='ltr'><strong>colligitur,horologiu</strong></span> <span class='ocrx_word' id='word_1_817' title='bbox 3509 3670 3562 3706; x_wconf 92' lang='lat' dir='ltr'><strong>m</strong></span> <span class='ocrx_word' id='word_1_818' title='bbox 3587 3654 3748 3708; x_wconf 88' lang='lat' dir='ltr'><strong>istud</strong></span> 
     </span>
    </p>
   </div>
   <div class='ocr_carea' id='block_1_114' title="bbox 2098 3725 3752 3782">
    <p class='ocr_par' dir='ltr' id='par_1_114' title="bbox 2098 3725 3752 3782">
     <span class='ocr_line' id='line_1_116' title="bbox 2098 3725 3752 3782; baseline -0.002 -1"><span class='ocrx_word' id='word_1_819' title='bbox 2098 3725 2436 3781; x_wconf 85' lang='lat' dir='ltr'><strong>mechanica</strong></span> <span class='ocrx_word' id='word_1_820' title='bbox 2469 3733 2591 3782; x_wconf 83' lang='lat' dir='ltr'><strong>arte</strong></span> <span class='ocrx_word' id='word_1_821' title='bbox 2632 3725 2811 3780; x_wconf 80' lang='lat' dir='ltr'><strong>fuisse</strong></span> <span class='ocrx_word' id='word_1_822' title='bbox 2841 3732 3057 3781; x_wconf 90' lang='lat' dir='ltr'><strong>actum.</strong></span> <span class='ocrx_word' id='word_1_823' title='bbox 3108 3725 3504 3780; x_wconf 85' lang='lat' dir='ltr'><strong>Habuerintne</strong></span> <span class='ocrx_word' id='word_1_824' title='bbox 3550 3732 3752 3779; x_wconf 81' lang='lat' dir='ltr'><strong>autem</strong></span> 
     </span>
    </p>
   </div>
   <div class='ocr_carea' id='block_1_115' title="bbox 2097 3795 3754 3868">
    <p class='ocr_par' dir='ltr' id='par_1_115' title="bbox 2097 3795 3754 3868">
     <span class='ocr_line' id='line_1_117' title="bbox 2097 3795 3754 3868; baseline -0.002 -15"><span class='ocrx_word' id='word_1_825' title='bbox 2097 3798 2274 3854; x_wconf 67' lang='lat' dir='ltr'><strong>Grmci</strong></span> <span class='ocrx_word' id='word_1_826' title='bbox 2309 3797 2610 3868; x_wconf 90' lang='lat' dir='ltr'><strong>horologia</strong></span> <span class='ocrx_word' id='word_1_827' title='bbox 2638 3797 2836 3868; x_wconf 87' lang='lat' dir='ltr'><strong>qualia</strong></span> <span class='ocrx_word' id='word_1_828' title='bbox 2861 3814 2967 3852; x_wconf 87' lang='lat' dir='ltr'><strong>nos</strong></span> <span class='ocrx_word' id='word_1_829' title='bbox 2995 3798 3052 3852; x_wconf 92' lang='lat' dir='ltr'><strong>in</strong></span> <span class='ocrx_word' id='word_1_830' title='bbox 3085 3798 3513 3867; x_wconf 85' lang='lat' dir='ltr'><strong>campanilibus</strong></span> <span class='ocrx_word' id='word_1_831' title='bbox 3557 3795 3754 3850; x_wconf 84' lang='lat' dir='ltr'><strong>Eccle-</strong></span> 
     </span>
    </p>
   </div>
   <div class='ocr_carea' id='block_1_116' title="bbox 2097 3869 3753 3940">
    <p class='ocr_par' dir='ltr' id='par_1_116' title="bbox 2097 3869 3753 3940">
     <span class='ocr_line' id='line_1_118' title="bbox 2097 3869 3753 3940; baseline -0.001 -15"><span class='ocrx_word' id='word_1_832' title='bbox 2097 3870 2319 3925; x_wconf 87' lang='lat' dir='ltr'><strong>siarum</strong></span> <span class='ocrx_word' id='word_1_833' title='bbox 2372 3876 2702 3924; x_wconf 88' lang='lat' dir='ltr'><strong>nostrarum</strong></span> <span class='ocrx_word' id='word_1_834' title='bbox 2757 3869 3061 3940; x_wconf 88' lang='lat' dir='ltr'><strong>habemus,</strong></span> <span class='ocrx_word' id='word_1_835' title='bbox 3113 3886 3412 3940; x_wconf 71' lang='lat' dir='ltr'><strong>campana:</strong></span> <span class='ocrx_word' id='word_1_836' title='bbox 3461 3884 3605 3923; x_wconf 89' lang='lat' dir='ltr'><strong>sono</strong></span> <span class='ocrx_word' id='word_1_837' title='bbox 3636 3869 3753 3924; x_wconf 87' lang='lat' dir='ltr'><strong>diei</strong></span> 
     </span>
    </p>
   </div>
   <div class='ocr_carea' id='block_1_117' title="bbox 2098 3940 3754 4011">
    <p class='ocr_par' dir='ltr' id='par_1_117' title="bbox 2098 3940 3754 4011">
     <span class='ocr_line' id='line_1_119' title="bbox 2098 3940 3754 4011; baseline 0 -17"><span class='ocrx_word' id='word_1_838' title='bbox 2098 3941 2403 4011; x_wconf 84' lang='lat' dir='ltr'><strong>noctisque</strong></span> <span class='ocrx_word' id='word_1_839' title='bbox 2453 3941 2626 3996; x_wconf 87' lang='lat' dir='ltr'><strong>horas</strong></span> <span class='ocrx_word' id='word_1_840' title='bbox 2677 3940 3015 4010; x_wconf 87' lang='lat' dir='ltr'><strong>indicantia,</strong></span> <span class='ocrx_word' id='word_1_841' title='bbox 3077 3957 3191 3996; x_wconf 93' lang='lat' dir='ltr'><strong>non</strong></span> <span class='ocrx_word' id='word_1_842' title='bbox 3245 3941 3462 4011; x_wconf 87' lang='lat' dir='ltr'><strong>liquet,</strong></span> <span class='ocrx_word' id='word_1_843' title='bbox 3511 3940 3611 3996; x_wconf 87' lang='lat' dir='ltr'><strong>sed</strong></span> <span class='ocrx_word' id='word_1_844' title='bbox 3657 3941 3754 3994; x_wconf 85' lang='lat' dir='ltr'><strong>vix</strong></span> 
     </span>
    </p>
   </div>
   <div class='ocr_carea' id='block_1_118' title="bbox 2095 4011 3752 4083">
    <p class='ocr_par' dir='ltr' id='par_1_118' title="bbox 2095 4011 3752 4083">
     <span class='ocr_line' id='line_1_120' title="bbox 2095 4011 3752 4083; baseline 0.001 -18"><span class='ocrx_word' id='word_1_845' title='bbox 2095 4014 2368 4066; x_wconf 90' lang='lat' dir='ltr'><strong>videntur</strong></span> <span class='ocrx_word' id='word_1_846' title='bbox 2390 4011 2689 4078; x_wconf 87' lang='lat' dir='ltr'><strong>habuisse,</strong></span> <span class='ocrx_word' id='word_1_847' title='bbox 2715 4013 2986 4083; x_wconf 86' lang='lat' dir='ltr'><strong>quamvis</strong></span> <span class='ocrx_word' id='word_1_848' title='bbox 3009 4013 3066 4066; x_wconf 93' lang='lat' dir='ltr'><strong>in</strong></span> <span class='ocrx_word' id='word_1_849' title='bbox 3093 4019 3288 4068; x_wconf 84' lang='lat' dir='ltr'><strong>nostro</strong></span> <span class='ocrx_word' id='word_1_850' title='bbox 3310 4012 3506 4066; x_wconf 88' lang='lat' dir='ltr'><strong>codice</strong></span> <span class='ocrx_word' id='word_1_851' title='bbox 3525 4011 3752 4080; x_wconf 90' lang='lat' dir='ltr'><strong>passim</strong></span> 
     </span>
    </p>
   </div>
   <div class='ocr_carea' id='block_1_119' title="bbox 2097 4083 3753 4155">
    <p class='ocr_par' dir='ltr' id='par_1_119' title="bbox 2097 4083 3753 4155">
     <span class='ocr_line' id='line_1_121' title="bbox 2097 4083 3753 4155; baseline -0.001 -16"><span class='ocrx_word' id='word_1_852' title='bbox 2097 4085 2316 4139; x_wconf 87' lang='lat' dir='ltr'><strong>mentio</strong></span> <span class='ocrx_word' id='word_1_853' title='bbox 2349 4084 2448 4138; x_wconf 81' lang='lat' dir='ltr'><strong>flat</strong></span> <span class='ocrx_word' id='word_1_854' title='bbox 2481 4084 2764 4155; x_wconf 84' lang='lat' dir='ltr'><strong>horologii</strong></span> <span class='ocrx_word' id='word_1_855' title='bbox 2795 4088 2850 4137; x_wconf 88' lang='lat' dir='ltr'><strong>S.</strong></span> <span class='ocrx_word' id='word_1_856' title='bbox 2884 4083 3134 4154; x_wconf 57' lang='lat' dir='ltr'><strong>baphia,</strong></span> <span class='ocrx_word' id='word_1_857' title='bbox 3164 4087 3299 4139; x_wconf 89' lang='lat' dir='ltr'><strong>item</strong></span> <span class='ocrx_word' id='word_1_858' title='bbox 3330 4083 3663 4153; x_wconf 86' lang='lat' dir='ltr'><strong>Tripetonis</strong></span> <span class='ocrx_word' id='word_1_859' title='bbox 3693 4091 3753 4155; x_wconf 84' lang='lat' dir='ltr'><strong>et</strong></span> 
     </span>
    </p>
   </div>
   <div class='ocr_carea' id='block_1_120' title="bbox 2095 4154 3750 4226">
    <p class='ocr_par' dir='ltr' id='par_1_120' title="bbox 2095 4154 3750 4226">
     <span class='ocr_line' id='line_1_122' title="bbox 2095 4154 3750 4226; baseline 0.001 -17"><span class='ocrx_word' id='word_1_860' title='bbox 2095 4155 2580 4226; x_wconf 83' lang='lat' dir='ltr'><strong>Chrysotric&#39;inii,</strong></span> <span class='ocrx_word' id='word_1_861' title='bbox 2611 4161 2669 4211; x_wconf 89' lang='lat' dir='ltr'><strong>et</strong></span> <span class='ocrx_word' id='word_1_862' title='bbox 2697 4154 2853 4226; x_wconf 84' lang='lat' dir='ltr'><strong>apud</strong></span> <span class='ocrx_word' id='word_1_863' title='bbox 2888 4155 3034 4211; x_wconf 89' lang='lat' dir='ltr'><strong>alios</strong></span> <span class='ocrx_word' id='word_1_864' title='bbox 3074 4155 3359 4226; x_wconf 90' lang='lat' dir='ltr'><strong>horologii</strong></span> <span class='ocrx_word' id='word_1_865' title='bbox 3393 4155 3452 4210; x_wconf 91' lang='lat' dir='ltr'><strong>S.</strong></span> <span class='ocrx_word' id='word_1_866' title='bbox 3501 4154 3750 4210; x_wconf 85' lang='lat' dir='ltr'><strong>Joannis</strong></span> 
     </span>
    </p>
   </div>
   <div class='ocr_carea' id='block_1_121' title="bbox 2094 4226 3749 4297">
    <p class='ocr_par' dir='ltr' id='par_1_121' title="bbox 2094 4226 3749 4297">
     <span class='ocr_line' id='line_1_123' title="bbox 2094 4226 3749 4297; baseline 0.001 -17"><span class='ocrx_word' id='word_1_867' title='bbox 2094 4227 2419 4282; x_wconf 88' lang='lat' dir='ltr'><strong>Prodromi.</strong></span> <span class='ocrx_word' id='word_1_868' title='bbox 2456 4227 2602 4283; x_wconf 88' lang='lat' dir='ltr'><strong>Nam</strong></span> <span class='ocrx_word' id='word_1_869' title='bbox 2653 4233 2965 4297; x_wconf 78' lang='lat' dir='ltr'><strong>pulueruut</strong></span> <span class='ocrx_word' id='word_1_870' title='bbox 3013 4227 3070 4282; x_wconf 90' lang='lat' dir='ltr'><strong>in</strong></span> <span class='ocrx_word' id='word_1_871' title='bbox 3113 4227 3231 4282; x_wconf 91' lang='lat' dir='ltr'><strong>illis</strong></span> <span class='ocrx_word' id='word_1_872' title='bbox 3263 4227 3516 4281; x_wconf 89' lang='lat' dir='ltr'><strong>turribus</strong></span> <span class='ocrx_word' id='word_1_873' title='bbox 3562 4226 3749 4282; x_wconf 86' lang='lat' dir='ltr'><strong>fuisse</strong></span> 
     </span>
    </p>
   </div>
   <div class='ocr_carea' id='block_1_122' title="bbox 2095 4297 3745 4371">
    <p class='ocr_par' dir='ltr' id='par_1_122' title="bbox 2095 4297 3745 4371">
     <span class='ocr_line' id='line_1_124' title="bbox 2095 4297 3745 4371; baseline 0 -19"><span class='ocrx_word' id='word_1_874' title='bbox 2095 4298 2346 4371; x_wconf 83' lang='lat' dir='ltr'><strong>reposita</strong></span> <span class='ocrx_word' id='word_1_875' title='bbox 2375 4298 2473 4352; x_wconf 86' lang='lat' dir='ltr'><strong>illa</strong></span> <span class='ocrx_word' id='word_1_876' title='bbox 2505 4299 2684 4371; x_wconf 88' lang='lat' dir='ltr'><strong>ligna,</strong></span> <span class='ocrx_word' id='word_1_877' title='bbox 2736 4298 3022 4371; x_wconf 72' lang='grc' dir='ltr'>σήμαντρα</span> <span class='ocrx_word' id='word_1_878' title='bbox 3045 4299 3488 4371; x_wconf 76' lang='lat' dir='ltr'><strong>_Grsecisdicta,</strong></span> <span class='ocrx_word' id='word_1_879' title='bbox 3525 4297 3745 4371; x_wconf 73' lang='lat' dir='ltr'><strong>quibus</strong></span> 
     </span>
    </p>
   </div>
   <div class='ocr_carea' id='block_1_123' title="bbox 2094 4367 3742 4442">
    <p class='ocr_par' dir='ltr' id='par_1_123' title="bbox 2094 4367 3742 4442">
     <span class='ocr_line' id='line_1_125' title="bbox 2094 4367 3742 4442; baseline -0.001 -17"><span class='ocrx_word' id='word_1_880' title='bbox 2094 4367 2175 4425; x_wconf 78' lang='lat' dir='ltr'><strong>ad</strong></span> <span class='ocrx_word' id='word_1_881' title='bbox 2201 4386 2396 4442; x_wconf 89' lang='lat' dir='ltr'><strong>preces</strong></span> <span class='ocrx_word' id='word_1_882' title='bbox 2426 4367 2824 4442; x_wconf 69' lang='lat' dir='ltr'><strong>evocabantur</strong></span> <span class='ocrx_word' id='word_1_883' title='bbox 2858 4367 2996 4424; x_wconf 86' lang='lat' dir='ltr'><strong>olim</strong></span> <span class='ocrx_word' id='word_1_884' title='bbox 3029 4369 3208 4442; x_wconf 63' lang='lat' dir='ltr'><strong>Graeci</strong></span> <span class='ocrx_word' id='word_1_885' title='bbox 3241 4367 3573 4425; x_wconf 80' lang='lat' dir='ltr'><strong>Christiani.</strong></span> <span class='ocrx_word' id='word_1_886' title='bbox 3604 4367 3742 4424; x_wconf 84' lang='lat' dir='ltr'><strong>Vid.</strong></span> 
     </span>
    </p>
   </div>
   <div class='ocr_carea' id='block_1_124' title="bbox 2094 4441 3743 4512">
    <p class='ocr_par' dir='ltr' id='par_1_124' title="bbox 2094 4441 3743 4512">
     <span class='ocr_line' id='line_1_126' title="bbox 2094 4441 3743 4512; baseline -0.001 -16"><span class='ocrx_word' id='word_1_887' title='bbox 2094 4443 2162 4496; x_wconf 89' lang='lat' dir='ltr'><strong>ad</strong></span> <span class='ocrx_word' id='word_1_888' title='bbox 2200 4441 2255 4512; x_wconf 90' lang='lat' dir='ltr'><strong>p.</strong></span> <span class='ocrx_word' id='word_1_889' title='bbox 2293 4443 2394 4497; x_wconf 89' lang='grc'><strong>100</strong></span> <span class='ocrx_word' id='word_1_890' title='bbox 2441 4442 2614 4498; x_wconf 88' lang='lat' dir='ltr'><strong>dicta.</strong></span> <span class='ocrx_word' id='word_1_891' title='bbox 2648 4441 2773 4498; x_wconf 91' lang='lat' dir='ltr'><strong>Non</strong></span> <span class='ocrx_word' id='word_1_892' title='bbox 2823 4441 3194 4498; x_wconf 87' lang='lat' dir='ltr'><strong>dissimulare</strong></span> <span class='ocrx_word' id='word_1_893' title='bbox 3225 4447 3418 4496; x_wconf 90' lang='lat' dir='ltr'><strong>tamen</strong></span> <span class='ocrx_word' id='word_1_894' title='bbox 3477 4456 3743 4512; x_wconf 89' lang='lat' dir='ltr'><strong>possum,</strong></span> 
     </span>
    </p>
   </div>
   <div class='ocr_carea' id='block_1_125' title="bbox 2094 4512 3744 4584">
    <p class='ocr_par' dir='ltr' id='par_1_125' title="bbox 2094 4512 3744 4584">
     <span class='ocr_line' id='line_1_127' title="bbox 2094 4512 3744 4584; baseline 0.001 -17"><span class='ocrx_word' id='word_1_895' title='bbox 2094 4520 2362 4568; x_wconf 88' lang='lat' dir='ltr'><strong>constare</strong></span> <span class='ocrx_word' id='word_1_896' title='bbox 2412 4530 2443 4569; x_wconf 93' lang='lat' dir='ltr'><strong>e</strong></span> <span class='ocrx_word' id='word_1_897' title='bbox 2501 4513 2624 4569; x_wconf 90' lang='lat' dir='ltr'><strong>loco</strong></span> <span class='ocrx_word' id='word_1_898' title='bbox 2676 4514 2930 4583; x_wconf 89' lang='lat' dir='ltr'><strong>quodam</strong></span> <span class='ocrx_word' id='word_1_899' title='bbox 2979 4513 3343 4584; x_wconf 62' lang='lat' dir='ltr'><strong>Anthologiw</strong></span> <span class='ocrx_word' id='word_1_900' title='bbox 3392 4513 3598 4569; x_wconf 71' lang='lat' dir='ltr'><strong>Graecae</strong></span> <span class='ocrx_word' id='word_1_901' title='bbox 3629 4512 3744 4568; x_wconf 89' lang='lat' dir='ltr'><strong>sub</strong></span> 
     </span>
    </p>
   </div>
   <div class='ocr_carea' id='block_1_126' title="bbox 2095 4584 3744 4655">
    <p class='ocr_par' dir='ltr' id='par_1_126' title="bbox 2095 4584 3744 4655">
     <span class='ocr_line' id='line_1_128' title="bbox 2095 4584 3744 4655; baseline 0.001 -16"><span class='ocrx_word' id='word_1_902' title='bbox 2095 4584 2270 4640; x_wconf 81' lang='lat' dir='ltr'><strong>ﬁnem</strong></span> <span class='ocrx_word' id='word_1_903' title='bbox 2301 4585 2432 4640; x_wconf 92' lang='lat' dir='ltr'><strong>libri</strong></span> <span class='ocrx_word' id='word_1_904' title='bbox 2465 4601 2541 4653; x_wconf 85' lang='lat' dir='ltr'><strong>1v,</strong></span> <span class='ocrx_word' id='word_1_905' title='bbox 2565 4585 2689 4655; x_wconf 89' lang='lat' dir='ltr'><strong>jam</strong></span> <span class='ocrx_word' id='word_1_906' title='bbox 2723 4586 2935 4641; x_wconf 70' lang='lat' dir='ltr'><strong>saeculo</strong></span> <span class='ocrx_word' id='word_1_907' title='bbox 2964 4601 3022 4639; x_wconf 78' lang='grc' dir='ltr'>γι</span> <span class='ocrx_word' id='word_1_908' title='bbox 3052 4585 3339 4641; x_wconf 87' lang='lat' dir='ltr'><strong>instructa</strong></span> <span class='ocrx_word' id='word_1_909' title='bbox 3361 4585 3540 4640; x_wconf 90' lang='lat' dir='ltr'><strong>fuisse</strong></span> <span class='ocrx_word' id='word_1_910' title='bbox 3571 4584 3744 4640; x_wconf 86' lang='lat' dir='ltr'><strong>horo-</strong></span> 
     </span>
    </p>
   </div>
   <div class='ocr_carea' id='block_1_127' title="bbox 2014 4632 3747 4728">
    <p class='ocr_par' dir='ltr' id='par_1_127' title="bbox 2014 4632 3747 4728">
     <span class='ocr_line' id='line_1_129' title="bbox 2014 4632 3747 4728; baseline -0.005 -18"><span class='ocrx_word' id='word_1_911' title='bbox 2014 4632 2062 4696; x_wconf 79' lang='grc' dir='ltr'>Ι)</span> <span class='ocrx_word' id='word_1_912' title='bbox 2091 4632 3747 4728; x_wconf 60' lang='grc' dir='ltr'><strong>ἱόέῖἷόὶιὲὀοῖιίκῖἶέυἶῖεῖιῖἱιῖίέἀἑῦἑῖἐξῖἑῖἑιῖιῖιῖιῖεᾝᾲῐι.</strong></span> 
     </span>
    </p>
   </div>
   <div class='ocr_carea' id='block_1_128' title="bbox 2094 4726 3748 4798">
    <p class='ocr_par' dir='ltr' id='par_1_128' title="bbox 2094 4726 3748 4798">
     <span class='ocr_line' id='line_1_130' title="bbox 2094 4726 3748 4798; baseline -0.001 -14"><span class='ocrx_word' id='word_1_913' title='bbox 2094 4726 2280 4784; x_wconf 78' lang='lat' dir='ltr'><strong>decim</strong></span> <span class='ocrx_word' id='word_1_914' title='bbox 2306 4727 2464 4784; x_wconf 71' lang='lat' dir='ltr'><strong>horae</strong></span> <span class='ocrx_word' id='word_1_915' title='bbox 2495 4733 2695 4784; x_wconf 91' lang='lat' dir='ltr'><strong>essent</strong></span> <span class='ocrx_word' id='word_1_916' title='bbox 2717 4734 2946 4794; x_wconf 70' lang='lat' dir='ltr'><strong>notatae,</strong></span> <span class='ocrx_word' id='word_1_917' title='bbox 2967 4733 3069 4784; x_wconf 88' lang='lat' dir='ltr'><strong>aut</strong></span> <span class='ocrx_word' id='word_1_918' title='bbox 3096 4727 3399 4798; x_wconf 87' lang='lat' dir='ltr'><strong>campanis</strong></span> <span class='ocrx_word' id='word_1_919' title='bbox 3431 4726 3748 4784; x_wconf 86' lang='lat' dir='ltr'><strong>duodecies</strong></span> 
     </span>
    </p>
   </div>
   <div class='ocr_carea' id='block_1_129' title="bbox 2094 4799 3745 4873">
    <p class='ocr_par' dir='ltr' id='par_1_129' title="bbox 2094 4799 3745 4873">
     <span class='ocr_line' id='line_1_131' title="bbox 2094 4799 3745 4873; baseline -0.001 -17"><span class='ocrx_word' id='word_1_920' title='bbox 2094 4817 2195 4873; x_wconf 90' lang='lat' dir='ltr'><strong>per</strong></span> <span class='ocrx_word' id='word_1_921' title='bbox 2225 4801 2376 4855; x_wconf 91' lang='lat' dir='ltr'><strong>diem</strong></span> <span class='ocrx_word' id='word_1_922' title='bbox 2410 4799 3042 4873; x_wconf 10' lang='lat' dir='ltr'><strong>sonantibus,_inﬁitioia</strong></span> <span class='ocrx_word' id='word_1_923' title='bbox 3070 4800 3320 4873; x_wconf 79' lang='lat' dir='ltr'><strong>singulis</strong></span> <span class='ocrx_word' id='word_1_924' title='bbox 3345 4799 3560 4873; x_wconf 85' lang='lat' dir='ltr'><strong>ictibus</strong></span> <span class='ocrx_word' id='word_1_925' title='bbox 3592 4799 3745 4854; x_wconf 87' lang='lat' dir='ltr'><strong>facto</strong></span> 
     </span>
    </p>
   </div>
   <div class='ocr_carea' id='block_1_130' title="bbox 2091 4870 3749 4942">
    <p class='ocr_par' dir='ltr' id='par_1_130' title="bbox 2091 4870 3749 4942">
     <span class='ocr_line' id='line_1_132' title="bbox 2091 4870 3749 4942; baseline 0.001 -16"><span class='ocrx_word' id='word_1_926' title='bbox 2091 4870 2149 4927; x_wconf 81' lang='lat' dir='ltr'><strong>et</strong></span> <span class='ocrx_word' id='word_1_927' title='bbox 2178 4887 2493 4942; x_wconf 14' lang='lat' dir='ltr'><strong>progressu,</strong></span> <span class='ocrx_word' id='word_1_928' title='bbox 2521 4887 2708 4940; x_wconf 90' lang='lat' dir='ltr'><strong>usque</strong></span> <span class='ocrx_word' id='word_1_929' title='bbox 2740 4871 2811 4926; x_wconf 90' lang='lat' dir='ltr'><strong>ad</strong></span> <span class='ocrx_word' id='word_1_930' title='bbox 2846 4870 3346 4928; x_wconf 55' lang='lat' dir='ltr'><strong>duodenostam</strong></span> <span class='ocrx_word' id='word_1_931' title='bbox 3372 4870 3533 4926; x_wconf 91' lang='lat' dir='ltr'><strong>locus</strong></span> <span class='ocrx_word' id='word_1_932' title='bbox 3556 4876 3749 4941; x_wconf 85' lang='lat' dir='ltr'><strong>potest</strong></span> 
     </span>
    </p>
   </div>
   <div class='ocr_carea' id='block_1_131' title="bbox 2093 4941 3643 5015">
    <p class='ocr_par' dir='ltr' id='par_1_131' title="bbox 2093 4941 3643 5015">
     <span class='ocr_line' id='line_1_133' title="bbox 2093 4941 3643 5015; baseline -0.001 -16"><span class='ocrx_word' id='word_1_933' title='bbox 2093 4941 2332 5014; x_wconf 85' lang='lat' dir='ltr'><strong>utroque</strong></span> <span class='ocrx_word' id='word_1_934' title='bbox 2365 4941 2538 4998; x_wconf 91' lang='lat' dir='ltr'><strong>modo</strong></span> <span class='ocrx_word' id='word_1_935' title='bbox 2567 4943 2796 5012; x_wconf 89' lang='lat' dir='ltr'><strong>exponi,</strong></span> <span class='ocrx_word' id='word_1_936' title='bbox 2830 4947 2950 4998; x_wconf 88' lang='lat' dir='ltr'><strong>tam</strong></span> <span class='ocrx_word' id='word_1_937' title='bbox 2983 4960 3201 5015; x_wconf 86' lang='lat' dir='ltr'><strong>anceps</strong></span> <span class='ocrx_word' id='word_1_938' title='bbox 3232 4947 3340 5000; x_wconf 88' lang='lat' dir='ltr'><strong>est.</strong></span> <span class='ocrx_word' id='word_1_939' title='bbox 3374 4943 3590 4999; x_wconf 86' lang='lat' dir='ltr'><strong>Eccum</strong></span> <span class='ocrx_word' id='word_1_940' title='bbox 3629 4959 3643 4997; x_wconf 88' lang='lat'><strong>:</strong></span> 
     </span>
    </p>
   </div>
   <div class='ocr_carea' id='block_1_132' title="bbox 2273 5045 3562 5125">
    <p class='ocr_par' dir='ltr' id='par_1_132' title="bbox 2273 5045 3562 5125">
     <span class='ocr_line' id='line_1_134' title="bbox 2273 5045 3562 5125; baseline 0 -23"><span class='ocrx_word' id='word_1_941' title='bbox 2273 5051 2460 5125; x_wconf 60' lang='grc' dir='ltr'>Δι’ῥρυν</span> <span class='ocrx_word' id='word_1_942' title='bbox 2496 5048 2810 5125; x_wconf 73' lang='grc' dir='ltr'>Ἰουστίνοιο</span> <span class='ocrx_word' id='word_1_943' title='bbox 2849 5052 3257 5125; x_wconf 67' lang='grc' dir='ltr'>τυραννοφὸνου</span> <span class='ocrx_word' id='word_1_944' title='bbox 3296 5045 3562 5125; x_wconf 76' lang='grc' dir='ltr'>βοισιλῆος</span> 
     </span>
    </p>
   </div>
   <div class='ocr_carea' id='block_1_133' title="bbox 2308 5118 3526 5196">
    <p class='ocr_par' dir='ltr' id='par_1_133' title="bbox 2308 5118 3526 5196">
     <span class='ocr_line' id='line_1_135' title="bbox 2308 5118 3526 5196; baseline -0.001 -21"><span class='ocrx_word' id='word_1_945' title='bbox 2308 5118 2412 5196; x_wconf 71' lang='grc' dir='ltr'>Κοιὶ</span> <span class='ocrx_word' id='word_1_946' title='bbox 2457 5120 2672 5196; x_wconf 74' lang='grc' dir='ltr'>Σοφίης</span> <span class='ocrx_word' id='word_1_947' title='bbox 2701 5118 2937 5196; x_wconf 58' lang='grc' dir='ltr'>ἀλόχουζ</span> <span class='ocrx_word' id='word_1_948' title='bbox 2981 5118 3174 5196; x_wconf 66' lang='grc' dir='ltr'>φέγγος</span> <span class='ocrx_word' id='word_1_949' title='bbox 3215 5118 3526 5196; x_wconf 38' lang='grc' dir='ltr'><strong>ἐλευθερ-ίης</strong></span> 
     </span>
    </p>
   </div>
   <div class='ocr_carea' id='block_1_134' title="bbox 2261 5181 3581 5268">
    <p class='ocr_par' dir='ltr' id='par_1_134' title="bbox 2261 5181 3581 5268">
     <span class='ocr_line' id='line_1_136' title="bbox 2261 5181 3581 5268; baseline 0 -24"><span class='ocrx_word' id='word_1_950' title='bbox 2261 5190 2474 5268; x_wconf 69' lang='grc' dir='ltr'><strong>Ὠρᾷων</strong></span> <span class='ocrx_word' id='word_1_951' title='bbox 2504 5181 3315 5268; x_wconf 32' lang='grc' dir='ltr'><strong>σέτοᾶτίαζε-έόφὸνβηᾙοξκὶτοξα</strong></span> <span class='ocrx_word' id='word_1_952' title='bbox 3344 5181 3581 5268; x_wconf 28' lang='grc' dir='ltr'>γκάλκὸν,</span> 
     </span>
    </p>
   </div>
   <div class='ocr_carea' id='block_1_135' title="bbox 2306 5245 3492 5342">
    <p class='ocr_par' dir='ltr' id='par_1_135' title="bbox 2306 5245 3492 5342">
     <span class='ocr_line' id='line_1_137' title="bbox 2306 5245 3492 5342; baseline 0.003 -26"><span class='ocrx_word' id='word_1_953' title='bbox 2306 5245 2485 5332; x_wconf 73' lang='grc' dir='ltr'>Ᾰύτῆς</span> <span class='ocrx_word' id='word_1_954' title='bbox 2545 5261 2603 5317; x_wconf 78' lang='grc' dir='ltr'>ἐκ</span> <span class='ocrx_word' id='word_1_955' title='bbox 2646 5245 2886 5337; x_wconf 61' lang='grc' dir='ltr'>μονάδοξ</span> <span class='ocrx_word' id='word_1_956' title='bbox 2923 5245 3094 5342; x_wconf 60' lang='grc' dir='ltr'><strong>μὲχῷἰ</strong></span> <span class='ocrx_word' id='word_1_957' title='bbox 3128 5245 3492 5326; x_wconf 57' lang='grc' dir='ltr'>δυωδεκᾶἲος.</span> 
     </span>
    </p>
   </div>
   <div class='ocr_carea' id='block_1_136' title="bbox 2091 5369 3740 5446">
    <p class='ocr_par' dir='ltr' id='par_1_136' title="bbox 2091 5369 3740 5446">
     <span class='ocr_line' id='line_1_138' title="bbox 2091 5369 3740 5446; baseline 0.001 -21"><span class='ocrx_word' id='word_1_958' title='bbox 2091 5371 2171 5446; x_wconf 85' lang='lat' dir='ltr'><strong>_De</strong></span> <span class='ocrx_word' id='word_1_959' title='bbox 2227 5369 2459 5446; x_wconf 80' lang='lat' dir='ltr'><strong>Justino</strong></span> <span class='ocrx_word' id='word_1_960' title='bbox 2511 5373 2743 5443; x_wconf 91' lang='lat' dir='ltr'><strong>juniore</strong></span> <span class='ocrx_word' id='word_1_961' title='bbox 2791 5375 3066 5446; x_wconf 89' lang='lat' dir='ltr'><strong>loquitur.</strong></span> <span class='ocrx_word' id='word_1_962' title='bbox 3120 5373 3496 5430; x_wconf 87' lang='lat' dir='ltr'><strong>Memorabile</strong></span> <span class='ocrx_word' id='word_1_963' title='bbox 3537 5372 3596 5427; x_wconf 89' lang='lat' dir='ltr'><strong>in</strong></span> <span class='ocrx_word' id='word_1_964' title='bbox 3629 5369 3740 5446; x_wconf 85' lang='lat' dir='ltr'><strong>hoc</strong></span> 
     </span>
    </p>
   </div>
   <div class='ocr_carea' id='block_1_137' title="bbox 2089 5442 3740 5518">
    <p class='ocr_par' dir='ltr' id='par_1_137' title="bbox 2089 5442 3740 5518">
     <span class='ocr_line' id='line_1_139' title="bbox 2089 5442 3740 5518; baseline 0 -20"><span class='ocrx_word' id='word_1_965' title='bbox 2089 5442 2214 5499; x_wconf 93' lang='lat' dir='ltr'><strong>loco</strong></span> <span class='ocrx_word' id='word_1_966' title='bbox 2245 5444 2302 5497; x_wconf 90' lang='lat' dir='ltr'><strong>id</strong></span> <span class='ocrx_word' id='word_1_967' title='bbox 2334 5442 2649 5518; x_wconf 73' lang='lat' dir='ltr'><strong>etiamest,</strong></span> <span class='ocrx_word' id='word_1_968' title='bbox 2683 5448 2837 5518; x_wconf 88' lang='lat' dir='ltr'><strong>quod</strong></span> <span class='ocrx_word' id='word_1_969' title='bbox 2869 5442 2962 5513; x_wconf 65' lang='lat' dir='ltr'><strong>aes,</strong></span> <span class='ocrx_word' id='word_1_970' title='bbox 2991 5457 3253 5515; x_wconf 72' lang='lat' dir='ltr'><strong>argutum</strong></span> <span class='ocrx_word' id='word_1_971' title='bbox 3285 5442 3740 5518; x_wconf 73' lang='lat' dir='ltr'><strong>horarum_ii_idi-</strong></span> 
     </span>
    </p>
   </div>
   <div class='ocr_carea' id='block_1_138' title="bbox 2087 5515 3740 5588">
    <p class='ocr_par' dir='ltr' id='par_1_138' title="bbox 2087 5515 3740 5588">
     <span class='ocr_line' id='line_1_140' title="bbox 2087 5515 3740 5588; baseline 0.001 -19"><span class='ocrx_word' id='word_1_972' title='bbox 2087 5531 2228 5582; x_wconf 82' lang='lat' dir='ltr'><strong>cem,</strong></span> <span class='ocrx_word' id='word_1_973' title='bbox 2258 5515 2512 5586; x_wconf 86' lang='lat' dir='ltr'><strong>appellat</strong></span> <span class='ocrx_word' id='word_1_974' title='bbox 2570 5515 2762 5574; x_wconf 76' lang='lat' dir='ltr'><strong>lumen</strong></span> <span class='ocrx_word' id='word_1_975' title='bbox 2823 5517 3114 5575; x_wconf 74' lang='lat' dir='ltr'><strong>libertatis.</strong></span> <span class='ocrx_word' id='word_1_976' title='bbox 3175 5520 3342 5573; x_wconf 82' lang='lat' dir='ltr'><strong>Sexto</strong></span> <span class='ocrx_word' id='word_1_977' title='bbox 3384 5520 3505 5588; x_wconf 77' lang='lat' dir='ltr'><strong>jam</strong></span> <span class='ocrx_word' id='word_1_978' title='bbox 3557 5515 3740 5586; x_wconf 89' lang='lat' dir='ltr'><strong>igitur</strong></span> 
     </span>
    </p>
   </div>
   <div class='ocr_carea' id='block_1_139' title="bbox 2088 5588 3736 5661">
    <p class='ocr_par' dir='ltr' id='par_1_139' title="bbox 2088 5588 3736 5661">
     <span class='ocr_line' id='line_1_141' title="bbox 2088 5588 3736 5661; baseline -0.001 -19"><span class='ocrx_word' id='word_1_979' title='bbox 2088 5589 2298 5661; x_wconf 65' lang='lat' dir='ltr'><strong>saeculo</strong></span> <span class='ocrx_word' id='word_1_980' title='bbox 2321 5605 2614 5655; x_wconf 75' lang='lat' dir='ltr'><strong>campanae</strong></span> <span class='ocrx_word' id='word_1_981' title='bbox 2637 5607 2958 5659; x_wconf 86' lang='lat' dir='ltr'><strong>earumque</strong></span> <span class='ocrx_word' id='word_1_982' title='bbox 2991 5590 3234 5660; x_wconf 88' lang='lat' dir='ltr'><strong>pulsatio</strong></span> <span class='ocrx_word' id='word_1_983' title='bbox 3255 5595 3379 5646; x_wconf 87' lang='lat' dir='ltr'><strong>erat</strong></span> <span class='ocrx_word' id='word_1_984' title='bbox 3401 5588 3736 5661; x_wconf 81' lang='lat' dir='ltr'><strong>symbolum</strong></span> 
     </span>
    </p>
   </div>
   <div class='ocr_carea' id='block_1_140' title="bbox 2088 5657 3737 5733">
    <p class='ocr_par' dir='ltr' id='par_1_140' title="bbox 2088 5657 3737 5733">
     <span class='ocr_line' id='line_1_142' title="bbox 2088 5657 3737 5733; baseline 0.001 -20"><span class='ocrx_word' id='word_1_985' title='bbox 2088 5657 2375 5733; x_wconf 78' lang='lat' dir='ltr'><strong>libertatis</strong></span> <span class='ocrx_word' id='word_1_986' title='bbox 2407 5662 2667 5733; x_wconf 81' lang='lat' dir='ltr'><strong>urbium,</strong></span> <span class='ocrx_word' id='word_1_987' title='bbox 2714 5668 2778 5716; x_wconf 86' lang='lat' dir='ltr'><strong>ut</strong></span> <span class='ocrx_word' id='word_1_988' title='bbox 2822 5657 3003 5716; x_wconf 81' lang='lat' dir='ltr'><strong>hodie</strong></span> <span class='ocrx_word' id='word_1_989' title='bbox 3041 5668 3151 5733; x_wconf 90' lang='lat' dir='ltr'><strong>est.</strong></span> <span class='ocrx_word' id='word_1_990' title='bbox 3198 5662 3302 5717; x_wconf 85' lang='lat' dir='ltr'><strong>Vix</strong></span> <span class='ocrx_word' id='word_1_991' title='bbox 3344 5657 3540 5733; x_wconf 79' lang='lat' dir='ltr'><strong>putem</strong></span> <span class='ocrx_word' id='word_1_992' title='bbox 3593 5659 3737 5733; x_wconf 77' lang='lat' dir='ltr'><strong>alibi</strong></span> 
     </span>
    </p>
   </div>
   <div class='ocr_carea' id='block_1_141' title="bbox 2091 5729 3737 5805">
    <p class='ocr_par' dir='ltr' id='par_1_141' title="bbox 2091 5729 3737 5805">
     <span class='ocr_line' id='line_1_143' title="bbox 2091 5729 3737 5805; baseline 0.002 -19"><span class='ocrx_word' id='word_1_993' title='bbox 2091 5730 2267 5804; x_wconf 84' lang='lat' dir='ltr'><strong>hujus</strong></span> <span class='ocrx_word' id='word_1_994' title='bbox 2289 5732 2370 5790; x_wconf 87' lang='lat' dir='ltr'><strong>rei</strong></span> <span class='ocrx_word' id='word_1_995' title='bbox 2394 5731 2702 5804; x_wconf 84' lang='lat' dir='ltr'><strong>vestigium</strong></span> <span class='ocrx_word' id='word_1_996' title='bbox 2753 5738 2998 5790; x_wconf 82' lang='lat' dir='ltr'><strong>exstare.</strong></span> <span class='ocrx_word' id='word_1_997' title='bbox 3036 5732 3106 5790; x_wconf 88' lang='lat' dir='ltr'><strong>Et</strong></span> <span class='ocrx_word' id='word_1_998' title='bbox 3151 5733 3261 5792; x_wconf 87' lang='lat' dir='ltr'><strong>hoc</strong></span> <span class='ocrx_word' id='word_1_999' title='bbox 3296 5729 3404 5802; x_wconf 71' lang='lat' dir='ltr'><strong>est,</strong></span> <span class='ocrx_word' id='word_1_1000' title='bbox 3439 5747 3619 5805; x_wconf 89' lang='lat' dir='ltr'><strong>quare</strong></span> <span class='ocrx_word' id='word_1_1001' title='bbox 3646 5729 3737 5790; x_wconf 90' lang='lat' dir='ltr'><strong>lo-</strong></span> 
     </span>
    </p>
   </div>
  </div>
