  <div class='ocr_page' id='page_1' title='image "/cluster/home/n/w/nwhite01/storage/ocr_20150623/112:no.1/coo.31924054870161/460.png"; bbox 0 0 4052 6346; ppageno 0'>
   <div class='ocr_carea' id='block_1_1' title="bbox 240 375 346 436">
    <p class='ocr_par' dir='ltr' id='par_1_1' title="bbox 240 375 346 436">
     <span class='ocr_line' id='line_1_1' title="bbox 240 375 346 436; baseline -0.009 -1"><span class='ocrx_word' id='word_1_1' title='bbox 240 375 346 436; x_wconf 77' lang='grc'><strong>905</strong></span> 
     </span>
    </p>
   </div>
   <div class='ocr_carea' id='block_1_2' title="bbox 839 372 3012 435">
    <p class='ocr_par' dir='ltr' id='par_1_2' title="bbox 839 372 3012 435">
     <span class='ocr_line' id='line_1_2' title="bbox 839 372 3012 435; baseline -0.001 -2"><span class='ocrx_word' id='word_1_2' title='bbox 839 374 940 433; x_wconf 88' lang='lat' dir='ltr'><strong>DE</strong></span> <span class='ocrx_word' id='word_1_3' title='bbox 986 372 1436 434; x_wconf 76' lang='lat' dir='ltr'><strong>CERIMONIIS</strong></span> <span class='ocrx_word' id='word_1_4' title='bbox 1483 373 1716 435; x_wconf 71' lang='lat' dir='ltr'><strong>AUL/E</strong></span> <span class='ocrx_word' id='word_1_5' title='bbox 1758 372 2240 434; x_wconf 67' lang='lat' dir='ltr'><strong>BYZANTINE</strong></span> <span class='ocrx_word' id='word_1_6' title='bbox 2281 374 2430 434; x_wconf 86' lang='lat' dir='ltr'><strong>LIB.</strong></span> <span class='ocrx_word' id='word_1_7' title='bbox 2477 374 2526 434; x_wconf 90' lang='grc' dir='ltr'><strong>Ι.</strong></span> <span class='ocrx_word' id='word_1_8' title='bbox 2563 407 2638 418; x_wconf 91' lang='lat'><strong>——</strong></span> <span class='ocrx_word' id='word_1_9' title='bbox 2681 374 3012 434; x_wconf 84' lang='lat' dir='ltr'><strong>APPEND.</strong></span> 
     </span>
    </p>
   </div>
   <div class='ocr_carea' id='block_1_3' title="bbox 3541 377 3660 437">
    <p class='ocr_par' dir='ltr' id='par_1_3' title="bbox 3541 377 3660 437">
     <span class='ocr_line' id='line_1_3' title="bbox 3541 377 3660 437; baseline 0.008 -1"><span class='ocrx_word' id='word_1_10' title='bbox 3541 377 3660 437; x_wconf 89' lang='lat'><strong>906</strong></span> 
     </span>
    </p>
   </div>
   <div class='ocr_carea' id='block_1_4' title="bbox 242 501 1902 580">
    <p class='ocr_par' dir='ltr' id='par_1_4' title="bbox 242 501 1902 580">
     <span class='ocr_line' id='line_1_4' title="bbox 242 501 1902 580; baseline -0.003 -18"><span class='ocrx_word' id='word_1_11' title='bbox 242 504 333 562; x_wconf 83' lang='grc' dir='ltr'>λια</span> <span class='ocrx_word' id='word_1_12' title='bbox 359 506 472 578; x_wconf 87' lang='grc'><strong>(56)</strong></span> <span class='ocrx_word' id='word_1_13' title='bbox 507 503 796 580; x_wconf 69' lang='grc' dir='ltr'>ὁλόχρυσα</span> <span class='ocrx_word' id='word_1_14' title='bbox 826 501 944 561; x_wconf 67' lang='grc' dir='ltr'><strong>δύο.</strong></span> <span class='ocrx_word' id='word_1_15' title='bbox 998 503 1192 562; x_wconf 82' lang='grc' dir='ltr'>’ῐστὲον</span> <span class='ocrx_word' id='word_1_16' title='bbox 1243 505 1327 560; x_wconf 78' lang='grc' dir='ltr'>ὅτι</span> <span class='ocrx_word' id='word_1_17' title='bbox 1376 509 1545 561; x_wconf 67' lang='grc' dir='ltr'>ταῦτα</span> <span class='ocrx_word' id='word_1_18' title='bbox 1577 503 1629 560; x_wconf 75' lang='grc' dir='ltr'>ἐν</span> <span class='ocrx_word' id='word_1_19' title='bbox 1667 509 1746 577; x_wconf 79' lang='grc' dir='ltr'><strong>τῷ</strong></span> <span class='ocrx_word' id='word_1_20' title='bbox 1777 524 1902 558; x_wconf 88' lang='grc' dir='ltr'>συν-</span> 
     </span>
    </p>
   </div>
   <div class='ocr_carea' id='block_1_5' title="bbox 2013 501 3662 580">
    <p class='ocr_par' dir='ltr' id='par_1_5' title="bbox 2019 504 3662 577">
     <span class='ocr_line' id='line_1_5' title="bbox 2019 504 3662 577; baseline 0.002 -18"><span class='ocrx_word' id='word_1_21' title='bbox 2019 504 2336 577; x_wconf 87' lang='lat' dir='ltr'><strong>imperator</strong></span> <span class='ocrx_word' id='word_1_22' title='bbox 2369 505 2488 560; x_wconf 85' lang='lat' dir='ltr'><strong>vult</strong></span> <span class='ocrx_word' id='word_1_23' title='bbox 2518 505 2787 576; x_wconf 81' lang='lat' dir='ltr'><strong>pietatem</strong></span> <span class='ocrx_word' id='word_1_24' title='bbox 2820 521 2924 561; x_wconf 89' lang='lat' dir='ltr'><strong>seu</strong></span> <span class='ocrx_word' id='word_1_25' title='bbox 2955 505 3168 560; x_wconf 85' lang='lat' dir='ltr'><strong>donum</strong></span> <span class='ocrx_word' id='word_1_26' title='bbox 3202 506 3462 562; x_wconf 88' lang='lat' dir='ltr'><strong>caritatis</strong></span> <span class='ocrx_word' id='word_1_27' title='bbox 3501 509 3662 577; x_wconf 89' lang='lat' dir='ltr'><strong>dare,</strong></span> 
     </span>
    </p>
   </div>
   <div class='ocr_carea' id='block_1_6' title="bbox 245 591 1897 670">
    <p class='ocr_par' dir='ltr' id='par_1_6' title="bbox 245 591 1897 670">
     <span class='ocr_line' id='line_1_6' title="bbox 245 591 1897 670; baseline -0.004 -18"><span class='ocrx_word' id='word_1_28' title='bbox 245 598 514 658; x_wconf 84' lang='grc' dir='ltr'>εστιᾶσθαι</span> <span class='ocrx_word' id='word_1_29' title='bbox 544 593 792 656; x_wconf 77' lang='grc' dir='ltr'>ἐθνικοὺς</span> <span class='ocrx_word' id='word_1_30' title='bbox 820 598 899 666; x_wconf 81' lang='grc' dir='ltr'><strong>τῷ</strong></span> <span class='ocrx_word' id='word_1_31' title='bbox 933 592 1152 668; x_wconf 64' lang='grc' dir='ltr'>βασιλεῖ</span> <span class='ocrx_word' id='word_1_32' title='bbox 1175 592 1486 670; x_wconf 72' lang='grc' dir='ltr'>ὀφείλουσιν</span> <span class='ocrx_word' id='word_1_33' title='bbox 1520 591 1775 667; x_wconf 79' lang='grc' dir='ltr'>ἐνεργεῖν.</span> <span class='ocrx_word' id='word_1_34' title='bbox 1800 592 1897 647; x_wconf 78' lang='grc' dir='ltr'>Διὰ</span> 
     </span>
    </p>
   </div>
   <div class='ocr_carea' id='block_1_7' title="bbox 241 681 1897 762">
    <p class='ocr_par' dir='ltr' id='par_1_7' title="bbox 241 681 1897 762">
     <span class='ocr_line' id='line_1_7' title="bbox 241 681 1897 762; baseline -0.002 -22"><span class='ocrx_word' id='word_1_35' title='bbox 241 690 399 740; x_wconf 72' lang='grc' dir='ltr'>τοῦτο</span> <span class='ocrx_word' id='word_1_36' title='bbox 431 684 535 762; x_wconf 71' lang='grc' dir='ltr'><strong>γὰρ</strong></span> <span class='ocrx_word' id='word_1_37' title='bbox 556 685 643 739; x_wconf 72' lang='grc' dir='ltr'>καὶ</span> <span class='ocrx_word' id='word_1_38' title='bbox 671 682 723 738; x_wconf 81' lang='grc' dir='ltr'>ἐν</span> <span class='ocrx_word' id='word_1_39' title='bbox 745 689 867 747; x_wconf 83' lang='grc' dir='ltr'>ταῖς</span> <span class='ocrx_word' id='word_1_40' title='bbox 888 685 1193 762; x_wconf 75' lang='grc' dir='ltr'>φορτώσεσι</span> <span class='ocrx_word' id='word_1_41' title='bbox 1223 687 1319 738; x_wconf 79' lang='grc' dir='ltr'><strong>τοῦ</strong></span> <span class='ocrx_word' id='word_1_42' title='bbox 1356 681 1647 758; x_wconf 77' lang='grc' dir='ltr'><strong>βασιλικοῦ</strong></span> <span class='ocrx_word' id='word_1_43' title='bbox 1682 683 1897 758; x_wconf 73' lang='grc' dir='ltr'>βεστια-</span> 
     </span>
    </p>
   </div>
   <div class='ocr_carea' id='block_1_8' title="bbox 246 770 1895 852">
    <p class='ocr_par' dir='ltr' id='par_1_8' title="bbox 246 770 1895 852">
     <span class='ocr_line' id='line_1_8' title="bbox 246 770 1895 852; baseline -0.002 -24"><span class='ocrx_word' id='word_1_44' title='bbox 246 775 357 850; x_wconf 86' lang='grc' dir='ltr'>ρίου</span> <span class='ocrx_word' id='word_1_45' title='bbox 386 775 771 852; x_wconf 76' lang='grc' dir='ltr'><strong>τυγχάνουσιν,</strong></span> <span class='ocrx_word' id='word_1_46' title='bbox 805 773 881 836; x_wconf 83' lang='grc' dir='ltr'><strong>ὡς</strong></span> <span class='ocrx_word' id='word_1_47' title='bbox 914 773 989 844; x_wconf 82' lang='grc' dir='ltr'>μή</span> <span class='ocrx_word' id='word_1_48' title='bbox 1034 774 1152 827; x_wconf 66' lang='grc' dir='ltr'><strong>καθ’</strong></span> <span class='ocrx_word' id='word_1_49' title='bbox 1203 773 1433 843; x_wconf 71' lang='grc' dir='ltr'>ἑκάστην</span> <span class='ocrx_word' id='word_1_50' title='bbox 1465 770 1789 848; x_wconf 70' lang='grc' dir='ltr'><strong>ἐνεργοῦντα</strong></span> <span class='ocrx_word' id='word_1_51' title='bbox 1819 771 1895 834; x_wconf 83' lang='grc' dir='ltr'><strong>εἰς</strong></span> 
     </span>
    </p>
   </div>
   <div class='ocr_carea' id='block_1_9' title="bbox 244 859 1896 939">
    <p class='ocr_par' dir='ltr' id='par_1_9' title="bbox 244 859 1896 939">
     <span class='ocr_line' id='line_1_9' title="bbox 244 859 1896 939; baseline -0.002 -20"><span class='ocrx_word' id='word_1_52' title='bbox 244 863 304 919; x_wconf 82' lang='grc' dir='ltr'><strong>τὸ</strong></span> <span class='ocrx_word' id='word_1_53' title='bbox 338 859 622 939; x_wconf 69' lang='grc' dir='ltr'>βασιλικὸν</span> <span class='ocrx_word' id='word_1_54' title='bbox 651 859 963 936; x_wconf 71' lang='grc' dir='ltr'>τραπέζιον.</span> <span class='ocrx_word' id='word_1_55' title='bbox 997 862 1070 917; x_wconf 89' lang='grc' dir='ltr'><strong>Τὸ</strong></span> <span class='ocrx_word' id='word_1_56' title='bbox 1115 859 1172 916; x_wconf 76' lang='grc' dir='ltr'><strong>δὲ</strong></span> <span class='ocrx_word' id='word_1_57' title='bbox 1220 862 1426 934; x_wconf 79' lang='grc' dir='ltr'>ἆσῆμιν</span> <span class='ocrx_word' id='word_1_58' title='bbox 1458 864 1557 927; x_wconf 79' lang='grc' dir='ltr'><strong>τῆς</strong></span> <span class='ocrx_word' id='word_1_59' title='bbox 1601 859 1896 935; x_wconf 75' lang='grc' dir='ltr'>βασιλικῆς</span> 
     </span>
    </p>
   </div>
   <div class='ocr_carea' id='block_1_10' title="bbox 253 949 1901 1029">
    <p class='ocr_par' dir='ltr' id='par_1_10' title="bbox 253 949 1901 1029">
     <span class='ocr_line' id='line_1_10' title="bbox 253 949 1901 1029; baseline -0.002 -21"><span class='ocrx_word' id='word_1_60' title='bbox 253 951 541 1028; x_wconf 69' lang='grc' dir='ltr'>ὑπουργίας</span> <span class='ocrx_word' id='word_1_61' title='bbox 603 949 812 1029; x_wconf 69' lang='grc' dir='ltr'>ὀφείλει</span> <span class='ocrx_word' id='word_1_62' title='bbox 880 951 1166 1024; x_wconf 75' lang='grc' dir='ltr'><strong>βαστάζειν</strong></span> <span class='ocrx_word' id='word_1_63' title='bbox 1221 952 1256 1020; x_wconf 80' lang='grc' dir='ltr'>ἠ</span> <span class='ocrx_word' id='word_1_64' title='bbox 1324 950 1597 1027; x_wconf 71' lang='grc' dir='ltr'>ὑπουργία</span> <span class='ocrx_word' id='word_1_65' title='bbox 1663 950 1740 1014; x_wconf 82' lang='grc' dir='ltr'>εἷς</span> <span class='ocrx_word' id='word_1_66' title='bbox 1803 951 1901 1020; x_wconf 79' lang='grc' dir='ltr'><strong>τήν</strong></span> 
     </span>
    </p>
   </div>
   <div class='ocr_carea' id='block_1_11' title="bbox 250 1037 1900 1120">
    <p class='ocr_par' dir='ltr' id='par_1_11' title="bbox 250 1037 1900 1120">
     <span class='ocr_line' id='line_1_11' title="bbox 250 1037 1900 1120; baseline -0.001 -24"><span class='ocrx_word' id='word_1_67' title='bbox 250 1037 519 1120; x_wconf 66' lang='grc' dir='ltr'>φὸρτωσιν</span> <span class='ocrx_word' id='word_1_68' title='bbox 569 1044 678 1096; x_wconf 82' lang='grc' dir='ltr'>τῶν</span> <span class='ocrx_word' id='word_1_69' title='bbox 728 1041 785 1095; x_wconf 90' lang='grc' dir='ltr'>π’</span> <span class='ocrx_word' id='word_1_70' title='bbox 833 1040 1152 1114; x_wconf 73' lang='grc' dir='ltr'>σοιγμαρίων</span> <span class='ocrx_word' id='word_1_71' title='bbox 1197 1045 1297 1106; x_wconf 78' lang='grc' dir='ltr'>τῆς</span> <span class='ocrx_word' id='word_1_72' title='bbox 1359 1037 1648 1114; x_wconf 70' lang='grc' dir='ltr'>βασιλικῆς</span> <span class='ocrx_word' id='word_1_73' title='bbox 1697 1041 1900 1114; x_wconf 81' lang='grc' dir='ltr'>ὑπουρ-</span> 
     </span>
    </p>
   </div>
   <div class='ocr_carea' id='block_1_12' title="bbox 247 1125 1900 1206">
    <p class='ocr_par' dir='ltr' id='par_1_12' title="bbox 247 1125 1900 1206">
     <span class='ocr_line' id='line_1_12' title="bbox 247 1125 1900 1206; baseline -0.001 -21"><span class='ocrx_word' id='word_1_74' title='bbox 247 1131 386 1206; x_wconf 75' lang='grc' dir='ltr'>γίας·</span> <span class='ocrx_word' id='word_1_75' title='bbox 441 1130 530 1188; x_wconf 70' lang='grc' dir='ltr'><strong>ἀφ’</strong></span> <span class='ocrx_word' id='word_1_76' title='bbox 577 1129 638 1183; x_wconf 81' lang='grc' dir='ltr'>οὗ</span> <span class='ocrx_word' id='word_1_77' title='bbox 691 1125 748 1184; x_wconf 80' lang='grc' dir='ltr'><strong>δὲ</strong></span> <span class='ocrx_word' id='word_1_78' title='bbox 795 1127 1114 1198; x_wconf 76' lang='grc' dir='ltr'>ἀποκινήσει</span> <span class='ocrx_word' id='word_1_79' title='bbox 1174 1130 1201 1184; x_wconf 89' lang='grc' dir='ltr'><strong>ὁ</strong></span> <span class='ocrx_word' id='word_1_80' title='bbox 1244 1127 1502 1203; x_wconf 81' lang='grc' dir='ltr'>βασιλεὺς</span> <span class='ocrx_word' id='word_1_81' title='bbox 1533 1130 1608 1191; x_wconf 77' lang='grc' dir='ltr'>εἱς</span> <span class='ocrx_word' id='word_1_82' title='bbox 1639 1130 1734 1191; x_wconf 81' lang='grc' dir='ltr'>τὰς</span> <span class='ocrx_word' id='word_1_83' title='bbox 1776 1129 1900 1203; x_wconf 74' lang='grc' dir='ltr'>ἐρή-</span> 
     </span>
    </p>
   </div>
   <div class='ocr_carea' id='block_1_13' title="bbox 253 1213 1899 1295">
    <p class='ocr_par' dir='ltr' id='par_1_13' title="bbox 253 1213 1899 1295">
     <span class='ocr_line' id='line_1_13' title="bbox 253 1213 1899 1295; baseline 0 -23"><span class='ocrx_word' id='word_1_84' title='bbox 253 1239 408 1292; x_wconf 80' lang='grc' dir='ltr'>μους,</span> <span class='ocrx_word' id='word_1_85' title='bbox 465 1214 560 1272; x_wconf 77' lang='grc'><strong>8-30</strong></span> <span class='ocrx_word' id='word_1_86' title='bbox 611 1222 760 1295; x_wconf 73' lang='grc' dir='ltr'>φῖνοιι</span> <span class='ocrx_word' id='word_1_87' title='bbox 810 1215 1090 1292; x_wconf 74' lang='grc' dir='ltr'>ὀφείλουσι</span> <span class='ocrx_word' id='word_1_88' title='bbox 1140 1217 1404 1292; x_wconf 77' lang='grc' dir='ltr'>γίνεσθαι,</span> <span class='ocrx_word' id='word_1_89' title='bbox 1451 1219 1538 1272; x_wconf 81' lang='grc' dir='ltr'>καὶ</span> <span class='ocrx_word' id='word_1_90' title='bbox 1590 1221 1706 1282; x_wconf 84' lang='grc' dir='ltr'><strong>καθ’</strong></span> <span class='ocrx_word' id='word_1_91' title='bbox 1739 1213 1899 1273; x_wconf 77' lang='grc' dir='ltr'>ἐϐδο-</span> 
     </span>
    </p>
   </div>
   <div class='ocr_carea' id='block_1_14' title="bbox 243 1301 1897 1384">
    <p class='ocr_par' dir='ltr' id='par_1_14' title="bbox 243 1301 1897 1384">
     <span class='ocr_line' id='line_1_14' title="bbox 243 1301 1897 1384; baseline -0.001 -21"><span class='ocrx_word' id='word_1_92' title='bbox 243 1305 384 1383; x_wconf 74' lang='grc' dir='ltr'>μάδα</span> <span class='ocrx_word' id='word_1_93' title='bbox 433 1305 714 1384; x_wconf 64' lang='grc' dir='ltr'>ὀφείλουσι</span> <span class='ocrx_word' id='word_1_94' title='bbox 769 1301 1066 1376; x_wconf 79' lang='grc' dir='ltr'>λαμϐάνειν</span> <span class='ocrx_word' id='word_1_95' title='bbox 1124 1305 1474 1382; x_wconf 75' lang='grc' dir='ltr'>μιλιαρήσια.</span> <span class='ocrx_word' id='word_1_96' title='bbox 1534 1307 1776 1381; x_wconf 77' lang='grc' dir='ltr'>Ὁμοίως</span> <span class='ocrx_word' id='word_1_97' title='bbox 1808 1308 1897 1363; x_wconf 85' lang='grc' dir='ltr'><strong>καὶ</strong></span> 
     </span>
    </p>
   </div>
   <div class='ocr_carea' id='block_1_15' title="bbox 237 1395 1896 1472">
    <p class='ocr_par' dir='ltr' id='par_1_15' title="bbox 237 1395 1896 1472">
     <span class='ocr_line' id='line_1_15' title="bbox 237 1395 1896 1472; baseline -0.001 -20"><span class='ocrx_word' id='word_1_98' title='bbox 237 1398 285 1453; x_wconf 72' lang='grc' dir='ltr'>οἱ</span> <span class='ocrx_word' id='word_1_99' title='bbox 338 1395 618 1472; x_wconf 67' lang='grc' dir='ltr'>βασιλικοὶ</span> <span class='ocrx_word' id='word_1_100' title='bbox 677 1396 900 1468; x_wconf 82' lang='grc' dir='ltr'>ἄγουροι</span> <span class='ocrx_word' id='word_1_101' title='bbox 961 1399 1239 1469; x_wconf 71' lang='grc' dir='ltr'>μαϊουμᾶν</span> <span class='ocrx_word' id='word_1_102' title='bbox 1288 1395 1381 1450; x_wconf 83' lang='grc' dir='ltr'><strong>καὶ</strong></span> <span class='ocrx_word' id='word_1_103' title='bbox 1435 1397 1784 1471; x_wconf 78' lang='grc' dir='ltr'>μιλιαρήσια.</span> <span class='ocrx_word' id='word_1_104' title='bbox 1829 1397 1896 1454; x_wconf 73' lang='grc' dir='ltr'><strong>Οἱ</strong></span> 
     </span>
    </p>
   </div>
   <div class='ocr_carea' id='block_1_16' title="bbox 236 1483 1896 1562">
    <p class='ocr_par' dir='ltr' id='par_1_16' title="bbox 236 1483 1896 1562">
     <span class='ocr_line' id='line_1_16' title="bbox 236 1483 1896 1562; baseline -0.001 -20"><span class='ocrx_word' id='word_1_105' title='bbox 236 1483 290 1542; x_wconf 78' lang='grc' dir='ltr'><strong>δὲ</strong></span> <span class='ocrx_word' id='word_1_106' title='bbox 315 1487 603 1561; x_wconf 70' lang='grc' dir='ltr'>μάγεστροι</span> <span class='ocrx_word' id='word_1_107' title='bbox 635 1483 728 1540; x_wconf 73' lang='grc' dir='ltr'>καί</span> <span class='ocrx_word' id='word_1_108' title='bbox 761 1485 813 1539; x_wconf 80' lang='lat' dir='ltr'><strong>o&#39;t</strong></span> <span class='ocrx_word' id='word_1_109' title='bbox 845 1483 1125 1558; x_wconf 76' lang='grc' dir='ltr'>πατρίκιοι</span> <span class='ocrx_word' id='word_1_110' title='bbox 1169 1484 1258 1540; x_wconf 74' lang='grc' dir='ltr'><strong>καὶ</strong></span> <span class='ocrx_word' id='word_1_111' title='bbox 1288 1484 1339 1540; x_wconf 71' lang='grc' dir='ltr'>οἱ</span> <span class='ocrx_word' id='word_1_112' title='bbox 1372 1483 1724 1562; x_wconf 74' lang='grc' dir='ltr'>ὀφφικιάλιοι</span> <span class='ocrx_word' id='word_1_113' title='bbox 1768 1507 1896 1540; x_wconf 86' lang='grc' dir='ltr'>συν-</span> 
     </span>
    </p>
   </div>
   <div class='ocr_carea' id='block_1_17' title="bbox 234 1571 1898 1647">
    <p class='ocr_par' dir='ltr' id='par_1_17' title="bbox 234 1571 1898 1647">
     <span class='ocr_line' id='line_1_17' title="bbox 234 1571 1898 1647; baseline -0.001 -16"><span class='ocrx_word' id='word_1_114' title='bbox 234 1579 519 1631; x_wconf 77' lang='grc' dir='ltr'>εστιῶνται</span> <span class='ocrx_word' id='word_1_115' title='bbox 567 1577 646 1645; x_wconf 77' lang='grc' dir='ltr'><strong>τῷ</strong></span> <span class='ocrx_word' id='word_1_116' title='bbox 707 1571 926 1647; x_wconf 77' lang='grc' dir='ltr'>βασιλεῖ</span> <span class='ocrx_word' id='word_1_117' title='bbox 982 1572 1058 1635; x_wconf 79' lang='grc' dir='ltr'>εἷς</span> <span class='ocrx_word' id='word_1_118' title='bbox 1112 1572 1240 1634; x_wconf 81' lang='grc' dir='ltr'>τοὺς</span> <span class='ocrx_word' id='word_1_119' title='bbox 1299 1571 1578 1644; x_wconf 80' lang='grc' dir='ltr'>ἀκλήτους</span> <span class='ocrx_word' id='word_1_120' title='bbox 1639 1572 1730 1628; x_wconf 77' lang='grc' dir='ltr'><strong>σὺν</strong></span> <span class='ocrx_word' id='word_1_121' title='bbox 1781 1581 1898 1636; x_wconf 82' lang='grc' dir='ltr'>τοῖς</span> 
     </span>
    </p>
   </div>
   <div class='ocr_carea' id='block_1_18' title="bbox 240 1663 647 1740">
    <p class='ocr_par' dir='ltr' id='par_1_18' title="bbox 240 1663 647 1740">
     <span class='ocr_line' id='line_1_18' title="bbox 240 1663 647 1740; baseline -0.007 -18"><span class='ocrx_word' id='word_1_122' title='bbox 240 1663 647 1740; x_wconf 71' lang='grc' dir='ltr'>πραιποσίτοις.</span> 
     </span>
    </p>
   </div>
   <div class='ocr_carea' id='block_1_19' title="bbox 2007 594 3661 668">
    <p class='ocr_par' dir='ltr' id='par_1_19' title="bbox 2007 594 3661 668">
     <span class='ocr_line' id='line_1_19' title="bbox 2007 594 3661 668; baseline 0.003 -20"><span class='ocrx_word' id='word_1_123' title='bbox 2007 595 2130 650; x_wconf 84' lang='lat' dir='ltr'><strong>sive</strong></span> <span class='ocrx_word' id='word_1_124' title='bbox 2167 595 2347 651; x_wconf 96' lang='lat' dir='ltr'><strong>semel</strong></span> <span class='ocrx_word' id='word_1_125' title='bbox 2391 612 2489 668; x_wconf 90' lang='lat' dir='ltr'><strong>per</strong></span> <span class='ocrx_word' id='word_1_126' title='bbox 2530 597 2919 666; x_wconf 80' lang='lat' dir='ltr'><strong>septimanam</strong></span> <span class='ocrx_word' id='word_1_127' title='bbox 2972 594 3030 650; x_wconf 91' lang='lat' dir='ltr'><strong>id</strong></span> <span class='ocrx_word' id='word_1_128' title='bbox 3076 595 3194 666; x_wconf 82' lang='lat' dir='ltr'><strong>fiat,</strong></span> <span class='ocrx_word' id='word_1_129' title='bbox 3243 597 3362 652; x_wconf 89' lang='lat' dir='ltr'><strong>sive</strong></span> <span class='ocrx_word' id='word_1_130' title='bbox 3412 596 3661 668; x_wconf 81' lang='lat' dir='ltr'><strong>singulis</strong></span> 
     </span>
    </p>
   </div>
   <div class='ocr_carea' id='block_1_20' title="bbox 2007 683 3662 755">
    <p class='ocr_par' dir='ltr' id='par_1_20' title="bbox 2007 683 3662 755">
     <span class='ocr_line' id='line_1_20' title="bbox 2007 683 3662 755; baseline 0.003 -17"><span class='ocrx_word' id='word_1_131' title='bbox 2007 683 2448 755; x_wconf 89' lang='lat' dir='ltr'><strong>quatuordecim</strong></span> <span class='ocrx_word' id='word_1_132' title='bbox 2474 685 2678 740; x_wconf 88' lang='lat' dir='ltr'><strong>diebus</strong></span> <span class='ocrx_word' id='word_1_133' title='bbox 2700 683 2902 740; x_wconf 84' lang='lat' dir='ltr'><strong>semel.</strong></span> <span class='ocrx_word' id='word_1_134' title='bbox 2931 683 3096 739; x_wconf 88' lang='lat' dir='ltr'><strong>Mitto</strong></span> <span class='ocrx_word' id='word_1_135' title='bbox 3118 691 3336 741; x_wconf 88' lang='lat' dir='ltr'><strong>ceteras</strong></span> <span class='ocrx_word' id='word_1_136' title='bbox 3358 703 3662 754; x_wconf 78' lang='lat' dir='ltr'><strong>expensas.</strong></span> 
     </span>
    </p>
   </div>
   <div class='ocr_carea' id='block_1_21' title="bbox 2009 771 3663 845">
    <p class='ocr_par' dir='ltr' id='par_1_21' title="bbox 2009 771 3663 845">
     <span class='ocr_line' id='line_1_21' title="bbox 2009 771 3663 845; baseline 0.003 -17"><span class='ocrx_word' id='word_1_137' title='bbox 2009 773 2145 837; x_wconf 88' lang='lat' dir='ltr'><strong>Ista,</strong></span> <span class='ocrx_word' id='word_1_138' title='bbox 2186 791 2314 845; x_wconf 66' lang='lat' dir='ltr'><strong>quae</strong></span> <span class='ocrx_word' id='word_1_139' title='bbox 2363 774 2643 840; x_wconf 82' lang='lat' dir='ltr'><strong>diximus,</strong></span> <span class='ocrx_word' id='word_1_140' title='bbox 2696 771 2992 843; x_wconf 87' lang='lat' dir='ltr'><strong>accipiunt</strong></span> <span class='ocrx_word' id='word_1_141' title='bbox 3040 771 3228 842; x_wconf 88' lang='lat' dir='ltr'><strong>iisque</strong></span> <span class='ocrx_word' id='word_1_142' title='bbox 3274 775 3501 830; x_wconf 88' lang='lat' dir='ltr'><strong>onerari</strong></span> <span class='ocrx_word' id='word_1_143' title='bbox 3553 794 3663 834; x_wconf 89' lang='lat' dir='ltr'><strong>sua</strong></span> 
     </span>
    </p>
   </div>
   <div class='ocr_carea' id='block_1_22' title="bbox 2010 859 3660 934">
    <p class='ocr_par' dir='ltr' id='par_1_22' title="bbox 2010 859 3660 934">
     <span class='ocr_line' id='line_1_22' title="bbox 2010 859 3660 934; baseline 0.002 -18"><span class='ocrx_word' id='word_1_144' title='bbox 2010 863 2302 934; x_wconf 80' lang='lat' dir='ltr'><strong>sagmaria</strong></span> <span class='ocrx_word' id='word_1_145' title='bbox 2343 867 2547 917; x_wconf 86' lang='lat' dir='ltr'><strong>curant</strong></span> <span class='ocrx_word' id='word_1_146' title='bbox 2596 861 2940 918; x_wconf 86' lang='lat' dir='ltr'><strong>sacellarius</strong></span> <span class='ocrx_word' id='word_1_147' title='bbox 2990 865 3044 916; x_wconf 90' lang='lat' dir='ltr'><strong>et</strong></span> <span class='ocrx_word' id='word_1_148' title='bbox 3094 859 3304 927; x_wconf 89' lang='lat' dir='ltr'><strong>idicus,</strong></span> <span class='ocrx_word' id='word_1_149' title='bbox 3356 865 3438 918; x_wconf 90' lang='lat' dir='ltr'><strong>uti</strong></span> <span class='ocrx_word' id='word_1_150' title='bbox 3482 864 3660 920; x_wconf 88' lang='lat' dir='ltr'><strong>etiam</strong></span> 
     </span>
    </p>
   </div>
   <div class='ocr_carea' id='block_1_23' title="bbox 2011 950 3668 1024">
    <p class='ocr_par' dir='ltr' id='par_1_23' title="bbox 2011 950 3668 1024">
     <span class='ocr_line' id='line_1_23' title="bbox 2011 950 3668 1024; baseline 0.002 -18"><span class='ocrx_word' id='word_1_151' title='bbox 2011 950 2128 1006; x_wconf 64' lang='lat' dir='ltr'><strong>haec</strong></span> <span class='ocrx_word' id='word_1_152' title='bbox 2164 967 2177 1006; x_wconf 92' lang='lat'>:</span> <span class='ocrx_word' id='word_1_153' title='bbox 2222 951 2597 1024; x_wconf 82' lang='lat' dir='ltr'><strong>pyrecbolum</strong></span> <span class='ocrx_word' id='word_1_154' title='bbox 2637 967 2741 1007; x_wconf 89' lang='lat' dir='ltr'><strong>seu</strong></span> <span class='ocrx_word' id='word_1_155' title='bbox 2793 950 3054 1006; x_wconf 78' lang='lat' dir='ltr'><strong>fomitem</strong></span> <span class='ocrx_word' id='word_1_156' title='bbox 3098 951 3252 1022; x_wconf 81' lang='lat' dir='ltr'><strong>ignis</strong></span> <span class='ocrx_word' id='word_1_157' title='bbox 3289 950 3569 1022; x_wconf 87' lang='lat' dir='ltr'><strong>ligneum,</strong></span> <span class='ocrx_word' id='word_1_158' title='bbox 3608 956 3668 1010; x_wconf 87' lang='lat' dir='ltr'><strong>et</strong></span> 
     </span>
    </p>
   </div>
   <div class='ocr_carea' id='block_1_24' title="bbox 2007 1041 3666 1114">
    <p class='ocr_par' dir='ltr' id='par_1_24' title="bbox 2007 1041 3666 1114">
     <span class='ocr_line' id='line_1_24' title="bbox 2007 1041 3666 1114; baseline 0.001 -17"><span class='ocrx_word' id='word_1_159' title='bbox 2007 1042 2188 1098; x_wconf 90' lang='lat' dir='ltr'><strong>iscam</strong></span> <span class='ocrx_word' id='word_1_160' title='bbox 2221 1059 2322 1098; x_wconf 90' lang='lat' dir='ltr'><strong>seu</strong></span> <span class='ocrx_word' id='word_1_161' title='bbox 2355 1042 2646 1098; x_wconf 80' lang='lat' dir='ltr'><strong>terebram</strong></span> <span class='ocrx_word' id='word_1_162' title='bbox 2693 1041 2947 1114; x_wconf 83' lang='lat' dir='ltr'><strong>ligneam</strong></span> <span class='ocrx_word' id='word_1_163' title='bbox 2987 1041 3320 1113; x_wconf 88' lang='lat' dir='ltr'><strong>igniariam,</strong></span> <span class='ocrx_word' id='word_1_164' title='bbox 3362 1050 3417 1098; x_wconf 91' lang='lat' dir='ltr'><strong>et</strong></span> <span class='ocrx_word' id='word_1_165' title='bbox 3451 1043 3666 1100; x_wconf 88' lang='lat' dir='ltr'><strong>cande-</strong></span> 
     </span>
    </p>
   </div>
   <div class='ocr_carea' id='block_1_25' title="bbox 2009 1131 3660 1202">
    <p class='ocr_par' dir='ltr' id='par_1_25' title="bbox 2009 1131 3660 1202">
     <span class='ocr_line' id='line_1_25' title="bbox 2009 1131 3660 1202; baseline 0.002 -15"><span class='ocrx_word' id='word_1_166' title='bbox 2009 1131 2169 1188; x_wconf 88' lang='lat' dir='ltr'><strong>labra</strong></span> <span class='ocrx_word' id='word_1_167' title='bbox 2195 1137 2464 1197; x_wconf 74' lang='lat' dir='ltr'><strong>argentea</strong></span> <span class='ocrx_word' id='word_1_168' title='bbox 2493 1133 2604 1188; x_wconf 83' lang='lat' dir='ltr'><strong>tria</strong></span> <span class='ocrx_word' id='word_1_169' title='bbox 2635 1136 2692 1188; x_wconf 92' lang='lat' dir='ltr'><strong>et</strong></span> <span class='ocrx_word' id='word_1_170' title='bbox 2721 1147 2880 1187; x_wconf 67' lang='lat' dir='ltr'><strong>aenea</strong></span> <span class='ocrx_word' id='word_1_171' title='bbox 2896 1131 3131 1187; x_wconf 78' lang='lat' dir='ltr'><strong>totidem</strong></span> <span class='ocrx_word' id='word_1_172' title='bbox 3161 1148 3175 1199; x_wconf 88' lang='lat'><strong>;</strong></span> <span class='ocrx_word' id='word_1_173' title='bbox 3201 1149 3445 1202; x_wconf 91' lang='lat' dir='ltr'><strong>quorum</strong></span> <span class='ocrx_word' id='word_1_174' title='bbox 3475 1150 3660 1190; x_wconf 91' lang='lat' dir='ltr'><strong>unum</strong></span> 
     </span>
    </p>
   </div>
   <div class='ocr_carea' id='block_1_26' title="bbox 2009 1220 3670 1296">
    <p class='ocr_par' dir='ltr' id='par_1_26' title="bbox 2009 1220 3670 1296">
     <span class='ocr_line' id='line_1_26' title="bbox 2009 1220 3670 1296; baseline 0.002 -20"><span class='ocrx_word' id='word_1_175' title='bbox 2009 1221 2246 1292; x_wconf 89' lang='lat' dir='ltr'><strong>quidem</strong></span> <span class='ocrx_word' id='word_1_176' title='bbox 2281 1221 2340 1276; x_wconf 91' lang='lat' dir='ltr'><strong>in</strong></span> <span class='ocrx_word' id='word_1_177' title='bbox 2372 1227 2595 1277; x_wconf 80' lang='lat' dir='ltr'><strong>cmtone</strong></span> <span class='ocrx_word' id='word_1_178' title='bbox 2625 1238 2729 1277; x_wconf 89' lang='lat' dir='ltr'><strong>seu</strong></span> <span class='ocrx_word' id='word_1_179' title='bbox 2763 1220 3030 1276; x_wconf 90' lang='lat' dir='ltr'><strong>cubiculo</strong></span> <span class='ocrx_word' id='word_1_180' title='bbox 3054 1221 3394 1278; x_wconf 79' lang='lat' dir='ltr'><strong>dormitorio</strong></span> <span class='ocrx_word' id='word_1_181' title='bbox 3417 1222 3670 1296; x_wconf 83' lang='lat' dir='ltr'><strong>impera-</strong></span> 
     </span>
    </p>
   </div>
   <div class='ocr_carea' id='block_1_27' title="bbox 2009 1309 3668 1382">
    <p class='ocr_par' dir='ltr' id='par_1_27' title="bbox 2009 1309 3668 1382">
     <span class='ocr_line' id='line_1_27' title="bbox 2009 1309 3668 1382; baseline 0.002 -17"><span class='ocrx_word' id='word_1_182' title='bbox 2009 1310 2177 1380; x_wconf 83' lang='lat' dir='ltr'><strong>toris,</strong></span> <span class='ocrx_word' id='word_1_183' title='bbox 2209 1310 2460 1365; x_wconf 90' lang='lat' dir='ltr'><strong>alterum</strong></span> <span class='ocrx_word' id='word_1_184' title='bbox 2494 1311 2553 1365; x_wconf 90' lang='lat' dir='ltr'><strong>in</strong></span> <span class='ocrx_word' id='word_1_185' title='bbox 2595 1311 2926 1376; x_wconf 89' lang='lat' dir='ltr'><strong>cucumilio,</strong></span> <span class='ocrx_word' id='word_1_186' title='bbox 2972 1309 3208 1365; x_wconf 86' lang='lat' dir='ltr'><strong>tertium</strong></span> <span class='ocrx_word' id='word_1_187' title='bbox 3248 1310 3307 1365; x_wconf 88' lang='lat' dir='ltr'><strong>in</strong></span> <span class='ocrx_word' id='word_1_188' title='bbox 3349 1320 3668 1382; x_wconf 79' lang='lat' dir='ltr'><strong>paracmlo-</strong></span> 
     </span>
    </p>
   </div>
   <div class='ocr_carea' id='block_1_28' title="bbox 2009 1397 3669 1472">
    <p class='ocr_par' dir='ltr' id='par_1_28' title="bbox 2009 1397 3669 1472">
     <span class='ocr_line' id='line_1_28' title="bbox 2009 1397 3669 1472; baseline 0.001 -18"><span class='ocrx_word' id='word_1_189' title='bbox 2009 1402 2174 1454; x_wconf 87' lang='lat' dir='ltr'><strong>nario</strong></span> <span class='ocrx_word' id='word_1_190' title='bbox 2205 1415 2302 1453; x_wconf 92' lang='lat' dir='ltr'><strong>seu</strong></span> <span class='ocrx_word' id='word_1_191' title='bbox 2337 1397 2628 1460; x_wconf 90' lang='lat' dir='ltr'><strong>cubiculo,</strong></span> <span class='ocrx_word' id='word_1_192' title='bbox 2661 1398 2816 1468; x_wconf 91' lang='lat' dir='ltr'><strong>quod</strong></span> <span class='ocrx_word' id='word_1_193' title='bbox 2848 1397 2918 1452; x_wconf 90' lang='lat' dir='ltr'><strong>ad</strong></span> <span class='ocrx_word' id='word_1_194' title='bbox 2947 1397 3100 1453; x_wconf 84' lang='lat' dir='ltr'><strong>latus</strong></span> <span class='ocrx_word' id='word_1_195' title='bbox 3131 1399 3375 1454; x_wconf 79' lang='lat' dir='ltr'><strong>cmtonis</strong></span> <span class='ocrx_word' id='word_1_196' title='bbox 3414 1404 3522 1467; x_wconf 90' lang='lat' dir='ltr'><strong>est,</strong></span> <span class='ocrx_word' id='word_1_197' title='bbox 3567 1416 3669 1472; x_wconf 92' lang='lat' dir='ltr'><strong>po-</strong></span> 
     </span>
    </p>
   </div>
   <div class='ocr_carea' id='block_1_29' title="bbox 2011 1485 3667 1559">
    <p class='ocr_par' dir='ltr' id='par_1_29' title="bbox 2011 1485 3667 1559">
     <span class='ocr_line' id='line_1_29' title="bbox 2011 1485 3667 1559; baseline 0.002 -17"><span class='ocrx_word' id='word_1_198' title='bbox 2011 1488 2187 1543; x_wconf 84' lang='lat' dir='ltr'><strong>nitur.</strong></span> <span class='ocrx_word' id='word_1_199' title='bbox 2209 1487 2458 1544; x_wconf 86' lang='lat' dir='ltr'><strong>Inferius</strong></span> <span class='ocrx_word' id='word_1_200' title='bbox 2483 1488 2695 1543; x_wconf 90' lang='lat' dir='ltr'><strong>habere</strong></span> <span class='ocrx_word' id='word_1_201' title='bbox 2715 1487 2924 1542; x_wconf 87' lang='lat' dir='ltr'><strong>debent</strong></span> <span class='ocrx_word' id='word_1_202' title='bbox 2954 1485 3185 1556; x_wconf 83' lang='lat' dir='ltr'><strong>singula</strong></span> <span class='ocrx_word' id='word_1_203' title='bbox 3207 1487 3472 1559; x_wconf 89' lang='lat' dir='ltr'><strong>singulos</strong></span> <span class='ocrx_word' id='word_1_204' title='bbox 3501 1488 3667 1546; x_wconf 86' lang='lat' dir='ltr'><strong>lacus</strong></span> 
     </span>
    </p>
   </div>
   <div class='ocr_carea' id='block_1_30' title="bbox 2007 1575 3670 1647">
    <p class='ocr_par' dir='ltr' id='par_1_30' title="bbox 2007 1575 3670 1647">
     <span class='ocr_line' id='line_1_30' title="bbox 2007 1575 3670 1647; baseline 0.002 -16"><span class='ocrx_word' id='word_1_205' title='bbox 2007 1577 2360 1635; x_wconf 77' lang='lat' dir='ltr'><strong>adduarum</strong></span> <span class='ocrx_word' id='word_1_206' title='bbox 2385 1575 2817 1647; x_wconf 88' lang='lat' dir='ltr'><strong>spithamarum</strong></span> <span class='ocrx_word' id='word_1_207' title='bbox 2845 1576 3408 1645; x_wconf 84' lang='lat' dir='ltr'><strong>prolunditatem;in</strong></span> <span class='ocrx_word' id='word_1_208' title='bbox 3431 1594 3670 1634; x_wconf 88' lang='lat' dir='ltr'><strong>summo</strong></span> 
     </span>
    </p>
   </div>
   <div class='ocr_carea' id='block_1_31' title="bbox 2008 1664 3670 1737">
    <p class='ocr_par' dir='ltr' id='par_1_31' title="bbox 2008 1664 3670 1737">
     <span class='ocr_line' id='line_1_31' title="bbox 2008 1664 3670 1737; baseline 0.002 -16"><span class='ocrx_word' id='word_1_209' title='bbox 2008 1671 2190 1721; x_wconf 89' lang='lat' dir='ltr'><strong>tectos</strong></span> <span class='ocrx_word' id='word_1_210' title='bbox 2221 1666 2476 1722; x_wconf 85' lang='lat' dir='ltr'><strong>bracteis</strong></span> <span class='ocrx_word' id='word_1_211' title='bbox 2508 1667 2683 1721; x_wconf 75' lang='lat' dir='ltr'><strong>aeneis</strong></span> <span class='ocrx_word' id='word_1_212' title='bbox 2711 1666 2781 1720; x_wconf 88' lang='lat' dir='ltr'><strong>ad</strong></span> <span class='ocrx_word' id='word_1_213' title='bbox 2816 1664 2999 1720; x_wconf 88' lang='lat' dir='ltr'><strong>instar</strong></span> <span class='ocrx_word' id='word_1_214' title='bbox 3030 1665 3206 1720; x_wconf 87' lang='lat' dir='ltr'><strong>cribri</strong></span> <span class='ocrx_word' id='word_1_215' title='bbox 3239 1667 3548 1737; x_wconf 78' lang='lat' dir='ltr'><strong>perforatis</strong></span> <span class='ocrx_word' id='word_1_216' title='bbox 3579 1672 3670 1736; x_wconf 83' lang='lat' dir='ltr'><strong>;et</strong></span> 
     </span>
    </p>
   </div>
   <div class='ocr_carea' id='block_1_32' title="bbox 234 1752 3668 1829">
    <p class='ocr_par' dir='ltr' id='par_1_32' title="bbox 234 1752 3668 1829">
     <span class='ocr_line' id='line_1_32' title="bbox 234 1752 3668 1829; baseline -0.001 -15"><span class='ocrx_word' id='word_1_217' title='bbox 234 1757 502 1829; x_wconf 88' lang='lat' dir='ltr'><strong>adjacere</strong></span> <span class='ocrx_word' id='word_1_218' title='bbox 552 1752 806 1826; x_wconf 81' lang='lat' dir='ltr'><strong>singulis</strong></span> <span class='ocrx_word' id='word_1_219' title='bbox 859 1758 1026 1810; x_wconf 90' lang='lat' dir='ltr'><strong>terna</strong></span> <span class='ocrx_word' id='word_1_220' title='bbox 1069 1753 1287 1810; x_wconf 89' lang='lat' dir='ltr'><strong>cerulia</strong></span> <span class='ocrx_word' id='word_1_221' title='bbox 1348 1753 1428 1825; x_wconf 89' lang='lat' dir='ltr'><strong>[id</strong></span> <span class='ocrx_word' id='word_1_222' title='bbox 1495 1757 1587 1810; x_wconf 89' lang='lat' dir='ltr'><strong>est</strong></span> <span class='ocrx_word' id='word_1_223' title='bbox 1644 1754 1817 1820; x_wconf 86' lang='lat' dir='ltr'><strong>cerei,</strong></span> <span class='ocrx_word' id='word_1_224' title='bbox 1867 1759 1932 1810; x_wconf 89' lang='lat' dir='ltr'><strong>ut</strong></span> <span class='ocrx_word' id='word_1_225' title='bbox 1972 1755 2226 1823; x_wconf 88' lang='lat' dir='ltr'><strong>videtur,</strong></span> <span class='ocrx_word' id='word_1_226' title='bbox 2280 1771 2394 1810; x_wconf 88' lang='lat' dir='ltr'><strong>non</strong></span> <span class='ocrx_word' id='word_1_227' title='bbox 2441 1755 2605 1819; x_wconf 89' lang='lat' dir='ltr'><strong>recti,</strong></span> <span class='ocrx_word' id='word_1_228' title='bbox 2654 1754 2757 1809; x_wconf 88' lang='lat' dir='ltr'><strong>sed</strong></span> <span class='ocrx_word' id='word_1_229' title='bbox 2809 1754 3274 1825; x_wconf 85' lang='lat' dir='ltr'><strong>conglomerati],</strong></span> <span class='ocrx_word' id='word_1_230' title='bbox 3324 1759 3382 1810; x_wconf 88' lang='lat' dir='ltr'><strong>et</strong></span> <span class='ocrx_word' id='word_1_231' title='bbox 3429 1756 3668 1812; x_wconf 66' lang='lat' dir='ltr'><strong>laterum</strong></span> 
     </span>
    </p>
   </div>
   <div class='ocr_carea' id='block_1_33' title="bbox 235 1842 3658 1918">
    <p class='ocr_par' dir='ltr' id='par_1_33' title="bbox 235 1842 3658 1918">
     <span class='ocr_line' id='line_1_33' title="bbox 235 1842 3658 1918; baseline -0 -16"><span class='ocrx_word' id='word_1_232' title='bbox 235 1862 430 1915; x_wconf 58' lang='lat' dir='ltr'><strong>enea},</strong></span> <span class='ocrx_word' id='word_1_233' title='bbox 460 1845 520 1899; x_wconf 89' lang='lat' dir='ltr'><strong>in</strong></span> <span class='ocrx_word' id='word_1_234' title='bbox 553 1859 784 1899; x_wconf 90' lang='lat' dir='ltr'><strong>summo</strong></span> <span class='ocrx_word' id='word_1_235' title='bbox 817 1849 1064 1916; x_wconf 65' lang='lat' dir='ltr'><strong>pertusas</strong></span> <span class='ocrx_word' id='word_1_236' title='bbox 1099 1843 1505 1912; x_wconf 79' lang='lat' dir='ltr'><strong>foraminibus,</strong></span> <span class='ocrx_word' id='word_1_237' title='bbox 1540 1842 1697 1898; x_wconf 86' lang='lat' dir='ltr'><strong>velut</strong></span> <span class='ocrx_word' id='word_1_238' title='bbox 1719 1845 1908 1900; x_wconf 90' lang='lat' dir='ltr'><strong>cribra</strong></span> <span class='ocrx_word' id='word_1_239' title='bbox 1940 1865 1960 1912; x_wconf 85' lang='lat'><strong>,-</strong></span> <span class='ocrx_word' id='word_1_240' title='bbox 1989 1849 2047 1899; x_wconf 86' lang='lat' dir='ltr'><strong>et</strong></span> <span class='ocrx_word' id='word_1_241' title='bbox 2088 1843 2446 1915; x_wconf 85' lang='lat' dir='ltr'><strong>horologium</strong></span> <span class='ocrx_word' id='word_1_242' title='bbox 2496 1859 2733 1914; x_wconf 88' lang='lat' dir='ltr'><strong>parvum</strong></span> <span class='ocrx_word' id='word_1_243' title='bbox 2767 1849 3105 1916; x_wconf 87' lang='lat' dir='ltr'><strong>argenteum</strong></span> <span class='ocrx_word' id='word_1_244' title='bbox 3147 1850 3384 1916; x_wconf 88' lang='lat' dir='ltr'><strong>propter</strong></span> <span class='ocrx_word' id='word_1_245' title='bbox 3420 1845 3658 1918; x_wconf 81' lang='lat' dir='ltr'><strong>vigilias</strong></span> 
     </span>
    </p>
   </div>
   <div class='ocr_carea' id='block_1_34' title="bbox 239 1931 3664 2005">
    <p class='ocr_par' dir='ltr' id='par_1_34' title="bbox 239 1931 3664 2005">
     <span class='ocr_line' id='line_1_34' title="bbox 239 1931 3664 2005; baseline -0.001 -13"><span class='ocrx_word' id='word_1_246' title='bbox 239 1940 578 2003; x_wconf 86' lang='lat' dir='ltr'><strong>nocturnas,</strong></span> <span class='ocrx_word' id='word_1_247' title='bbox 612 1933 766 2005; x_wconf 90' lang='lat' dir='ltr'><strong>quod</strong></span> <span class='ocrx_word' id='word_1_248' title='bbox 806 1931 1077 1989; x_wconf 89' lang='lat' dir='ltr'><strong>collocari</strong></span> <span class='ocrx_word' id='word_1_249' title='bbox 1110 1933 1280 1988; x_wconf 85' lang='lat' dir='ltr'><strong>debet</strong></span> <span class='ocrx_word' id='word_1_250' title='bbox 1311 1933 1367 1986; x_wconf 92' lang='lat' dir='ltr'><strong>in</strong></span> <span class='ocrx_word' id='word_1_251' title='bbox 1411 1937 1631 1987; x_wconf 68' lang='lat' dir='ltr'><strong>cmtone</strong></span> <span class='ocrx_word' id='word_1_252' title='bbox 1665 1951 1679 2000; x_wconf 88' lang='lat'><strong>;</strong></span> <span class='ocrx_word' id='word_1_253' title='bbox 1713 1938 1771 1987; x_wconf 90' lang='lat' dir='ltr'><strong>et</strong></span> <span class='ocrx_word' id='word_1_254' title='bbox 1810 1932 1967 1988; x_wconf 86' lang='lat' dir='ltr'><strong>aliud</strong></span> <span class='ocrx_word' id='word_1_255' title='bbox 2017 1949 2266 1997; x_wconf 69' lang='lat' dir='ltr'><strong>aeneum,</strong></span> <span class='ocrx_word' id='word_1_256' title='bbox 2306 1932 2462 2003; x_wconf 89' lang='lat' dir='ltr'><strong>quod</strong></span> <span class='ocrx_word' id='word_1_257' title='bbox 2504 1931 2584 1986; x_wconf 90' lang='lat' dir='ltr'><strong>ibi</strong></span> <span class='ocrx_word' id='word_1_258' title='bbox 2613 1932 2782 1987; x_wconf 86' lang='lat' dir='ltr'><strong>debet</strong></span> <span class='ocrx_word' id='word_1_259' title='bbox 2812 1931 3108 1998; x_wconf 90' lang='lat' dir='ltr'><strong>collocari,</strong></span> <span class='ocrx_word' id='word_1_260' title='bbox 3138 1932 3237 1986; x_wconf 87' lang='lat' dir='ltr'><strong>ubi</strong></span> <span class='ocrx_word' id='word_1_261' title='bbox 3269 1936 3551 1990; x_wconf 72' lang='lat' dir='ltr'><strong>ccetonitaa</strong></span> <span class='ocrx_word' id='word_1_262' title='bbox 3577 1934 3664 1989; x_wconf 83' lang='lat' dir='ltr'><strong>di-</strong></span> 
     </span>
    </p>
   </div>
   <div class='ocr_carea' id='block_1_35' title="bbox 237 2019 3669 2090">
    <p class='ocr_par' dir='ltr' id='par_1_35' title="bbox 237 2019 3669 2090">
     <span class='ocr_line' id='line_1_35' title="bbox 237 2019 3669 2090; baseline -0.001 -11"><span class='ocrx_word' id='word_1_263' title='bbox 237 2027 566 2079; x_wconf 86' lang='lat' dir='ltr'><strong>versantur.</strong></span> <span class='ocrx_word' id='word_1_264' title='bbox 595 2025 876 2076; x_wconf 73' lang='lat' dir='ltr'><strong>Praeterea</strong></span> <span class='ocrx_word' id='word_1_265' title='bbox 908 2019 1184 2075; x_wconf 88' lang='lat' dir='ltr'><strong>scutellas</strong></span> <span class='ocrx_word' id='word_1_266' title='bbox 1216 2023 1461 2090; x_wconf 82' lang='lat' dir='ltr'><strong>quatuor</strong></span> <span class='ocrx_word' id='word_1_267' title='bbox 1480 2019 1700 2074; x_wconf 88' lang='lat' dir='ltr'><strong>solidas</strong></span> <span class='ocrx_word' id='word_1_268' title='bbox 1731 2037 1960 2087; x_wconf 87' lang='lat' dir='ltr'><strong>aureas,</strong></span> <span class='ocrx_word' id='word_1_269' title='bbox 1992 2025 2050 2076; x_wconf 91' lang='lat' dir='ltr'><strong>et</strong></span> <span class='ocrx_word' id='word_1_270' title='bbox 2080 2019 2433 2075; x_wconf 87' lang='lat' dir='ltr'><strong>minsuracia</strong></span> <span class='ocrx_word' id='word_1_271' title='bbox 2454 2035 2552 2074; x_wconf 89' lang='lat' dir='ltr'><strong>seu</strong></span> <span class='ocrx_word' id='word_1_272' title='bbox 2578 2019 2870 2086; x_wconf 89' lang='lat' dir='ltr'><strong>missoria,</strong></span> <span class='ocrx_word' id='word_1_273' title='bbox 2895 2020 2979 2075; x_wconf 85' lang='lat' dir='ltr'><strong>vel</strong></span> <span class='ocrx_word' id='word_1_274' title='bbox 3005 2019 3199 2075; x_wconf 88' lang='lat' dir='ltr'><strong>lances</strong></span> <span class='ocrx_word' id='word_1_275' title='bbox 3223 2020 3438 2076; x_wconf 90' lang='lat' dir='ltr'><strong>solidas</strong></span> <span class='ocrx_word' id='word_1_276' title='bbox 3460 2037 3669 2078; x_wconf 89' lang='lat' dir='ltr'><strong>aureas</strong></span> 
     </span>
    </p>
   </div>
   <div class='ocr_carea' id='block_1_36' title="bbox 241 2106 3668 2181">
    <p class='ocr_par' dir='ltr' id='par_1_36' title="bbox 241 2106 3668 2181">
     <span class='ocr_line' id='line_1_36' title="bbox 241 2106 3668 2181; baseline -0.001 -12"><span class='ocrx_word' id='word_1_277' title='bbox 241 2109 768 2174; x_wconf 86' lang='lat' dir='ltr'><strong>duas.orthomilia</strong></span> <span class='ocrx_word' id='word_1_278' title='bbox 790 2108 916 2180; x_wconf 88' lang='lat' dir='ltr'><strong>[seu</strong></span> <span class='ocrx_word' id='word_1_279' title='bbox 942 2106 1515 2180; x_wconf 83' lang='lat' dir='ltr'><strong>pyramides,quales</strong></span> <span class='ocrx_word' id='word_1_280' title='bbox 1538 2108 1807 2164; x_wconf 87' lang='lat' dir='ltr'><strong>lancibus</strong></span> <span class='ocrx_word' id='word_1_281' title='bbox 1830 2111 1900 2164; x_wconf 90' lang='lat' dir='ltr'><strong>ad</strong></span> <span class='ocrx_word' id='word_1_282' title='bbox 1934 2107 2312 2165; x_wconf 86' lang='lat' dir='ltr'><strong>occultandas</strong></span> <span class='ocrx_word' id='word_1_283' title='bbox 2359 2109 2539 2180; x_wconf 83' lang='lat' dir='ltr'><strong>dapes</strong></span> <span class='ocrx_word' id='word_1_284' title='bbox 2581 2108 3192 2181; x_wconf 84' lang='lat' dir='ltr'><strong>superimponuntur,]</strong></span> <span class='ocrx_word' id='word_1_285' title='bbox 3231 2111 3358 2165; x_wconf 63' lang='lat' dir='ltr'><strong>dua:</strong></span> <span class='ocrx_word' id='word_1_286' title='bbox 3394 2115 3528 2167; x_wconf 60' lang='lat' dir='ltr'><strong>tota;</strong></span> <span class='ocrx_word' id='word_1_287' title='bbox 3567 2128 3668 2167; x_wconf 89' lang='lat' dir='ltr'><strong>au-</strong></span> 
     </span>
    </p>
   </div>
   <div class='ocr_carea' id='block_1_37' title="bbox 236 2196 3665 2272">
    <p class='ocr_par' dir='ltr' id='par_1_37' title="bbox 236 2196 3665 2272">
     <span class='ocr_line' id='line_1_37' title="bbox 236 2196 3665 2272; baseline 0 -14"><span class='ocrx_word' id='word_1_288' title='bbox 236 2218 361 2258; x_wconf 76' lang='lat' dir='ltr'><strong>reae.</strong></span> <span class='ocrx_word' id='word_1_289' title='bbox 388 2199 521 2256; x_wconf 66' lang='lat' dir='ltr'><strong>Hec</strong></span> <span class='ocrx_word' id='word_1_290' title='bbox 549 2214 688 2254; x_wconf 86' lang='lat' dir='ltr'><strong>vasa</strong></span> <span class='ocrx_word' id='word_1_291' title='bbox 719 2198 1065 2269; x_wconf 81' lang='lat' dir='ltr'><strong>pretiosiora</strong></span> <span class='ocrx_word' id='word_1_292' title='bbox 1095 2197 1310 2253; x_wconf 87' lang='lat' dir='ltr'><strong>servire</strong></span> <span class='ocrx_word' id='word_1_293' title='bbox 1340 2201 1398 2252; x_wconf 87' lang='lat' dir='ltr'><strong>et</strong></span> <span class='ocrx_word' id='word_1_294' title='bbox 1426 2196 1487 2250; x_wconf 93' lang='lat' dir='ltr'><strong>in</strong></span> <span class='ocrx_word' id='word_1_295' title='bbox 1520 2212 1692 2252; x_wconf 89' lang='lat' dir='ltr'><strong>usum</strong></span> <span class='ocrx_word' id='word_1_296' title='bbox 1725 2198 1920 2254; x_wconf 86' lang='lat' dir='ltr'><strong>vocari</strong></span> <span class='ocrx_word' id='word_1_297' title='bbox 1945 2198 2160 2254; x_wconf 89' lang='lat' dir='ltr'><strong>debent</strong></span> <span class='ocrx_word' id='word_1_298' title='bbox 2197 2203 2346 2262; x_wconf 91' lang='lat' dir='ltr'><strong>tum,</strong></span> <span class='ocrx_word' id='word_1_299' title='bbox 2381 2214 2566 2268; x_wconf 89' lang='lat' dir='ltr'><strong>quum</strong></span> <span class='ocrx_word' id='word_1_300' title='bbox 2599 2199 2782 2253; x_wconf 81' lang='lat' dir='ltr'><strong>exteri</strong></span> <span class='ocrx_word' id='word_1_301' title='bbox 2811 2215 2945 2254; x_wconf 90' lang='lat' dir='ltr'><strong>cum</strong></span> <span class='ocrx_word' id='word_1_302' title='bbox 2978 2200 3332 2272; x_wconf 87' lang='lat' dir='ltr'><strong>imperatore</strong></span> <span class='ocrx_word' id='word_1_303' title='bbox 3357 2201 3665 2258; x_wconf 87' lang='lat' dir='ltr'><strong>convivan-</strong></span> 
     </span>
    </p>
   </div>
   <div class='ocr_carea' id='block_1_38' title="bbox 1277 2293 2631 2352">
    <p class='ocr_par' dir='ltr' id='par_1_38' title="bbox 1277 2293 2631 2352">
     <span class='ocr_line' id='line_1_38' title="bbox 1277 2293 2631 2352; baseline 0 -2"><span class='ocrx_word' id='word_1_304' title='bbox 1277 2293 1474 2350; x_wconf 77' lang='lat' dir='ltr'><strong>JOAN.</strong></span> <span class='ocrx_word' id='word_1_305' title='bbox 1517 2293 1667 2352; x_wconf 71' lang='lat' dir='ltr'><strong>JAC.</strong></span> <span class='ocrx_word' id='word_1_306' title='bbox 1716 2295 1980 2352; x_wconf 82' lang='lat' dir='ltr'><strong>REISKII</strong></span> <span class='ocrx_word' id='word_1_307' title='bbox 2032 2294 2631 2352; x_wconf 82' lang='lat' dir='ltr'><strong>COMMENTARIUS.</strong></span> 
     </span>
    </p>
   </div>
   <div class='ocr_carea' id='block_1_39' title="bbox 234 2383 3667 2458">
    <p class='ocr_par' dir='ltr' id='par_1_39' title="bbox 234 2383 3667 2458">
     <span class='ocr_line' id='line_1_39' title="bbox 234 2383 3667 2458; baseline 0 -15"><span class='ocrx_word' id='word_1_308' title='bbox 234 2403 365 2444; x_wconf 89' lang='lat' dir='ltr'><strong>eum</strong></span> <span class='ocrx_word' id='word_1_309' title='bbox 397 2385 557 2442; x_wconf 89' lang='lat' dir='ltr'><strong>hunc</strong></span> <span class='ocrx_word' id='word_1_310' title='bbox 587 2385 660 2439; x_wconf 89' lang='lat' dir='ltr'><strong>de</strong></span> <span class='ocrx_word' id='word_1_311' title='bbox 689 2383 1242 2458; x_wconf 11' lang='lat' dir='ltr'><strong>campanisgmalim,</strong></span> <span class='ocrx_word' id='word_1_312' title='bbox 1285 2399 1459 2458; x_wconf 84' lang='lat' dir='ltr'><strong>quam</strong></span> <span class='ocrx_word' id='word_1_313' title='bbox 1484 2399 1616 2458; x_wconf 80' lang='lat' dir='ltr'><strong>cum</strong></span> <span class='ocrx_word' id='word_1_314' title='bbox 1651 2385 1789 2439; x_wconf 90' lang='lat' dir='ltr'><strong>aliis</strong></span> <span class='ocrx_word' id='word_1_315' title='bbox 1821 2385 1891 2439; x_wconf 91' lang='lat' dir='ltr'><strong>de</strong></span> <span class='ocrx_word' id='word_1_316' title='bbox 1923 2387 1970 2452; x_wconf 87' lang='lat' dir='ltr'><strong>B</strong></span> <span class='ocrx_word' id='word_1_317' title='bbox 1998 2383 2143 2458; x_wconf 76' lang='lat' dir='ltr'><strong>tions</strong></span> <span class='ocrx_word' id='word_1_318' title='bbox 2213 2390 2264 2439; x_wconf 88' lang='lat' dir='ltr'><strong>et</strong></span> <span class='ocrx_word' id='word_1_319' title='bbox 2289 2456 2306 2458; x_wconf 97' lang='lat'>_</span> <span class='ocrx_word' id='word_1_320' title='bbox 2330 2384 2753 2458; x_wconf 59' lang='lat' dir='ltr'><strong>belles-lettres,</strong></span> <span class='ocrx_word' id='word_1_321' title='bbox 2788 2392 2862 2458; x_wconf 90' lang='lat' dir='ltr'><strong>et</strong></span> <span class='ocrx_word' id='word_1_322' title='bbox 2932 2385 3015 2440; x_wconf 90' lang='lat' dir='ltr'><strong>Cl.</strong></span> <span class='ocrx_word' id='word_1_323' title='bbox 3062 2385 3457 2458; x_wconf 15' lang='lat' dir='ltr'><strong>iMuratorius,</strong></span> <span class='ocrx_word' id='word_1_324' title='bbox 3517 2391 3560 2443; x_wconf 88' lang='lat' dir='ltr'><strong>t.</strong></span> <span class='ocrx_word' id='word_1_325' title='bbox 3596 2388 3667 2453; x_wconf 90' lang='lat' dir='ltr'><strong>Il,</strong></span> 
     </span>
    </p>
   </div>
   <div class='ocr_carea' id='block_1_40' title="bbox 233 2455 1890 2532">
    <p class='ocr_par' dir='ltr' id='par_1_40' title="bbox 233 2455 1890 2532">
     <span class='ocr_line' id='line_1_40' title="bbox 233 2455 1890 2532; baseline -0.002 -18"><span class='ocrx_word' id='word_1_326' title='bbox 233 2473 527 2532; x_wconf 78' lang='lat' dir='ltr'><strong>gnomone</strong></span> <span class='ocrx_word' id='word_1_327' title='bbox 556 2455 858 2532; x_wconf 85' lang='lat' dir='ltr'><strong>scia_te_r_ic_o</strong></span> <span class='ocrx_word' id='word_1_328' title='bbox 890 2455 1388 2532; x_wconf 23' lang='lat' dir='ltr'><strong>accipereaquue</strong></span> <span class='ocrx_word' id='word_1_329' title='bbox 1429 2455 1670 2532; x_wconf 86' lang='lat' dir='ltr'><strong>dubium</strong></span> <span class='ocrx_word' id='word_1_330' title='bbox 1719 2473 1890 2532; x_wconf 81' lang='lat' dir='ltr'><strong>porro</strong></span> 
     </span>
    </p>
   </div>
   <div class='ocr_carea' id='block_1_41' title="bbox 234 2527 1898 2600">
    <p class='ocr_par' dir='ltr' id='par_1_41' title="bbox 234 2527 1898 2600">
     <span class='ocr_line' id='line_1_41' title="bbox 234 2527 1898 2600; baseline -0.003 -13"><span class='ocrx_word' id='word_1_331' title='bbox 234 2527 322 2587; x_wconf 68' lang='lat' dir='ltr'><strong>cst</strong></span> <span class='ocrx_word' id='word_1_332' title='bbox 345 2531 514 2593; x_wconf 90' lang='lat' dir='ltr'><strong>illud,</strong></span> <span class='ocrx_word' id='word_1_333' title='bbox 546 2529 701 2600; x_wconf 87' lang='lat' dir='ltr'><strong>quod</strong></span> <span class='ocrx_word' id='word_1_334' title='bbox 728 2527 1201 2600; x_wconf 82' lang='lat' dir='ltr'><strong>Muhammedani</strong></span> <span class='ocrx_word' id='word_1_335' title='bbox 1220 2528 1276 2581; x_wconf 91' lang='lat' dir='ltr'><strong>in</strong></span> <span class='ocrx_word' id='word_1_336' title='bbox 1303 2531 1566 2581; x_wconf 71' lang='lat' dir='ltr'><strong>turribus</strong></span> <span class='ocrx_word' id='word_1_337' title='bbox 1592 2527 1898 2600; x_wconf 82' lang='lat' dir='ltr'><strong>moschea-</strong></span> 
     </span>
    </p>
   </div>
   <div class='ocr_carea' id='block_1_42' title="bbox 236 2598 1895 2658">
    <p class='ocr_par' dir='ltr' id='par_1_42' title="bbox 236 2598 1895 2658">
     <span class='ocr_line' id='line_1_42' title="bbox 236 2598 1895 2658; baseline -0.002 -1"><span class='ocrx_word' id='word_1_338' title='bbox 236 2620 363 2658; x_wconf 90' lang='lat' dir='ltr'><strong>rum</strong></span> <span class='ocrx_word' id='word_1_339' title='bbox 397 2598 632 2657; x_wconf 78' lang='lat' dir='ltr'><strong>suarum</strong></span> <span class='ocrx_word' id='word_1_340' title='bbox 669 2599 960 2654; x_wconf 88' lang='lat' dir='ltr'><strong>habebant</strong></span> <span class='ocrx_word' id='word_1_341' title='bbox 998 2616 1139 2654; x_wconf 90' lang='lat' dir='ltr'><strong>suos</strong></span> <span class='ocrx_word' id='word_1_342' title='bbox 1183 2598 1436 2653; x_wconf 78' lang='lat' dir='ltr'><strong>horarios</strong></span> <span class='ocrx_word' id='word_1_343' title='bbox 1473 2614 1574 2652; x_wconf 88' lang='lat' dir='ltr'><strong>seu</strong></span> <span class='ocrx_word' id='word_1_344' title='bbox 1623 2598 1895 2653; x_wconf 88' lang='lat' dir='ltr'><strong>horarum</strong></span> 
     </span>
    </p>
   </div>
   <div class='ocr_carea' id='block_1_43' title="bbox 238 2668 1901 2741">
    <p class='ocr_par' dir='ltr' id='par_1_43' title="bbox 238 2668 1901 2741">
     <span class='ocr_line' id='line_1_43' title="bbox 238 2668 1901 2741; baseline -0.003 -12"><span class='ocrx_word' id='word_1_345' title='bbox 238 2675 656 2734; x_wconf 78' lang='lat' dir='ltr'><strong>observatores,</strong></span> <span class='ocrx_word' id='word_1_346' title='bbox 691 2676 756 2725; x_wconf 90' lang='lat' dir='ltr'><strong>ut</strong></span> <span class='ocrx_word' id='word_1_347' title='bbox 782 2687 851 2725; x_wconf 82' lang='lat' dir='ltr'><strong>ex</strong></span> <span class='ocrx_word' id='word_1_348' title='bbox 881 2671 1011 2725; x_wconf 83' lang='lat' dir='ltr'><strong>Abu</strong></span> <span class='ocrx_word' id='word_1_349' title='bbox 1043 2669 1292 2725; x_wconf 89' lang='lat' dir='ltr'><strong>Oseibab</strong></span> <span class='ocrx_word' id='word_1_350' title='bbox 1317 2668 1514 2737; x_wconf 90' lang='lat' dir='ltr'><strong>didici,</strong></span> <span class='ocrx_word' id='word_1_351' title='bbox 1538 2669 1637 2740; x_wconf 91' lang='lat' dir='ltr'><strong>qui</strong></span> <span class='ocrx_word' id='word_1_352' title='bbox 1662 2671 1732 2724; x_wconf 91' lang='lat' dir='ltr'><strong>de</strong></span> <span class='ocrx_word' id='word_1_353' title='bbox 1761 2687 1901 2741; x_wconf 68' lang='grc' dir='ltr'>συο-</span> 
     </span>
    </p>
   </div>
   <div class='ocr_carea' id='block_1_44' title="bbox 247 2740 1898 2811">
    <p class='ocr_par' dir='ltr' id='par_1_44' title="bbox 247 2740 1898 2811">
     <span class='ocr_line' id='line_1_44' title="bbox 247 2740 1898 2811; baseline -0.004 -11"><span class='ocrx_word' id='word_1_354' title='bbox 247 2744 386 2800; x_wconf 76' lang='lat' dir='ltr'><strong>dam</strong></span> <span class='ocrx_word' id='word_1_355' title='bbox 411 2742 814 2799; x_wconf 75' lang='lat' dir='ltr'><strong>hluhammedo</strong></span> <span class='ocrx_word' id='word_1_356' title='bbox 841 2746 920 2796; x_wconf 86' lang='lat' dir='ltr'><strong>ait</strong></span> <span class='ocrx_word' id='word_1_357' title='bbox 953 2758 966 2796; x_wconf 89' lang='lat'><strong>:</strong></span> <span class='ocrx_word' id='word_1_358' title='bbox 1001 2743 1128 2796; x_wconf 86' lang='lat' dir='ltr'><strong>Erat</strong></span> <span class='ocrx_word' id='word_1_359' title='bbox 1154 2743 1378 2811; x_wconf 73' lang='lat' dir='ltr'><strong>phamix</strong></span> <span class='ocrx_word' id='word_1_360' title='bbox 1414 2743 1505 2794; x_wconf 75' lang='lat' dir='ltr'><strong>sui</strong></span> <span class='ocrx_word' id='word_1_361' title='bbox 1541 2740 1798 2809; x_wconf 73' lang='lat' dir='ltr'><strong>temporis</strong></span> <span class='ocrx_word' id='word_1_362' title='bbox 1839 2740 1898 2796; x_wconf 83' lang='lat' dir='ltr'><strong>in</strong></span> 
     </span>
    </p>
   </div>
   <div class='ocr_carea' id='block_1_45' title="bbox 254 2811 1900 2882">
    <p class='ocr_par' dir='ltr' id='par_1_45' title="bbox 254 2811 1900 2882">
     <span class='ocr_line' id='line_1_45' title="bbox 254 2811 1900 2882; baseline -0.002 -12"><span class='ocrx_word' id='word_1_363' title='bbox 254 2816 486 2870; x_wconf 80' lang='lat' dir='ltr'><strong>scientia</strong></span> <span class='ocrx_word' id='word_1_364' title='bbox 528 2813 840 2882; x_wconf 75' lang='lat' dir='ltr'><strong>conﬁciendi</strong></span> <span class='ocrx_word' id='word_1_365' title='bbox 892 2812 1051 2868; x_wconf 83' lang='lat' dir='ltr'><strong>horas</strong></span> <span class='ocrx_word' id='word_1_366' title='bbox 1111 2814 1189 2882; x_wconf 91' lang='lat' dir='ltr'><strong>[id</strong></span> <span class='ocrx_word' id='word_1_367' title='bbox 1242 2819 1326 2867; x_wconf 89' lang='lat' dir='ltr'><strong>est</strong></span> <span class='ocrx_word' id='word_1_368' title='bbox 1380 2811 1702 2882; x_wconf 84' lang='lat' dir='ltr'><strong>horologia]</strong></span> <span class='ocrx_word' id='word_1_369' title='bbox 1747 2815 1796 2866; x_wconf 82' lang='lat' dir='ltr'><strong>et</strong></span> <span class='ocrx_word' id='word_1_370' title='bbox 1841 2815 1900 2866; x_wconf 81' lang='lat' dir='ltr'><strong>in</strong></span> 
     </span>
    </p>
   </div>
   <div class='ocr_carea' id='block_1_46' title="bbox 257 2883 1900 2950">
    <p class='ocr_par' dir='ltr' id='par_1_46' title="bbox 257 2883 1900 2950">
     <span class='ocr_line' id='line_1_46' title="bbox 257 2883 1900 2950; baseline -0.002 -10"><span class='ocrx_word' id='word_1_371' title='bbox 257 2886 494 2940; x_wconf 73' lang='lat' dir='ltr'><strong>scientia</strong></span> <span class='ocrx_word' id='word_1_372' title='bbox 535 2887 831 2941; x_wconf 75' lang='lat' dir='ltr'><strong>stellarum.</strong></span> <span class='ocrx_word' id='word_1_373' title='bbox 873 2884 1008 2938; x_wconf 88' lang='lat' dir='ltr'><strong>Erat</strong></span> <span class='ocrx_word' id='word_1_374' title='bbox 1046 2883 1143 2940; x_wconf 90' lang='lat' dir='ltr'><strong>ille</strong></span> <span class='ocrx_word' id='word_1_375' title='bbox 1186 2883 1354 2939; x_wconf 89' lang='lat' dir='ltr'><strong>homo</strong></span> <span class='ocrx_word' id='word_1_376' title='bbox 1392 2883 1668 2938; x_wconf 88' lang='lat' dir='ltr'><strong>Saladino</strong></span> <span class='ocrx_word' id='word_1_377' title='bbox 1709 2899 1900 2950; x_wconf 61' lang='lat' dir='ltr'><strong>aequa-</strong></span> 
     </span>
    </p>
   </div>
   <div class='ocr_carea' id='block_1_47' title="bbox 253 2955 1899 3025">
    <p class='ocr_par' dir='ltr' id='par_1_47' title="bbox 253 2955 1899 3025">
     <span class='ocr_line' id='line_1_47' title="bbox 253 2955 1899 3025; baseline -0.001 -14"><span class='ocrx_word' id='word_1_378' title='bbox 253 2956 348 3020; x_wconf 85' lang='lat' dir='ltr'><strong>lis,</strong></span> <span class='ocrx_word' id='word_1_379' title='bbox 379 2957 436 3010; x_wconf 79' lang='lat' dir='ltr'><strong>id</strong></span> <span class='ocrx_word' id='word_1_380' title='bbox 468 2962 552 3011; x_wconf 90' lang='lat' dir='ltr'><strong>est</strong></span> <span class='ocrx_word' id='word_1_381' title='bbox 581 2957 796 3011; x_wconf 86' lang='lat' dir='ltr'><strong>vivebat</strong></span> <span class='ocrx_word' id='word_1_382' title='bbox 833 2955 1044 3011; x_wconf 68' lang='lat' dir='ltr'><strong>saeculo</strong></span> <span class='ocrx_word' id='word_1_383' title='bbox 1083 2971 1180 3010; x_wconf 81' lang='lat' dir='ltr'><strong>xu.</strong></span> <span class='ocrx_word' id='word_1_384' title='bbox 1225 2955 1433 3010; x_wconf 89' lang='lat' dir='ltr'><strong>Verum</strong></span> <span class='ocrx_word' id='word_1_385' title='bbox 1476 2955 1614 3025; x_wconf 85' lang='lat' dir='ltr'><strong>quia</strong></span> <span class='ocrx_word' id='word_1_386' title='bbox 1643 2955 1899 3020; x_wconf 88' lang='lat' dir='ltr'><strong>additur,</strong></span> 
     </span>
    </p>
   </div>
   <div class='ocr_carea' id='block_1_48' title="bbox 247 3025 1900 3100">
    <p class='ocr_par' dir='ltr' id='par_1_48' title="bbox 247 3025 1900 3100">
     <span class='ocr_line' id='line_1_48' title="bbox 247 3025 1900 3100; baseline -0.003 -16"><span class='ocrx_word' id='word_1_387' title='bbox 247 3044 384 3084; x_wconf 87' lang='lat' dir='ltr'><strong>eum</strong></span> <span class='ocrx_word' id='word_1_388' title='bbox 413 3027 588 3084; x_wconf 81' lang='lat' dir='ltr'><strong>fuisse</strong></span> <span class='ocrx_word' id='word_1_389' title='bbox 619 3029 876 3100; x_wconf 82' lang='lat' dir='ltr'><strong>peritum</strong></span> <span class='ocrx_word' id='word_1_390' title='bbox 899 3025 1289 3094; x_wconf 65' lang='lat' dir='ltr'><strong>astronomiae,</strong></span> <span class='ocrx_word' id='word_1_391' title='bbox 1323 3043 1567 3100; x_wconf 86' lang='lat' dir='ltr'><strong>pronum</strong></span> <span class='ocrx_word' id='word_1_392' title='bbox 1610 3032 1694 3100; x_wconf 85' lang='lat' dir='ltr'><strong>est</strong></span> <span class='ocrx_word' id='word_1_393' title='bbox 1736 3027 1900 3080; x_wconf 89' lang='lat' dir='ltr'><strong>colli-</strong></span> 
     </span>
    </p>
   </div>
   <div class='ocr_carea' id='block_1_49' title="bbox 242 3097 1903 3172">
    <p class='ocr_par' dir='ltr' id='par_1_49' title="bbox 242 3097 1903 3172">
     <span class='ocr_line' id='line_1_49' title="bbox 242 3097 1903 3172; baseline -0.002 -17"><span class='ocrx_word' id='word_1_394' title='bbox 242 3116 404 3172; x_wconf 89' lang='lat' dir='ltr'><strong>gere,</strong></span> <span class='ocrx_word' id='word_1_395' title='bbox 465 3097 766 3171; x_wconf 80' lang='lat' dir='ltr'><strong>horologia</strong></span> <span class='ocrx_word' id='word_1_396' title='bbox 821 3098 921 3154; x_wconf 92' lang='lat' dir='ltr'><strong>illa</strong></span> <span class='ocrx_word' id='word_1_397' title='bbox 977 3115 1298 3172; x_wconf 23' lang='lat' dir='ltr'><strong>gnoimoues</strong></span> <span class='ocrx_word' id='word_1_398' title='bbox 1326 3097 1589 3172; x_wconf 68' lang='lat' dir='ltr'><strong>sol-ares</strong></span> <span class='ocrx_word' id='word_1_399' title='bbox 1617 3097 1797 3172; x_wconf 5' lang='lat' dir='ltr'><strong>horas,</strong></span> <span class='ocrx_word' id='word_1_400' title='bbox 1834 3113 1903 3152; x_wconf 84' lang='lat' dir='ltr'><strong>ex</strong></span> 
     </span>
    </p>
   </div>
   <div class='ocr_carea' id='block_1_50' title="bbox 247 3169 1902 3239">
    <p class='ocr_par' dir='ltr' id='par_1_50' title="bbox 247 3169 1902 3239">
     <span class='ocr_line' id='line_1_50' title="bbox 247 3169 1902 3239; baseline -0.002 -12"><span class='ocrx_word' id='word_1_401' title='bbox 247 3169 461 3227; x_wconf 75' lang='lat' dir='ltr'><strong>umbra</strong></span> <span class='ocrx_word' id='word_1_402' title='bbox 492 3169 794 3226; x_wconf 78' lang='lat' dir='ltr'><strong>metientes</strong></span> <span class='ocrx_word' id='word_1_403' title='bbox 828 3169 1030 3227; x_wconf 77' lang='lat' dir='ltr'><strong>fuisse.</strong></span> <span class='ocrx_word' id='word_1_404' title='bbox 1081 3171 1180 3224; x_wconf 83' lang='lat' dir='ltr'><strong>Est</strong></span> <span class='ocrx_word' id='word_1_405' title='bbox 1222 3182 1413 3226; x_wconf 87' lang='lat' dir='ltr'><strong>tamen</strong></span> <span class='ocrx_word' id='word_1_406' title='bbox 1440 3169 1594 3239; x_wconf 90' lang='lat' dir='ltr'><strong>apud</strong></span> <span class='ocrx_word' id='word_1_407' title='bbox 1635 3171 1902 3224; x_wconf 83' lang='lat' dir='ltr'><strong>etnudem</strong></span> 
     </span>
    </p>
   </div>
   <div class='ocr_carea' id='block_1_51' title="bbox 241 3239 1904 3313">
    <p class='ocr_par' dir='ltr' id='par_1_51' title="bbox 241 3239 1904 3313">
     <span class='ocr_line' id='line_1_51' title="bbox 241 3239 1904 3313; baseline -0.003 -14"><span class='ocrx_word' id='word_1_408' title='bbox 241 3243 369 3299; x_wconf 84' lang='lat' dir='ltr'><strong>Abu</strong></span> <span class='ocrx_word' id='word_1_409' title='bbox 401 3242 672 3300; x_wconf 90' lang='lat' dir='ltr'><strong>Oseibam</strong></span> <span class='ocrx_word' id='word_1_410' title='bbox 706 3243 886 3306; x_wconf 82' lang='lat' dir='ltr'><strong>locus,</strong></span> <span class='ocrx_word' id='word_1_411' title='bbox 918 3243 1017 3313; x_wconf 90' lang='lat' dir='ltr'><strong>qui</strong></span> <span class='ocrx_word' id='word_1_412' title='bbox 1048 3241 1234 3313; x_wconf 86' lang='lat' dir='ltr'><strong>magis</strong></span> <span class='ocrx_word' id='word_1_413' title='bbox 1277 3239 1563 3313; x_wconf 84' lang='lat' dir='ltr'><strong>stringere</strong></span> <span class='ocrx_word' id='word_1_414' title='bbox 1603 3247 1659 3295; x_wconf 88' lang='lat' dir='ltr'><strong>et</strong></span> <span class='ocrx_word' id='word_1_415' title='bbox 1712 3243 1904 3309; x_wconf 86' lang='lat' dir='ltr'><strong>aptius</strong></span> 
     </span>
    </p>
   </div>
   <div class='ocr_carea' id='block_1_52' title="bbox 246 3312 1906 3387">
    <p class='ocr_par' dir='ltr' id='par_1_52' title="bbox 246 3312 1906 3387">
     <span class='ocr_line' id='line_1_52' title="bbox 246 3312 1906 3387; baseline -0.003 -16"><span class='ocrx_word' id='word_1_416' title='bbox 246 3317 326 3371; x_wconf 89' lang='lat' dir='ltr'><strong>rei</strong></span> <span class='ocrx_word' id='word_1_417' title='bbox 363 3318 631 3387; x_wconf 69' lang='lat' dir='ltr'><strong>praesenti</strong></span> <span class='ocrx_word' id='word_1_418' title='bbox 651 3312 980 3387; x_wconf 68' lang='lat' dir='ltr'><strong>congruere</strong></span> <span class='ocrx_word' id='word_1_419' title='bbox 1012 3312 1472 3387; x_wconf 47' lang='lat' dir='ltr'><strong>videturLPaulo</strong></span> <span class='ocrx_word' id='word_1_420' title='bbox 1516 3316 1647 3387; x_wconf 78' lang='lat' dir='ltr'><strong>post</strong></span> <span class='ocrx_word' id='word_1_421' title='bbox 1694 3327 1906 3387; x_wconf 80' lang='lat' dir='ltr'><strong>nempe</strong></span> 
     </span>
    </p>
   </div>
   <div class='ocr_carea' id='block_1_53' title="bbox 244 3383 1901 3454">
    <p class='ocr_par' dir='ltr' id='par_1_53' title="bbox 244 3383 1901 3454">
     <span class='ocr_line' id='line_1_53' title="bbox 244 3383 1901 3454; baseline -0.003 -12"><span class='ocrx_word' id='word_1_422' title='bbox 244 3383 398 3442; x_wconf 77' lang='lat' dir='ltr'><strong>intra</strong></span> <span class='ocrx_word' id='word_1_423' title='bbox 464 3385 829 3454; x_wconf 90' lang='lat' dir='ltr'><strong>superiorem</strong></span> <span class='ocrx_word' id='word_1_424' title='bbox 895 3385 965 3440; x_wconf 89' lang='lat' dir='ltr'><strong>de</strong></span> <span class='ocrx_word' id='word_1_425' title='bbox 1038 3384 1190 3440; x_wconf 83' lang='lat' dir='ltr'><strong>Abul</strong></span> <span class='ocrx_word' id='word_1_426' title='bbox 1246 3384 1466 3439; x_wconf 84' lang='lat' dir='ltr'><strong>Fadhlo</strong></span> <span class='ocrx_word' id='word_1_427' title='bbox 1526 3384 1664 3451; x_wconf 82' lang='lat' dir='ltr'><strong>tilio,</strong></span> <span class='ocrx_word' id='word_1_428' title='bbox 1725 3383 1901 3438; x_wconf 89' lang='lat' dir='ltr'><strong>Abdel</strong></span> 
     </span>
    </p>
   </div>
   <div class='ocr_carea' id='block_1_54' title="bbox 243 3454 1908 3524">
    <p class='ocr_par' dir='ltr' id='par_1_54' title="bbox 243 3454 1908 3524">
     <span class='ocr_line' id='line_1_54' title="bbox 243 3454 1908 3524; baseline -0.002 -10"><span class='ocrx_word' id='word_1_429' title='bbox 243 3457 484 3524; x_wconf 86' lang='lat' dir='ltr'><strong>Carimi,</strong></span> <span class='ocrx_word' id='word_1_430' title='bbox 516 3458 583 3513; x_wconf 85' lang='lat' dir='ltr'><strong>Al</strong></span> <span class='ocrx_word' id='word_1_431' title='bbox 609 3456 964 3512; x_wconf 82' lang='lat' dir='ltr'><strong>Mohandeso</strong></span> <span class='ocrx_word' id='word_1_432' title='bbox 997 3473 1096 3512; x_wconf 90' lang='lat' dir='ltr'><strong>seu</strong></span> <span class='ocrx_word' id='word_1_433' title='bbox 1132 3455 1441 3511; x_wconf 86' lang='lat' dir='ltr'><strong>Ge0n.etra</strong></span> <span class='ocrx_word' id='word_1_434' title='bbox 1480 3456 1655 3520; x_wconf 80' lang='lat' dir='ltr'><strong>dicto,</strong></span> <span class='ocrx_word' id='word_1_435' title='bbox 1700 3454 1908 3510; x_wconf 87' lang='lat' dir='ltr'><strong>Dama-</strong></span> 
     </span>
    </p>
   </div>
   <div class='ocr_carea' id='block_1_55' title="bbox 243 3525 1907 3601">
    <p class='ocr_par' dir='ltr' id='par_1_55' title="bbox 243 3525 1907 3601">
     <span class='ocr_line' id='line_1_55' title="bbox 243 3525 1907 3601; baseline -0.003 -15"><span class='ocrx_word' id='word_1_436' title='bbox 243 3547 441 3595; x_wconf 89' lang='lat' dir='ltr'><strong>sceno,</strong></span> <span class='ocrx_word' id='word_1_437' title='bbox 477 3531 579 3601; x_wconf 87' lang='lat' dir='ltr'><strong>qui</strong></span> <span class='ocrx_word' id='word_1_438' title='bbox 611 3529 804 3601; x_wconf 88' lang='lat' dir='ltr'><strong>medio</strong></span> <span class='ocrx_word' id='word_1_439' title='bbox 845 3527 1058 3601; x_wconf 64' lang='lat' dir='ltr'><strong>saeculo</strong></span> <span class='ocrx_word' id='word_1_440' title='bbox 1097 3543 1220 3594; x_wconf 81' lang='lat' dir='ltr'><strong>xm,</strong></span> <span class='ocrx_word' id='word_1_441' title='bbox 1262 3528 1321 3582; x_wconf 90' lang='lat' dir='ltr'><strong>in</strong></span> <span class='ocrx_word' id='word_1_442' title='bbox 1362 3526 1530 3598; x_wconf 81' lang='lat' dir='ltr'><strong>Syria</strong></span> <span class='ocrx_word' id='word_1_443' title='bbox 1568 3535 1620 3601; x_wconf 85' lang='lat' dir='ltr'><strong>et</strong></span> <span class='ocrx_word' id='word_1_444' title='bbox 1661 3525 1907 3601; x_wconf 59' lang='lat' dir='ltr'><strong>@gypto</strong></span> 
     </span>
    </p>
   </div>
   <div class='ocr_carea' id='block_1_56' title="bbox 239 3597 1908 3668">
    <p class='ocr_par' dir='ltr' id='par_1_56' title="bbox 239 3597 1908 3668">
     <span class='ocr_line' id='line_1_56' title="bbox 239 3597 1908 3668; baseline -0.002 -12"><span class='ocrx_word' id='word_1_445' title='bbox 239 3603 404 3668; x_wconf 79' lang='lat' dir='ltr'><strong>vixit,</strong></span> <span class='ocrx_word' id='word_1_446' title='bbox 464 3597 620 3656; x_wconf 77' lang='lat' dir='ltr'><strong>inter</strong></span> <span class='ocrx_word' id='word_1_447' title='bbox 674 3600 789 3655; x_wconf 88' lang='lat' dir='ltr'><strong>alia</strong></span> <span class='ocrx_word' id='word_1_448' title='bbox 847 3599 967 3654; x_wconf 64' lang='lat' dir='ltr'><strong>haec</strong></span> <span class='ocrx_word' id='word_1_449' title='bbox 1025 3604 1248 3662; x_wconf 87' lang='lat' dir='ltr'><strong>narrat,</strong></span> <span class='ocrx_word' id='word_1_450' title='bbox 1313 3597 1448 3654; x_wconf 79' lang='lat' dir='ltr'><strong>eum</strong></span> <span class='ocrx_word' id='word_1_451' title='bbox 1517 3597 1791 3652; x_wconf 86' lang='lat' dir='ltr'><strong>subtilem</strong></span> <span class='ocrx_word' id='word_1_452' title='bbox 1851 3602 1908 3652; x_wconf 91' lang='lat' dir='ltr'><strong>et</strong></span> 
     </span>
    </p>
   </div>
   <div class='ocr_carea' id='block_1_57' title="bbox 241 3669 1906 3732">
    <p class='ocr_par' dir='ltr' id='par_1_57' title="bbox 241 3669 1906 3732">
     <span class='ocr_line' id='line_1_57' title="bbox 241 3669 1906 3732; baseline -0.003 -4"><span class='ocrx_word' id='word_1_453' title='bbox 241 3675 512 3729; x_wconf 83' lang='lat' dir='ltr'><strong>dextrum</strong></span> <span class='ocrx_word' id='word_1_454' title='bbox 532 3673 710 3727; x_wconf 88' lang='lat' dir='ltr'><strong>tuisse</strong></span> <span class='ocrx_word' id='word_1_455' title='bbox 734 3671 1206 3725; x_wconf 85' lang='lat' dir='ltr'><strong>mathematicum</strong></span> <span class='ocrx_word' id='word_1_456' title='bbox 1227 3677 1279 3724; x_wconf 90' lang='lat' dir='ltr'><strong>et</strong></span> <span class='ocrx_word' id='word_1_457' title='bbox 1297 3669 1726 3732; x_wconf 87' lang='lat' dir='ltr'><strong>mechanicum,</strong></span> <span class='ocrx_word' id='word_1_458' title='bbox 1743 3669 1906 3724; x_wconf 91' lang='lat' dir='ltr'><strong>initio</strong></span> 
     </span>
    </p>
   </div>
   <div class='ocr_carea' id='block_1_58' title="bbox 244 3741 1899 3816">
    <p class='ocr_par' dir='ltr' id='par_1_58' title="bbox 244 3741 1899 3816">
     <span class='ocr_line' id='line_1_58' title="bbox 244 3741 1899 3816; baseline -0.004 -16"><span class='ocrx_word' id='word_1_459' title='bbox 244 3747 488 3816; x_wconf 85' lang='lat' dir='ltr'><strong>quidem</strong></span> <span class='ocrx_word' id='word_1_460' title='bbox 521 3742 940 3800; x_wconf 76' lang='lat' dir='ltr'><strong>dexterrimum</strong></span> <span class='ocrx_word' id='word_1_461' title='bbox 975 3743 1205 3816; x_wconf 83' lang='lat' dir='ltr'><strong>fabrum</strong></span> <span class='ocrx_word' id='word_1_462' title='bbox 1240 3741 1577 3816; x_wconf 79' lang='lat' dir='ltr'><strong>lignarium,</strong></span> <span class='ocrx_word' id='word_1_463' title='bbox 1600 3741 1807 3816; x_wconf 78' lang='lat' dir='ltr'><strong>deinde</strong></span> <span class='ocrx_word' id='word_1_464' title='bbox 1830 3741 1899 3816; x_wconf 77' lang='lat' dir='ltr'><strong>ad</strong></span> 
     </span>
    </p>
   </div>
   <div class='ocr_carea' id='block_1_59' title="bbox 245 3811 1902 3884">
    <p class='ocr_par' dir='ltr' id='par_1_59' title="bbox 245 3811 1902 3884">
     <span class='ocr_line' id='line_1_59' title="bbox 245 3811 1902 3884; baseline -0.004 -12"><span class='ocrx_word' id='word_1_465' title='bbox 245 3811 456 3872; x_wconf 68' lang='lat' dir='ltr'><strong>altiora</strong></span> <span class='ocrx_word' id='word_1_466' title='bbox 479 3819 807 3871; x_wconf 86' lang='lat' dir='ltr'><strong>litterarum</strong></span> <span class='ocrx_word' id='word_1_467' title='bbox 831 3830 1060 3884; x_wconf 91' lang='lat' dir='ltr'><strong>quoque</strong></span> <span class='ocrx_word' id='word_1_468' title='bbox 1085 3814 1496 3868; x_wconf 90' lang='lat' dir='ltr'><strong>humaniorum</strong></span> <span class='ocrx_word' id='word_1_469' title='bbox 1528 3818 1584 3865; x_wconf 89' lang='lat' dir='ltr'><strong>et</strong></span> <span class='ocrx_word' id='word_1_470' title='bbox 1600 3811 1902 3883; x_wconf 63' lang='lat' dir='ltr'><strong>theologia:</strong></span> 
     </span>
    </p>
   </div>
   <div class='ocr_carea' id='block_1_60' title="bbox 246 3884 1904 3960">
    <p class='ocr_par' dir='ltr' id='par_1_60' title="bbox 246 3884 1904 3960">
     <span class='ocr_line' id='line_1_60' title="bbox 246 3884 1904 3960; baseline -0.004 -17"><span class='ocrx_word' id='word_1_471' title='bbox 246 3904 421 3944; x_wconf 90' lang='lat' dir='ltr'><strong>sacra</strong></span> <span class='ocrx_word' id='word_1_472' title='bbox 470 3887 842 3960; x_wconf 74' lang='lat' dir='ltr'><strong>processisse.</strong></span> <span class='ocrx_word' id='word_1_473' title='bbox 886 3886 982 3940; x_wconf 82' lang='lat' dir='ltr'><strong>Hic</strong></span> <span class='ocrx_word' id='word_1_474' title='bbox 1026 3891 1103 3941; x_wconf 86' lang='lat' dir='ltr'><strong>est</strong></span> <span class='ocrx_word' id='word_1_475' title='bbox 1143 3885 1260 3948; x_wconf 80' lang='lat' dir='ltr'><strong>ille,</strong></span> <span class='ocrx_word' id='word_1_476' title='bbox 1305 3886 1401 3960; x_wconf 85' lang='lat' dir='ltr'><strong>qui</strong></span> <span class='ocrx_word' id='word_1_477' title='bbox 1448 3885 1728 3960; x_wconf 71' lang='lat' dir='ltr'><strong>reparavit</strong></span> <span class='ocrx_word' id='word_1_478' title='bbox 1764 3884 1904 3960; x_wconf 84' lang='lat' dir='ltr'><strong>[ser-</strong></span> 
     </span>
    </p>
   </div>
   <div class='ocr_carea' id='block_1_61' title="bbox 245 3955 1906 4026">
    <p class='ocr_par' dir='ltr' id='par_1_61' title="bbox 245 3955 1906 4026">
     <span class='ocr_line' id='line_1_61' title="bbox 245 3955 1906 4026; baseline -0.003 -12"><span class='ocrx_word' id='word_1_479' title='bbox 245 3955 548 4014; x_wconf 40' lang='lat' dir='ltr'><strong>vandis—in</strong></span> <span class='ocrx_word' id='word_1_480' title='bbox 585 3961 734 4013; x_wconf 90' lang='lat' dir='ltr'><strong>bono</strong></span> <span class='ocrx_word' id='word_1_481' title='bbox 765 3965 920 4012; x_wconf 88' lang='lat' dir='ltr'><strong>statu</strong></span> <span class='ocrx_word' id='word_1_482' title='bbox 953 3963 1012 4012; x_wconf 88' lang='lat' dir='ltr'><strong>et</strong></span> <span class='ocrx_word' id='word_1_483' title='bbox 1041 3959 1404 4026; x_wconf 81' lang='lat' dir='ltr'><strong>reparandis,</strong></span> <span class='ocrx_word' id='word_1_484' title='bbox 1440 3955 1487 4010; x_wconf 90' lang='lat' dir='ltr'><strong>si</strong></span> <span class='ocrx_word' id='word_1_485' title='bbox 1529 3957 1672 4009; x_wconf 74' lang='lat' dir='ltr'><strong>forte</strong></span> <span class='ocrx_word' id='word_1_486' title='bbox 1714 3955 1906 4009; x_wconf 84' lang='lat' dir='ltr'><strong>labem</strong></span> 
     </span>
    </p>
   </div>
   <div class='ocr_carea' id='block_1_62' title="bbox 247 4026 1907 4100">
    <p class='ocr_par' dir='ltr' id='par_1_62' title="bbox 247 4026 1907 4100">
     <span class='ocr_line' id='line_1_62' title="bbox 247 4026 1907 4100; baseline -0.003 -14"><span class='ocrx_word' id='word_1_487' title='bbox 247 4031 679 4090; x_wconf 70' lang='lat' dir='ltr'><strong>contraherent.</strong></span> <span class='ocrx_word' id='word_1_488' title='bbox 713 4028 1059 4098; x_wconf 80' lang='lat' dir='ltr'><strong>invigilavit,</strong></span> <span class='ocrx_word' id='word_1_489' title='bbox 1088 4027 1106 4100; x_wconf 89' lang='lat'><strong>]</strong></span> <span class='ocrx_word' id='word_1_490' title='bbox 1139 4027 1426 4099; x_wconf 73' lang='lat' dir='ltr'><strong>horologia</strong></span> <span class='ocrx_word' id='word_1_491' title='bbox 1455 4026 1648 4100; x_wconf 72' lang='lat' dir='ltr'><strong>templi</strong></span> <span class='ocrx_word' id='word_1_492' title='bbox 1676 4026 1907 4100; x_wconf 75' lang='lat' dir='ltr'><strong>majoris</strong></span> 
     </span>
    </p>
   </div>
   <div class='ocr_carea' id='block_1_63' title="bbox 245 4098 1906 4172">
    <p class='ocr_par' dir='ltr' id='par_1_63' title="bbox 245 4098 1906 4172">
     <span class='ocr_line' id='line_1_63' title="bbox 245 4098 1906 4172; baseline -0.005 -14"><span class='ocrx_word' id='word_1_493' title='bbox 245 4103 597 4163; x_wconf 72' lang='lat' dir='ltr'><strong>Damasceni,</strong></span> <span class='ocrx_word' id='word_1_494' title='bbox 628 4117 859 4172; x_wconf 82' lang='lat' dir='ltr'><strong>quorum</strong></span> <span class='ocrx_word' id='word_1_495' title='bbox 898 4101 967 4154; x_wconf 88' lang='lat' dir='ltr'><strong>ob</strong></span> <span class='ocrx_word' id='word_1_496' title='bbox 1008 4098 1402 4172; x_wconf 62' lang='lat' dir='ltr'><strong>inapecttonem</strong></span> <span class='ocrx_word' id='word_1_497' title='bbox 1426 4105 1492 4172; x_wconf 17' lang='lat' dir='ltr'><strong>iet</strong></span> <span class='ocrx_word' id='word_1_498' title='bbox 1537 4098 1906 4172; x_wconf 63' lang='lat' dir='ltr'><strong>visitationem</strong></span> 
     </span>
    </p>
   </div>
   <div class='ocr_carea' id='block_1_64' title="bbox 245 4169 1906 4244">
    <p class='ocr_par' dir='ltr' id='par_1_64' title="bbox 245 4169 1906 4244">
     <span class='ocr_line' id='line_1_64' title="bbox 245 4169 1906 4244; baseline -0.004 -14"><span class='ocrx_word' id='word_1_499' title='bbox 245 4191 276 4230; x_wconf 76' lang='grc' dir='ltr'><strong>ε</strong></span> <span class='ocrx_word' id='word_1_500' title='bbox 325 4175 457 4244; x_wconf 77' lang='lat' dir='ltr'><strong>ﬁsco</strong></span> <span class='ocrx_word' id='word_1_501' title='bbox 503 4169 776 4228; x_wconf 76' lang='lat' dir='ltr'><strong>salarium</strong></span> <span class='ocrx_word' id='word_1_502' title='bbox 817 4171 990 4241; x_wconf 71' lang='lat' dir='ltr'><strong>ﬁxum</strong></span> <span class='ocrx_word' id='word_1_503' title='bbox 1035 4171 1365 4244; x_wconf 78' lang='lat' dir='ltr'><strong>accipiebat.</strong></span> <span class='ocrx_word' id='word_1_504' title='bbox 1415 4171 1606 4244; x_wconf 67' lang='lat' dir='ltr'><strong>Majas</strong></span> <span class='ocrx_word' id='word_1_505' title='bbox 1654 4169 1802 4244; x_wconf 81' lang='lat' dir='ltr'><strong>quid</strong></span> <span class='ocrx_word' id='word_1_506' title='bbox 1851 4174 1906 4223; x_wconf 90' lang='lat' dir='ltr'><strong>et</strong></span> 
     </span>
    </p>
   </div>
   <div class='ocr_carea' id='block_1_65' title="bbox 246 4240 1903 4313">
    <p class='ocr_par' dir='ltr' id='par_1_65' title="bbox 246 4240 1903 4313">
     <span class='ocr_line' id='line_1_65' title="bbox 246 4240 1903 4313; baseline -0.004 -13"><span class='ocrx_word' id='word_1_507' title='bbox 246 4240 552 4302; x_wconf 80' lang='lat' dir='ltr'><strong>diversum</strong></span> <span class='ocrx_word' id='word_1_508' title='bbox 597 4261 629 4298; x_wconf 92' lang='lat' dir='ltr'><strong>a</strong></span> <span class='ocrx_word' id='word_1_509' title='bbox 670 4240 937 4299; x_wconf 87' lang='lat' dir='ltr'><strong>sciaterio</strong></span> <span class='ocrx_word' id='word_1_510' title='bbox 979 4245 1175 4313; x_wconf 91' lang='lat' dir='ltr'><strong>procul</strong></span> <span class='ocrx_word' id='word_1_511' title='bbox 1206 4243 1382 4313; x_wconf 80' lang='lat' dir='ltr'><strong>dubio</strong></span> <span class='ocrx_word' id='word_1_512' title='bbox 1415 4240 1509 4295; x_wconf 91' lang='lat' dir='ltr'><strong>hic</strong></span> <span class='ocrx_word' id='word_1_513' title='bbox 1541 4241 1903 4313; x_wconf 78' lang='lat' dir='ltr'><strong>designatur.</strong></span> 
     </span>
    </p>
   </div>
   <div class='ocr_carea' id='block_1_66' title="bbox 243 4310 1904 4384">
    <p class='ocr_par' dir='ltr' id='par_1_66' title="bbox 243 4310 1904 4384">
     <span class='ocr_line' id='line_1_66' title="bbox 243 4310 1904 4384; baseline -0.005 -12"><span class='ocrx_word' id='word_1_514' title='bbox 243 4317 395 4372; x_wconf 84' lang='lat' dir='ltr'><strong>Nam</strong></span> <span class='ocrx_word' id='word_1_515' title='bbox 426 4315 605 4372; x_wconf 88' lang='lat' dir='ltr'><strong>semel</strong></span> <span class='ocrx_word' id='word_1_516' title='bbox 640 4317 752 4371; x_wconf 82' lang='lat' dir='ltr'><strong>ﬁxo</strong></span> <span class='ocrx_word' id='word_1_517' title='bbox 783 4314 840 4369; x_wconf 88' lang='lat' dir='ltr'><strong>in</strong></span> <span class='ocrx_word' id='word_1_518' title='bbox 875 4310 1180 4370; x_wconf 85' lang='lat' dir='ltr'><strong>commodo</strong></span> <span class='ocrx_word' id='word_1_519' title='bbox 1219 4312 1344 4369; x_wconf 90' lang='lat' dir='ltr'><strong>loco</strong></span> <span class='ocrx_word' id='word_1_520' title='bbox 1375 4327 1664 4384; x_wconf 88' lang='lat' dir='ltr'><strong>gnomone</strong></span> <span class='ocrx_word' id='word_1_521' title='bbox 1707 4310 1904 4380; x_wconf 85' lang='lat' dir='ltr'><strong>solari,</strong></span> 
     </span>
    </p>
   </div>
   <div class='ocr_carea' id='block_1_67' title="bbox 243 4386 1903 4459">
    <p class='ocr_par' dir='ltr' id='par_1_67' title="bbox 243 4386 1903 4459">
     <span class='ocr_line' id='line_1_67' title="bbox 243 4386 1903 4459; baseline -0.004 -15"><span class='ocrx_word' id='word_1_522' title='bbox 243 4406 367 4444; x_wconf 88' lang='lat' dir='ltr'><strong>non</strong></span> <span class='ocrx_word' id='word_1_523' title='bbox 415 4387 669 4459; x_wconf 86' lang='lat' dir='ltr'><strong>amplius</strong></span> <span class='ocrx_word' id='word_1_524' title='bbox 716 4401 862 4458; x_wconf 88' lang='lat' dir='ltr'><strong>opus</strong></span> <span class='ocrx_word' id='word_1_525' title='bbox 900 4402 1034 4442; x_wconf 90' lang='lat' dir='ltr'><strong>eum</strong></span> <span class='ocrx_word' id='word_1_526' title='bbox 1077 4386 1395 4459; x_wconf 73' lang='lat' dir='ltr'><strong>custodire,</strong></span> <span class='ocrx_word' id='word_1_527' title='bbox 1439 4400 1538 4456; x_wconf 90' lang='lat' dir='ltr'><strong>per</strong></span> <span class='ocrx_word' id='word_1_528' title='bbox 1577 4389 1903 4459; x_wconf 73' lang='lat' dir='ltr'><strong>temporum</strong></span> 
     </span>
    </p>
   </div>
   <div class='ocr_carea' id='block_1_68' title="bbox 241 4456 1904 4529">
    <p class='ocr_par' dir='ltr' id='par_1_68' title="bbox 241 4456 1904 4529">
     <span class='ocr_line' id='line_1_68' title="bbox 241 4456 1904 4529; baseline -0.004 -14"><span class='ocrx_word' id='word_1_529' title='bbox 241 4456 562 4516; x_wconf 86' lang='lat' dir='ltr'><strong>intervalla</strong></span> <span class='ocrx_word' id='word_1_530' title='bbox 616 4456 848 4514; x_wconf 84' lang='lat' dir='ltr'><strong>visitare</strong></span> <span class='ocrx_word' id='word_1_531' title='bbox 891 4464 946 4514; x_wconf 88' lang='lat' dir='ltr'><strong>et</strong></span> <span class='ocrx_word' id='word_1_532' title='bbox 995 4473 1261 4529; x_wconf 89' lang='lat' dir='ltr'><strong>reparare</strong></span> <span class='ocrx_word' id='word_1_533' title='bbox 1310 4456 1638 4529; x_wconf 82' lang='lat' dir='ltr'><strong>ruinosum.</strong></span> <span class='ocrx_word' id='word_1_534' title='bbox 1691 4456 1904 4509; x_wconf 86' lang='lat' dir='ltr'><strong>Verum</strong></span> 
     </span>
    </p>
   </div>
   <div class='ocr_carea' id='block_1_69' title="bbox 239 4527 1908 4601">
    <p class='ocr_par' dir='ltr' id='par_1_69' title="bbox 239 4527 1908 4601">
     <span class='ocr_line' id='line_1_69' title="bbox 239 4527 1908 4601; baseline -0.004 -13"><span class='ocrx_word' id='word_1_535' title='bbox 239 4533 549 4589; x_wconf 88' lang='lat' dir='ltr'><strong>continuis</strong></span> <span class='ocrx_word' id='word_1_536' title='bbox 609 4530 856 4601; x_wconf 73' lang='lat' dir='ltr'><strong>vigiliis</strong></span> <span class='ocrx_word' id='word_1_537' title='bbox 890 4545 1038 4598; x_wconf 86' lang='lat' dir='ltr'><strong>opus</strong></span> <span class='ocrx_word' id='word_1_538' title='bbox 1060 4527 1072 4529; x_wconf 72' lang='grc'><em>’</em></span> <span class='ocrx_word' id='word_1_539' title='bbox 1100 4529 1313 4584; x_wconf 86' lang='lat' dir='ltr'><strong>habere</strong></span> <span class='ocrx_word' id='word_1_540' title='bbox 1363 4527 1670 4601; x_wconf 78' lang='lat' dir='ltr'><strong>horologia</strong></span> <span class='ocrx_word' id='word_1_541' title='bbox 1707 4533 1908 4582; x_wconf 88' lang='lat' dir='ltr'><strong>nostra</strong></span> 
     </span>
    </p>
   </div>
   <div class='ocr_carea' id='block_1_70' title="bbox 241 4598 1904 4675">
    <p class='ocr_par' dir='ltr' id='par_1_70' title="bbox 241 4598 1904 4675">
     <span class='ocr_line' id='line_1_70' title="bbox 241 4598 1904 4675; baseline -0.004 -16"><span class='ocrx_word' id='word_1_542' title='bbox 241 4607 480 4675; x_wconf 87' lang='lat' dir='ltr'><strong>majora</strong></span> <span class='ocrx_word' id='word_1_543' title='bbox 509 4598 812 4675; x_wconf 78' lang='lat' dir='ltr'><strong>campanis</strong></span> <span class='ocrx_word' id='word_1_544' title='bbox 843 4599 1152 4675; x_wconf 73' lang='lat' dir='ltr'><strong>instructa,</strong></span> <span class='ocrx_word' id='word_1_545' title='bbox 1183 4615 1356 4656; x_wconf 89' lang='lat' dir='ltr'><strong>nemo</strong></span> <span class='ocrx_word' id='word_1_546' title='bbox 1396 4604 1482 4675; x_wconf 74' lang='lat' dir='ltr'><strong>est</strong></span> <span class='ocrx_word' id='word_1_547' title='bbox 1523 4600 1614 4675; x_wconf 79' lang='lat' dir='ltr'><strong>qui</strong></span> <span class='ocrx_word' id='word_1_548' title='bbox 1652 4598 1904 4675; x_wconf 81' lang='lat' dir='ltr'><strong>ignoret.</strong></span> 
     </span>
    </p>
   </div>
   <div class='ocr_carea' id='block_1_71' title="bbox 238 4669 1908 4748">
    <p class='ocr_par' dir='ltr' id='par_1_71' title="bbox 238 4669 1908 4748">
     <span class='ocr_line' id='line_1_71' title="bbox 238 4669 1908 4748; baseline -0.004 -17"><span class='ocrx_word' id='word_1_549' title='bbox 238 4669 453 4748; x_wconf 76' lang='lat' dir='ltr'><strong>Neque</strong></span> <span class='ocrx_word' id='word_1_550' title='bbox 486 4675 570 4748; x_wconf 24' lang='lat' dir='ltr'><strong>Ade</strong></span> <span class='ocrx_word' id='word_1_551' title='bbox 612 4669 909 4745; x_wconf 70' lang='grc' dir='ltr'>σὴμᾶντρῳ</span> <span class='ocrx_word' id='word_1_552' title='bbox 956 4671 1148 4748; x_wconf 88' lang='lat' dir='ltr'><strong>ligneo</strong></span> <span class='ocrx_word' id='word_1_553' title='bbox 1199 4671 1504 4748; x_wconf 80' lang='lat' dir='ltr'><strong>commode</strong></span> <span class='ocrx_word' id='word_1_554' title='bbox 1552 4670 1666 4748; x_wconf 80' lang='lat' dir='ltr'><strong>dici</strong></span> <span class='ocrx_word' id='word_1_555' title='bbox 1718 4675 1908 4741; x_wconf 79' lang='lat' dir='ltr'><strong>potest</strong></span> 
     </span>
    </p>
   </div>
   <div class='ocr_carea' id='block_1_72' title="bbox 238 4741 1907 4817">
    <p class='ocr_par' dir='ltr' id='par_1_72' title="bbox 238 4741 1907 4817">
     <span class='ocr_line' id='line_1_72' title="bbox 238 4741 1907 4817; baseline -0.005 -15"><span class='ocrx_word' id='word_1_556' title='bbox 238 4741 560 4817; x_wconf 72' lang='lat' dir='ltr'><strong>reparatio,</strong></span> <span class='ocrx_word' id='word_1_557' title='bbox 602 4741 700 4802; x_wconf 83' lang='lat' dir='ltr'><strong>cui</strong></span> <span class='ocrx_word' id='word_1_558' title='bbox 736 4741 1373 4817; x_wconf 8' lang='lat' dir='ltr'><strong>nong&#39;mathemsticum</strong></span> <span class='ocrx_word' id='word_1_559' title='bbox 1407 4741 1907 4817; x_wconf 79' lang='lat' dir='ltr'><strong>_hominem_op_us</strong></span> 
     </span>
    </p>
   </div>
   <div class='ocr_carea' id='block_1_73' title="bbox 240 4811 1903 4887">
    <p class='ocr_par' dir='ltr' id='par_1_73' title="bbox 240 4811 1903 4887">
     <span class='ocr_line' id='line_1_73' title="bbox 240 4811 1903 4887; baseline -0.005 -13"><span class='ocrx_word' id='word_1_560' title='bbox 240 4811 361 4884; x_wconf 74' lang='lat' dir='ltr'><strong>est,</strong></span> <span class='ocrx_word' id='word_1_561' title='bbox 393 4817 496 4874; x_wconf 90' lang='lat' dir='ltr'><strong>sed</strong></span> <span class='ocrx_word' id='word_1_562' title='bbox 531 4811 760 4873; x_wconf 86' lang='lat' dir='ltr'><strong>tantum</strong></span> <span class='ocrx_word' id='word_1_563' title='bbox 785 4815 1080 4887; x_wconf 86' lang='lat' dir='ltr'><strong>vulgarem</strong></span> <span class='ocrx_word' id='word_1_564' title='bbox 1104 4814 1328 4870; x_wconf 87' lang='lat' dir='ltr'><strong>fabrum</strong></span> <span class='ocrx_word' id='word_1_565' title='bbox 1353 4813 1625 4869; x_wconf 87' lang='lat' dir='ltr'><strong>adhibere</strong></span> <span class='ocrx_word' id='word_1_566' title='bbox 1647 4811 1866 4887; x_wconf 76' lang='lat' dir='ltr'><strong>sufﬁcit</strong></span> <span class='ocrx_word' id='word_1_567' title='bbox 1890 4826 1903 4879; x_wconf 89' lang='lat'><strong>;</strong></span> 
     </span>
    </p>
   </div>
   <div class='ocr_carea' id='block_1_74' title="bbox 241 4883 1906 4962">
    <p class='ocr_par' dir='ltr' id='par_1_74' title="bbox 241 4883 1906 4962">
     <span class='ocr_line' id='line_1_74' title="bbox 241 4883 1906 4962; baseline -0.005 -16"><span class='ocrx_word' id='word_1_568' title='bbox 241 4883 525 4962; x_wconf 79' lang='lat' dir='ltr'><strong>quamvis</strong></span> <span class='ocrx_word' id='word_1_569' title='bbox 581 4889 654 4962; x_wconf 85' lang='lat' dir='ltr'><strong>de</strong></span> <span class='ocrx_word' id='word_1_570' title='bbox 701 4887 803 4944; x_wconf 89' lang='lat' dir='ltr'><strong>tali</strong></span> <span class='ocrx_word' id='word_1_571' title='bbox 855 4883 1046 4962; x_wconf 61' lang='lat' dir='ltr'><strong>ligneo</strong></span> <span class='ocrx_word' id='word_1_572' title='bbox 1101 4887 1270 4962; x_wconf 84' lang='lat' dir='ltr'><strong>signo</strong></span> <span class='ocrx_word' id='word_1_573' title='bbox 1314 4887 1563 4962; x_wconf 59' lang='lat' dir='ltr'><strong>rectius,</strong></span> <span class='ocrx_word' id='word_1_574' title='bbox 1605 4899 1782 4962; x_wconf 83' lang='lat' dir='ltr'><strong>quam</strong></span> <span class='ocrx_word' id='word_1_575' title='bbox 1819 4883 1906 4962; x_wconf 84' lang='lat' dir='ltr'><strong>_de</strong></span> 
     </span>
    </p>
   </div>
   <div class='ocr_carea' id='block_1_75' title="bbox 243 4955 1906 5026">
    <p class='ocr_par' dir='ltr' id='par_1_75' title="bbox 243 4955 1906 5026">
     <span class='ocr_line' id='line_1_75' title="bbox 243 4955 1906 5026; baseline -0.005 -8"><span class='ocrx_word' id='word_1_576' title='bbox 243 4955 546 5026; x_wconf 72' lang='lat' dir='ltr'><strong>sciaterio,</strong></span> <span class='ocrx_word' id='word_1_577' title='bbox 594 4959 823 5016; x_wconf 89' lang='lat' dir='ltr'><strong>dicatur</strong></span> <span class='ocrx_word' id='word_1_578' title='bbox 859 4955 927 5014; x_wconf 42' lang='lat' dir='ltr'><strong>id’</strong></span> <span class='ocrx_word' id='word_1_579' title='bbox 961 4955 1270 5014; x_wconf 72' lang='lat' dir='ltr'><strong>observari.</strong></span> <span class='ocrx_word' id='word_1_580' title='bbox 1314 4956 1460 5012; x_wconf 91' lang='lat' dir='ltr'><strong>Nam</strong></span> <span class='ocrx_word' id='word_1_581' title='bbox 1505 4955 1650 5010; x_wconf 89' lang='lat' dir='ltr'><strong>illud</strong></span> <span class='ocrx_word' id='word_1_582' title='bbox 1693 4955 1906 5025; x_wconf 82' lang='lat' dir='ltr'><strong>saepius</strong></span> 
     </span>
    </p>
   </div>
   <div class='ocr_carea' id='block_1_76' title="bbox 245 5026 1906 5106">
    <p class='ocr_par' dir='ltr' id='par_1_76' title="bbox 245 5026 1906 5106">
     <span class='ocr_line' id='line_1_76' title="bbox 245 5026 1906 5106; baseline -0.005 -17"><span class='ocrx_word' id='word_1_583' title='bbox 245 5050 356 5106; x_wconf 87' lang='lat' dir='ltr'><strong>per</strong></span> <span class='ocrx_word' id='word_1_584' title='bbox 385 5033 541 5089; x_wconf 92' lang='lat' dir='ltr'><strong>diem</strong></span> <span class='ocrx_word' id='word_1_585' title='bbox 576 5031 797 5104; x_wconf 90' lang='lat' dir='ltr'><strong>pulsari</strong></span> <span class='ocrx_word' id='word_1_586' title='bbox 829 5030 1100 5106; x_wconf 75' lang='lat' dir='ltr'><strong>debebat.</strong></span> <span class='ocrx_word' id='word_1_587' title='bbox 1133 5035 1190 5085; x_wconf 90' lang='lat' dir='ltr'><strong>et</strong></span> <span class='ocrx_word' id='word_1_588' title='bbox 1223 5034 1420 5106; x_wconf 83' lang='lat' dir='ltr'><strong>narrat</strong></span> <span class='ocrx_word' id='word_1_589' title='bbox 1449 5027 1811 5106; x_wconf 63' lang='lat' dir='ltr'><strong>Brocbardus</strong></span> <span class='ocrx_word' id='word_1_590' title='bbox 1849 5026 1906 5080; x_wconf 91' lang='lat' dir='ltr'><strong>in</strong></span> 
     </span>
    </p>
   </div>
   <div class='ocr_carea' id='block_1_77' title="bbox 247 5098 1913 5174">
    <p class='ocr_par' dir='ltr' id='par_1_77' title="bbox 247 5098 1913 5174">
     <span class='ocr_line' id='line_1_77' title="bbox 247 5098 1913 5174; baseline -0.003 -15"><span class='ocrx_word' id='word_1_591' title='bbox 247 5098 535 5174; x_wconf 70' lang='lat' dir='ltr'><strong>Elescript.</strong></span> <span class='ocrx_word' id='word_1_592' title='bbox 569 5098 732 5159; x_wconf 75' lang='lat' dir='ltr'><strong>terras</strong></span> <span class='ocrx_word' id='word_1_593' title='bbox 765 5107 1001 5174; x_wconf 55' lang='lat' dir='ltr'><strong>sanctae,</strong></span> <span class='ocrx_word' id='word_1_594' title='bbox 1028 5100 1397 5158; x_wconf 84' lang='lat' dir='ltr'><strong>Nestorianos</strong></span> <span class='ocrx_word' id='word_1_595' title='bbox 1420 5101 1490 5154; x_wconf 91' lang='lat' dir='ltr'><strong>ad</strong></span> <span class='ocrx_word' id='word_1_596' title='bbox 1515 5115 1717 5155; x_wconf 92' lang='lat' dir='ltr'><strong>omnes</strong></span> <span class='ocrx_word' id='word_1_597' title='bbox 1740 5098 1913 5154; x_wconf 88' lang='lat' dir='ltr'><strong>horas</strong></span> 
     </span>
    </p>
   </div>
   <div class='ocr_carea' id='block_1_78' title="bbox 247 5172 1908 5248">
    <p class='ocr_par' dir='ltr' id='par_1_78' title="bbox 247 5172 1908 5248">
     <span class='ocr_line' id='line_1_78' title="bbox 247 5172 1908 5248; baseline -0.005 -16"><span class='ocrx_word' id='word_1_598' title='bbox 247 5172 494 5248; x_wconf 77' lang='lat' dir='ltr'><strong>signum</strong></span> <span class='ocrx_word' id='word_1_599' title='bbox 532 5175 727 5248; x_wconf 81' lang='lat' dir='ltr'><strong>facere</strong></span> <span class='ocrx_word' id='word_1_600' title='bbox 747 5174 938 5248; x_wconf 71' lang='lat' dir='ltr'><strong>tabula</strong></span> <span class='ocrx_word' id='word_1_601' title='bbox 967 5172 1191 5248; x_wconf 62' lang='lat' dir='ltr'><strong>lignea,</strong></span> <span class='ocrx_word' id='word_1_602' title='bbox 1213 5174 1908 5248; x_wconf 60' lang='lat' dir='ltr'><strong>defectucampanarum,</strong></span> 
     </span>
    </p>
   </div>
   <div class='ocr_carea' id='block_1_79' title="bbox 245 5243 1909 5316">
    <p class='ocr_par' dir='ltr' id='par_1_79' title="bbox 245 5243 1909 5316">
     <span class='ocr_line' id='line_1_79' title="bbox 245 5243 1909 5316; baseline -0.004 -13"><span class='ocrx_word' id='word_1_603' title='bbox 245 5243 374 5305; x_wconf 77' lang='lat' dir='ltr'><strong>vid.</strong></span> <span class='ocrx_word' id='word_1_604' title='bbox 423 5267 478 5316; x_wconf 81' lang='grc' dir='ltr'>ρ.</span> <span class='ocrx_word' id='word_1_605' title='bbox 520 5247 627 5303; x_wconf 84' lang='grc'><strong>335</strong></span> <span class='ocrx_word' id='word_1_606' title='bbox 665 5247 804 5303; x_wconf 87' lang='lat' dir='ltr'><strong>edit.</strong></span> <span class='ocrx_word' id='word_1_607' title='bbox 845 5244 1095 5316; x_wconf 71' lang='lat' dir='ltr'><strong>Grynaei.</strong></span> <span class='ocrx_word' id='word_1_608' title='bbox 1135 5244 1282 5316; x_wconf 82' lang='lat' dir='ltr'><strong>Mihi</strong></span> <span class='ocrx_word' id='word_1_609' title='bbox 1322 5243 1559 5316; x_wconf 86' lang='lat' dir='ltr'><strong>quidem</strong></span> <span class='ocrx_word' id='word_1_610' title='bbox 1600 5243 1747 5316; x_wconf 88' lang='lat' dir='ltr'><strong>satis</strong></span> <span class='ocrx_word' id='word_1_611' title='bbox 1786 5247 1909 5297; x_wconf 90' lang='lat' dir='ltr'><strong>esto</strong></span> 
     </span>
    </p>
   </div>
   <div class='ocr_carea' id='block_1_80' title="bbox 247 5315 1903 5389">
    <p class='ocr_par' dir='ltr' id='par_1_80' title="bbox 247 5315 1903 5389">
     <span class='ocr_line' id='line_1_80' title="bbox 247 5315 1903 5389; baseline -0.007 -13"><span class='ocrx_word' id='word_1_612' title='bbox 247 5336 376 5376; x_wconf 86' lang='lat' dir='ltr'><strong>rem</strong></span> <span class='ocrx_word' id='word_1_613' title='bbox 416 5315 479 5375; x_wconf 85' lang='lat' dir='ltr'><strong>in</strong></span> <span class='ocrx_word' id='word_1_614' title='bbox 513 5319 704 5375; x_wconf 90' lang='lat' dir='ltr'><strong>medio</strong></span> <span class='ocrx_word' id='word_1_615' title='bbox 738 5333 950 5389; x_wconf 90' lang='lat' dir='ltr'><strong>ponere</strong></span> <span class='ocrx_word' id='word_1_616' title='bbox 990 5315 1248 5389; x_wconf 85' lang='lat' dir='ltr'><strong>ulteriori</strong></span> <span class='ocrx_word' id='word_1_617' title='bbox 1289 5315 1540 5370; x_wconf 85' lang='lat' dir='ltr'><strong>examini</strong></span> <span class='ocrx_word' id='word_1_618' title='bbox 1580 5315 1903 5389; x_wconf 80' lang='lat' dir='ltr'><strong>doctorum.</strong></span> 
     </span>
    </p>
   </div>
   <div class='ocr_carea' id='block_1_81' title="bbox 249 5384 1909 5459">
    <p class='ocr_par' dir='ltr' id='par_1_81' title="bbox 249 5384 1909 5459">
     <span class='ocr_line' id='line_1_81' title="bbox 249 5384 1909 5459; baseline -0.004 -15"><span class='ocrx_word' id='word_1_619' title='bbox 249 5394 475 5448; x_wconf 62' lang='lat' dir='ltr'><strong>Praeter</strong></span> <span class='ocrx_word' id='word_1_620' title='bbox 521 5391 666 5446; x_wconf 84' lang='lat' dir='ltr'><strong>alios</strong></span> <span class='ocrx_word' id='word_1_621' title='bbox 724 5384 964 5454; x_wconf 72' lang='lat' dir='ltr'><strong>inultos,</strong></span> <span class='ocrx_word' id='word_1_622' title='bbox 1015 5387 1114 5459; x_wconf 90' lang='lat' dir='ltr'><strong>qui</strong></span> <span class='ocrx_word' id='word_1_623' title='bbox 1165 5387 1236 5444; x_wconf 89' lang='lat' dir='ltr'><strong>de</strong></span> <span class='ocrx_word' id='word_1_624' title='bbox 1285 5395 1539 5459; x_wconf 76' lang='lat' dir='ltr'><strong>Veterum</strong></span> <span class='ocrx_word' id='word_1_625' title='bbox 1592 5384 1909 5459; x_wconf 59' lang='lat' dir='ltr'><strong>horologiis</strong></span> 
     </span>
    </p>
   </div>
   <div class='ocr_carea' id='block_1_82' title="bbox 247 5455 1905 5533">
    <p class='ocr_par' dir='ltr' id='par_1_82' title="bbox 247 5455 1905 5533">
     <span class='ocr_line' id='line_1_82' title="bbox 247 5455 1905 5533; baseline -0.004 -15"><span class='ocrx_word' id='word_1_626' title='bbox 247 5464 651 5533; x_wconf 78' lang='lat' dir='ltr'><strong>disputarunt,</strong></span> <span class='ocrx_word' id='word_1_627' title='bbox 717 5477 863 5530; x_wconf 90' lang='lat' dir='ltr'><strong>quos</strong></span> <span class='ocrx_word' id='word_1_628' title='bbox 927 5455 1905 5533; x_wconf 78' lang='lat' dir='ltr'><strong>Zimmermannus_in_Flo_rilegio</strong></span> 
     </span>
    </p>
   </div>
   <div class='ocr_carea' id='block_1_83' title="bbox 246 5527 1906 5606">
    <p class='ocr_par' dir='ltr' id='par_1_83' title="bbox 246 5527 1906 5606">
     <span class='ocr_line' id='line_1_83' title="bbox 246 5527 1906 5606; baseline -0.006 -16"><span class='ocrx_word' id='word_1_629' title='bbox 246 5527 613 5606; x_wconf 44' lang='lat' dir='ltr'><strong>Phi&#39;lologico</strong></span> <span class='ocrx_word' id='word_1_630' title='bbox 640 5527 695 5588; x_wconf 11' lang='lat' dir='ltr'><strong>iv.</strong></span> <span class='ocrx_word' id='word_1_631' title='bbox 739 5527 1111 5606; x_wconf 67' lang='lat' dir='ltr'><strong>Horologium,</strong></span> <span class='ocrx_word' id='word_1_632' title='bbox 1147 5536 1204 5585; x_wconf 91' lang='lat' dir='ltr'><strong>et</strong></span> <span class='ocrx_word' id='word_1_633' title='bbox 1243 5530 1536 5586; x_wconf 85' lang='lat' dir='ltr'><strong>Fabricius</strong></span> <span class='ocrx_word' id='word_1_634' title='bbox 1576 5527 1634 5583; x_wconf 88' lang='lat' dir='ltr'><strong>in</strong></span> <span class='ocrx_word' id='word_1_635' title='bbox 1685 5527 1906 5606; x_wconf 79' lang='lat' dir='ltr'><strong>Biblio—</strong></span> 
     </span>
    </p>
   </div>
   <div class='ocr_carea' id='block_1_84' title="bbox 243 5599 1902 5679">
    <p class='ocr_par' dir='ltr' id='par_1_84' title="bbox 243 5599 1902 5679">
     <span class='ocr_line' id='line_1_84' title="bbox 243 5599 1902 5679; baseline -0.006 -16"><span class='ocrx_word' id='word_1_636' title='bbox 243 5599 893 5679; x_wconf 57' lang='lat' dir='ltr'><strong>graphia&#39;Antiquaria</strong></span> <span class='ocrx_word' id='word_1_637' title='bbox 937 5599 1274 5679; x_wconf 53' lang='lat' dir='ltr'><strong>recensent,</strong></span> <span class='ocrx_word' id='word_1_638' title='bbox 1329 5607 1738 5679; x_wconf 70' lang='lat' dir='ltr'><strong>argumentum</strong></span> <span class='ocrx_word' id='word_1_639' title='bbox 1795 5599 1902 5679; x_wconf 88' lang='lat' dir='ltr'><strong>hoc</strong></span> 
     </span>
    </p>
   </div>
   <div class='ocr_carea' id='block_1_85' title="bbox 243 5672 1902 5742">
    <p class='ocr_par' dir='ltr' id='par_1_85' title="bbox 243 5672 1902 5742">
     <span class='ocr_line' id='line_1_85' title="bbox 243 5672 1902 5742; baseline -0.005 -7"><span class='ocrx_word' id='word_1_640' title='bbox 243 5672 659 5735; x_wconf 60' lang='lat' dir='ltr'><strong>recentissima</strong></span> <span class='ocrx_word' id='word_1_641' title='bbox 706 5672 985 5732; x_wconf 73' lang='lat' dir='ltr'><strong>memoria</strong></span> <span class='ocrx_word' id='word_1_642' title='bbox 1026 5675 1350 5742; x_wconf 81' lang='lat' dir='ltr'><strong>attigerunt</strong></span> <span class='ocrx_word' id='word_1_643' title='bbox 1399 5674 1505 5730; x_wconf 91' lang='lat' dir='ltr'><strong>Dn.</strong></span> <span class='ocrx_word' id='word_1_644' title='bbox 1553 5673 1623 5727; x_wconf 92' lang='lat' dir='ltr'><strong>de</strong></span> <span class='ocrx_word' id='word_1_645' title='bbox 1673 5672 1902 5726; x_wconf 76' lang='lat' dir='ltr'><strong>lluretle</strong></span> 
     </span>
    </p>
   </div>
   <div class='ocr_carea' id='block_1_86' title="bbox 243 5743 1898 5822">
    <p class='ocr_par' dir='ltr' id='par_1_86' title="bbox 243 5743 1898 5822">
     <span class='ocr_line' id='line_1_86' title="bbox 243 5743 1898 5822; baseline -0.005 -13"><span class='ocrx_word' id='word_1_646' title='bbox 243 5751 403 5810; x_wconf 83' lang='lat' dir='ltr'><strong>dans</strong></span> <span class='ocrx_word' id='word_1_647' title='bbox 433 5750 520 5808; x_wconf 74' lang='lat' dir='ltr'><strong>les</strong></span> <span class='ocrx_word' id='word_1_648' title='bbox 549 5747 834 5807; x_wconf 69' lang='lat' dir='ltr'><strong>.lldmoires</strong></span> <span class='ocrx_word' id='word_1_649' title='bbox 859 5749 924 5804; x_wconf 78' lang='lat' dir='ltr'><strong>de</strong></span> <span class='ocrx_word' id='word_1_650' title='bbox 948 5745 1278 5804; x_wconf 71' lang='lat' dir='ltr'><strong>l’Acaddmie</strong></span> <span class='ocrx_word' id='word_1_651' title='bbox 1306 5744 1524 5822; x_wconf 70' lang='lat' dir='ltr'><strong>Royal:</strong></span> <span class='ocrx_word' id='word_1_652' title='bbox 1543 5743 1634 5804; x_wconf 75' lang='lat' dir='ltr'><strong>du</strong></span> <span class='ocrx_word' id='word_1_653' title='bbox 1662 5743 1898 5818; x_wconf 72' lang='lat' dir='ltr'><strong>Inscrip-</strong></span> 
     </span>
    </p>
   </div>
   <div class='ocr_carea' id='block_1_87' title="bbox 579 5870 1236 5940">
    <p class='ocr_par' dir='ltr' id='par_1_87' title="bbox 579 5870 1236 5940">
     <span class='ocr_line' id='line_1_87' title="bbox 579 5870 1236 5940; baseline -0.008 -1"><span class='ocrx_word' id='word_1_654' title='bbox 579 5874 847 5939; x_wconf 68' lang='lat' dir='ltr'><strong>Puaet.</strong></span> <span class='ocrx_word' id='word_1_655' title='bbox 897 5873 1008 5937; x_wconf 82' lang='lat' dir='ltr'><strong>Ga.</strong></span> <span class='ocrx_word' id='word_1_656' title='bbox 1053 5870 1236 5940; x_wconf 82' lang='lat' dir='ltr'><strong>CXII.</strong></span> 
     </span>
    </p>
   </div>
   <div class='ocr_carea' id='block_1_88' title="bbox 2006 2455 3670 2530">
    <p class='ocr_par' dir='ltr' id='par_1_88' title="bbox 2006 2455 3670 2530">
     <span class='ocr_line' id='line_1_88' title="bbox 2006 2455 3670 2530; baseline 0.003 -20"><span class='ocrx_word' id='word_1_657' title='bbox 2006 2456 2412 2530; x_wconf 58' lang='lat' dir='ltr'><strong>Autiqu._ltal.</strong></span> <span class='ocrx_word' id='word_1_658' title='bbox 2449 2473 2504 2526; x_wconf 93' lang='lat' dir='ltr'><strong>p.</strong></span> <span class='ocrx_word' id='word_1_659' title='bbox 2540 2457 2667 2525; x_wconf 88' lang='lat'><strong>389,</strong></span> <span class='ocrx_word' id='word_1_660' title='bbox 2701 2455 2797 2511; x_wconf 91' lang='lat' dir='ltr'><strong>ubi</strong></span> <span class='ocrx_word' id='word_1_661' title='bbox 2830 2457 3140 2530; x_wconf 86' lang='lat' dir='ltr'><strong>inter_alia</strong></span> <span class='ocrx_word' id='word_1_662' title='bbox 3183 2455 3450 2527; x_wconf 74' lang='lat' dir='ltr'><strong>miratur,</strong></span> <span class='ocrx_word' id='word_1_663' title='bbox 3490 2475 3670 2530; x_wconf 87' lang='lat' dir='ltr'><strong>quare</strong></span> 
     </span>
    </p>
   </div>
   <div class='ocr_carea' id='block_1_89' title="bbox 2008 2526 3665 2598">
    <p class='ocr_par' dir='ltr' id='par_1_89' title="bbox 2008 2526 3665 2598">
     <span class='ocr_line' id='line_1_89' title="bbox 2008 2526 3665 2598; baseline 0.002 -17"><span class='ocrx_word' id='word_1_664' title='bbox 2008 2527 2067 2582; x_wconf 90' lang='lat' dir='ltr'><strong>in</strong></span> <span class='ocrx_word' id='word_1_665' title='bbox 2110 2526 2288 2583; x_wconf 87' lang='lat' dir='ltr'><strong>veteri</strong></span> <span class='ocrx_word' id='word_1_666' title='bbox 2321 2526 2540 2598; x_wconf 78' lang='lat' dir='ltr'><strong>charta,</strong></span> <span class='ocrx_word' id='word_1_667' title='bbox 2566 2545 2742 2598; x_wconf 90' lang='lat' dir='ltr'><strong>quam</strong></span> <span class='ocrx_word' id='word_1_668' title='bbox 2771 2526 3665 2597; x_wconf 58' lang='lat' dir='ltr'><strong>producit,memoreturnobturc</strong></span> 
     </span>
    </p>
   </div>
   <div class='ocr_carea' id='block_1_90' title="bbox 2006 2597 3662 2672">
    <p class='ocr_par' dir='ltr' id='par_1_90' title="bbox 2006 2597 3662 2672">
     <span class='ocr_line' id='line_1_90' title="bbox 2006 2597 3662 2672; baseline 0.002 -20"><span class='ocrx_word' id='word_1_669' title='bbox 2006 2615 2141 2653; x_wconf 85' lang='lat' dir='ltr'><strong>num</strong></span> <span class='ocrx_word' id='word_1_670' title='bbox 2184 2597 2552 2672; x_wconf 69' lang='lat' dir='ltr'><strong>horologium.</strong></span> <span class='ocrx_word' id='word_1_671' title='bbox 2588 2597 2735 2672; x_wconf 25' lang='lat' dir='ltr'><strong>’Non</strong></span> <span class='ocrx_word' id='word_1_672' title='bbox 2782 2601 3142 2672; x_wconf 82' lang='lat' dir='ltr'><strong>recogitabat</strong></span> <span class='ocrx_word' id='word_1_673' title='bbox 3193 2602 3412 2657; x_wconf 82' lang='lat' dir='ltr'><strong>scilicet</strong></span> <span class='ocrx_word' id='word_1_674' title='bbox 3459 2601 3527 2655; x_wconf 88' lang='lat' dir='ltr'><strong>V.</strong></span> <span class='ocrx_word' id='word_1_675' title='bbox 3576 2603 3662 2672; x_wconf 90' lang='lat' dir='ltr'><strong>D.,</strong></span> 
     </span>
    </p>
   </div>
   <div class='ocr_carea' id='block_1_91' title="bbox 2007 2669 3662 2744">
    <p class='ocr_par' dir='ltr' id='par_1_91' title="bbox 2007 2669 3662 2744">
     <span class='ocr_line' id='line_1_91' title="bbox 2007 2669 3662 2744; baseline 0.003 -21"><span class='ocrx_word' id='word_1_676' title='bbox 2007 2676 2232 2744; x_wconf 81' lang='lat' dir='ltr'><strong>veteres</strong></span> <span class='ocrx_word' id='word_1_677' title='bbox 2275 2685 2374 2744; x_wconf 78' lang='lat' dir='ltr'><strong>per</strong></span> <span class='ocrx_word' id='word_1_678' title='bbox 2408 2671 2560 2744; x_wconf 83' lang='lat' dir='ltr'><strong>diem</strong></span> <span class='ocrx_word' id='word_1_679' title='bbox 2599 2671 2670 2744; x_wconf 81' lang='lat' dir='ltr'><strong>ad</strong></span> <span class='ocrx_word' id='word_1_680' title='bbox 2726 2669 2943 2726; x_wconf 61' lang='lat' dir='ltr'><strong>solaris:</strong></span> <span class='ocrx_word' id='word_1_681' title='bbox 2978 2672 3276 2744; x_wconf 84' lang='lat' dir='ltr'><strong>horologia</strong></span> <span class='ocrx_word' id='word_1_682' title='bbox 3318 2669 3662 2742; x_wconf 73' lang='lat' dir='ltr'><strong>respexisse,</strong></span> 
     </span>
    </p>
   </div>
   <div class='ocr_carea' id='block_1_92' title="bbox 2010 2740 3662 2812">
    <p class='ocr_par' dir='ltr' id='par_1_92' title="bbox 2010 2740 3662 2812">
     <span class='ocr_line' id='line_1_92' title="bbox 2010 2740 3662 2812; baseline 0.002 -17"><span class='ocrx_word' id='word_1_683' title='bbox 2010 2742 2080 2796; x_wconf 85' lang='lat' dir='ltr'><strong>de</strong></span> <span class='ocrx_word' id='word_1_684' title='bbox 2110 2755 2276 2796; x_wconf 84' lang='lat' dir='ltr'><strong>nocte</strong></span> <span class='ocrx_word' id='word_1_685' title='bbox 2307 2741 2377 2796; x_wconf 89' lang='lat' dir='ltr'><strong>ad</strong></span> <span class='ocrx_word' id='word_1_686' title='bbox 2412 2740 2769 2812; x_wconf 77' lang='lat' dir='ltr'><strong>clepsydras.</strong></span> <span class='ocrx_word' id='word_1_687' title='bbox 2801 2747 2900 2797; x_wconf 89' lang='lat' dir='ltr'><strong>aut</strong></span> <span class='ocrx_word' id='word_1_688' title='bbox 2939 2747 3113 2798; x_wconf 87' lang='lat' dir='ltr'><strong>etiam</strong></span> <span class='ocrx_word' id='word_1_689' title='bbox 3157 2740 3230 2798; x_wconf 67' lang='lat' dir='ltr'><strong>ad</strong></span> <span class='ocrx_word' id='word_1_690' title='bbox 3273 2740 3662 2812; x_wconf 82' lang='lat' dir='ltr'><strong>campanalia,</strong></span> 
     </span>
    </p>
   </div>
   <div class='ocr_carea' id='block_1_93' title="bbox 2008 2812 3666 2884">
    <p class='ocr_par' dir='ltr' id='par_1_93' title="bbox 2008 2812 3666 2884">
     <span class='ocr_line' id='line_1_93' title="bbox 2008 2812 3666 2884; baseline 0.002 -17"><span class='ocrx_word' id='word_1_691' title='bbox 2008 2816 2058 2868; x_wconf 88' lang='lat' dir='ltr'><strong>si</strong></span> <span class='ocrx_word' id='word_1_692' title='bbox 2101 2829 2228 2882; x_wconf 67' lang='lat' dir='ltr'><strong>quae</strong></span> <span class='ocrx_word' id='word_1_693' title='bbox 2265 2813 2408 2884; x_wconf 88' lang='lat' dir='ltr'><strong>forte</strong></span> <span class='ocrx_word' id='word_1_694' title='bbox 2449 2813 2724 2867; x_wconf 91' lang='lat' dir='ltr'><strong>habuere.</strong></span> <span class='ocrx_word' id='word_1_695' title='bbox 2769 2812 2834 2868; x_wconf 86' lang='lat' dir='ltr'><strong>Et</strong></span> <span class='ocrx_word' id='word_1_696' title='bbox 2873 2829 2940 2868; x_wconf 91' lang='lat' dir='ltr'><strong>eo</strong></span> <span class='ocrx_word' id='word_1_697' title='bbox 2986 2830 3223 2881; x_wconf 89' lang='lat' dir='ltr'><strong>prorsus</strong></span> <span class='ocrx_word' id='word_1_698' title='bbox 3272 2816 3440 2870; x_wconf 90' lang='lat' dir='ltr'><strong>modo</strong></span> <span class='ocrx_word' id='word_1_699' title='bbox 3479 2817 3666 2884; x_wconf 89' lang='lat' dir='ltr'><strong>accipi</strong></span> 
     </span>
    </p>
   </div>
   <div class='ocr_carea' id='block_1_94' title="bbox 2009 2883 3661 2954">
    <p class='ocr_par' dir='ltr' id='par_1_94' title="bbox 2009 2883 3661 2954">
     <span class='ocr_line' id='line_1_94' title="bbox 2009 2883 3661 2954; baseline 0.002 -16"><span class='ocrx_word' id='word_1_700' title='bbox 2009 2884 2182 2938; x_wconf 86' lang='lat' dir='ltr'><strong>debet</strong></span> <span class='ocrx_word' id='word_1_701' title='bbox 2210 2883 2590 2938; x_wconf 83' lang='lat' dir='ltr'><strong>Aristoxenus</strong></span> <span class='ocrx_word' id='word_1_702' title='bbox 2621 2886 2772 2953; x_wconf 89' lang='lat' dir='ltr'><strong>apud</strong></span> <span class='ocrx_word' id='word_1_703' title='bbox 2804 2886 3142 2940; x_wconf 66' lang='lat' dir='ltr'><strong>Athenaeum</strong></span> <span class='ocrx_word' id='word_1_704' title='bbox 3171 2903 3226 2954; x_wconf 91' lang='lat' dir='ltr'><strong>p.</strong></span> <span class='ocrx_word' id='word_1_705' title='bbox 3251 2886 3386 2954; x_wconf 15' lang='lat'><strong>7174,</strong></span> <span class='ocrx_word' id='word_1_706' title='bbox 3415 2883 3661 2942; x_wconf 86' lang='lat' dir='ltr'><strong>narrans</strong></span> 
     </span>
    </p>
   </div>
   <div class='ocr_carea' id='block_1_95' title="bbox 2009 2953 3661 3030">
    <p class='ocr_par' dir='ltr' id='par_1_95' title="bbox 2009 2953 3661 3030">
     <span class='ocr_line' id='line_1_95' title="bbox 2009 2953 3661 3030; baseline 0 -20"><span class='ocrx_word' id='word_1_707' title='bbox 2009 2955 2305 3030; x_wconf 76' lang='lat' dir='ltr'><strong>Platonem</strong></span> <span class='ocrx_word' id='word_1_708' title='bbox 2356 2955 2467 3009; x_wconf 77' lang='lat' dir='ltr'><strong>sibi</strong></span> <span class='ocrx_word' id='word_1_709' title='bbox 2519 2956 2723 3030; x_wconf 72' lang='lat' dir='ltr'><strong>fecisse</strong></span> <span class='ocrx_word' id='word_1_710' title='bbox 2766 2955 3074 3028; x_wconf 86' lang='grc' dir='ltr'>νυκτερινὸν</span> <span class='ocrx_word' id='word_1_711' title='bbox 3131 2953 3464 3030; x_wconf 74' lang='grc' dir='ltr'>ὡρολόγιον.</span> <span class='ocrx_word' id='word_1_712' title='bbox 3525 2957 3661 3022; x_wconf 70' lang='lat' dir='ltr'><strong>Qum</strong></span> 
     </span>
    </p>
   </div>
   <div class='ocr_carea' id='block_1_96' title="bbox 2011 3025 3662 3100">
    <p class='ocr_par' dir='ltr' id='par_1_96' title="bbox 2011 3025 3662 3100">
     <span class='ocr_line' id='line_1_96' title="bbox 2011 3025 3662 3100; baseline 0.002 -20"><span class='ocrx_word' id='word_1_713' title='bbox 2011 3025 2248 3097; x_wconf 91' lang='lat' dir='ltr'><strong>quidem</strong></span> <span class='ocrx_word' id='word_1_714' title='bbox 2283 3027 2343 3081; x_wconf 85' lang='lat' dir='ltr'><strong>in</strong></span> <span class='ocrx_word' id='word_1_715' title='bbox 2368 3030 2564 3100; x_wconf 79' lang='lat' dir='ltr'><strong>nostro</strong></span> <span class='ocrx_word' id='word_1_716' title='bbox 2592 3027 2717 3082; x_wconf 93' lang='lat' dir='ltr'><strong>loco</strong></span> <span class='ocrx_word' id='word_1_717' title='bbox 2744 3025 3138 3083; x_wconf 80' lang='lat' dir='ltr'><strong>memorantur</strong></span> <span class='ocrx_word' id='word_1_718' title='bbox 3156 3025 3456 3100; x_wconf 69' lang='lat' dir='ltr'><strong>horolbgia</strong></span> <span class='ocrx_word' id='word_1_719' title='bbox 3478 3045 3662 3084; x_wconf 89' lang='lat' dir='ltr'><strong>unum</strong></span> 
     </span>
    </p>
   </div>
   <div class='ocr_carea' id='block_1_97' title="bbox 2011 3097 3663 3172">
    <p class='ocr_par' dir='ltr' id='par_1_97' title="bbox 2011 3097 3663 3172">
     <span class='ocr_line' id='line_1_97' title="bbox 2011 3097 3663 3172; baseline 0.002 -20"><span class='ocrx_word' id='word_1_720' title='bbox 2011 3104 2376 3172; x_wconf 86' lang='lat' dir='ltr'><strong>argenteum,</strong></span> <span class='ocrx_word' id='word_1_721' title='bbox 2400 3097 2649 3172; x_wconf 87' lang='lat' dir='ltr'><strong>alterum</strong></span> <span class='ocrx_word' id='word_1_722' title='bbox 2675 3114 2923 3164; x_wconf 74' lang='lat' dir='ltr'><strong>aeneum,</strong></span> <span class='ocrx_word' id='word_1_723' title='bbox 2947 3100 3233 3172; x_wconf 12' lang='lat' dir='ltr'><strong>ivideatur</strong></span> <span class='ocrx_word' id='word_1_724' title='bbox 3255 3097 3398 3172; x_wconf 56' lang='lat' dir='ltr'><strong>mihi</strong></span> <span class='ocrx_word' id='word_1_725' title='bbox 3422 3103 3663 3172; x_wconf 87' lang='lat' dir='ltr'><strong>quidem</strong></span> 
     </span>
    </p>
   </div>
   <div class='ocr_carea' id='block_1_98' title="bbox 2013 3169 3664 3240">
    <p class='ocr_par' dir='ltr' id='par_1_98' title="bbox 2013 3169 3664 3240">
     <span class='ocr_line' id='line_1_98' title="bbox 2013 3169 3664 3240; baseline 0.001 -15"><span class='ocrx_word' id='word_1_726' title='bbox 2013 3184 2131 3225; x_wconf 84' lang='lat' dir='ltr'><strong>arte</strong></span> <span class='ocrx_word' id='word_1_727' title='bbox 2159 3169 2498 3225; x_wconf 86' lang='lat' dir='ltr'><strong>mechanica</strong></span> <span class='ocrx_word' id='word_1_728' title='bbox 2538 3171 2680 3225; x_wconf 90' lang='lat' dir='ltr'><strong>rotis</strong></span> <span class='ocrx_word' id='word_1_729' title='bbox 2719 3178 2770 3224; x_wconf 91' lang='lat' dir='ltr'><strong>et</strong></span> <span class='ocrx_word' id='word_1_730' title='bbox 2808 3171 3159 3240; x_wconf 85' lang='lat' dir='ltr'><strong>ponderibus</strong></span> <span class='ocrx_word' id='word_1_731' title='bbox 3209 3177 3339 3226; x_wconf 91' lang='lat' dir='ltr'><strong>acta</strong></span> <span class='ocrx_word' id='word_1_732' title='bbox 3378 3169 3561 3227; x_wconf 71' lang='lat' dir='ltr'><strong>fuisse</strong></span> <span class='ocrx_word' id='word_1_733' title='bbox 3599 3175 3664 3226; x_wconf 86' lang='lat' dir='ltr'><strong>ut</strong></span> 
     </span>
    </p>
   </div>
   <div class='ocr_carea' id='block_1_99' title="bbox 2014 3240 3662 3312">
    <p class='ocr_par' dir='ltr' id='par_1_99' title="bbox 2014 3240 3662 3312">
     <span class='ocr_line' id='line_1_99' title="bbox 2014 3240 3662 3312; baseline 0.001 -17"><span class='ocrx_word' id='word_1_734' title='bbox 2014 3245 2232 3307; x_wconf 83' lang='lat' dir='ltr'><strong>nostra,</strong></span> <span class='ocrx_word' id='word_1_735' title='bbox 2251 3240 2390 3294; x_wconf 89' lang='lat' dir='ltr'><strong>illud</strong></span> <span class='ocrx_word' id='word_1_736' title='bbox 2411 3247 2624 3310; x_wconf 82' lang='lat' dir='ltr'><strong>autem,</strong></span> <span class='ocrx_word' id='word_1_737' title='bbox 2649 3241 2802 3312; x_wconf 89' lang='lat' dir='ltr'><strong>quod</strong></span> <span class='ocrx_word' id='word_1_738' title='bbox 2825 3242 3081 3297; x_wconf 89' lang='lat' dir='ltr'><strong>tabulam</strong></span> <span class='ocrx_word' id='word_1_739' title='bbox 3113 3243 3383 3298; x_wconf 88' lang='lat' dir='ltr'><strong>horarum</strong></span> <span class='ocrx_word' id='word_1_740' title='bbox 3407 3241 3662 3298; x_wconf 88' lang='lat' dir='ltr'><strong>iudicem</strong></span> 
     </span>
    </p>
   </div>
   <div class='ocr_carea' id='block_1_100' title="bbox 2015 3312 3662 3385">
    <p class='ocr_par' dir='ltr' id='par_1_100' title="bbox 2015 3312 3662 3385">
     <span class='ocr_line' id='line_1_100' title="bbox 2015 3312 3662 3385; baseline 0 -17"><span class='ocrx_word' id='word_1_741' title='bbox 2015 3312 2638 3385; x_wconf 79' lang='lat' dir='ltr'><strong>argenteamhaberet,</strong></span> <span class='ocrx_word' id='word_1_742' title='bbox 2670 3321 3034 3385; x_wconf 83' lang='lat' dir='ltr'><strong>argenteum,</strong></span> <span class='ocrx_word' id='word_1_743' title='bbox 3061 3317 3211 3385; x_wconf 91' lang='lat' dir='ltr'><strong>quod</strong></span> <span class='ocrx_word' id='word_1_744' title='bbox 3239 3331 3373 3370; x_wconf 89' lang='lat' dir='ltr'><strong>vero</strong></span> <span class='ocrx_word' id='word_1_745' title='bbox 3400 3315 3662 3370; x_wconf 86' lang='lat' dir='ltr'><strong>tabulam</strong></span> 
     </span>
    </p>
   </div>
   <div class='ocr_carea' id='block_1_101' title="bbox 2013 3383 3664 3446">
    <p class='ocr_par' dir='ltr' id='par_1_101' title="bbox 2013 3383 3664 3446">
     <span class='ocr_line' id='line_1_101' title="bbox 2013 3383 3664 3446; baseline 0.002 -9"><span class='ocrx_word' id='word_1_746' title='bbox 2013 3399 2232 3438; x_wconf 71' lang='lat' dir='ltr'><strong>aeneam</strong></span> <span class='ocrx_word' id='word_1_747' title='bbox 2285 3383 2539 3446; x_wconf 78' lang='lat' dir='ltr'><strong>haberet,</strong></span> <span class='ocrx_word' id='word_1_748' title='bbox 2591 3401 2814 3440; x_wconf 72' lang='lat' dir='ltr'><strong>aeneum</strong></span> <span class='ocrx_word' id='word_1_749' title='bbox 2858 3401 2892 3440; x_wconf 93' lang='lat' dir='ltr'><strong>a</strong></span> <span class='ocrx_word' id='word_1_750' title='bbox 2931 3383 3139 3440; x_wconf 79' lang='lat' dir='ltr'><strong>Nostro</strong></span> <span class='ocrx_word' id='word_1_751' title='bbox 3179 3386 3315 3441; x_wconf 88' lang='lat' dir='ltr'><strong>dici.</strong></span> <span class='ocrx_word' id='word_1_752' title='bbox 3369 3389 3533 3442; x_wconf 87' lang='lat' dir='ltr'><strong>Cont‘.</strong></span> <span class='ocrx_word' id='word_1_753' title='bbox 3582 3391 3664 3440; x_wconf 90' lang='lat' dir='ltr'><strong>Du</strong></span> 
     </span>
    </p>
   </div>
   <div class='ocr_carea' id='block_1_102' title="bbox 2015 3455 3667 3525">
    <p class='ocr_par' dir='ltr' id='par_1_102' title="bbox 2015 3455 3667 3525">
     <span class='ocr_line' id='line_1_102' title="bbox 2015 3455 3667 3525; baseline 0.002 -15"><span class='ocrx_word' id='word_1_754' title='bbox 2015 3457 2204 3525; x_wconf 76' lang='lat' dir='ltr'><strong>Gange</strong></span> <span class='ocrx_word' id='word_1_755' title='bbox 2245 3470 2298 3508; x_wconf 94' lang='lat' dir='ltr'><strong>v.</strong></span> <span class='ocrx_word' id='word_1_756' title='bbox 2341 3455 2709 3524; x_wconf 86' lang='lat' dir='ltr'><strong>Horologium,</strong></span> <span class='ocrx_word' id='word_1_757' title='bbox 2751 3456 2850 3510; x_wconf 92' lang='lat' dir='ltr'><strong>ubi</strong></span> <span class='ocrx_word' id='word_1_758' title='bbox 2895 3472 3029 3511; x_wconf 91' lang='lat' dir='ltr'><strong>cum</strong></span> <span class='ocrx_word' id='word_1_759' title='bbox 3081 3458 3236 3512; x_wconf 90' lang='lat' dir='ltr'><strong>inter</strong></span> <span class='ocrx_word' id='word_1_760' title='bbox 3257 3457 3367 3512; x_wconf 89' lang='lat' dir='ltr'><strong>alia</strong></span> <span class='ocrx_word' id='word_1_761' title='bbox 3411 3458 3667 3524; x_wconf 88' lang='lat' dir='ltr'><strong>posuerit</strong></span> 
     </span>
    </p>
   </div>
   <div class='ocr_carea' id='block_1_103' title="bbox 2017 3527 3666 3597">
    <p class='ocr_par' dir='ltr' id='par_1_103' title="bbox 2017 3527 3666 3597">
     <span class='ocr_line' id='line_1_103' title="bbox 2017 3527 3666 3597; baseline 0.002 -17"><span class='ocrx_word' id='word_1_762' title='bbox 2017 3527 2167 3580; x_wconf 92' lang='lat' dir='ltr'><strong>hanc</strong></span> <span class='ocrx_word' id='word_1_763' title='bbox 2200 3541 2393 3580; x_wconf 85' lang='lat' dir='ltr'><strong>vocem</strong></span> <span class='ocrx_word' id='word_1_764' title='bbox 2422 3527 2644 3597; x_wconf 89' lang='lat' dir='ltr'><strong>absque</strong></span> <span class='ocrx_word' id='word_1_765' title='bbox 2677 3528 3170 3597; x_wconf 88' lang='lat' dir='ltr'><strong>interpretatione,</strong></span> <span class='ocrx_word' id='word_1_766' title='bbox 3205 3535 3269 3584; x_wconf 90' lang='lat' dir='ltr'><strong>ut</strong></span> <span class='ocrx_word' id='word_1_767' title='bbox 3306 3528 3456 3584; x_wconf 88' lang='lat' dir='ltr'><strong>solet</strong></span> <span class='ocrx_word' id='word_1_768' title='bbox 3480 3531 3666 3584; x_wconf 82' lang='lat' dir='ltr'><strong>facere</strong></span> 
     </span>
    </p>
   </div>
   <div class='ocr_carea' id='block_1_104' title="bbox 2018 3597 3665 3670">
    <p class='ocr_par' dir='ltr' id='par_1_104' title="bbox 2018 3597 3665 3670">
     <span class='ocr_line' id='line_1_104' title="bbox 2018 3597 3665 3670; baseline 0.002 -19"><span class='ocrx_word' id='word_1_769' title='bbox 2018 3597 2075 3652; x_wconf 89' lang='lat' dir='ltr'><strong>in</strong></span> <span class='ocrx_word' id='word_1_770' title='bbox 2101 3601 2389 3668; x_wconf 89' lang='lat' dir='ltr'><strong>suspectis</strong></span> <span class='ocrx_word' id='word_1_771' title='bbox 2419 3603 2475 3652; x_wconf 87' lang='lat' dir='ltr'><strong>et</strong></span> <span class='ocrx_word' id='word_1_772' title='bbox 2527 3599 2628 3652; x_wconf 90' lang='lat' dir='ltr'><strong>ubi</strong></span> <span class='ocrx_word' id='word_1_773' title='bbox 2678 3615 2791 3652; x_wconf 91' lang='lat' dir='ltr'><strong>non</strong></span> <span class='ocrx_word' id='word_1_774' title='bbox 2843 3599 3050 3670; x_wconf 85' lang='lat' dir='ltr'><strong>liquet,</strong></span> <span class='ocrx_word' id='word_1_775' title='bbox 3084 3601 3250 3667; x_wconf 89' lang='lat' dir='ltr'><strong>juvat</strong></span> <span class='ocrx_word' id='word_1_776' title='bbox 3299 3600 3357 3654; x_wconf 91' lang='lat' dir='ltr'><strong>in</strong></span> <span class='ocrx_word' id='word_1_777' title='bbox 3409 3602 3665 3655; x_wconf 89' lang='lat' dir='ltr'><strong>transitu</strong></span> 
     </span>
    </p>
   </div>
   <div class='ocr_carea' id='block_1_105' title="bbox 2016 3670 3662 3742">
    <p class='ocr_par' dir='ltr' id='par_1_105' title="bbox 2016 3670 3662 3742">
     <span class='ocr_line' id='line_1_105' title="bbox 2016 3670 3662 3742; baseline 0.001 -19"><span class='ocrx_word' id='word_1_778' title='bbox 2016 3685 2275 3742; x_wconf 87' lang='lat' dir='ltr'><strong>monere,</strong></span> <span class='ocrx_word' id='word_1_779' title='bbox 2337 3685 2403 3724; x_wconf 92' lang='lat' dir='ltr'><strong>eo</strong></span> <span class='ocrx_word' id='word_1_780' title='bbox 2464 3670 2836 3742; x_wconf 9' lang='lat' dir='ltr'><strong>loco,rquem</strong></span> <span class='ocrx_word' id='word_1_781' title='bbox 2893 3686 2924 3725; x_wconf 90' lang='lat' dir='ltr'><strong>e</strong></span> <span class='ocrx_word' id='word_1_782' title='bbox 2977 3673 3208 3742; x_wconf 81' lang='lat' dir='ltr'><strong>Synodo</strong></span> <span class='ocrx_word' id='word_1_783' title='bbox 3275 3670 3662 3727; x_wconf 88' lang='lat' dir='ltr'><strong>Nemausensi</strong></span> 
     </span>
    </p>
   </div>
   <div class='ocr_carea' id='block_1_106' title="bbox 2012 3741 3664 3812">
    <p class='ocr_par' dir='ltr' id='par_1_106' title="bbox 2012 3741 3664 3812">
     <span class='ocr_line' id='line_1_106' title="bbox 2012 3741 3664 3812; baseline 0.001 -18"><span class='ocrx_word' id='word_1_784' title='bbox 2012 3741 2230 3812; x_wconf 78' lang='lat' dir='ltr'><strong>citavit,</strong></span> <span class='ocrx_word' id='word_1_785' title='bbox 2265 3756 2460 3812; x_wconf 81' lang='lat' dir='ltr'><strong>vocem</strong></span> <span class='ocrx_word' id='word_1_786' title='bbox 2491 3741 2772 3812; x_wconf 77' lang='lat' dir='ltr'><strong>horologia</strong></span> <span class='ocrx_word' id='word_1_787' title='bbox 2807 3742 3138 3812; x_wconf 79' lang='lat' dir='ltr'><strong>significare</strong></span> <span class='ocrx_word' id='word_1_788' title='bbox 3170 3743 3396 3796; x_wconf 80' lang='lat' dir='ltr'><strong>fructus</strong></span> <span class='ocrx_word' id='word_1_789' title='bbox 3423 3744 3664 3808; x_wconf 66' lang='lat' dir='ltr'><strong>horaeos,</strong></span> 
     </span>
    </p>
   </div>
   <div class='ocr_carea' id='block_1_107' title="bbox 2010 3807 3667 3886">
    <p class='ocr_par' dir='ltr' id='par_1_107' title="bbox 2010 3807 3667 3886">
     <span class='ocr_line' id='line_1_107' title="bbox 2010 3807 3667 3886; baseline 0.002 -22"><span class='ocrx_word' id='word_1_790' title='bbox 2010 3809 2077 3886; x_wconf 76' lang='grc' dir='ltr'><strong>τᾷ</strong></span> <span class='ocrx_word' id='word_1_791' title='bbox 2109 3807 2161 3864; x_wconf 85' lang='grc' dir='ltr'>ἐν</span> <span class='ocrx_word' id='word_1_792' title='bbox 2202 3814 2320 3870; x_wconf 80' lang='grc' dir='ltr'>ταῖς</span> <span class='ocrx_word' id='word_1_793' title='bbox 2348 3809 2515 3883; x_wconf 82' lang='grc' dir='ltr'>ὥρα.ς</span> <span class='ocrx_word' id='word_1_794' title='bbox 2549 3807 3133 3886; x_wconf 58' lang='grc' dir='ltr'>λεγόμενα,ἐοΙΙθϐία</span> <span class='ocrx_word' id='word_1_795' title='bbox 3165 3814 3220 3867; x_wconf 90' lang='lat' dir='ltr'><strong>iu</strong></span> <span class='ocrx_word' id='word_1_796' title='bbox 3264 3820 3478 3868; x_wconf 67' lang='lat' dir='ltr'><strong>aestate.</strong></span> <span class='ocrx_word' id='word_1_797' title='bbox 3522 3807 3667 3867; x_wconf 56' lang='lat' dir='ltr'><strong>P084-</strong></span> 
     </span>
    </p>
   </div>
   <div class='ocr_carea' id='block_1_108' title="bbox 2013 3883 3056 3953">
    <p class='ocr_par' dir='ltr' id='par_1_108' title="bbox 2013 3883 3056 3953">
     <span class='ocr_line' id='line_1_108' title="bbox 2013 3883 3056 3953; baseline 0 -15"><span class='ocrx_word' id='word_1_798' title='bbox 2013 3883 2091 3939; x_wconf 88' lang='lat' dir='ltr'><strong>sit</strong></span> <span class='ocrx_word' id='word_1_799' title='bbox 2122 3899 2353 3950; x_wconf 91' lang='lat' dir='ltr'><strong>quoque</strong></span> <span class='ocrx_word' id='word_1_800' title='bbox 2383 3883 2693 3952; x_wconf 49' lang='lat' dir='ltr'><strong>oporolog&#39;ia</strong></span> <span class='ocrx_word' id='word_1_801' title='bbox 2723 3885 2802 3936; x_wconf 85' lang='lat' dir='ltr'><strong>ibi</strong></span> <span class='ocrx_word' id='word_1_802' title='bbox 2835 3886 3056 3953; x_wconf 78' lang='lat' dir='ltr'><strong>reponi.</strong></span> 
     </span>
    </p>
   </div>
   <div class='ocr_carea' id='block_1_109' title="bbox 2085 3952 3662 4025">
    <p class='ocr_par' dir='ltr' id='par_1_109' title="bbox 2085 3952 3662 4025">
     <span class='ocr_line' id='line_1_109' title="bbox 2085 3952 3662 4025; baseline 0.003 -19"><span class='ocrx_word' id='word_1_803' title='bbox 2085 3953 2198 4023; x_wconf 27' lang='lat'><strong>(56,)</strong></span> <span class='ocrx_word' id='word_1_804' title='bbox 2232 3955 2374 4018; x_wconf 84' lang='lat' dir='ltr'><strong>Quid</strong></span> <span class='ocrx_word' id='word_1_805' title='bbox 2422 3955 2649 4008; x_wconf 89' lang='lat' dir='ltr'><strong>credam</strong></span> <span class='ocrx_word' id='word_1_806' title='bbox 2693 3970 2837 4019; x_wconf 84' lang='lat' dir='ltr'><strong>esse,</strong></span> <span class='ocrx_word' id='word_1_807' title='bbox 2879 3952 2913 4009; x_wconf 82' lang='lat' dir='ltr'><strong>e</strong></span> <span class='ocrx_word' id='word_1_808' title='bbox 2950 3952 3171 4008; x_wconf 85' lang='lat' dir='ltr'><strong>Latinis</strong></span> <span class='ocrx_word' id='word_1_809' title='bbox 3214 3955 3359 4010; x_wconf 88' lang='lat' dir='ltr'><strong>meis</strong></span> <span class='ocrx_word' id='word_1_810' title='bbox 3403 3959 3662 4025; x_wconf 83' lang='lat' dir='ltr'><strong>apparet.</strong></span> 
     </span>
    </p>
   </div>
   <div class='ocr_carea' id='block_1_110' title="bbox 2013 4025 3665 4096">
    <p class='ocr_par' dir='ltr' id='par_1_110' title="bbox 2013 4025 3665 4096">
     <span class='ocr_line' id='line_1_110' title="bbox 2013 4025 3665 4096; baseline 0.003 -19"><span class='ocrx_word' id='word_1_811' title='bbox 2013 4028 2176 4078; x_wconf 85' lang='lat' dir='ltr'><strong>Forte</strong></span> <span class='ocrx_word' id='word_1_812' title='bbox 2209 4026 2292 4078; x_wconf 88' lang='lat' dir='ltr'><strong>sic</strong></span> <span class='ocrx_word' id='word_1_813' title='bbox 2323 4025 2617 4095; x_wconf 84' lang='lat' dir='ltr'><strong>appellata</strong></span> <span class='ocrx_word' id='word_1_814' title='bbox 2654 4027 2886 4079; x_wconf 79' lang='lat' dir='ltr'><strong>fuerunt</strong></span> <span class='ocrx_word' id='word_1_815' title='bbox 2914 4041 2976 4079; x_wconf 72' lang='lat' dir='ltr'><strong>ea</strong></span> <span class='ocrx_word' id='word_1_816' title='bbox 3012 4042 3170 4090; x_wconf 82' lang='lat' dir='ltr'><strong>vasa,</strong></span> <span class='ocrx_word' id='word_1_817' title='bbox 3217 4025 3375 4096; x_wconf 90' lang='lat' dir='ltr'><strong>quod</strong></span> <span class='ocrx_word' id='word_1_818' title='bbox 3418 4027 3665 4094; x_wconf 88' lang='lat' dir='ltr'><strong>miliare,</strong></span> 
     </span>
    </p>
   </div>
   <div class='ocr_carea' id='block_1_111' title="bbox 2010 4096 3667 4166">
    <p class='ocr_par' dir='ltr' id='par_1_111' title="bbox 2010 4096 3667 4166">
     <span class='ocr_line' id='line_1_111' title="bbox 2010 4096 3667 4166; baseline 0.001 -15"><span class='ocrx_word' id='word_1_819' title='bbox 2010 4096 2342 4152; x_wconf 60' lang='lat' dir='ltr'><strong>columnam</strong></span> <span class='ocrx_word' id='word_1_820' title='bbox 2373 4097 2680 4160; x_wconf 73' lang='lat' dir='ltr'><strong>miliarevn,</strong></span> <span class='ocrx_word' id='word_1_821' title='bbox 2706 4097 2762 4149; x_wconf 90' lang='lat' dir='ltr'><strong>in</strong></span> <span class='ocrx_word' id='word_1_822' title='bbox 2788 4113 2997 4150; x_wconf 88' lang='lat' dir='ltr'><strong>conum</strong></span> <span class='ocrx_word' id='word_1_823' title='bbox 3030 4109 3370 4166; x_wconf 66' lang='lat' dir='ltr'><strong>praesectum</strong></span> <span class='ocrx_word' id='word_1_824' title='bbox 3399 4099 3667 4153; x_wconf 76' lang='lat' dir='ltr'><strong>desinen-</strong></span> 
     </span>
    </p>
   </div>
   <div class='ocr_carea' id='block_1_112' title="bbox 2011 4167 3665 4232">
    <p class='ocr_par' dir='ltr' id='par_1_112' title="bbox 2011 4167 3665 4232">
     <span class='ocr_line' id='line_1_112' title="bbox 2011 4167 3665 4232; baseline 0.001 -10"><span class='ocrx_word' id='word_1_825' title='bbox 2011 4174 2149 4232; x_wconf 88' lang='lat' dir='ltr'><strong>tem,</strong></span> <span class='ocrx_word' id='word_1_826' title='bbox 2192 4167 2489 4220; x_wconf 82' lang='lat' dir='ltr'><strong>referrent.</strong></span> <span class='ocrx_word' id='word_1_827' title='bbox 2539 4167 2818 4222; x_wconf 87' lang='lat' dir='ltr'><strong>Solebant</strong></span> <span class='ocrx_word' id='word_1_828' title='bbox 2860 4176 3050 4221; x_wconf 87' lang='lat' dir='ltr'><strong>autem</strong></span> <span class='ocrx_word' id='word_1_829' title='bbox 3099 4170 3234 4222; x_wconf 77' lang='lat' dir='ltr'><strong>olim</strong></span> <span class='ocrx_word' id='word_1_830' title='bbox 3278 4169 3492 4223; x_wconf 85' lang='lat' dir='ltr'><strong>cibaria</strong></span> <span class='ocrx_word' id='word_1_831' title='bbox 3533 4186 3665 4223; x_wconf 84' lang='lat' dir='ltr'><strong>coo-</strong></span> 
     </span>
    </p>
   </div>
   <div class='ocr_carea' id='block_1_113' title="bbox 2015 4237 3662 4309">
    <p class='ocr_par' dir='ltr' id='par_1_113' title="bbox 2015 4237 3662 4309">
     <span class='ocr_line' id='line_1_113' title="bbox 2015 4237 3662 4309; baseline 0.002 -18"><span class='ocrx_word' id='word_1_832' title='bbox 2015 4247 2177 4309; x_wconf 90' lang='lat' dir='ltr'><strong>perta</strong></span> <span class='ocrx_word' id='word_1_833' title='bbox 2210 4238 2521 4292; x_wconf 86' lang='lat' dir='ltr'><strong>introt&#39;erri.</strong></span> <span class='ocrx_word' id='word_1_834' title='bbox 2569 4237 2951 4293; x_wconf 74' lang='lat' dir='ltr'><strong>Cerimoniale</strong></span> <span class='ocrx_word' id='word_1_835' title='bbox 2993 4239 3313 4294; x_wconf 76' lang='lat' dir='ltr'><strong>Davantriaa</strong></span> <span class='ocrx_word' id='word_1_836' title='bbox 3353 4239 3507 4308; x_wconf 79' lang='lat' dir='ltr'><strong>apud</strong></span> <span class='ocrx_word' id='word_1_837' title='bbox 3540 4239 3662 4295; x_wconf 84' lang='lat' dir='ltr'><strong>Jos.</strong></span> 
     </span>
    </p>
   </div>
   <div class='ocr_carea' id='block_1_114' title="bbox 2012 4309 3670 4380">
    <p class='ocr_par' dir='ltr' id='par_1_114' title="bbox 2012 4309 3670 4380">
     <span class='ocr_line' id='line_1_114' title="bbox 2012 4309 3670 4380; baseline 0.002 -18"><span class='ocrx_word' id='word_1_838' title='bbox 2012 4309 2390 4363; x_wconf 81' lang='lat' dir='ltr'><strong>Catalannum</strong></span> <span class='ocrx_word' id='word_1_839' title='bbox 2425 4309 2492 4363; x_wconf 91' lang='lat' dir='ltr'><strong>ad</strong></span> <span class='ocrx_word' id='word_1_840' title='bbox 2522 4311 2729 4364; x_wconf 90' lang='lat' dir='ltr'><strong>Cerim.</strong></span> <span class='ocrx_word' id='word_1_841' title='bbox 2778 4313 2948 4365; x_wconf 85' lang='lat' dir='ltr'><strong>Rom.</strong></span> <span class='ocrx_word' id='word_1_842' title='bbox 3000 4311 3149 4366; x_wconf 88' lang='lat' dir='ltr'><strong>Eccl.</strong></span> <span class='ocrx_word' id='word_1_843' title='bbox 3197 4327 3251 4380; x_wconf 93' lang='lat' dir='ltr'><strong>p.</strong></span> <span class='ocrx_word' id='word_1_844' title='bbox 3299 4312 3397 4365; x_wconf 84' lang='grc'><strong>150</strong></span> <span class='ocrx_word' id='word_1_845' title='bbox 3431 4327 3444 4364; x_wconf 90' lang='lat'>:</span> <span class='ocrx_word' id='word_1_846' title='bbox 3478 4312 3670 4366; x_wconf 83' lang='lat' dir='ltr'><strong>Porta-</strong></span> 
     </span>
    </p>
   </div>
   <div class='ocr_carea' id='block_1_115' title="bbox 2015 4380 3668 4451">
    <p class='ocr_par' dir='ltr' id='par_1_115' title="bbox 2015 4380 3668 4451">
     <span class='ocr_line' id='line_1_115' title="bbox 2015 4380 3668 4451; baseline 0 -16"><span class='ocrx_word' id='word_1_847' title='bbox 2015 4382 2220 4435; x_wconf 83' lang='lat' dir='ltr'><strong>bunlur</strong></span> <span class='ocrx_word' id='word_1_848' title='bbox 2270 4380 2412 4436; x_wconf 79' lang='lat' dir='ltr'><strong>dicto</strong></span> <span class='ocrx_word' id='word_1_849' title='bbox 2461 4382 2581 4448; x_wconf 81' lang='lat' dir='ltr'><strong>regi</strong></span> <span class='ocrx_word' id='word_1_850' title='bbox 2633 4380 2846 4436; x_wconf 78' lang='lat' dir='ltr'><strong>cibaria</strong></span> <span class='ocrx_word' id='word_1_851' title='bbox 2899 4386 3085 4436; x_wconf 80' lang='lat' dir='ltr'><strong>omnia</strong></span> <span class='ocrx_word' id='word_1_852' title='bbox 3133 4388 3384 4447; x_wconf 82' lang='lat' dir='ltr'><strong>cooperta</strong></span> <span class='ocrx_word' id='word_1_853' title='bbox 3428 4412 3497 4422; x_wconf 94' lang='lat'>—</span> <span class='ocrx_word' id='word_1_854' title='bbox 3544 4381 3668 4451; x_wconf 77' lang='lat' dir='ltr'><strong>regi</strong></span> 
     </span>
    </p>
   </div>
   <div class='ocr_carea' id='block_1_116' title="bbox 1981 4452 3664 4576">
    <p class='ocr_par' dir='ltr' id='par_1_116' title="bbox 1981 4452 3664 4576">
     <span class='ocr_line' id='line_1_116' title="bbox 1981 4452 3664 4576; baseline 0.001 -69"><span class='ocrx_word' id='word_1_855' title='bbox 1981 4507 1985 4512; x_wconf 81' lang='grc'>,</span> <span class='ocrx_word' id='word_1_856' title='bbox 2011 4452 2280 4508; x_wconf 75' lang='lat' dir='ltr'><strong>serviatur</strong></span> <span class='ocrx_word' id='word_1_857' title='bbox 2308 4454 2373 4508; x_wconf 83' lang='lat' dir='ltr'><strong>de</strong></span> <span class='ocrx_word' id='word_1_858' title='bbox 2400 4453 2674 4522; x_wconf 73' lang='lat' dir='ltr'><strong>speciebus</strong></span> <span class='ocrx_word' id='word_1_859' title='bbox 2695 4452 2937 4576; x_wconf 53' lang='lat' dir='ltr'><strong>Ldulcio]</strong></span> <span class='ocrx_word' id='word_1_860' title='bbox 2965 4469 3091 4507; x_wconf 86' lang='lat' dir='ltr'><strong>cum</strong></span> <span class='ocrx_word' id='word_1_861' title='bbox 3119 4454 3379 4524; x_wconf 82' lang='lat' dir='ltr'><strong>drugerio</strong></span> <span class='ocrx_word' id='word_1_862' title='bbox 3397 4459 3664 4524; x_wconf 84' lang='lat' dir='ltr'><strong>coeperto.</strong></span> 
     </span>
     <span class='ocr_line' id='line_1_117' title="bbox 2012 4520 3664 4576; baseline 0 0"><span class='ocrx_word' id='word_1_863' title='bbox 2012 4527 2257 4576; x_wconf 88' lang='lat' dir='ltr'><strong>Possent</strong></span> <span class='ocrx_word' id='word_1_864' title='bbox 2303 4540 2534 4576; x_wconf 88' lang='lat' dir='ltr'><strong>uuoaue</strong></span> <span class='ocrx_word' id='word_1_865' title='bbox 2581 4522 2647 4576; x_wconf 82' lang='grc' dir='ltr'>τὰ</span> <span class='ocrx_word' id='word_1_866' title='bbox 2727 4520 2991 4576; x_wconf 74' lang='grc' dir='ltr'>οθοιιίλια</span> <span class='ocrx_word' id='word_1_867' title='bbox 3037 4525 3136 4576; x_wconf 87' lang='lat' dir='ltr'><strong>illa</strong></span> <span class='ocrx_word' id='word_1_868' title='bbox 3193 4528 3334 4576; x_wconf 90' lang='lat' dir='ltr'><strong>olim</strong></span> <span class='ocrx_word' id='word_1_869' title='bbox 3384 4525 3468 4576; x_wconf 91' lang='lat' dir='ltr'><strong>sic</strong></span> <span class='ocrx_word' id='word_1_870' title='bbox 3516 4525 3664 4576; x_wconf 76' lang='lat' dir='ltr'><strong>dicta</strong></span> 
     </span>
    </p>
   </div>
   <div class='ocr_carea' id='block_1_117' title="bbox 2012 4520 3670 4596">
    <p class='ocr_par' dir='ltr' id='par_1_117' title="bbox 2012 4520 3670 4596">
     <span class='ocr_line' id='line_1_118' title="bbox 2012 4520 3670 4596; baseline 0.001 -17"><span class='ocrx_word' id='word_1_871' title='bbox 2012 4527 2257 4596; x_wconf 86' lang='lat' dir='ltr'><strong>Possent</strong></span> <span class='ocrx_word' id='word_1_872' title='bbox 2303 4520 2534 4595; x_wconf 86' lang='lat' dir='ltr'><strong>quoque</strong></span> <span class='ocrx_word' id='word_1_873' title='bbox 2581 4522 2647 4578; x_wconf 81' lang='grc' dir='ltr'><strong>τὰ</strong></span> <span class='ocrx_word' id='word_1_874' title='bbox 2695 4520 2991 4596; x_wconf 75' lang='grc' dir='ltr'>ὄρθομίλια</span> <span class='ocrx_word' id='word_1_875' title='bbox 3037 4525 3136 4579; x_wconf 89' lang='lat' dir='ltr'><strong>illa</strong></span> <span class='ocrx_word' id='word_1_876' title='bbox 3193 4520 3334 4580; x_wconf 82' lang='lat' dir='ltr'><strong>olim</strong></span> <span class='ocrx_word' id='word_1_877' title='bbox 3384 4520 3670 4580; x_wconf 35' lang='lat' dir='ltr'><strong>sic’dicta</strong></span> 
     </span>
    </p>
   </div>
   <div class='ocr_carea' id='block_1_118' title="bbox 2011 4595 3664 4665">
    <p class='ocr_par' dir='ltr' id='par_1_118' title="bbox 2011 4595 3664 4665">
     <span class='ocr_line' id='line_1_119' title="bbox 2011 4595 3664 4665; baseline 0 -15"><span class='ocrx_word' id='word_1_878' title='bbox 2011 4595 2268 4651; x_wconf 86' lang='lat' dir='ltr'><strong>miliaria</strong></span> <span class='ocrx_word' id='word_1_879' title='bbox 2321 4612 2446 4651; x_wconf 87' lang='lat' dir='ltr'><strong>esse</strong></span> <span class='ocrx_word' id='word_1_880' title='bbox 2493 4596 2693 4665; x_wconf 89' lang='lat' dir='ltr'><strong>videri,</strong></span> <span class='ocrx_word' id='word_1_881' title='bbox 2729 4595 2877 4664; x_wconf 72' lang='lat' dir='ltr'><strong>quae</strong></span> <span class='ocrx_word' id='word_1_882' title='bbox 2943 4612 3079 4651; x_wconf 86' lang='lat' dir='ltr'><strong>vasa</strong></span> <span class='ocrx_word' id='word_1_883' title='bbox 3133 4606 3297 4650; x_wconf 88' lang='lat' dir='ltr'><strong>erant</strong></span> <span class='ocrx_word' id='word_1_884' title='bbox 3353 4595 3664 4660; x_wconf 88' lang='lat' dir='ltr'><strong>metallica,</strong></span> 
     </span>
    </p>
   </div>
   <div class='ocr_carea' id='block_1_119' title="bbox 2012 4666 3665 4738">
    <p class='ocr_par' dir='ltr' id='par_1_119' title="bbox 2012 4666 3665 4738">
     <span class='ocr_line' id='line_1_120' title="bbox 2012 4666 3665 4738; baseline -0.001 -16"><span class='ocrx_word' id='word_1_885' title='bbox 2012 4683 2175 4738; x_wconf 63' lang='lat' dir='ltr'><strong>aquai</strong></span> <span class='ocrx_word' id='word_1_886' title='bbox 2207 4666 2626 4732; x_wconf 66' lang='lat' dir='ltr'><strong>calefaciendis,</strong></span> <span class='ocrx_word' id='word_1_887' title='bbox 2672 4667 2756 4722; x_wconf 74' lang='lat' dir='ltr'><strong>sic</strong></span> <span class='ocrx_word' id='word_1_888' title='bbox 2787 4669 2954 4732; x_wconf 80' lang='lat' dir='ltr'><strong>facta,</strong></span> <span class='ocrx_word' id='word_1_889' title='bbox 2990 4675 3054 4722; x_wconf 89' lang='lat' dir='ltr'><strong>ut</strong></span> <span class='ocrx_word' id='word_1_890' title='bbox 3085 4666 3142 4721; x_wconf 91' lang='lat' dir='ltr'><strong>in</strong></span> <span class='ocrx_word' id='word_1_891' title='bbox 3169 4669 3370 4722; x_wconf 85' lang='lat' dir='ltr'><strong>tubam</strong></span> <span class='ocrx_word' id='word_1_892' title='bbox 3398 4669 3665 4724; x_wconf 91' lang='lat' dir='ltr'><strong>conicum</strong></span> 
     </span>
    </p>
   </div>
   <div class='ocr_carea' id='block_1_120' title="bbox 2013 4739 3669 4809">
    <p class='ocr_par' dir='ltr' id='par_1_120' title="bbox 2013 4739 3669 4809">
     <span class='ocr_line' id='line_1_121' title="bbox 2013 4739 3669 4809; baseline 0.001 -17"><span class='ocrx_word' id='word_1_893' title='bbox 2013 4741 2262 4808; x_wconf 88' lang='lat' dir='ltr'><strong>abirent,</strong></span> <span class='ocrx_word' id='word_1_894' title='bbox 2298 4740 2598 4794; x_wconf 85' lang='lat' dir='ltr'><strong>habentem</strong></span> <span class='ocrx_word' id='word_1_895' title='bbox 2627 4740 2687 4793; x_wconf 88' lang='lat' dir='ltr'><strong>in</strong></span> <span class='ocrx_word' id='word_1_896' title='bbox 2720 4739 2910 4794; x_wconf 91' lang='lat' dir='ltr'><strong>medio</strong></span> <span class='ocrx_word' id='word_1_897' title='bbox 2942 4739 3030 4794; x_wconf 90' lang='lat' dir='ltr'><strong>sui</strong></span> <span class='ocrx_word' id='word_1_898' title='bbox 3073 4741 3404 4806; x_wconf 89' lang='lat' dir='ltr'><strong>cavitatem,</strong></span> <span class='ocrx_word' id='word_1_899' title='bbox 3448 4739 3506 4794; x_wconf 90' lang='lat' dir='ltr'><strong>in</strong></span> <span class='ocrx_word' id='word_1_900' title='bbox 3550 4755 3669 4809; x_wconf 87' lang='lat' dir='ltr'><strong>qua</strong></span> 
     </span>
    </p>
   </div>
   <div class='ocr_carea' id='block_1_121' title="bbox 2014 4809 3668 4882">
    <p class='ocr_par' dir='ltr' id='par_1_121' title="bbox 2014 4809 3668 4882">
     <span class='ocr_line' id='line_1_122' title="bbox 2014 4809 3668 4882; baseline 0.001 -18"><span class='ocrx_word' id='word_1_901' title='bbox 2014 4811 2301 4882; x_wconf 86' lang='lat' dir='ltr'><strong>carbones</strong></span> <span class='ocrx_word' id='word_1_902' title='bbox 2345 4811 2460 4866; x_wconf 90' lang='lat' dir='ltr'><strong>vivi</strong></span> <span class='ocrx_word' id='word_1_903' title='bbox 2504 4811 2933 4882; x_wconf 86' lang='lat' dir='ltr'><strong>reponebantur</strong></span> <span class='ocrx_word' id='word_1_904' title='bbox 2969 4828 2984 4879; x_wconf 84' lang='lat'><strong>;</strong></span> <span class='ocrx_word' id='word_1_905' title='bbox 3018 4811 3220 4882; x_wconf 89' lang='lat' dir='ltr'><strong>quales</strong></span> <span class='ocrx_word' id='word_1_906' title='bbox 3269 4810 3458 4867; x_wconf 91' lang='lat' dir='ltr'><strong>adhuc</strong></span> <span class='ocrx_word' id='word_1_907' title='bbox 3497 4809 3668 4865; x_wconf 84' lang='lat' dir='ltr'><strong>hodie</strong></span> 
     </span>
    </p>
   </div>
   <div class='ocr_carea' id='block_1_122' title="bbox 2012 4880 3670 4953">
    <p class='ocr_par' dir='ltr' id='par_1_122' title="bbox 2012 4880 3670 4953">
     <span class='ocr_line' id='line_1_123' title="bbox 2012 4880 3670 4953; baseline 0 -17"><span class='ocrx_word' id='word_1_908' title='bbox 2012 4880 2295 4936; x_wconf 87' lang='lat' dir='ltr'><strong>habemus</strong></span> <span class='ocrx_word' id='word_1_909' title='bbox 2329 4898 2431 4952; x_wconf 90' lang='lat' dir='ltr'><strong>pro</strong></span> <span class='ocrx_word' id='word_1_910' title='bbox 2463 4880 2616 4953; x_wconf 72' lang='lat' dir='ltr'><strong>aqua</strong></span> <span class='ocrx_word' id='word_1_911' title='bbox 2647 4883 2787 4938; x_wconf 69' lang='lat' dir='ltr'><strong>theae</strong></span> <span class='ocrx_word' id='word_1_912' title='bbox 2822 4880 3343 4953; x_wconf 76' lang='lat' dir='ltr'><strong>calefaciendaaut</strong></span> <span class='ocrx_word' id='word_1_913' title='bbox 3383 4882 3438 4936; x_wconf 92' lang='lat' dir='ltr'><strong>in</strong></span> <span class='ocrx_word' id='word_1_914' title='bbox 3482 4883 3670 4936; x_wconf 90' lang='lat' dir='ltr'><strong>calore</strong></span> 
     </span>
    </p>
   </div>
   <div class='ocr_carea' id='block_1_123' title="bbox 2013 4952 3670 5010">
    <p class='ocr_par' dir='ltr' id='par_1_123' title="bbox 2013 4952 3670 5010">
     <span class='ocr_line' id='line_1_124' title="bbox 2013 4952 3670 5010; baseline 0.001 -4"><span class='ocrx_word' id='word_1_915' title='bbox 2013 4953 2429 5008; x_wconf 90' lang='lat' dir='ltr'><strong>conservanda.</strong></span> <span class='ocrx_word' id='word_1_916' title='bbox 2500 4952 2573 5008; x_wconf 83' lang='lat' dir='ltr'><strong>Ue</strong></span> <span class='ocrx_word' id='word_1_917' title='bbox 2618 4953 2735 5008; x_wconf 88' lang='lat' dir='ltr'><strong>illis</strong></span> <span class='ocrx_word' id='word_1_918' title='bbox 2803 4954 3132 5009; x_wconf 89' lang='lat' dir='ltr'><strong>miliaribus</strong></span> <span class='ocrx_word' id='word_1_919' title='bbox 3187 4952 3302 5008; x_wconf 88' lang='lat' dir='ltr'><strong>vid.</strong></span> <span class='ocrx_word' id='word_1_920' title='bbox 3366 4953 3670 5010; x_wconf 70' lang='lat' dir='ltr'><strong>Athenaeus</strong></span> 
     </span>
    </p>
   </div>
   <div class='ocr_carea' id='block_1_124' title="bbox 2022 5023 3674 5096">
    <p class='ocr_par' dir='ltr' id='par_1_124' title="bbox 2022 5023 3674 5096">
     <span class='ocr_line' id='line_1_125' title="bbox 2022 5023 3674 5096; baseline 0 -17"><span class='ocrx_word' id='word_1_921' title='bbox 2022 5023 2126 5088; x_wconf 90' lang='lat' dir='ltr'><strong>Ill,</strong></span> <span class='ocrx_word' id='word_1_922' title='bbox 2156 5024 2247 5087; x_wconf 89' lang='lat'><strong>20,</strong></span> <span class='ocrx_word' id='word_1_923' title='bbox 2283 5024 2381 5078; x_wconf 89' lang='lat' dir='ltr'><strong>ubi</strong></span> <span class='ocrx_word' id='word_1_924' title='bbox 2415 5025 2562 5096; x_wconf 86' lang='lat' dir='ltr'><strong>ridet</strong></span> <span class='ocrx_word' id='word_1_925' title='bbox 2592 5025 2855 5080; x_wconf 69' lang='lat' dir='ltr'><strong>Graecum</strong></span> <span class='ocrx_word' id='word_1_926' title='bbox 2904 5025 3336 5096; x_wconf 88' lang='lat' dir='ltr'><strong>philosophum,</strong></span> <span class='ocrx_word' id='word_1_927' title='bbox 3377 5025 3478 5096; x_wconf 81' lang='lat' dir='ltr'><strong>qui</strong></span> <span class='ocrx_word' id='word_1_928' title='bbox 3521 5024 3674 5096; x_wconf 76' lang='lat' dir='ltr'><strong>Lati-</strong></span> 
     </span>
    </p>
   </div>
   <div class='ocr_carea' id='block_1_125' title="bbox 1944 5071 3672 5153">
    <p class='ocr_par' dir='ltr' id='par_1_125' title="bbox 1944 5071 3672 5153">
     <span class='ocr_line' id='line_1_126' title="bbox 1944 5071 3672 5153; baseline 0.001 -4"><span class='ocrx_word' id='word_1_929' title='bbox 1944 5071 1990 5135; x_wconf 82' lang='lat' dir='ltr'><strong>D</strong></span> <span class='ocrx_word' id='word_1_930' title='bbox 2023 5071 2156 5149; x_wconf 76' lang='lat' dir='ltr'><strong>nam</strong></span> <span class='ocrx_word' id='word_1_931' title='bbox 2187 5071 2382 5150; x_wconf 77' lang='lat' dir='ltr'><strong>vocem</strong></span> <span class='ocrx_word' id='word_1_932' title='bbox 2429 5095 2740 5151; x_wconf 87' lang='lat' dir='ltr'><strong>miliarium</strong></span> <span class='ocrx_word' id='word_1_933' title='bbox 2774 5071 2968 5151; x_wconf 63' lang='lat' dir='ltr'><strong>Graeca</strong></span> <span class='ocrx_word' id='word_1_934' title='bbox 2999 5115 3032 5151; x_wconf 89' lang='lat' dir='ltr'><strong>a</strong></span> <span class='ocrx_word' id='word_1_935' title='bbox 3062 5071 3414 5153; x_wconf 49' lang='lat' dir='ltr'><strong>sercontit’m;1</strong></span> <span class='ocrx_word' id='word_1_936' title='bbox 3455 5093 3672 5150; x_wconf 81' lang='grc' dir='ltr'><strong>ἷπνολέ·</strong></span> 
     </span>
    </p>
   </div>
   <div class='ocr_carea' id='block_1_126' title="bbox 2021 5159 3674 5238">
    <p class='ocr_par' dir='ltr' id='par_1_126' title="bbox 2021 5159 3674 5238">
     <span class='ocr_line' id='line_1_127' title="bbox 2021 5159 3674 5238; baseline 0.003 -20"><span class='ocrx_word' id='word_1_937' title='bbox 2021 5159 2124 5234; x_wconf 80' lang='grc' dir='ltr'><strong>6ης</strong></span> <span class='ocrx_word' id='word_1_938' title='bbox 2155 5165 2564 5238; x_wconf 86' lang='lat' dir='ltr'><strong>appellaverat,</strong></span> <span class='ocrx_word' id='word_1_939' title='bbox 2585 5168 3007 5233; x_wconf 85' lang='lat' dir='ltr'><strong>compositione</strong></span> <span class='ocrx_word' id='word_1_940' title='bbox 3032 5184 3400 5238; x_wconf 64' lang='lat' dir='ltr'><strong>prorsusnon</strong></span> <span class='ocrx_word' id='word_1_941' title='bbox 3426 5167 3674 5223; x_wconf 87' lang='lat' dir='ltr'><strong>ridicula</strong></span> 
     </span>
    </p>
   </div>
   <div class='ocr_carea' id='block_1_127' title="bbox 2019 5230 3670 5308">
    <p class='ocr_par' dir='ltr' id='par_1_127' title="bbox 2019 5230 3670 5308">
     <span class='ocr_line' id='line_1_128' title="bbox 2019 5230 3670 5308; baseline 0.001 -16"><span class='ocrx_word' id='word_1_942' title='bbox 2019 5230 2149 5293; x_wconf 81' lang='lat' dir='ltr'><strong>meo</strong></span> <span class='ocrx_word' id='word_1_943' title='bbox 2175 5230 2417 5307; x_wconf 54' lang='lat' dir='ltr'><strong>j&#39;u&#39;dicio,</strong></span> <span class='ocrx_word' id='word_1_944' title='bbox 2452 5239 2550 5292; x_wconf 91' lang='lat' dir='ltr'><strong>sed</strong></span> <span class='ocrx_word' id='word_1_945' title='bbox 2588 5230 2910 5308; x_wconf 72' lang='lat' dir='ltr'><strong>aptissima.</strong></span> <span class='ocrx_word' id='word_1_946' title='bbox 2946 5230 3086 5293; x_wconf 78' lang='lat' dir='ltr'><strong>Nam</strong></span> <span class='ocrx_word' id='word_1_947' title='bbox 3116 5249 3199 5294; x_wconf 87' lang='lat' dir='ltr'><strong>est</strong></span> <span class='ocrx_word' id='word_1_948' title='bbox 3231 5230 3421 5307; x_wconf 70' lang='grc' dir='ltr'>λέϐης,</span> <span class='ocrx_word' id='word_1_949' title='bbox 3455 5242 3556 5294; x_wconf 84' lang='lat' dir='ltr'><strong>scd</strong></span> <span class='ocrx_word' id='word_1_950' title='bbox 3600 5239 3670 5294; x_wconf 90' lang='lat' dir='ltr'><strong>ab</strong></span> 
     </span>
    </p>
   </div>
   <div class='ocr_carea' id='block_1_128' title="bbox 2017 5309 3674 5377">
    <p class='ocr_par' dir='ltr' id='par_1_128' title="bbox 2017 5309 3674 5377">
     <span class='ocr_line' id='line_1_129' title="bbox 2017 5309 3674 5377; baseline 0.001 -13"><span class='ocrx_word' id='word_1_951' title='bbox 2017 5309 2134 5365; x_wconf 91' lang='lat' dir='ltr'><strong>imo</strong></span> <span class='ocrx_word' id='word_1_952' title='bbox 2155 5310 2223 5364; x_wconf 82' lang='lat' dir='ltr'><strong>ad</strong></span> <span class='ocrx_word' id='word_1_953' title='bbox 2255 5326 2551 5364; x_wconf 89' lang='lat' dir='ltr'><strong>summum</strong></span> <span class='ocrx_word' id='word_1_954' title='bbox 2572 5326 2768 5377; x_wconf 86' lang='lat' dir='ltr'><strong>cavus,</strong></span> <span class='ocrx_word' id='word_1_955' title='bbox 2792 5310 2865 5364; x_wconf 86' lang='lat' dir='ltr'><strong>ita</strong></span> <span class='ocrx_word' id='word_1_956' title='bbox 2894 5318 2955 5364; x_wconf 92' lang='lat' dir='ltr'><strong>ut</strong></span> <span class='ocrx_word' id='word_1_957' title='bbox 2981 5311 3154 5365; x_wconf 91' lang='lat' dir='ltr'><strong>tubus</strong></span> <span class='ocrx_word' id='word_1_958' title='bbox 3175 5327 3353 5366; x_wconf 90' lang='lat' dir='ltr'><strong>cavus</strong></span> <span class='ocrx_word' id='word_1_959' title='bbox 3374 5310 3674 5366; x_wconf 87' lang='lat' dir='ltr'><strong>caminum</strong></span> 
     </span>
    </p>
   </div>
   <div class='ocr_carea' id='block_1_129' title="bbox 2017 5381 3674 5452">
    <p class='ocr_par' dir='ltr' id='par_1_129' title="bbox 2017 5381 3674 5452">
     <span class='ocr_line' id='line_1_130' title="bbox 2017 5381 3674 5452; baseline 0.001 -16"><span class='ocrx_word' id='word_1_960' title='bbox 2017 5383 2245 5447; x_wconf 79' lang='lat' dir='ltr'><strong>referat,</strong></span> <span class='ocrx_word' id='word_1_961' title='bbox 2278 5389 2329 5436; x_wconf 89' lang='lat' dir='ltr'><strong>et</strong></span> <span class='ocrx_word' id='word_1_962' title='bbox 2373 5396 2552 5449; x_wconf 88' lang='lat' dir='ltr'><strong>vapor</strong></span> <span class='ocrx_word' id='word_1_963' title='bbox 2593 5381 2912 5435; x_wconf 87' lang='lat' dir='ltr'><strong>carbonum</strong></span> <span class='ocrx_word' id='word_1_964' title='bbox 2961 5381 3111 5435; x_wconf 78' lang='lat' dir='ltr'><strong>haud</strong></span> <span class='ocrx_word' id='word_1_965' title='bbox 3157 5398 3320 5438; x_wconf 90' lang='lat' dir='ltr'><strong>secus</strong></span> <span class='ocrx_word' id='word_1_966' title='bbox 3359 5389 3532 5452; x_wconf 89' lang='lat' dir='ltr'><strong>atque</strong></span> <span class='ocrx_word' id='word_1_967' title='bbox 3573 5397 3674 5452; x_wconf 86' lang='lat' dir='ltr'><strong>per</strong></span> 
     </span>
    </p>
   </div>
   <div class='ocr_carea' id='block_1_130' title="bbox 2015 5452 3672 5509">
    <p class='ocr_par' dir='ltr' id='par_1_130' title="bbox 2015 5452 3672 5509">
     <span class='ocr_line' id='line_1_131' title="bbox 2015 5452 3672 5509; baseline 0 -2"><span class='ocrx_word' id='word_1_968' title='bbox 2015 5453 2310 5508; x_wconf 82' lang='lat' dir='ltr'><strong>caminum</strong></span> <span class='ocrx_word' id='word_1_969' title='bbox 2360 5459 2540 5506; x_wconf 84' lang='lat' dir='ltr'><strong>exeat.</strong></span> <span class='ocrx_word' id='word_1_970' title='bbox 2589 5452 2837 5507; x_wconf 81' lang='lat' dir='ltr'><strong>Miliaria</strong></span> <span class='ocrx_word' id='word_1_971' title='bbox 2880 5459 3073 5508; x_wconf 90' lang='lat' dir='ltr'><strong>autem</strong></span> <span class='ocrx_word' id='word_1_972' title='bbox 3128 5454 3478 5509; x_wconf 75' lang='lat' dir='ltr'><strong>dicebantur</strong></span> <span class='ocrx_word' id='word_1_973' title='bbox 3525 5455 3672 5508; x_wconf 87' lang='lat' dir='ltr'><strong>tales</strong></span> 
     </span>
    </p>
   </div>
   <div class='ocr_carea' id='block_1_131' title="bbox 2011 5522 3670 5593">
    <p class='ocr_par' dir='ltr' id='par_1_131' title="bbox 2011 5522 3670 5593">
     <span class='ocr_line' id='line_1_132' title="bbox 2011 5522 3670 5593; baseline -0.002 -13"><span class='ocrx_word' id='word_1_974' title='bbox 2011 5523 2248 5591; x_wconf 79' lang='lat' dir='ltr'><strong>lebetes,</strong></span> <span class='ocrx_word' id='word_1_975' title='bbox 2289 5525 2439 5593; x_wconf 90' lang='lat' dir='ltr'><strong>quod</strong></span> <span class='ocrx_word' id='word_1_976' title='bbox 2474 5523 2660 5580; x_wconf 85' lang='lat' dir='ltr'><strong>forma</strong></span> <span class='ocrx_word' id='word_1_977' title='bbox 2701 5522 2943 5587; x_wconf 87' lang='lat' dir='ltr'><strong>miliare,</strong></span> <span class='ocrx_word' id='word_1_978' title='bbox 2981 5541 3250 5593; x_wconf 80' lang='lat' dir='ltr'><strong>passuum</strong></span> <span class='ocrx_word' id='word_1_979' title='bbox 3284 5525 3342 5580; x_wconf 93' lang='lat' dir='ltr'><strong>in</strong></span> <span class='ocrx_word' id='word_1_980' title='bbox 3375 5524 3482 5579; x_wconf 89' lang='lat' dir='ltr'><strong>viis</strong></span> <span class='ocrx_word' id='word_1_981' title='bbox 3522 5525 3670 5578; x_wconf 86' lang='lat' dir='ltr'><strong>indi-</strong></span> 
     </span>
    </p>
   </div>
   <div class='ocr_carea' id='block_1_132' title="bbox 2012 5595 3672 5670">
    <p class='ocr_par' dir='ltr' id='par_1_132' title="bbox 2012 5595 3672 5670">
     <span class='ocr_line' id='line_1_133' title="bbox 2012 5595 3672 5670; baseline -0.001 -18"><span class='ocrx_word' id='word_1_982' title='bbox 2012 5612 2163 5660; x_wconf 85' lang='lat' dir='ltr'><strong>cem,</strong></span> <span class='ocrx_word' id='word_1_983' title='bbox 2215 5598 2510 5670; x_wconf 73' lang='lat' dir='ltr'><strong>referrent,</strong></span> <span class='ocrx_word' id='word_1_984' title='bbox 2565 5595 2624 5670; x_wconf 83' lang='lat' dir='ltr'><strong>id</strong></span> <span class='ocrx_word' id='word_1_985' title='bbox 2679 5601 2768 5670; x_wconf 76' lang='lat' dir='ltr'><strong>est</strong></span> <span class='ocrx_word' id='word_1_986' title='bbox 2823 5595 3147 5670; x_wconf 74' lang='lat' dir='ltr'><strong>cylindrum</strong></span> <span class='ocrx_word' id='word_1_987' title='bbox 3202 5597 3520 5670; x_wconf 75' lang='lat' dir='ltr'><strong>perfectum</strong></span> <span class='ocrx_word' id='word_1_988' title='bbox 3573 5597 3672 5651; x_wconf 78' lang='lat' dir='ltr'><strong>aut</strong></span> 
     </span>
    </p>
   </div>
   <div class='ocr_carea' id='block_1_133' title="bbox 2013 5666 3039 5743">
    <p class='ocr_par' dir='ltr' id='par_1_133' title="bbox 2013 5666 3039 5743">
     <span class='ocr_line' id='line_1_134' title="bbox 2013 5666 3039 5743; baseline 0.001 -18"><span class='ocrx_word' id='word_1_989' title='bbox 2013 5683 2254 5726; x_wconf 89' lang='lat' dir='ltr'><strong>conum.</strong></span> <span class='ocrx_word' id='word_1_990' title='bbox 2288 5666 2443 5724; x_wconf 82' lang='lat' dir='ltr'><strong>Conf.</strong></span> <span class='ocrx_word' id='word_1_991' title='bbox 2477 5667 2792 5741; x_wconf 83' lang='lat' dir='ltr'><strong>Antholog.</strong></span> <span class='ocrx_word' id='word_1_992' title='bbox 2824 5666 2880 5743; x_wconf 61' lang='lat' dir='ltr'><strong>p&#39;.</strong></span> <span class='ocrx_word' id='word_1_993' title='bbox 2918 5668 3039 5726; x_wconf 86' lang='grc'><strong>161.</strong></span> 
     </span>
    </p>
   </div>
   <div class='ocr_carea' id='block_1_134' title="bbox 3277 5864 3353 5930">
    <p class='ocr_par' dir='ltr' id='par_1_134' title="bbox 3277 5864 3353 5930">
     <span class='ocr_line' id='line_1_135' title="bbox 3277 5864 3353 5930; baseline 0 0"><span class='ocrx_word' id='word_1_994' title='bbox 3277 5864 3353 5930; x_wconf 75' lang='grc'><strong>29</strong></span> 
     </span>
    </p>
   </div>
  </div>
