  <div class='ocr_page' id='page_1' title='image "/cluster/home/n/w/nwhite01/storage/ocr_20150623/112:no.1/coo.31924054870161/463.png"; bbox 0 0 4052 6366; ppageno 0'>
   <div class='ocr_carea' id='block_1_1' title="bbox 356 400 471 460">
    <p class='ocr_par' dir='ltr' id='par_1_1' title="bbox 356 400 471 460">
     <span class='ocr_line' id='line_1_1' title="bbox 356 400 471 460; baseline 0 -1"><span class='ocrx_word' id='word_1_1' title='bbox 356 400 471 460; x_wconf 86' lang='grc'><strong>911</strong></span> 
     </span>
    </p>
   </div>
   <div class='ocr_carea' id='block_1_2' title="bbox 1429 383 2700 452">
    <p class='ocr_par' dir='ltr' id='par_1_2' title="bbox 1429 383 2700 452">
     <span class='ocr_line' id='line_1_2' title="bbox 1429 383 2700 452; baseline -0.005 -2"><span class='ocrx_word' id='word_1_2' title='bbox 1429 387 1950 452; x_wconf 82' lang='lat' dir='ltr'><strong>CONSTANTINI</strong></span> <span class='ocrx_word' id='word_1_3' title='bbox 1997 383 2700 446; x_wconf 79' lang='lat' dir='ltr'><strong>PORPHYROGENITI</strong></span> 
     </span>
    </p>
   </div>
   <div class='ocr_carea' id='block_1_3' title="bbox 3654 379 3776 440">
    <p class='ocr_par' dir='ltr' id='par_1_3' title="bbox 3654 379 3776 440">
     <span class='ocr_line' id='line_1_3' title="bbox 3654 379 3776 440; baseline -0.016 0"><span class='ocrx_word' id='word_1_4' title='bbox 3654 379 3776 440; x_wconf 68' lang='lat'><strong>9|!</strong></span> 
     </span>
    </p>
   </div>
   <div class='ocr_carea' id='block_1_4' title="bbox 351 507 1997 600">
    <p class='ocr_par' dir='ltr' id='par_1_4' title="bbox 351 518 1997 600">
     <span class='ocr_line' id='line_1_4' title="bbox 351 518 1997 600; baseline -0.007 -13"><span class='ocrx_word' id='word_1_5' title='bbox 351 533 462 587; x_wconf 90' lang='lat' dir='ltr'><strong>bus</strong></span> <span class='ocrx_word' id='word_1_6' title='bbox 493 532 549 584; x_wconf 89' lang='lat' dir='ltr'><strong>et</strong></span> <span class='ocrx_word' id='word_1_7' title='bbox 579 528 812 600; x_wconf 75' lang='lat' dir='ltr'><strong>praestet</strong></span> <span class='ocrx_word' id='word_1_8' title='bbox 838 539 1150 580; x_wconf 82' lang='lat' dir='ltr'><strong>numerum</strong></span> <span class='ocrx_word' id='word_1_9' title='bbox 1178 523 1509 580; x_wconf 83' lang='lat' dir='ltr'><strong>mulionum</strong></span> <span class='ocrx_word' id='word_1_10' title='bbox 1537 539 1604 579; x_wconf 77' lang='lat' dir='ltr'><strong>ex</strong></span> <span class='ocrx_word' id='word_1_11' title='bbox 1633 518 1997 594; x_wconf 70' lang='lat' dir='ltr'><strong>optimatibus</strong></span> 
     </span>
    </p>
   </div>
   <div class='ocr_carea' id='block_1_5' title="bbox 2107 507 3777 600">
    <p class='ocr_par' dir='ltr' id='par_1_5' title="bbox 2123 507 3777 600">
     <span class='ocr_line' id='line_1_5' title="bbox 2123 507 3777 600; baseline -0.004 -29"><span class='ocrx_word' id='word_1_12' title='bbox 2123 509 2438 590; x_wconf 75' lang='grc' dir='ltr'>κραϐϐἀτου</span> <span class='ocrx_word' id='word_1_13' title='bbox 2470 517 2605 589; x_wconf 77' lang='grc'>(64),</span> <span class='ocrx_word' id='word_1_14' title='bbox 2667 513 2756 569; x_wconf 86' lang='grc' dir='ltr'>λαὶ</span> <span class='ocrx_word' id='word_1_15' title='bbox 2796 511 3012 568; x_wconf 65' lang='grc' dir='ltr'>ἵσταται</span> <span class='ocrx_word' id='word_1_16' title='bbox 3059 511 3176 567; x_wconf 82' lang='grc' dir='ltr'>κατ’</span> <span class='ocrx_word' id='word_1_17' title='bbox 3214 507 3492 600; x_wconf 3' lang='grc' dir='ltr'>,ἀνατολὰς</span> <span class='ocrx_word' id='word_1_18' title='bbox 3533 510 3645 582; x_wconf 81' lang='lat'>(65)</span> <span class='ocrx_word' id='word_1_19' title='bbox 3675 508 3777 571; x_wconf 71' lang='grc' dir='ltr'><strong>τὰς</strong></span> 
     </span>
    </p>
   </div>
   <div class='ocr_carea' id='block_1_6' title="bbox 348 610 2004 691">
    <p class='ocr_par' dir='ltr' id='par_1_6' title="bbox 348 610 2004 691">
     <span class='ocr_line' id='line_1_6' title="bbox 348 610 2004 691; baseline -0.007 -16"><span class='ocrx_word' id='word_1_20' title='bbox 348 617 661 691; x_wconf 81' lang='lat' dir='ltr'><strong>sagmariis</strong></span> <span class='ocrx_word' id='word_1_21' title='bbox 694 631 911 688; x_wconf 88' lang='lat' dir='ltr'><strong>parem.</strong></span> <span class='ocrx_word' id='word_1_22' title='bbox 939 612 1255 669; x_wconf 69' lang='lat' dir='ltr'><strong>Premittat</strong></span> <span class='ocrx_word' id='word_1_23' title='bbox 1278 629 1512 685; x_wconf 85' lang='lat' dir='ltr'><strong>quoque</strong></span> <span class='ocrx_word' id='word_1_24' title='bbox 1545 614 1860 684; x_wconf 79' lang='lat' dir='ltr'><strong>imperator</strong></span> <span class='ocrx_word' id='word_1_25' title='bbox 1891 610 2004 664; x_wconf 93' lang='lat' dir='ltr'><strong>duo</strong></span> 
     </span>
    </p>
   </div>
   <div class='ocr_carea' id='block_1_7' title="bbox 349 698 2003 776">
    <p class='ocr_par' dir='ltr' id='par_1_7' title="bbox 349 698 2003 776">
     <span class='ocr_line' id='line_1_7' title="bbox 349 698 2003 776; baseline -0.007 -12"><span class='ocrx_word' id='word_1_26' title='bbox 349 707 647 772; x_wconf 70' lang='lat' dir='ltr'><strong>basilicon,</strong></span> <span class='ocrx_word' id='word_1_27' title='bbox 681 720 860 761; x_wconf 90' lang='lat' dir='ltr'><strong>unum</strong></span> <span class='ocrx_word' id='word_1_28' title='bbox 894 703 1129 776; x_wconf 87' lang='lat' dir='ltr'><strong>quidem</strong></span> <span class='ocrx_word' id='word_1_29' title='bbox 1163 701 1222 758; x_wconf 90' lang='lat' dir='ltr'><strong>in</strong></span> <span class='ocrx_word' id='word_1_30' title='bbox 1257 703 1450 775; x_wconf 81' lang='lat' dir='ltr'><strong>Pylas,</strong></span> <span class='ocrx_word' id='word_1_31' title='bbox 1485 710 1543 756; x_wconf 90' lang='lat' dir='ltr'><strong>ut</strong></span> <span class='ocrx_word' id='word_1_32' title='bbox 1575 698 1855 773; x_wconf 81' lang='lat' dir='ltr'><strong>papulum</strong></span> <span class='ocrx_word' id='word_1_33' title='bbox 1900 714 2003 754; x_wconf 91' lang='lat' dir='ltr'><strong>seu</strong></span> 
     </span>
    </p>
   </div>
   <div class='ocr_carea' id='block_1_8' title="bbox 347 789 2000 862">
    <p class='ocr_par' dir='ltr' id='par_1_8' title="bbox 347 789 2000 862">
     <span class='ocr_line' id='line_1_8' title="bbox 347 789 2000 862; baseline -0.008 -8"><span class='ocrx_word' id='word_1_34' title='bbox 347 801 668 854; x_wconf 83' lang='lat' dir='ltr'><strong>exercitum</strong></span> <span class='ocrx_word' id='word_1_35' title='bbox 691 797 980 858; x_wconf 79' lang='lat' dir='ltr'><strong>traducat,</strong></span> <span class='ocrx_word' id='word_1_36' title='bbox 1000 793 1093 848; x_wconf 91' lang='lat' dir='ltr'><strong>cui</strong></span> <span class='ocrx_word' id='word_1_37' title='bbox 1113 792 1300 848; x_wconf 89' lang='lat' dir='ltr'><strong>eidem</strong></span> <span class='ocrx_word' id='word_1_38' title='bbox 1322 807 1555 862; x_wconf 91' lang='lat' dir='ltr'><strong>quoque</strong></span> <span class='ocrx_word' id='word_1_39' title='bbox 1571 792 1641 845; x_wconf 90' lang='lat' dir='ltr'><strong>ad</strong></span> <span class='ocrx_word' id='word_1_40' title='bbox 1664 789 2000 844; x_wconf 87' lang='lat' dir='ltr'><strong>Leucatium</strong></span> 
     </span>
    </p>
   </div>
   <div class='ocr_carea' id='block_1_9' title="bbox 348 879 2000 956">
    <p class='ocr_par' dir='ltr' id='par_1_9' title="bbox 348 879 2000 956">
     <span class='ocr_line' id='line_1_9' title="bbox 348 879 2000 956; baseline -0.01 -13"><span class='ocrx_word' id='word_1_41' title='bbox 348 887 606 943; x_wconf 85' lang='lat' dir='ltr'><strong>eundum</strong></span> <span class='ocrx_word' id='word_1_42' title='bbox 639 888 748 947; x_wconf 88' lang='lat' dir='ltr'><strong>est,</strong></span> <span class='ocrx_word' id='word_1_43' title='bbox 781 898 892 956; x_wconf 90' lang='lat' dir='ltr'><strong>quo</strong></span> <span class='ocrx_word' id='word_1_44' title='bbox 924 881 1157 952; x_wconf 89' lang='lat' dir='ltr'><strong>navigia</strong></span> <span class='ocrx_word' id='word_1_45' title='bbox 1188 880 1258 935; x_wconf 89' lang='lat' dir='ltr'><strong>ad</strong></span> <span class='ocrx_word' id='word_1_46' title='bbox 1305 879 1644 935; x_wconf 88' lang='lat' dir='ltr'><strong>Leucatium</strong></span> <span class='ocrx_word' id='word_1_47' title='bbox 1679 879 1956 932; x_wconf 88' lang='lat' dir='ltr'><strong>conducat</strong></span> <span class='ocrx_word' id='word_1_48' title='bbox 1985 895 2000 943; x_wconf 87' lang='lat'><strong>;</strong></span> 
     </span>
    </p>
   </div>
   <div class='ocr_carea' id='block_1_10' title="bbox 348 964 2002 1042">
    <p class='ocr_par' dir='ltr' id='par_1_10' title="bbox 348 964 2002 1042">
     <span class='ocr_line' id='line_1_10' title="bbox 348 964 2002 1042; baseline -0.008 -10"><span class='ocrx_word' id='word_1_49' title='bbox 348 974 599 1032; x_wconf 89' lang='lat' dir='ltr'><strong>alterum</strong></span> <span class='ocrx_word' id='word_1_50' title='bbox 619 990 750 1030; x_wconf 87' lang='lat' dir='ltr'><strong>vero</strong></span> <span class='ocrx_word' id='word_1_51' title='bbox 772 976 838 1028; x_wconf 88' lang='lat' dir='ltr'><strong>ad</strong></span> <span class='ocrx_word' id='word_1_52' title='bbox 862 976 1188 1042; x_wconf 89' lang='lat' dir='ltr'><strong>Saugarum</strong></span> <span class='ocrx_word' id='word_1_53' title='bbox 1212 979 1263 1024; x_wconf 92' lang='lat' dir='ltr'><strong>et</strong></span> <span class='ocrx_word' id='word_1_54' title='bbox 1287 969 1671 1024; x_wconf 90' lang='lat' dir='ltr'><strong>S.Sabinum.</strong></span> <span class='ocrx_word' id='word_1_55' title='bbox 1704 964 2002 1020; x_wconf 71' lang='lat' dir='ltr'><strong>Prazmittit</strong></span> 
     </span>
    </p>
   </div>
   <div class='ocr_carea' id='block_1_11' title="bbox 346 1057 2000 1136">
    <p class='ocr_par' dir='ltr' id='par_1_11' title="bbox 346 1057 2000 1136">
     <span class='ocr_line' id='line_1_11' title="bbox 346 1057 2000 1136; baseline -0.008 -13"><span class='ocrx_word' id='word_1_56' title='bbox 346 1075 538 1123; x_wconf 88' lang='lat' dir='ltr'><strong>autem</strong></span> <span class='ocrx_word' id='word_1_57' title='bbox 572 1065 890 1136; x_wconf 81' lang='lat' dir='ltr'><strong>imperator</strong></span> <span class='ocrx_word' id='word_1_58' title='bbox 916 1060 1188 1117; x_wconf 82' lang='lat' dir='ltr'><strong>basilicas</strong></span> <span class='ocrx_word' id='word_1_59' title='bbox 1213 1065 1270 1115; x_wconf 91' lang='lat' dir='ltr'><strong>et</strong></span> <span class='ocrx_word' id='word_1_60' title='bbox 1291 1075 1494 1115; x_wconf 87' lang='lat' dir='ltr'><strong>omnes</strong></span> <span class='ocrx_word' id='word_1_61' title='bbox 1519 1057 1774 1130; x_wconf 88' lang='lat' dir='ltr'><strong>reliquos</strong></span> <span class='ocrx_word' id='word_1_62' title='bbox 1795 1072 2000 1112; x_wconf 89' lang='lat' dir='ltr'><strong>conve-</strong></span> 
     </span>
    </p>
   </div>
   <div class='ocr_carea' id='block_1_12' title="bbox 347 1145 1996 1225">
    <p class='ocr_par' dir='ltr' id='par_1_12' title="bbox 347 1145 1996 1225">
     <span class='ocr_line' id='line_1_12' title="bbox 347 1145 1996 1225; baseline -0.007 -15"><span class='ocrx_word' id='word_1_63' title='bbox 347 1156 472 1211; x_wconf 90' lang='lat' dir='ltr'><strong>nire</strong></span> <span class='ocrx_word' id='word_1_64' title='bbox 505 1155 645 1210; x_wconf 93' lang='lat' dir='ltr'><strong>illuc</strong></span> <span class='ocrx_word' id='word_1_65' title='bbox 667 1153 837 1225; x_wconf 88' lang='lat' dir='ltr'><strong>jubet</strong></span> <span class='ocrx_word' id='word_1_66' title='bbox 865 1151 1014 1219; x_wconf 92' lang='lat' dir='ltr'><strong>ideo,</strong></span> <span class='ocrx_word' id='word_1_67' title='bbox 1050 1157 1112 1206; x_wconf 90' lang='lat' dir='ltr'><strong>ut</strong></span> <span class='ocrx_word' id='word_1_68' title='bbox 1142 1154 1452 1206; x_wconf 80' lang='lat' dir='ltr'><strong>occurrant</strong></span> <span class='ocrx_word' id='word_1_69' title='bbox 1472 1164 1594 1204; x_wconf 57' lang='lat' dir='ltr'><strong>suis</strong></span> <span class='ocrx_word' id='word_1_70' title='bbox 1619 1145 1912 1217; x_wconf 80' lang='lat' dir='ltr'><strong>majestati</strong></span> <span class='ocrx_word' id='word_1_71' title='bbox 1937 1145 1996 1200; x_wconf 91' lang='lat' dir='ltr'><strong>in</strong></span> 
     </span>
    </p>
   </div>
   <div class='ocr_carea' id='block_1_13' title="bbox 343 1239 1996 1317">
    <p class='ocr_par' dir='ltr' id='par_1_13' title="bbox 343 1239 1996 1317">
     <span class='ocr_line' id='line_1_13' title="bbox 343 1239 1996 1317; baseline -0.005 -16"><span class='ocrx_word' id='word_1_72' title='bbox 343 1244 516 1317; x_wconf 81' lang='lat' dir='ltr'><strong>Pylis.</strong></span> <span class='ocrx_word' id='word_1_73' title='bbox 551 1244 860 1314; x_wconf 78' lang='lat' dir='ltr'><strong>Magistros</strong></span> <span class='ocrx_word' id='word_1_74' title='bbox 891 1247 1086 1298; x_wconf 90' lang='lat' dir='ltr'><strong>autem</strong></span> <span class='ocrx_word' id='word_1_75' title='bbox 1118 1245 1175 1296; x_wconf 88' lang='lat' dir='ltr'><strong>et</strong></span> <span class='ocrx_word' id='word_1_76' title='bbox 1220 1240 1492 1312; x_wconf 88' lang='lat' dir='ltr'><strong>patricios</strong></span> <span class='ocrx_word' id='word_1_77' title='bbox 1541 1243 1598 1294; x_wconf 89' lang='lat' dir='ltr'><strong>et</strong></span> <span class='ocrx_word' id='word_1_78' title='bbox 1642 1239 1810 1305; x_wconf 89' lang='lat' dir='ltr'><strong>alios,</strong></span> <span class='ocrx_word' id='word_1_79' title='bbox 1849 1253 1996 1309; x_wconf 86' lang='lat' dir='ltr'><strong>quos</strong></span> 
     </span>
    </p>
   </div>
   <div class='ocr_carea' id='block_1_14' title="bbox 343 1328 1999 1406">
    <p class='ocr_par' dir='ltr' id='par_1_14' title="bbox 343 1328 1999 1406">
     <span class='ocr_line' id='line_1_14' title="bbox 343 1328 1999 1406; baseline -0.005 -16"><span class='ocrx_word' id='word_1_80' title='bbox 343 1335 468 1390; x_wconf 87' lang='lat' dir='ltr'><strong>vult</strong></span> <span class='ocrx_word' id='word_1_81' title='bbox 511 1339 686 1406; x_wconf 88' lang='lat' dir='ltr'><strong>atque</strong></span> <span class='ocrx_word' id='word_1_82' title='bbox 734 1333 1022 1404; x_wconf 83' lang='lat' dir='ltr'><strong>designat,</strong></span> <span class='ocrx_word' id='word_1_83' title='bbox 1077 1347 1179 1386; x_wconf 90' lang='lat' dir='ltr'><strong>nec</strong></span> <span class='ocrx_word' id='word_1_84' title='bbox 1229 1347 1345 1386; x_wconf 91' lang='lat' dir='ltr'><strong>non</strong></span> <span class='ocrx_word' id='word_1_85' title='bbox 1397 1330 1758 1401; x_wconf 74' lang='lat' dir='ltr'><strong>praapositos,</strong></span> <span class='ocrx_word' id='word_1_86' title='bbox 1819 1328 1999 1383; x_wconf 92' lang='lat' dir='ltr'><strong>sumit</strong></span> 
     </span>
    </p>
   </div>
   <div class='ocr_carea' id='block_1_15' title="bbox 345 1417 1995 1489">
    <p class='ocr_par' dir='ltr' id='par_1_15' title="bbox 345 1417 1995 1489">
     <span class='ocr_line' id='line_1_15' title="bbox 345 1417 1995 1489; baseline -0.006 -10"><span class='ocrx_word' id='word_1_87' title='bbox 345 1440 542 1479; x_wconf 91' lang='lat' dir='ltr'><strong>secum</strong></span> <span class='ocrx_word' id='word_1_88' title='bbox 571 1423 627 1477; x_wconf 91' lang='lat' dir='ltr'><strong>in</strong></span> <span class='ocrx_word' id='word_1_89' title='bbox 663 1421 1006 1486; x_wconf 85' lang='lat' dir='ltr'><strong>dromonia;</strong></span> <span class='ocrx_word' id='word_1_90' title='bbox 1040 1424 1098 1474; x_wconf 90' lang='lat' dir='ltr'><strong>et</strong></span> <span class='ocrx_word' id='word_1_91' title='bbox 1119 1419 1259 1474; x_wconf 88' lang='lat' dir='ltr'><strong>satis</strong></span> <span class='ocrx_word' id='word_1_92' title='bbox 1285 1417 1481 1489; x_wconf 87' lang='lat' dir='ltr'><strong>procul</strong></span> <span class='ocrx_word' id='word_1_93' title='bbox 1511 1423 1747 1472; x_wconf 81' lang='lat' dir='ltr'><strong>avectus</strong></span> <span class='ocrx_word' id='word_1_94' title='bbox 1770 1434 1803 1472; x_wconf 91' lang='lat' dir='ltr'><strong>a</strong></span> <span class='ocrx_word' id='word_1_95' title='bbox 1826 1421 1995 1487; x_wconf 91' lang='lat' dir='ltr'><strong>portu</strong></span> 
     </span>
    </p>
   </div>
   <div class='ocr_carea' id='block_1_16' title="bbox 344 1505 1994 1586">
    <p class='ocr_par' dir='ltr' id='par_1_16' title="bbox 344 1505 1994 1586">
     <span class='ocr_line' id='line_1_16' title="bbox 344 1505 1994 1586; baseline -0.004 -19"><span class='ocrx_word' id='word_1_96' title='bbox 344 1514 525 1586; x_wconf 88' lang='lat' dir='ltr'><strong>regio,</strong></span> <span class='ocrx_word' id='word_1_97' title='bbox 551 1513 630 1568; x_wconf 89' lang='lat' dir='ltr'><strong>ita</strong></span> <span class='ocrx_word' id='word_1_98' title='bbox 652 1511 857 1582; x_wconf 89' lang='lat' dir='ltr'><strong>utjam</strong></span> <span class='ocrx_word' id='word_1_99' title='bbox 881 1514 1061 1565; x_wconf 88' lang='lat' dir='ltr'><strong>totam</strong></span> <span class='ocrx_word' id='word_1_100' title='bbox 1087 1508 1284 1563; x_wconf 87' lang='lat' dir='ltr'><strong>urbem</strong></span> <span class='ocrx_word' id='word_1_101' title='bbox 1303 1507 1478 1562; x_wconf 80' lang='lat' dir='ltr'><strong>simul</strong></span> <span class='ocrx_word' id='word_1_102' title='bbox 1502 1506 1762 1562; x_wconf 91' lang='lat' dir='ltr'><strong>contueri</strong></span> <span class='ocrx_word' id='word_1_103' title='bbox 1789 1505 1994 1576; x_wconf 88' lang='lat' dir='ltr'><strong>possit,</strong></span> 
     </span>
    </p>
   </div>
   <div class='ocr_carea' id='block_1_17' title="bbox 347 1595 1995 1674">
    <p class='ocr_par' dir='ltr' id='par_1_17' title="bbox 347 1595 1995 1674">
     <span class='ocr_line' id='line_1_17' title="bbox 347 1595 1995 1674; baseline -0.005 -16"><span class='ocrx_word' id='word_1_104' title='bbox 347 1601 534 1674; x_wconf 78' lang='lat' dir='ltr'><strong>surgit</strong></span> <span class='ocrx_word' id='word_1_105' title='bbox 563 1618 593 1657; x_wconf 82' lang='grc' dir='ltr'><strong>ο</strong></span> <span class='ocrx_word' id='word_1_106' title='bbox 623 1600 917 1666; x_wconf 91' lang='lat' dir='ltr'><strong>crabbato,</strong></span> <span class='ocrx_word' id='word_1_107' title='bbox 954 1600 1066 1670; x_wconf 86' lang='lat' dir='ltr'><strong>[est</strong></span> <span class='ocrx_word' id='word_1_108' title='bbox 1096 1597 1240 1653; x_wconf 89' lang='lat' dir='ltr'><strong>illud</strong></span> <span class='ocrx_word' id='word_1_109' title='bbox 1267 1595 1625 1666; x_wconf 86' lang='lat' dir='ltr'><strong>cubiculum,</strong></span> <span class='ocrx_word' id='word_1_110' title='bbox 1651 1595 1804 1666; x_wconf 90' lang='lat' dir='ltr'><strong>quod</strong></span> <span class='ocrx_word' id='word_1_111' title='bbox 1835 1595 1995 1650; x_wconf 90' lang='lat' dir='ltr'><strong>navis</strong></span> 
     </span>
    </p>
   </div>
   <div class='ocr_carea' id='block_1_18' title="bbox 345 1681 1993 1762">
    <p class='ocr_par' dir='ltr' id='par_1_18' title="bbox 345 1681 1993 1762">
     <span class='ocr_line' id='line_1_18' title="bbox 345 1681 1993 1762; baseline -0.006 -16"><span class='ocrx_word' id='word_1_112' title='bbox 345 1692 616 1762; x_wconf 72' lang='lat' dir='ltr'><strong>praefecto</strong></span> <span class='ocrx_word' id='word_1_113' title='bbox 665 1694 720 1746; x_wconf 89' lang='lat' dir='ltr'><strong>et</strong></span> <span class='ocrx_word' id='word_1_114' title='bbox 769 1687 1043 1744; x_wconf 90' lang='lat' dir='ltr'><strong>nauclero</strong></span> <span class='ocrx_word' id='word_1_115' title='bbox 1093 1686 1153 1742; x_wconf 91' lang='lat' dir='ltr'><strong>in</strong></span> <span class='ocrx_word' id='word_1_116' title='bbox 1204 1688 1386 1758; x_wconf 91' lang='lat' dir='ltr'>puppi</span> <span class='ocrx_word' id='word_1_117' title='bbox 1433 1685 1689 1740; x_wconf 82' lang='lat' dir='ltr'><strong>construi</strong></span> <span class='ocrx_word' id='word_1_118' title='bbox 1733 1690 1786 1740; x_wconf 87' lang='lat' dir='ltr'><strong>et</strong></span> <span class='ocrx_word' id='word_1_119' title='bbox 1820 1681 1993 1740; x_wconf 90' lang='lat' dir='ltr'><strong>incoli</strong></span> 
     </span>
    </p>
   </div>
   <div class='ocr_carea' id='block_1_19' title="bbox 345 1774 1992 1852">
    <p class='ocr_par' dir='ltr' id='par_1_19' title="bbox 345 1774 1992 1852">
     <span class='ocr_line' id='line_1_19' title="bbox 345 1774 1992 1852; baseline -0.006 -15"><span class='ocrx_word' id='word_1_120' title='bbox 345 1780 536 1852; x_wconf 88' lang='lat' dir='ltr'><strong>solet,]</strong></span> <span class='ocrx_word' id='word_1_121' title='bbox 567 1785 820 1850; x_wconf 24' lang='lat' dir='ltr'><strong>etlstans</strong></span> <span class='ocrx_word' id='word_1_122' title='bbox 843 1779 898 1832; x_wconf 91' lang='lat' dir='ltr'><strong>in</strong></span> <span class='ocrx_word' id='word_1_123' title='bbox 923 1781 1071 1833; x_wconf 91' lang='lat' dir='ltr'><strong>tecto</strong></span> <span class='ocrx_word' id='word_1_124' title='bbox 1096 1776 1280 1840; x_wconf 87' lang='lat' dir='ltr'><strong>navis,</strong></span> <span class='ocrx_word' id='word_1_125' title='bbox 1303 1775 1464 1830; x_wconf 87' lang='lat' dir='ltr'><strong>vultu</strong></span> <span class='ocrx_word' id='word_1_126' title='bbox 1489 1791 1689 1830; x_wconf 87' lang='lat' dir='ltr'><strong>versus</strong></span> <span class='ocrx_word' id='word_1_127' title='bbox 1713 1774 1992 1829; x_wconf 90' lang='lat' dir='ltr'><strong>orientem</strong></span> 
     </span>
    </p>
   </div>
   <div class='ocr_carea' id='block_1_20' title="bbox 346 1864 1996 1936">
    <p class='ocr_par' dir='ltr' id='par_1_20' title="bbox 346 1864 1996 1936">
     <span class='ocr_line' id='line_1_20' title="bbox 346 1864 1996 1936; baseline -0.007 -9"><span class='ocrx_word' id='word_1_128' title='bbox 346 1887 644 1936; x_wconf 78' lang='lat' dir='ltr'><strong>converso,</strong></span> <span class='ocrx_word' id='word_1_129' title='bbox 697 1868 849 1925; x_wconf 90' lang='lat' dir='ltr'><strong>tollit</strong></span> <span class='ocrx_word' id='word_1_130' title='bbox 892 1883 1103 1923; x_wconf 90' lang='lat' dir='ltr'><strong>manus</strong></span> <span class='ocrx_word' id='word_1_131' title='bbox 1153 1867 1221 1921; x_wconf 87' lang='lat' dir='ltr'><strong>ad</strong></span> <span class='ocrx_word' id='word_1_132' title='bbox 1265 1864 1499 1933; x_wconf 76' lang='lat' dir='ltr'><strong>cmlum,</strong></span> <span class='ocrx_word' id='word_1_133' title='bbox 1551 1865 1869 1936; x_wconf 86' lang='lat' dir='ltr'><strong>dextraque</strong></span> <span class='ocrx_word' id='word_1_134' title='bbox 1913 1871 1996 1918; x_wconf 88' lang='lat' dir='ltr'><strong>ter</strong></span> 
     </span>
    </p>
   </div>
   <div class='ocr_carea' id='block_1_21' title="bbox 2113 596 3776 683">
    <p class='ocr_par' dir='ltr' id='par_1_21' title="bbox 2113 596 3776 683">
     <span class='ocr_line' id='line_1_21' title="bbox 2113 596 3776 683; baseline -0.006 -23"><span class='ocrx_word' id='word_1_135' title='bbox 2113 609 2303 683; x_wconf 76' lang='grc' dir='ltr'>χεῖρας</span> <span class='ocrx_word' id='word_1_136' title='bbox 2335 605 2472 674; x_wconf 81' lang='grc' dir='ltr'>πρὸς</span> <span class='ocrx_word' id='word_1_137' title='bbox 2501 605 2592 658; x_wconf 87' lang='grc' dir='ltr'><strong>τὸν</strong></span> <span class='ocrx_word' id='word_1_138' title='bbox 2624 602 2853 678; x_wconf 82' lang='grc' dir='ltr'>οὐρανὸν</span> <span class='ocrx_word' id='word_1_139' title='bbox 2893 600 3087 676; x_wconf 75' lang='grc' dir='ltr'>αἶ’ρων,</span> <span class='ocrx_word' id='word_1_140' title='bbox 3138 599 3228 655; x_wconf 83' lang='grc' dir='ltr'><strong>γαὶ</strong></span> <span class='ocrx_word' id='word_1_141' title='bbox 3278 599 3462 674; x_wconf 85' lang='grc' dir='ltr'>τρίτον</span> <span class='ocrx_word' id='word_1_142' title='bbox 3505 601 3576 672; x_wconf 74' lang='grc' dir='ltr'>τῇ</span> <span class='ocrx_word' id='word_1_143' title='bbox 3623 596 3776 672; x_wconf 67' lang='grc' dir='ltr'>χειρὶ</span> 
     </span>
    </p>
   </div>
   <div class='ocr_carea' id='block_1_22' title="bbox 2111 684 3780 769">
    <p class='ocr_par' dir='ltr' id='par_1_22' title="bbox 2111 684 3780 769">
     <span class='ocr_line' id='line_1_22' title="bbox 2111 684 3780 769; baseline -0.005 -20"><span class='ocrx_word' id='word_1_144' title='bbox 2111 696 2210 764; x_wconf 75' lang='grc' dir='ltr'>τήν</span> <span class='ocrx_word' id='word_1_145' title='bbox 2280 693 2439 750; x_wconf 79' lang='grc' dir='ltr'>πόλιν</span> <span class='ocrx_word' id='word_1_146' title='bbox 2491 691 2950 769; x_wconf 74' lang='grc' dir='ltr'>κατασφραγίσας,</span> <span class='ocrx_word' id='word_1_147' title='bbox 3011 686 3229 764; x_wconf 75' lang='grc' dir='ltr'><strong>εὔχεται</strong></span> <span class='ocrx_word' id='word_1_148' title='bbox 3283 692 3363 760; x_wconf 77' lang='grc' dir='ltr'>τῷ</span> <span class='ocrx_word' id='word_1_149' title='bbox 3424 691 3540 760; x_wconf 78' lang='grc' dir='ltr'><strong>Θεῷ</strong></span> <span class='ocrx_word' id='word_1_150' title='bbox 3600 684 3780 762; x_wconf 77' lang='grc' dir='ltr'>λέγων</span> 
     </span>
    </p>
   </div>
   <div class='ocr_carea' id='block_1_23' title="bbox 2112 775 3778 856">
    <p class='ocr_par' dir='ltr' id='par_1_23' title="bbox 2112 775 3778 856">
     <span class='ocr_line' id='line_1_23' title="bbox 2112 775 3778 856; baseline -0.005 -18"><span class='ocrx_word' id='word_1_151' title='bbox 2112 781 2286 846; x_wconf 76' lang='grc' dir='ltr'>οὕτως</span> <span class='ocrx_word' id='word_1_152' title='bbox 2328 787 2367 839; x_wconf 91' lang='grc'><strong>¹.</strong></span> <span class='ocrx_word' id='word_1_153' title='bbox 2424 809 2450 835; x_wconf 76' lang='grc' dir='ltr'><strong>ι(</strong></span> <span class='ocrx_word' id='word_1_154' title='bbox 2503 781 2672 856; x_wconf 80' lang='grc' dir='ltr'>Κύριε</span> <span class='ocrx_word' id='word_1_155' title='bbox 2719 783 2902 852; x_wconf 83' lang='grc' dir='ltr'><strong>Ἰησοῦ</strong></span> <span class='ocrx_word' id='word_1_156' title='bbox 2960 779 3179 854; x_wconf 75' lang='grc' dir='ltr'>Χριστὶ,</span> <span class='ocrx_word' id='word_1_157' title='bbox 3241 779 3268 833; x_wconf 89' lang='grc' dir='ltr'>ὁ</span> <span class='ocrx_word' id='word_1_158' title='bbox 3322 776 3451 838; x_wconf 83' lang='grc' dir='ltr'><strong>Θεός</strong></span> <span class='ocrx_word' id='word_1_159' title='bbox 3509 797 3637 850; x_wconf 83' lang='grc' dir='ltr'>μου,</span> <span class='ocrx_word' id='word_1_160' title='bbox 3696 775 3778 838; x_wconf 78' lang='grc' dir='ltr'><strong>εἷς</strong></span> 
     </span>
    </p>
   </div>
   <div class='ocr_carea' id='block_1_24' title="bbox 2113 863 3778 948">
    <p class='ocr_par' dir='ltr' id='par_1_24' title="bbox 2113 863 3778 948">
     <span class='ocr_line' id='line_1_24' title="bbox 2113 863 3778 948; baseline -0.005 -22"><span class='ocrx_word' id='word_1_161' title='bbox 2113 871 2302 948; x_wconf 75' lang='grc' dir='ltr'>χεῖράς</span> <span class='ocrx_word' id='word_1_162' title='bbox 2353 893 2447 927; x_wconf 86' lang='grc' dir='ltr'><strong>σου</strong></span> <span class='ocrx_word' id='word_1_163' title='bbox 2497 871 2843 947; x_wconf 74' lang='grc' dir='ltr'>παρατίθημι</span> <span class='ocrx_word' id='word_1_164' title='bbox 2891 868 3094 940; x_wconf 68' lang='grc' dir='ltr'>ταύτην</span> <span class='ocrx_word' id='word_1_165' title='bbox 3143 869 3243 936; x_wconf 73' lang='grc' dir='ltr'>τὴν</span> <span class='ocrx_word' id='word_1_166' title='bbox 3289 865 3452 922; x_wconf 87' lang='grc' dir='ltr'>πόλιν</span> <span class='ocrx_word' id='word_1_167' title='bbox 3501 885 3618 923; x_wconf 73' lang='grc' dir='ltr'>σου.</span> <span class='ocrx_word' id='word_1_168' title='bbox 3653 863 3778 921; x_wconf 69' lang='grc' dir='ltr'><strong>Φύ-</strong></span> 
     </span>
    </p>
   </div>
   <div class='ocr_carea' id='block_1_25' title="bbox 2112 953 3772 1033">
    <p class='ocr_par' dir='ltr' id='par_1_25' title="bbox 2112 953 3772 1033">
     <span class='ocr_line' id='line_1_25' title="bbox 2112 953 3772 1033; baseline -0.005 -16"><span class='ocrx_word' id='word_1_169' title='bbox 2112 959 2275 1032; x_wconf 76' lang='grc' dir='ltr'>λαξον</span> <span class='ocrx_word' id='word_1_170' title='bbox 2329 962 2498 1032; x_wconf 72' lang='grc' dir='ltr'>αὐτὴν</span> <span class='ocrx_word' id='word_1_171' title='bbox 2550 963 2656 1018; x_wconf 85' lang='grc' dir='ltr'><strong>απὸ</strong></span> <span class='ocrx_word' id='word_1_172' title='bbox 2699 961 2914 1016; x_wconf 77' lang='grc' dir='ltr'>πάντων</span> <span class='ocrx_word' id='word_1_173' title='bbox 2959 964 3066 1015; x_wconf 84' lang='grc' dir='ltr'><strong>τῶν</strong></span> <span class='ocrx_word' id='word_1_174' title='bbox 3113 957 3498 1033; x_wconf 80' lang='grc' dir='ltr'><strong>ἐπερχομένων</strong></span> <span class='ocrx_word' id='word_1_175' title='bbox 3533 955 3586 1012; x_wconf 78' lang='grc' dir='ltr'>ἐν</span> <span class='ocrx_word' id='word_1_176' title='bbox 3633 953 3772 1028; x_wconf 77' lang='grc' dir='ltr'>αὐτῇ</span> 
     </span>
    </p>
   </div>
   <div class='ocr_carea' id='block_1_26' title="bbox 2109 1041 3771 1129">
    <p class='ocr_par' dir='ltr' id='par_1_26' title="bbox 2109 1041 3771 1129">
     <span class='ocr_line' id='line_1_26' title="bbox 2109 1041 3771 1129; baseline -0.005 -22"><span class='ocrx_word' id='word_1_177' title='bbox 2109 1051 2362 1107; x_wconf 81' lang='grc' dir='ltr'><strong>ἐναντίων</strong></span> <span class='ocrx_word' id='word_1_178' title='bbox 2416 1051 2507 1106; x_wconf 79' lang='grc' dir='ltr'>καὶ</span> <span class='ocrx_word' id='word_1_179' title='bbox 2568 1048 2870 1129; x_wconf 81' lang='grc' dir='ltr'><strong>δυσχερῶν,</strong></span> <span class='ocrx_word' id='word_1_180' title='bbox 2931 1046 3204 1124; x_wconf 70' lang='grc' dir='ltr'>ἐμφυλίου</span> <span class='ocrx_word' id='word_1_181' title='bbox 3260 1067 3317 1102; x_wconf 82' lang='grc' dir='ltr'><strong>τε</strong></span> <span class='ocrx_word' id='word_1_182' title='bbox 3371 1045 3624 1118; x_wconf 72' lang='grc' dir='ltr'>πολέμου</span> <span class='ocrx_word' id='word_1_183' title='bbox 3678 1041 3771 1099; x_wconf 76' lang='grc' dir='ltr'>καὶ</span> 
     </span>
    </p>
   </div>
   <div class='ocr_carea' id='block_1_27' title="bbox 2108 1135 3772 1217">
    <p class='ocr_par' dir='ltr' id='par_1_27' title="bbox 2108 1135 3772 1217">
     <span class='ocr_line' id='line_1_27' title="bbox 2108 1135 3772 1217; baseline -0.004 -20"><span class='ocrx_word' id='word_1_184' title='bbox 2108 1141 2267 1197; x_wconf 81' lang='grc' dir='ltr'>ἐθνῶν</span> <span class='ocrx_word' id='word_1_185' title='bbox 2330 1139 2660 1217; x_wconf 76' lang='grc' dir='ltr'><strong>ἐπιδρομῆς.</strong></span> <span class='ocrx_word' id='word_1_186' title='bbox 2743 1141 3046 1199; x_wconf 74' lang='grc' dir='ltr'>Ἀνάλωτον</span> <span class='ocrx_word' id='word_1_187' title='bbox 3125 1138 3290 1208; x_wconf 75' lang='grc' dir='ltr'>αὐτὴν</span> <span class='ocrx_word' id='word_1_188' title='bbox 3368 1140 3610 1212; x_wconf 72' lang='grc' dir='ltr'>τήρησον</span> <span class='ocrx_word' id='word_1_189' title='bbox 3676 1135 3772 1192; x_wconf 83' lang='grc' dir='ltr'>καὶ</span> 
     </span>
    </p>
   </div>
   <div class='ocr_carea' id='block_1_28' title="bbox 2105 1222 3772 1308">
    <p class='ocr_par' dir='ltr' id='par_1_28' title="bbox 2105 1222 3772 1308">
     <span class='ocr_line' id='line_1_28' title="bbox 2105 1222 3772 1308; baseline -0.002 -22"><span class='ocrx_word' id='word_1_190' title='bbox 2105 1231 2450 1308; x_wconf 71' lang='grc' dir='ltr'><strong>ἀπόρθητον,</strong></span> <span class='ocrx_word' id='word_1_191' title='bbox 2497 1231 2580 1286; x_wconf 76' lang='grc' dir='ltr'><strong>ὅτι</strong></span> <span class='ocrx_word' id='word_1_192' title='bbox 2630 1229 2681 1286; x_wconf 85' lang='grc' dir='ltr'><strong>ἐν</strong></span> <span class='ocrx_word' id='word_1_193' title='bbox 2732 1231 2816 1286; x_wconf 85' lang='grc' dir='ltr'><strong>σοὶ</strong></span> <span class='ocrx_word' id='word_1_194' title='bbox 2870 1231 2964 1294; x_wconf 77' lang='grc' dir='ltr'><strong>τὰς</strong></span> <span class='ocrx_word' id='word_1_195' title='bbox 3005 1227 3232 1290; x_wconf 79' lang='grc' dir='ltr'><strong>ἐλπίδας</strong></span> <span class='ocrx_word' id='word_1_196' title='bbox 3260 1231 3419 1301; x_wconf 78' lang='grc' dir='ltr'><strong>ἡμῶν</strong></span> <span class='ocrx_word' id='word_1_197' title='bbox 3454 1222 3772 1300; x_wconf 80' lang='grc' dir='ltr'>ἀνεθέμεθα,</span> 
     </span>
    </p>
   </div>
   <div class='ocr_carea' id='block_1_29' title="bbox 2105 1316 3767 1396">
    <p class='ocr_par' dir='ltr' id='par_1_29' title="bbox 2105 1316 3767 1396">
     <span class='ocr_line' id='line_1_29' title="bbox 2105 1316 3767 1396; baseline -0.002 -20"><span class='ocrx_word' id='word_1_198' title='bbox 2105 1322 2194 1376; x_wconf 72' lang='grc' dir='ltr'>καὶ</span> <span class='ocrx_word' id='word_1_199' title='bbox 2226 1324 2287 1376; x_wconf 68' lang='grc' dir='ltr'><strong>σὺ</strong></span> <span class='ocrx_word' id='word_1_200' title='bbox 2324 1323 2372 1377; x_wconf 72' lang='grc' dir='ltr'><strong>εἴ</strong></span> <span class='ocrx_word' id='word_1_201' title='bbox 2403 1321 2597 1396; x_wconf 69' lang='grc' dir='ltr'>Κύριος</span> <span class='ocrx_word' id='word_1_202' title='bbox 2628 1325 2722 1376; x_wconf 70' lang='grc' dir='ltr'>τοῦ</span> <span class='ocrx_word' id='word_1_203' title='bbox 2756 1319 2943 1383; x_wconf 79' lang='grc' dir='ltr'>ἐλέους</span> <span class='ocrx_word' id='word_1_204' title='bbox 2988 1320 3076 1374; x_wconf 80' lang='grc' dir='ltr'>καὶ</span> <span class='ocrx_word' id='word_1_205' title='bbox 3107 1321 3294 1393; x_wconf 73' lang='grc' dir='ltr'>Πατὴρ</span> <span class='ocrx_word' id='word_1_206' title='bbox 3327 1323 3436 1374; x_wconf 77' lang='grc' dir='ltr'><strong>τῶν</strong></span> <span class='ocrx_word' id='word_1_207' title='bbox 3461 1316 3767 1392; x_wconf 72' lang='grc' dir='ltr'>οἰκτιρμῶν</span> 
     </span>
    </p>
   </div>
   <div class='ocr_carea' id='block_1_30' title="bbox 2104 1405 3773 1481">
    <p class='ocr_par' dir='ltr' id='par_1_30' title="bbox 2104 1405 3773 1481">
     <span class='ocr_line' id='line_1_30' title="bbox 2104 1405 3773 1481; baseline -0.002 -15"><span class='ocrx_word' id='word_1_208' title='bbox 2104 1411 2193 1466; x_wconf 81' lang='grc' dir='ltr'>καὶ</span> <span class='ocrx_word' id='word_1_209' title='bbox 2253 1412 2380 1472; x_wconf 82' lang='grc' dir='ltr'><strong>Θεὸς</strong></span> <span class='ocrx_word' id='word_1_210' title='bbox 2453 1412 2633 1481; x_wconf 74' lang='grc' dir='ltr'>πάσης</span> <span class='ocrx_word' id='word_1_211' title='bbox 2712 1411 3132 1481; x_wconf 68' lang='grc' dir='ltr'>πατακλήσεως,</span> <span class='ocrx_word' id='word_1_212' title='bbox 3209 1409 3299 1464; x_wconf 82' lang='grc' dir='ltr'><strong>καὶ</strong></span> <span class='ocrx_word' id='word_1_213' title='bbox 3378 1408 3467 1462; x_wconf 84' lang='grc' dir='ltr'>σόν</span> <span class='ocrx_word' id='word_1_214' title='bbox 3539 1405 3650 1462; x_wconf 66' lang='grc' dir='ltr'>ἑστι</span> <span class='ocrx_word' id='word_1_215' title='bbox 3706 1407 3773 1462; x_wconf 80' lang='grc' dir='ltr'>τὸ</span> 
     </span>
    </p>
   </div>
   <div class='ocr_carea' id='block_1_31' title="bbox 2105 1497 3768 1573">
    <p class='ocr_par' dir='ltr' id='par_1_31' title="bbox 2105 1497 3768 1573">
     <span class='ocr_line' id='line_1_31' title="bbox 2105 1497 3768 1573; baseline -0.002 -19"><span class='ocrx_word' id='word_1_216' title='bbox 2105 1499 2275 1555; x_wconf 79' lang='grc' dir='ltr'>ἐλεεῖν</span> <span class='ocrx_word' id='word_1_217' title='bbox 2330 1500 2419 1555; x_wconf 74' lang='grc' dir='ltr'>καὶ</span> <span class='ocrx_word' id='word_1_218' title='bbox 2477 1501 2664 1570; x_wconf 79' lang='grc' dir='ltr'><strong>σώζειν</strong></span> <span class='ocrx_word' id='word_1_219' title='bbox 2740 1500 2829 1554; x_wconf 76' lang='grc' dir='ltr'>καὶ</span> <span class='ocrx_word' id='word_1_220' title='bbox 2903 1499 3120 1573; x_wconf 69' lang='grc' dir='ltr'>ῥύεσθαι</span> <span class='ocrx_word' id='word_1_221' title='bbox 3179 1497 3238 1553; x_wconf 83' lang='grc' dir='ltr'>ἐκ</span> <span class='ocrx_word' id='word_1_222' title='bbox 3296 1501 3613 1570; x_wconf 74' lang='grc' dir='ltr'>πειρασμῶν</span> <span class='ocrx_word' id='word_1_223' title='bbox 3676 1497 3768 1552; x_wconf 83' lang='grc' dir='ltr'>καὶ</span> 
     </span>
    </p>
   </div>
   <div class='ocr_carea' id='block_1_32' title="bbox 2102 1587 3770 1651">
    <p class='ocr_par' dir='ltr' id='par_1_32' title="bbox 2102 1587 3770 1651">
     <span class='ocr_line' id='line_1_32' title="bbox 2102 1587 3770 1651; baseline -0.002 -7"><span class='ocrx_word' id='word_1_224' title='bbox 2102 1588 2368 1645; x_wconf 72' lang='grc' dir='ltr'>κινδύνων</span> <span class='ocrx_word' id='word_1_225' title='bbox 2429 1591 2520 1645; x_wconf 77' lang='grc' dir='ltr'><strong>νῦν</strong></span> <span class='ocrx_word' id='word_1_226' title='bbox 2578 1591 2669 1644; x_wconf 82' lang='grc' dir='ltr'>καὶ</span> <span class='ocrx_word' id='word_1_227' title='bbox 2745 1590 2826 1644; x_wconf 79' lang='grc' dir='ltr'>ἀεὶ</span> <span class='ocrx_word' id='word_1_228' title='bbox 2902 1590 2993 1644; x_wconf 82' lang='grc' dir='ltr'><strong>καὶ</strong></span> <span class='ocrx_word' id='word_1_229' title='bbox 3066 1589 3144 1651; x_wconf 84' lang='grc' dir='ltr'><strong>εἷς</strong></span> <span class='ocrx_word' id='word_1_230' title='bbox 3220 1587 3349 1648; x_wconf 72' lang='grc' dir='ltr'>τοὺς</span> <span class='ocrx_word' id='word_1_231' title='bbox 3408 1587 3604 1648; x_wconf 80' lang='grc' dir='ltr'>αἰῶνας</span> <span class='ocrx_word' id='word_1_232' title='bbox 3656 1590 3770 1641; x_wconf 81' lang='grc' dir='ltr'>τῶν</span> 
     </span>
    </p>
   </div>
   <div class='ocr_carea' id='block_1_33' title="bbox 2103 1674 3772 1753">
    <p class='ocr_par' dir='ltr' id='par_1_33' title="bbox 2103 1674 3772 1753">
     <span class='ocr_line' id='line_1_33' title="bbox 2103 1674 3772 1753; baseline -0.003 -19"><span class='ocrx_word' id='word_1_233' title='bbox 2103 1679 2342 1739; x_wconf 71' lang='grc' dir='ltr'>αἰώνων.</span> <span class='ocrx_word' id='word_1_234' title='bbox 2377 1681 2572 1752; x_wconf 74' lang='grc' dir='ltr'>Ἀμήν.</span> <span class='ocrx_word' id='word_1_235' title='bbox 2610 1704 2637 1731; x_wconf 79' lang='lat' dir='ltr'><strong>n</strong></span> <span class='ocrx_word' id='word_1_236' title='bbox 2689 1680 2784 1734; x_wconf 77' lang='grc' dir='ltr'><strong>Καὶ</strong></span> <span class='ocrx_word' id='word_1_237' title='bbox 2838 1679 2974 1752; x_wconf 75' lang='grc' dir='ltr'>μετὰ</span> <span class='ocrx_word' id='word_1_238' title='bbox 3021 1679 3083 1732; x_wconf 85' lang='grc' dir='ltr'>τὸ</span> <span class='ocrx_word' id='word_1_239' title='bbox 3134 1674 3454 1753; x_wconf 76' lang='grc' dir='ltr'>διαπεράσαι</span> <span class='ocrx_word' id='word_1_240' title='bbox 3484 1677 3578 1731; x_wconf 89' lang='grc' dir='ltr'>τὸν</span> <span class='ocrx_word' id='word_1_241' title='bbox 3610 1676 3772 1749; x_wconf 83' lang='grc' dir='ltr'>βασι-</span> 
     </span>
    </p>
   </div>
   <div class='ocr_carea' id='block_1_34' title="bbox 2105 1763 3770 1843">
    <p class='ocr_par' dir='ltr' id='par_1_34' title="bbox 2105 1763 3770 1843">
     <span class='ocr_line' id='line_1_34' title="bbox 2105 1763 3770 1843; baseline -0.001 -21"><span class='ocrx_word' id='word_1_242' title='bbox 2105 1766 2202 1822; x_wconf 85' lang='grc' dir='ltr'>λέα</span> <span class='ocrx_word' id='word_1_243' title='bbox 2257 1774 2455 1843; x_wconf 84' lang='grc' dir='ltr'>θεωρεῖ</span> <span class='ocrx_word' id='word_1_244' title='bbox 2504 1770 2604 1838; x_wconf 77' lang='grc' dir='ltr'>τήν</span> <span class='ocrx_word' id='word_1_245' title='bbox 2665 1765 3052 1842; x_wconf 77' lang='grc' dir='ltr'>προμοσὲλλαν</span> <span class='ocrx_word' id='word_1_246' title='bbox 3104 1767 3173 1822; x_wconf 74' lang='grc' dir='ltr'>τὰ</span> <span class='ocrx_word' id='word_1_247' title='bbox 3221 1787 3278 1821; x_wconf 87' lang='grc' dir='ltr'><strong>τε</strong></span> <span class='ocrx_word' id='word_1_248' title='bbox 3325 1763 3602 1841; x_wconf 71' lang='grc' dir='ltr'>παρίππια</span> <span class='ocrx_word' id='word_1_249' title='bbox 3649 1766 3770 1835; x_wconf 87' lang='lat'>(66)</span> 
     </span>
    </p>
   </div>
   <div class='ocr_carea' id='block_1_35' title="bbox 2102 1849 3770 1931">
    <p class='ocr_par' dir='ltr' id='par_1_35' title="bbox 2102 1849 3770 1931">
     <span class='ocr_line' id='line_1_35' title="bbox 2102 1849 3770 1931; baseline -0.002 -20"><span class='ocrx_word' id='word_1_250' title='bbox 2102 1857 2192 1911; x_wconf 80' lang='grc' dir='ltr'>καὶ</span> <span class='ocrx_word' id='word_1_251' title='bbox 2248 1859 2314 1912; x_wconf 75' lang='grc' dir='ltr'>τὰ</span> <span class='ocrx_word' id='word_1_252' title='bbox 2372 1855 2651 1931; x_wconf 70' lang='grc' dir='ltr'>μωλαὶρια,</span> <span class='ocrx_word' id='word_1_253' title='bbox 2708 1856 2798 1911; x_wconf 84' lang='grc' dir='ltr'>καὶ</span> <span class='ocrx_word' id='word_1_254' title='bbox 2858 1853 3201 1912; x_wconf 76' lang='grc' dir='ltr'>διατάσσεται</span> <span class='ocrx_word' id='word_1_255' title='bbox 3254 1859 3334 1927; x_wconf 80' lang='grc' dir='ltr'>τῷ</span> <span class='ocrx_word' id='word_1_256' title='bbox 3379 1859 3477 1910; x_wconf 78' lang='grc' dir='ltr'><strong>τοῦ</strong></span> <span class='ocrx_word' id='word_1_257' title='bbox 3528 1849 3770 1908; x_wconf 70' lang='grc' dir='ltr'>πάὄλου</span> 
     </span>
    </p>
   </div>
   <div class='ocr_carea' id='block_1_36' title="bbox 346 1932 1997 2031">
    <p class='ocr_par' dir='ltr' id='par_1_36' title="bbox 346 1932 1997 2031">
     <span class='ocr_line' id='line_1_36' title="bbox 346 1932 1997 2031; baseline -0.005 -14"><span class='ocrx_word' id='word_1_258' title='bbox 346 1959 556 2016; x_wconf 90' lang='lat' dir='ltr'><strong>Urbem</strong></span> <span class='ocrx_word' id='word_1_259' title='bbox 592 1932 790 2031; x_wconf 79' lang='lat' dir='ltr'><strong>signat</strong></span> <span class='ocrx_word' id='word_1_260' title='bbox 818 1957 1010 2013; x_wconf 91' lang='lat' dir='ltr'><strong>crucis</strong></span> <span class='ocrx_word' id='word_1_261' title='bbox 1043 1956 1234 2028; x_wconf 90' lang='lat' dir='ltr'><strong>signo,</strong></span> <span class='ocrx_word' id='word_1_262' title='bbox 1269 1932 1564 2026; x_wconf 83' lang='lat' dir='ltr'><strong>simulque</strong></span> <span class='ocrx_word' id='word_1_263' title='bbox 1597 1953 1675 2025; x_wconf 90' lang='lat' dir='ltr'><strong>pii</strong></span> <span class='ocrx_word' id='word_1_264' title='bbox 1700 1932 1812 2008; x_wconf 73' lang='lat' dir='ltr'><strong>voti</strong></span> <span class='ocrx_word' id='word_1_265' title='bbox 1847 1952 1997 2008; x_wconf 89' lang='lat' dir='ltr'><strong>hanc</strong></span> 
     </span>
    </p>
   </div>
   <div class='ocr_carea' id='block_1_37' title="bbox 2107 1932 3771 2031">
    <p class='ocr_par' dir='ltr' id='par_1_37' title="bbox 2107 1941 3771 2021">
     <span class='ocr_line' id='line_1_37' title="bbox 2107 1941 3771 2021; baseline -0.002 -21"><span class='ocrx_word' id='word_1_266' title='bbox 2107 1945 2310 2019; x_wconf 81' lang='grc' dir='ltr'><strong>κόμητι</strong></span> <span class='ocrx_word' id='word_1_267' title='bbox 2362 1947 2451 2000; x_wconf 69' lang='grc' dir='ltr'>καὶ</span> <span class='ocrx_word' id='word_1_268' title='bbox 2500 1951 2579 2017; x_wconf 78' lang='grc' dir='ltr'>τῷ</span> <span class='ocrx_word' id='word_1_269' title='bbox 2626 1944 3042 2021; x_wconf 77' lang='grc' dir='ltr'>χαρτουλαρίῳ,</span> <span class='ocrx_word' id='word_1_270' title='bbox 3089 1943 3200 2011; x_wconf 69' lang='grc' dir='ltr'>ἵνα,</span> <span class='ocrx_word' id='word_1_271' title='bbox 3251 1943 3432 2008; x_wconf 80' lang='grc' dir='ltr'>καθὼς</span> <span class='ocrx_word' id='word_1_272' title='bbox 3477 1941 3771 2018; x_wconf 71' lang='grc' dir='ltr'>κατωτέρω</span> 
     </span>
    </p>
   </div>
   <div class='ocr_carea' id='block_1_38' title="bbox 347 2041 1989 2119">
    <p class='ocr_par' dir='ltr' id='par_1_38' title="bbox 347 2041 1989 2119">
     <span class='ocr_line' id='line_1_38' title="bbox 347 2041 1989 2119; baseline -0.005 -15"><span class='ocrx_word' id='word_1_273' title='bbox 347 2047 658 2105; x_wconf 85' lang='lat' dir='ltr'><strong>formulam</strong></span> <span class='ocrx_word' id='word_1_274' title='bbox 700 2047 1046 2119; x_wconf 83' lang='lat' dir='ltr'><strong>pronuntiat</strong></span> <span class='ocrx_word' id='word_1_275' title='bbox 1082 2061 1095 2098; x_wconf 92' lang='lat'><strong>:</strong></span> <span class='ocrx_word' id='word_1_276' title='bbox 1130 2067 1157 2092; x_wconf 90' lang='grc'><strong>‹‹</strong></span> <span class='ocrx_word' id='word_1_277' title='bbox 1210 2043 1287 2099; x_wconf 84' lang='lat' dir='ltr'><strong>Mi</strong></span> <span class='ocrx_word' id='word_1_278' title='bbox 1336 2049 1510 2107; x_wconf 87' lang='lat' dir='ltr'><strong>Deus,</strong></span> <span class='ocrx_word' id='word_1_279' title='bbox 1561 2042 1804 2097; x_wconf 86' lang='lat' dir='ltr'><strong>Domine</strong></span> <span class='ocrx_word' id='word_1_280' title='bbox 1851 2041 1989 2097; x_wconf 89' lang='lat' dir='ltr'><strong>Jesu</strong></span> 
     </span>
    </p>
   </div>
   <div class='ocr_carea' id='block_1_39' title="bbox 348 2130 1994 2202">
    <p class='ocr_par' dir='ltr' id='par_1_39' title="bbox 348 2130 1994 2202">
     <span class='ocr_line' id='line_1_39' title="bbox 348 2130 1994 2202; baseline -0.004 -10"><span class='ocrx_word' id='word_1_281' title='bbox 348 2139 591 2202; x_wconf 85' lang='lat' dir='ltr'><strong>Christe,</strong></span> <span class='ocrx_word' id='word_1_282' title='bbox 625 2137 683 2190; x_wconf 92' lang='lat' dir='ltr'><strong>in</strong></span> <span class='ocrx_word' id='word_1_283' title='bbox 716 2150 927 2190; x_wconf 89' lang='lat' dir='ltr'><strong>manus</strong></span> <span class='ocrx_word' id='word_1_284' title='bbox 958 2139 1092 2188; x_wconf 89' lang='lat' dir='ltr'><strong>tuas</strong></span> <span class='ocrx_word' id='word_1_285' title='bbox 1125 2133 1472 2188; x_wconf 91' lang='lat' dir='ltr'><strong>commendo</strong></span> <span class='ocrx_word' id='word_1_286' title='bbox 1503 2141 1557 2185; x_wconf 91' lang='lat' dir='ltr'><strong>et</strong></span> <span class='ocrx_word' id='word_1_287' title='bbox 1586 2130 1813 2202; x_wconf 90' lang='lat' dir='ltr'><strong>depono</strong></span> <span class='ocrx_word' id='word_1_288' title='bbox 1848 2130 1994 2186; x_wconf 89' lang='lat' dir='ltr'><strong>hanc</strong></span> 
     </span>
    </p>
   </div>
   <div class='ocr_carea' id='block_1_40' title="bbox 348 2217 1997 2280">
    <p class='ocr_par' dir='ltr' id='par_1_40' title="bbox 348 2217 1997 2280">
     <span class='ocr_line' id='line_1_40' title="bbox 348 2217 1997 2280; baseline -0.005 0"><span class='ocrx_word' id='word_1_289' title='bbox 348 2231 511 2280; x_wconf 87' lang='lat' dir='ltr'><strong>tuam</strong></span> <span class='ocrx_word' id='word_1_290' title='bbox 544 2223 770 2278; x_wconf 87' lang='lat' dir='ltr'><strong>urbem.</strong></span> <span class='ocrx_word' id='word_1_291' title='bbox 807 2221 1092 2276; x_wconf 79' lang='lat' dir='ltr'><strong>Conserva</strong></span> <span class='ocrx_word' id='word_1_292' title='bbox 1122 2235 1252 2274; x_wconf 88' lang='lat' dir='ltr'><strong>eam</strong></span> <span class='ocrx_word' id='word_1_293' title='bbox 1285 2219 1355 2274; x_wconf 89' lang='lat' dir='ltr'><strong>ab</strong></span> <span class='ocrx_word' id='word_1_294' title='bbox 1388 2217 1665 2274; x_wconf 89' lang='lat' dir='ltr'><strong>omnibus</strong></span> <span class='ocrx_word' id='word_1_295' title='bbox 1696 2233 1818 2274; x_wconf 82' lang='lat' dir='ltr'><strong>eam</strong></span> <span class='ocrx_word' id='word_1_296' title='bbox 1845 2219 1997 2272; x_wconf 85' lang='lat' dir='ltr'><strong>inva-</strong></span> 
     </span>
    </p>
   </div>
   <div class='ocr_carea' id='block_1_41' title="bbox 350 2305 2000 2373">
    <p class='ocr_par' dir='ltr' id='par_1_41' title="bbox 350 2305 2000 2373">
     <span class='ocr_line' id='line_1_41' title="bbox 350 2305 2000 2373; baseline -0.005 -3"><span class='ocrx_word' id='word_1_297' title='bbox 350 2312 503 2370; x_wconf 82' lang='lat' dir='ltr'><strong>suris</strong></span> <span class='ocrx_word' id='word_1_298' title='bbox 554 2311 820 2367; x_wconf 86' lang='lat' dir='ltr'><strong>hostibus</strong></span> <span class='ocrx_word' id='word_1_299' title='bbox 869 2318 922 2364; x_wconf 89' lang='lat' dir='ltr'><strong>et</strong></span> <span class='ocrx_word' id='word_1_300' title='bbox 971 2307 1428 2373; x_wconf 85' lang='lat' dir='ltr'><strong>calamitatibus,</strong></span> <span class='ocrx_word' id='word_1_301' title='bbox 1480 2323 1514 2362; x_wconf 89' lang='lat' dir='ltr'><strong>a</strong></span> <span class='ocrx_word' id='word_1_302' title='bbox 1562 2305 1716 2362; x_wconf 88' lang='lat' dir='ltr'><strong>bello</strong></span> <span class='ocrx_word' id='word_1_303' title='bbox 1758 2305 1913 2361; x_wconf 89' lang='lat' dir='ltr'><strong>civili</strong></span> <span class='ocrx_word' id='word_1_304' title='bbox 1945 2313 2000 2362; x_wconf 89' lang='lat' dir='ltr'><strong>et</strong></span> 
     </span>
    </p>
   </div>
   <div class='ocr_carea' id='block_1_42' title="bbox 349 2395 2001 2472">
    <p class='ocr_par' dir='ltr' id='par_1_42' title="bbox 349 2395 2001 2472">
     <span class='ocr_line' id='line_1_42' title="bbox 349 2395 2001 2472; baseline -0.004 -15"><span class='ocrx_word' id='word_1_305' title='bbox 349 2400 746 2458; x_wconf 86' lang='lat' dir='ltr'><strong>incursatione</strong></span> <span class='ocrx_word' id='word_1_306' title='bbox 786 2400 1046 2472; x_wconf 90' lang='lat' dir='ltr'><strong>gentium</strong></span> <span class='ocrx_word' id='word_1_307' title='bbox 1078 2403 1446 2464; x_wconf 85' lang='lat' dir='ltr'><strong>exterarum;</strong></span> <span class='ocrx_word' id='word_1_308' title='bbox 1498 2397 1582 2450; x_wconf 85' lang='lat' dir='ltr'><strong>t&#39;ac</strong></span> <span class='ocrx_word' id='word_1_309' title='bbox 1633 2401 1697 2450; x_wconf 90' lang='lat' dir='ltr'><strong>ut</strong></span> <span class='ocrx_word' id='word_1_310' title='bbox 1736 2395 1881 2466; x_wconf 88' lang='lat' dir='ltr'><strong>capi,</strong></span> <span class='ocrx_word' id='word_1_311' title='bbox 1937 2399 2001 2451; x_wconf 89' lang='lat' dir='ltr'><strong>ut</strong></span> 
     </span>
    </p>
   </div>
   <div class='ocr_carea' id='block_1_43' title="bbox 349 2485 2002 2561">
    <p class='ocr_par' dir='ltr' id='par_1_43' title="bbox 349 2485 2002 2561">
     <span class='ocr_line' id='line_1_43' title="bbox 349 2485 2002 2561; baseline -0.004 -15"><span class='ocrx_word' id='word_1_312' title='bbox 349 2490 562 2547; x_wconf 88' lang='lat' dir='ltr'><strong>vastari</strong></span> <span class='ocrx_word' id='word_1_313' title='bbox 595 2495 868 2561; x_wconf 88' lang='lat' dir='ltr'><strong>nequeat.</strong></span> <span class='ocrx_word' id='word_1_314' title='bbox 904 2487 967 2543; x_wconf 90' lang='lat' dir='ltr'><strong>In</strong></span> <span class='ocrx_word' id='word_1_315' title='bbox 1001 2494 1054 2543; x_wconf 88' lang='lat' dir='ltr'><strong>te</strong></span> <span class='ocrx_word' id='word_1_316' title='bbox 1087 2487 1402 2542; x_wconf 89' lang='lat' dir='ltr'><strong>collocatas</strong></span> <span class='ocrx_word' id='word_1_317' title='bbox 1426 2485 1713 2540; x_wconf 90' lang='lat' dir='ltr'><strong>habemus</strong></span> <span class='ocrx_word' id='word_1_318' title='bbox 1737 2500 1872 2554; x_wconf 90' lang='lat' dir='ltr'><strong>spes</strong></span> <span class='ocrx_word' id='word_1_319' title='bbox 1895 2501 2002 2539; x_wconf 85' lang='lat' dir='ltr'><strong>no-</strong></span> 
     </span>
    </p>
   </div>
   <div class='ocr_carea' id='block_1_44' title="bbox 348 2575 2000 2638">
    <p class='ocr_par' dir='ltr' id='par_1_44' title="bbox 348 2575 2000 2638">
     <span class='ocr_line' id='line_1_44' title="bbox 348 2575 2000 2638; baseline -0.004 -1"><span class='ocrx_word' id='word_1_320' title='bbox 348 2587 500 2638; x_wconf 87' lang='lat' dir='ltr'><strong>stras</strong></span> <span class='ocrx_word' id='word_1_321' title='bbox 525 2597 539 2636; x_wconf 89' lang='lat'><strong>:</strong></span> <span class='ocrx_word' id='word_1_322' title='bbox 564 2586 625 2634; x_wconf 91' lang='lat' dir='ltr'><strong>tu</strong></span> <span class='ocrx_word' id='word_1_323' title='bbox 649 2597 708 2636; x_wconf 89' lang='lat' dir='ltr'><strong>es</strong></span> <span class='ocrx_word' id='word_1_324' title='bbox 732 2578 1016 2635; x_wconf 90' lang='lat' dir='ltr'><strong>Dominus</strong></span> <span class='ocrx_word' id='word_1_325' title='bbox 1041 2577 1454 2632; x_wconf 70' lang='lat' dir='ltr'><strong>misericordiae</strong></span> <span class='ocrx_word' id='word_1_326' title='bbox 1475 2584 1528 2631; x_wconf 91' lang='lat' dir='ltr'><strong>et</strong></span> <span class='ocrx_word' id='word_1_327' title='bbox 1561 2579 1732 2631; x_wconf 86' lang='lat' dir='ltr'><strong>Pater</strong></span> <span class='ocrx_word' id='word_1_328' title='bbox 1756 2575 2000 2630; x_wconf 85' lang='lat' dir='ltr'><strong>commi-</strong></span> 
     </span>
    </p>
   </div>
   <div class='ocr_carea' id='block_1_45' title="bbox 353 2662 2003 2726">
    <p class='ocr_par' dir='ltr' id='par_1_45' title="bbox 353 2662 2003 2726">
     <span class='ocr_line' id='line_1_45' title="bbox 353 2662 2003 2726; baseline -0.004 -1"><span class='ocrx_word' id='word_1_329' title='bbox 353 2668 714 2726; x_wconf 87' lang='lat' dir='ltr'><strong>serationum</strong></span> <span class='ocrx_word' id='word_1_330' title='bbox 739 2672 796 2722; x_wconf 90' lang='lat' dir='ltr'><strong>et</strong></span> <span class='ocrx_word' id='word_1_331' title='bbox 823 2672 980 2722; x_wconf 89' lang='lat' dir='ltr'><strong>Deus</strong></span> <span class='ocrx_word' id='word_1_332' title='bbox 1011 2666 1204 2722; x_wconf 91' lang='lat' dir='ltr'><strong>omnis</strong></span> <span class='ocrx_word' id='word_1_333' title='bbox 1236 2662 1672 2721; x_wconf 84' lang='lat' dir='ltr'><strong>consolationis.</strong></span> <span class='ocrx_word' id='word_1_334' title='bbox 1697 2662 1885 2718; x_wconf 90' lang='lat' dir='ltr'>Tuum</span> <span class='ocrx_word' id='word_1_335' title='bbox 1913 2667 2003 2719; x_wconf 90' lang='lat' dir='ltr'><strong>est</strong></span> 
     </span>
    </p>
   </div>
   <div class='ocr_carea' id='block_1_46' title="bbox 2105 2032 3774 2110">
    <p class='ocr_par' dir='ltr' id='par_1_46' title="bbox 2105 2032 3774 2110">
     <span class='ocr_line' id='line_1_46' title="bbox 2105 2032 3774 2110; baseline -0.001 -22"><span class='ocrx_word' id='word_1_336' title='bbox 2105 2034 2427 2110; x_wconf 71' lang='grc' dir='ltr'>ῥηθήσεται,</span> <span class='ocrx_word' id='word_1_337' title='bbox 2473 2036 2815 2110; x_wconf 70' lang='grc' dir='ltr'>κομπινεύσῃ</span> <span class='ocrx_word' id='word_1_338' title='bbox 2866 2036 2934 2090; x_wconf 75' lang='grc' dir='ltr'>τά</span> <span class='ocrx_word' id='word_1_339' title='bbox 2973 2055 3034 2090; x_wconf 88' lang='grc' dir='ltr'><strong>τε</strong></span> <span class='ocrx_word' id='word_1_340' title='bbox 3082 2034 3362 2110; x_wconf 78' lang='grc' dir='ltr'><strong>σαγμάρια</strong></span> <span class='ocrx_word' id='word_1_341' title='bbox 3401 2032 3492 2088; x_wconf 65' lang='lat' dir='ltr'><strong>vati</strong></span> <span class='ocrx_word' id='word_1_342' title='bbox 3531 2033 3597 2087; x_wconf 83' lang='grc' dir='ltr'>τὰ</span> <span class='ocrx_word' id='word_1_343' title='bbox 3626 2051 3774 2106; x_wconf 79' lang='grc' dir='ltr'>παρ-</span> 
     </span>
    </p>
   </div>
   <div class='ocr_carea' id='block_1_47' title="bbox 2109 2122 3769 2201">
    <p class='ocr_par' dir='ltr' id='par_1_47' title="bbox 2109 2122 3769 2201">
     <span class='ocr_line' id='line_1_47' title="bbox 2109 2122 3769 2201; baseline -0.001 -23"><span class='ocrx_word' id='word_1_344' title='bbox 2109 2124 2286 2181; x_wconf 76' lang='grc' dir='ltr'>ίππια.</span> <span class='ocrx_word' id='word_1_345' title='bbox 2342 2126 2439 2181; x_wconf 83' lang='grc' dir='ltr'>Καὶ</span> <span class='ocrx_word' id='word_1_346' title='bbox 2481 2126 2618 2182; x_wconf 82' lang='grc' dir='ltr'>κατὰ</span> <span class='ocrx_word' id='word_1_347' title='bbox 2666 2127 2970 2201; x_wconf 71' lang='grc' dir='ltr'>σαγμάριον</span> <span class='ocrx_word' id='word_1_348' title='bbox 3020 2123 3230 2200; x_wconf 80' lang='grc' dir='ltr'><strong>ὀφείλει</strong></span> <span class='ocrx_word' id='word_1_349' title='bbox 3274 2122 3535 2198; x_wconf 67' lang='grc' dir='ltr'>παρέχειν</span> <span class='ocrx_word' id='word_1_350' title='bbox 3586 2123 3614 2178; x_wconf 79' lang='grc' dir='ltr'><strong>ὁ</strong></span> <span class='ocrx_word' id='word_1_351' title='bbox 3656 2125 3769 2178; x_wconf 82' lang='grc' dir='ltr'>τῶν</span> 
     </span>
    </p>
   </div>
   <div class='ocr_carea' id='block_1_48' title="bbox 2109 2210 3768 2289">
    <p class='ocr_par' dir='ltr' id='par_1_48' title="bbox 2109 2210 3768 2289">
     <span class='ocr_line' id='line_1_48' title="bbox 2109 2210 3768 2289; baseline -0.001 -21"><span class='ocrx_word' id='word_1_352' title='bbox 2109 2213 2427 2288; x_wconf 77' lang='grc' dir='ltr'>ὀπτιμάτων</span> <span class='ocrx_word' id='word_1_353' title='bbox 2521 2213 2844 2288; x_wconf 78' lang='grc' dir='ltr'>δομέστικος</span> <span class='ocrx_word' id='word_1_354' title='bbox 2927 2214 3252 2287; x_wconf 60' lang='grc' dir='ltr'>ὀπιμάτον,</span> <span class='ocrx_word' id='word_1_355' title='bbox 3322 2210 3375 2267; x_wconf 83' lang='grc' dir='ltr'><strong>ἐν</strong></span> <span class='ocrx_word' id='word_1_356' title='bbox 3444 2213 3768 2289; x_wconf 70' lang='grc' dir='ltr'><strong>καταγραφῇ</strong></span> 
     </span>
    </p>
   </div>
   <div class='ocr_carea' id='block_1_49' title="bbox 2106 2299 3770 2377">
    <p class='ocr_par' dir='ltr' id='par_1_49' title="bbox 2106 2299 3770 2377">
     <span class='ocr_line' id='line_1_49' title="bbox 2106 2299 3770 2377; baseline -0.001 -20"><span class='ocrx_word' id='word_1_357' title='bbox 2106 2303 2435 2375; x_wconf 70' lang='grc' dir='ltr'>ποιοῦμενος</span> <span class='ocrx_word' id='word_1_358' title='bbox 2482 2304 2544 2359; x_wconf 82' lang='grc' dir='ltr'>τὸ</span> <span class='ocrx_word' id='word_1_359' title='bbox 2591 2325 2650 2359; x_wconf 87' lang='grc' dir='ltr'><strong>τε</strong></span> <span class='ocrx_word' id='word_1_360' title='bbox 2700 2300 2874 2377; x_wconf 77' lang='grc' dir='ltr'>ὄνομα</span> <span class='ocrx_word' id='word_1_361' title='bbox 2921 2303 3008 2358; x_wconf 84' lang='grc' dir='ltr'>καὶ</span> <span class='ocrx_word' id='word_1_362' title='bbox 3067 2303 3130 2357; x_wconf 84' lang='grc' dir='ltr'>τὸ</span> <span class='ocrx_word' id='word_1_363' title='bbox 3192 2299 3420 2376; x_wconf 78' lang='grc' dir='ltr'>χωρίον·</span> <span class='ocrx_word' id='word_1_364' title='bbox 3469 2299 3558 2356; x_wconf 68' lang='grc' dir='ltr'>καὶ</span> <span class='ocrx_word' id='word_1_365' title='bbox 3591 2299 3635 2355; x_wconf 82' lang='grc' dir='ltr'>εἷ</span> <span class='ocrx_word' id='word_1_366' title='bbox 3672 2300 3770 2373; x_wconf 75' lang='grc' dir='ltr'><strong>μὲν</strong></span> 
     </span>
    </p>
   </div>
   <div class='ocr_carea' id='block_1_50' title="bbox 2110 2387 3777 2466">
    <p class='ocr_par' dir='ltr' id='par_1_50' title="bbox 2110 2387 3777 2466">
     <span class='ocr_line' id='line_1_50' title="bbox 2110 2387 3777 2466; baseline -0.002 -17"><span class='ocrx_word' id='word_1_367' title='bbox 2110 2389 2408 2464; x_wconf 77' lang='grc' dir='ltr'>ἀπόληται,</span> <span class='ocrx_word' id='word_1_368' title='bbox 2477 2397 2774 2466; x_wconf 75' lang='grc' dir='ltr'>ζημιοῦται</span> <span class='ocrx_word' id='word_1_369' title='bbox 2855 2391 2986 2448; x_wconf 83' lang='grc' dir='ltr'>αὐτὸ</span> <span class='ocrx_word' id='word_1_370' title='bbox 3069 2393 3098 2447; x_wconf 80' lang='grc' dir='ltr'>ὁ</span> <span class='ocrx_word' id='word_1_371' title='bbox 3183 2387 3511 2464; x_wconf 68' lang='grc' dir='ltr'>ὀπτιμάτος’</span> <span class='ocrx_word' id='word_1_372' title='bbox 3599 2390 3644 2446; x_wconf 81' lang='grc' dir='ltr'>εἰ</span> <span class='ocrx_word' id='word_1_373' title='bbox 3715 2387 3777 2446; x_wconf 75' lang='grc' dir='ltr'><strong>δὶ</strong></span> 
     </span>
    </p>
   </div>
   <div class='ocr_carea' id='block_1_51' title="bbox 2111 2477 3779 2560">
    <p class='ocr_par' dir='ltr' id='par_1_51' title="bbox 2111 2477 3779 2560">
     <span class='ocr_line' id='line_1_51' title="bbox 2111 2477 3779 2560; baseline -0.002 -22"><span class='ocrx_word' id='word_1_374' title='bbox 2111 2482 2380 2556; x_wconf 77' lang='grc' dir='ltr'>ἀποθάνῃ,</span> <span class='ocrx_word' id='word_1_375' title='bbox 2449 2483 2774 2556; x_wconf 81' lang='grc' dir='ltr'>ἀποκομίζει</span> <span class='ocrx_word' id='word_1_376' title='bbox 2841 2483 2936 2543; x_wconf 75' lang='grc' dir='ltr'><strong>τὰς</strong></span> <span class='ocrx_word' id='word_1_377' title='bbox 3005 2477 3306 2560; x_wconf 72' lang='grc' dir='ltr'>σφραγῖδας</span> <span class='ocrx_word' id='word_1_378' title='bbox 3389 2481 3504 2553; x_wconf 86' lang='grc'><strong>(67)</strong></span> <span class='ocrx_word' id='word_1_379' title='bbox 3572 2477 3648 2542; x_wconf 68' lang='grc' dir='ltr'><strong>εἵς</strong></span> <span class='ocrx_word' id='word_1_380' title='bbox 3716 2499 3779 2535; x_wconf 77' lang='grc' dir='ltr'>τι</span> 
     </span>
    </p>
   </div>
   <div class='ocr_carea' id='block_1_52' title="bbox 2109 2567 3780 2650">
    <p class='ocr_par' dir='ltr' id='par_1_52' title="bbox 2109 2567 3780 2650">
     <span class='ocr_line' id='line_1_52' title="bbox 2109 2567 3780 2650; baseline -0.001 -23"><span class='ocrx_word' id='word_1_381' title='bbox 2109 2571 2200 2627; x_wconf 81' lang='grc' dir='ltr'>τὸν</span> <span class='ocrx_word' id='word_1_382' title='bbox 2267 2573 2486 2644; x_wconf 78' lang='grc' dir='ltr'>κόμητα</span> <span class='ocrx_word' id='word_1_383' title='bbox 2552 2580 2644 2626; x_wconf 81' lang='grc' dir='ltr'><strong>καί</strong></span> <span class='ocrx_word' id='word_1_384' title='bbox 2709 2572 2802 2626; x_wconf 87' lang='grc' dir='ltr'>τὸν</span> <span class='ocrx_word' id='word_1_385' title='bbox 2881 2570 3312 2650; x_wconf 76' lang='grc' dir='ltr'>χαρτουλάρίον.</span> <span class='ocrx_word' id='word_1_386' title='bbox 3403 2569 3641 2648; x_wconf 75' lang='grc' dir='ltr'>Παρὲχει</span> <span class='ocrx_word' id='word_1_387' title='bbox 3721 2567 3780 2626; x_wconf 72' lang='grc' dir='ltr'><strong>δὶ</strong></span> 
     </span>
    </p>
   </div>
   <div class='ocr_carea' id='block_1_53' title="bbox 2111 2657 3784 2736">
    <p class='ocr_par' dir='ltr' id='par_1_53' title="bbox 2111 2657 3784 2736">
     <span class='ocr_line' id='line_1_53' title="bbox 2111 2657 3784 2736; baseline -0.001 -20"><span class='ocrx_word' id='word_1_388' title='bbox 2111 2661 2202 2716; x_wconf 78' lang='grc' dir='ltr'>καὶ</span> <span class='ocrx_word' id='word_1_389' title='bbox 2279 2661 2307 2715; x_wconf 83' lang='grc' dir='ltr'>ὁ</span> <span class='ocrx_word' id='word_1_390' title='bbox 2382 2662 2562 2736; x_wconf 78' lang='grc' dir='ltr'>κόμης</span> <span class='ocrx_word' id='word_1_391' title='bbox 2637 2665 2733 2717; x_wconf 76' lang='grc' dir='ltr'>τοῦ</span> <span class='ocrx_word' id='word_1_392' title='bbox 2810 2657 3051 2717; x_wconf 78' lang='grc' dir='ltr'>στάὸλου</span> <span class='ocrx_word' id='word_1_393' title='bbox 3119 2659 3195 2724; x_wconf 77' lang='grc' dir='ltr'><strong>εἷς</strong></span> <span class='ocrx_word' id='word_1_394' title='bbox 3275 2658 3370 2721; x_wconf 79' lang='grc' dir='ltr'><strong>τὰς</strong></span> <span class='ocrx_word' id='word_1_395' title='bbox 3464 2662 3784 2734; x_wconf 79' lang='grc' dir='ltr'>φορτώσεις</span> 
     </span>
    </p>
   </div>
   <div class='ocr_carea' id='block_1_54' title="bbox 1723 2760 2412 2818">
    <p class='ocr_par' dir='ltr' id='par_1_54' title="bbox 1723 2760 2412 2818">
     <span class='ocr_line' id='line_1_54' title="bbox 1723 2760 2412 2818; baseline 0.004 -3"><span class='ocrx_word' id='word_1_396' title='bbox 1723 2760 1965 2817; x_wconf 67' lang='lat' dir='ltr'><strong>VARI/ﬁ</strong></span> <span class='ocrx_word' id='word_1_397' title='bbox 1995 2760 2412 2818; x_wconf 87' lang='lat' dir='ltr'><strong>LECTlONES.</strong></span> 
     </span>
    </p>
   </div>
   <div class='ocr_carea' id='block_1_55' title="bbox 424 2831 1534 2912">
    <p class='ocr_par' dir='ltr' id='par_1_55' title="bbox 424 2831 1534 2912">
     <span class='ocr_line' id='line_1_55' title="bbox 424 2831 1534 2912; baseline -0.004 -20"><span class='ocrx_word' id='word_1_398' title='bbox 424 2841 441 2876; x_wconf 86' lang='grc'>¹</span> <span class='ocrx_word' id='word_1_399' title='bbox 485 2837 690 2895; x_wconf 83' lang='grc' dir='ltr'><strong>ΣΧΟΔ.</strong></span> <span class='ocrx_word' id='word_1_400' title='bbox 731 2833 891 2912; x_wconf 78' lang='grc' dir='ltr'>Εὖχὴ</span> <span class='ocrx_word' id='word_1_401' title='bbox 933 2836 1031 2890; x_wconf 74' lang='grc' dir='ltr'>τοῦ</span> <span class='ocrx_word' id='word_1_402' title='bbox 1075 2831 1366 2907; x_wconf 71' lang='grc' dir='ltr'><strong>βασιλέως.</strong></span> <span class='ocrx_word' id='word_1_403' title='bbox 1404 2834 1534 2905; x_wconf 91' lang='lat'>(68).</span> 
     </span>
    </p>
   </div>
   <div class='ocr_carea' id='block_1_56' title="bbox 1402 2932 2735 2992">
    <p class='ocr_par' dir='ltr' id='par_1_56' title="bbox 1402 2932 2735 2992">
     <span class='ocr_line' id='line_1_56' title="bbox 1402 2932 2735 2992; baseline 0 -3"><span class='ocrx_word' id='word_1_404' title='bbox 1402 2932 1607 2989; x_wconf 82' lang='lat' dir='ltr'><strong>JOAN.</strong></span> <span class='ocrx_word' id='word_1_405' title='bbox 1646 2932 1793 2988; x_wconf 88' lang='lat' dir='ltr'><strong>JAC.</strong></span> <span class='ocrx_word' id='word_1_406' title='bbox 1838 2932 2103 2990; x_wconf 81' lang='lat' dir='ltr'><strong>REISKII</strong></span> <span class='ocrx_word' id='word_1_407' title='bbox 2142 2933 2735 2992; x_wconf 73' lang='lat' dir='ltr'><strong>COMMENTARIUS.</strong></span> 
     </span>
    </p>
   </div>
   <div class='ocr_carea' id='block_1_57' title="bbox 429 3021 2003 3100">
    <p class='ocr_par' dir='ltr' id='par_1_57' title="bbox 429 3021 2003 3100">
     <span class='ocr_line' id='line_1_57' title="bbox 429 3021 2003 3100; baseline -0.003 -17"><span class='ocrx_word' id='word_1_408' title='bbox 429 3028 541 3100; x_wconf 67' lang='lat'>(64)</span> <span class='ocrx_word' id='word_1_409' title='bbox 601 3025 963 3100; x_wconf 88' lang='lat' dir='ltr'><strong>Vocabulum</strong></span> <span class='ocrx_word' id='word_1_410' title='bbox 1023 3023 1135 3080; x_wconf 92' lang='lat' dir='ltr'><strong>hoc</strong></span> <span class='ocrx_word' id='word_1_411' title='bbox 1174 3022 1430 3100; x_wconf 87' lang='lat' dir='ltr'><strong>hic_loci</strong></span> <span class='ocrx_word' id='word_1_412' title='bbox 1486 3038 1604 3078; x_wconf 92' lang='lat' dir='ltr'><strong>non</strong></span> <span class='ocrx_word' id='word_1_413' title='bbox 1651 3021 2003 3100; x_wconf 68' lang='lat' dir='ltr'><strong>grabbatuni,</strong></span> 
     </span>
    </p>
   </div>
   <div class='ocr_carea' id='block_1_58' title="bbox 353 3093 2003 3168">
    <p class='ocr_par' dir='ltr' id='par_1_58' title="bbox 353 3093 2003 3168">
     <span class='ocr_line' id='line_1_58' title="bbox 353 3093 2003 3168; baseline -0.005 -12"><span class='ocrx_word' id='word_1_414' title='bbox 353 3093 658 3164; x_wconf 73' lang='lat' dir='ltr'><strong>lectulum,</strong></span> <span class='ocrx_word' id='word_1_415' title='bbox 709 3102 804 3154; x_wconf 87' lang='lat' dir='ltr'><strong>sed</strong></span> <span class='ocrx_word' id='word_1_416' title='bbox 853 3099 1104 3161; x_wconf 72' lang='lat' dir='ltr'><strong>diaetam,</strong></span> <span class='ocrx_word' id='word_1_417' title='bbox 1163 3093 1511 3168; x_wconf 70' lang='grc' dir='ltr'>κατάστεγον,</span> <span class='ocrx_word' id='word_1_418' title='bbox 1572 3095 1885 3168; x_wconf 69' lang='grc' dir='ltr'>καταφυγήν</span> <span class='ocrx_word' id='word_1_419' title='bbox 1945 3095 2003 3148; x_wconf 87' lang='lat' dir='ltr'><strong>in</strong></span> 
     </span>
    </p>
   </div>
   <div class='ocr_carea' id='block_1_59' title="bbox 2116 3018 3766 3094">
    <p class='ocr_par' dir='ltr' id='par_1_59' title="bbox 2116 3018 3766 3094">
     <span class='ocr_line' id='line_1_59' title="bbox 2116 3018 3766 3094; baseline -0.001 -18"><span class='ocrx_word' id='word_1_420' title='bbox 2116 3021 2641 3094; x_wconf 72' lang='lat' dir='ltr'><strong>pinmov,miserum</strong></span> <span class='ocrx_word' id='word_1_421' title='bbox 2668 3039 2870 3094; x_wconf 83' lang='lat' dir='ltr'><strong>equum</strong></span> <span class='ocrx_word' id='word_1_422' title='bbox 2899 3021 3058 3078; x_wconf 86' lang='lat' dir='ltr'><strong>dedit</strong></span> <span class='ocrx_word' id='word_1_423' title='bbox 3090 3024 3144 3077; x_wconf 90' lang='lat' dir='ltr'><strong>et</strong></span> <span class='ocrx_word' id='word_1_424' title='bbox 3177 3019 3307 3077; x_wconf 88' lang='lat' dir='ltr'><strong>novi</strong></span> <span class='ocrx_word' id='word_1_425' title='bbox 3339 3019 3589 3085; x_wconf 67' lang='lat' dir='ltr'><strong>Graeci,si</strong></span> <span class='ocrx_word' id='word_1_426' title='bbox 3616 3018 3766 3094; x_wconf 77' lang='lat' dir='ltr'><strong>bona</strong></span> 
     </span>
    </p>
   </div>
   <div class='ocr_carea' id='block_1_60' title="bbox 2117 3090 3766 3167">
    <p class='ocr_par' dir='ltr' id='par_1_60' title="bbox 2117 3090 3766 3167">
     <span class='ocr_line' id='line_1_60' title="bbox 2117 3090 3766 3167; baseline -0.004 -17"><span class='ocrx_word' id='word_1_427' title='bbox 2117 3090 2381 3164; x_wconf 77' lang='lat' dir='ltr'><strong>memini,</strong></span> <span class='ocrx_word' id='word_1_428' title='bbox 2418 3103 2641 3151; x_wconf 91' lang='lat' dir='ltr'><strong>tantum</strong></span> <span class='ocrx_word' id='word_1_429' title='bbox 2677 3090 2780 3167; x_wconf 59' lang='lat' dir='ltr'><strong>pro</strong></span> <span class='ocrx_word' id='word_1_430' title='bbox 2814 3111 2964 3166; x_wconf 88' lang='lat' dir='ltr'><strong>equo</strong></span> <span class='ocrx_word' id='word_1_431' title='bbox 3007 3109 3259 3167; x_wconf 76' lang='lat' dir='ltr'><strong>carrarto</strong></span> <span class='ocrx_word' id='word_1_432' title='bbox 3293 3095 3599 3160; x_wconf 79' lang='lat' dir='ltr'><strong>usurpant.</strong></span> <span class='ocrx_word' id='word_1_433' title='bbox 3633 3090 3766 3167; x_wconf 82' lang='lat' dir='ltr'><strong>V_id.</strong></span> 
     </span>
    </p>
   </div>
   <div class='ocr_carea' id='block_1_61' title="bbox 353 3161 3770 3258">
    <p class='ocr_par' dir='ltr' id='par_1_61' title="bbox 353 3161 3770 3258">
     <span class='ocr_line' id='line_1_61' title="bbox 353 3161 3770 3258; baseline -0.003 -31"><span class='ocrx_word' id='word_1_434' title='bbox 353 3171 545 3258; x_wconf 81' lang='lat' dir='ltr'><strong>media</strong></span> <span class='ocrx_word' id='word_1_435' title='bbox 579 3161 708 3226; x_wconf 83' lang='lat' dir='ltr'><strong>navi</strong></span> <span class='ocrx_word' id='word_1_436' title='bbox 743 3168 1139 3258; x_wconf 49' lang='lat' dir='ltr'><strong>autetiam-in</strong></span> <span class='ocrx_word' id='word_1_437' title='bbox 1177 3161 1467 3258; x_wconf 56' lang='lat' dir='ltr'><strong>puppi,jn</strong></span> <span class='ocrx_word' id='word_1_438' title='bbox 1513 3161 1808 3258; x_wconf 23' lang='lat' dir='ltr'><strong>quamise&#39;</strong></span> <span class='ocrx_word' id='word_1_439' title='bbox 1841 3183 1998 3258; x_wconf 52' lang='lat' dir='ltr'><strong>lnau-</strong></span> <span class='ocrx_word' id='word_1_440' title='bbox 2032 3194 2077 3258; x_wconf 79' lang='lat' dir='ltr'>c</span> <span class='ocrx_word' id='word_1_441' title='bbox 2119 3161 2430 3258; x_wconf 51' lang='lat' dir='ltr'><strong>Qu&#39;Cangii</strong></span> <span class='ocrx_word' id='word_1_442' title='bbox 2463 3167 2654 3258; x_wconf 29' lang='lat' dir='ltr'><strong>Gloeso.</strong></span> <span class='ocrx_word' id='word_1_443' title='bbox 2929 3183 2979 3219; x_wconf 87' lang='grc' dir='ltr'>ν.</span> <span class='ocrx_word' id='word_1_444' title='bbox 3015 3172 3073 3221; x_wconf 91' lang='lat' dir='ltr'><strong>et</strong></span> <span class='ocrx_word' id='word_1_445' title='bbox 3104 3165 3312 3258; x_wconf 53' lang='lat' dir='ltr'><strong>LatJ._v.</strong></span> <span class='ocrx_word' id='word_1_446' title='bbox 3369 3161 3770 3258; x_wconf 44' lang='lat' dir='ltr'><strong>{fornaci-editis,</strong></span> 
     </span>
    </p>
   </div>
   <div class='ocr_carea' id='block_1_62' title="bbox 355 3238 2002 3308">
    <p class='ocr_par' dir='ltr' id='par_1_62' title="bbox 355 3238 2002 3308">
     <span class='ocr_line' id='line_1_62' title="bbox 355 3238 2002 3308; baseline -0.005 -6"><span class='ocrx_word' id='word_1_447' title='bbox 355 3247 549 3302; x_wconf 87' lang='lat' dir='ltr'><strong>clerus</strong></span> <span class='ocrx_word' id='word_1_448' title='bbox 579 3259 711 3298; x_wconf 91' lang='lat' dir='ltr'><strong>cum</strong></span> <span class='ocrx_word' id='word_1_449' title='bbox 747 3248 1042 3297; x_wconf 87' lang='lat' dir='ltr'><strong>vectorum</strong></span> <span class='ocrx_word' id='word_1_450' title='bbox 1070 3241 1501 3293; x_wconf 87' lang='lat' dir='ltr'><strong>honestioribus</strong></span> <span class='ocrx_word' id='word_1_451' title='bbox 1525 3239 1748 3306; x_wconf 81' lang='lat' dir='ltr'><strong>recipit,</strong></span> <span class='ocrx_word' id='word_1_452' title='bbox 1777 3238 2002 3308; x_wconf 86' lang='lat' dir='ltr'><strong>reliquo</strong></span> 
     </span>
    </p>
   </div>
   <div class='ocr_carea' id='block_1_63' title="bbox 357 3308 2003 3387">
    <p class='ocr_par' dir='ltr' id='par_1_63' title="bbox 357 3308 2003 3387">
     <span class='ocr_line' id='line_1_63' title="bbox 357 3308 2003 3387; baseline -0.004 -17"><span class='ocrx_word' id='word_1_453' title='bbox 357 3316 528 3387; x_wconf 91' lang='lat' dir='ltr'><strong>vulgo</strong></span> <span class='ocrx_word' id='word_1_454' title='bbox 561 3311 1241 3387; x_wconf 81' lang='lat' dir='ltr'><strong>sub_tabulatis_laten_te.</strong></span> <span class='ocrx_word' id='word_1_455' title='bbox 1266 3308 1459 3364; x_wconf 86' lang='lat' dir='ltr'><strong>Batavi</strong></span> <span class='ocrx_word' id='word_1_456' title='bbox 1487 3309 2003 3387; x_wconf 58' lang='lat' dir='ltr'><strong>Cuyt&#39;ttappellant.</strong></span> 
     </span>
    </p>
   </div>
   <div class='ocr_carea' id='block_1_64' title="bbox 359 3379 2007 3451">
    <p class='ocr_par' dir='ltr' id='par_1_64' title="bbox 359 3379 2007 3451">
     <span class='ocr_line' id='line_1_64' title="bbox 359 3379 2007 3451; baseline -0.003 -12"><span class='ocrx_word' id='word_1_457' title='bbox 359 3391 436 3442; x_wconf 84' lang='lat' dir='ltr'><strong>Eo</strong></span> <span class='ocrx_word' id='word_1_458' title='bbox 458 3379 640 3441; x_wconf 68' lang='lat' dir='ltr'><strong>sensu</strong></span> <span class='ocrx_word' id='word_1_459' title='bbox 675 3385 929 3438; x_wconf 77' lang='lat' dir='ltr'><strong>Basilius</strong></span> <span class='ocrx_word' id='word_1_460' title='bbox 963 3383 1244 3436; x_wconf 85' lang='lat' dir='ltr'><strong>Patricius</strong></span> <span class='ocrx_word' id='word_1_461' title='bbox 1276 3397 1504 3451; x_wconf 91' lang='lat' dir='ltr'><strong>quoque</strong></span> <span class='ocrx_word' id='word_1_462' title='bbox 1537 3379 1594 3435; x_wconf 85' lang='lat' dir='ltr'><strong>in</strong></span> <span class='ocrx_word' id='word_1_463' title='bbox 1627 3379 2007 3435; x_wconf 85' lang='lat' dir='ltr'><strong>Naumachiis</strong></span> 
     </span>
    </p>
   </div>
   <div class='ocr_carea' id='block_1_65' title="bbox 361 3451 2009 3528">
    <p class='ocr_par' dir='ltr' id='par_1_65' title="bbox 361 3451 2009 3528">
     <span class='ocr_line' id='line_1_65' title="bbox 361 3451 2009 3528; baseline -0.002 -17"><span class='ocrx_word' id='word_1_464' title='bbox 361 3459 514 3528; x_wconf 90' lang='lat' dir='ltr'><strong>apud</strong></span> <span class='ocrx_word' id='word_1_465' title='bbox 547 3456 883 3510; x_wconf 88' lang='lat' dir='ltr'><strong>Fabricium</strong></span> <span class='ocrx_word' id='word_1_466' title='bbox 917 3453 1064 3507; x_wconf 85' lang='lat' dir='ltr'><strong>Bibl.</strong></span> <span class='ocrx_word' id='word_1_467' title='bbox 1097 3453 1277 3528; x_wconf 49' lang='lat' dir='ltr'><strong>Gjmc.</strong></span> <span class='ocrx_word' id='word_1_468' title='bbox 1313 3461 1348 3528; x_wconf 87' lang='lat' dir='ltr'><strong>t_.</strong></span> <span class='ocrx_word' id='word_1_469' title='bbox 1401 3451 1540 3528; x_wconf 84' lang='lat' dir='ltr'><strong>Vill,</strong></span> <span class='ocrx_word' id='word_1_470' title='bbox 1593 3452 1821 3528; x_wconf 53' lang='grc' dir='ltr'>ρτμο,</span> <span class='ocrx_word' id='word_1_471' title='bbox 1870 3469 1923 3508; x_wconf 90' lang='lat' dir='ltr'><strong>v.</strong></span> 
     </span>
    </p>
   </div>
   <div class='ocr_carea' id='block_1_66' title="bbox 361 3523 2007 3600">
    <p class='ocr_par' dir='ltr' id='par_1_66' title="bbox 361 3523 2007 3600">
     <span class='ocr_line' id='line_1_66' title="bbox 361 3523 2007 3600; baseline -0.005 -16"><span class='ocrx_word' id='word_1_472' title='bbox 361 3523 608 3600; x_wconf 76' lang='lat' dir='ltr'><strong>usurpat</strong></span> <span class='ocrx_word' id='word_1_473' title='bbox 637 3532 693 3581; x_wconf 89' lang='lat' dir='ltr'><strong>et</strong></span> <span class='ocrx_word' id='word_1_474' title='bbox 723 3528 1105 3600; x_wconf 77' lang='lat' dir='ltr'><strong>continuatur</strong></span> <span class='ocrx_word' id='word_1_475' title='bbox 1127 3523 1499 3600; x_wconf 77' lang='lat' dir='ltr'><strong>Theophanis</strong></span> <span class='ocrx_word' id='word_1_476' title='bbox 1532 3541 1586 3600; x_wconf 79' lang='lat' dir='ltr'><strong>p.</strong></span> <span class='ocrx_word' id='word_1_477' title='bbox 1771 3523 2007 3594; x_wconf 74' lang='lat' dir='ltr'><strong>Conspi-</strong></span> 
     </span>
    </p>
   </div>
   <div class='ocr_carea' id='block_1_67' title="bbox 363 3595 2007 3669">
    <p class='ocr_par' dir='ltr' id='par_1_67' title="bbox 363 3595 2007 3669">
     <span class='ocr_line' id='line_1_67' title="bbox 363 3595 2007 3669; baseline -0.004 -14"><span class='ocrx_word' id='word_1_478' title='bbox 363 3595 528 3656; x_wconf 58' lang='lat' dir='ltr'><strong>citur&#39;</strong></span> <span class='ocrx_word' id='word_1_479' title='bbox 563 3601 755 3669; x_wconf 89' lang='lat' dir='ltr'><strong>imago</strong></span> <span class='ocrx_word' id='word_1_480' title='bbox 805 3597 941 3651; x_wconf 88' lang='lat' dir='ltr'><strong>talis</strong></span> <span class='ocrx_word' id='word_1_481' title='bbox 985 3595 1255 3669; x_wconf 66' lang='lat' dir='ltr'><strong>grabbati</strong></span> <span class='ocrx_word' id='word_1_482' title='bbox 1305 3597 1361 3648; x_wconf 91' lang='lat' dir='ltr'><strong>in</strong></span> <span class='ocrx_word' id='word_1_483' title='bbox 1410 3596 1511 3648; x_wconf 86' lang='lat' dir='ltr'><strong>illa</strong></span> <span class='ocrx_word' id='word_1_484' title='bbox 1567 3595 1770 3669; x_wconf 74' lang='lat' dir='ltr'><strong>tabula</strong></span> <span class='ocrx_word' id='word_1_485' title='bbox 1813 3612 2007 3669; x_wconf 71' lang='lat' dir='ltr'><strong>_a3n_ea,</strong></span> 
     </span>
    </p>
   </div>
   <div class='ocr_carea' id='block_1_68' title="bbox 363 3665 2007 3741">
    <p class='ocr_par' dir='ltr' id='par_1_68' title="bbox 363 3665 2007 3741">
     <span class='ocr_line' id='line_1_68' title="bbox 363 3665 2007 3741; baseline -0.005 -14"><span class='ocrx_word' id='word_1_486' title='bbox 363 3688 540 3741; x_wconf 88' lang='lat' dir='ltr'><strong>quam</strong></span> <span class='ocrx_word' id='word_1_487' title='bbox 578 3665 825 3725; x_wconf 66' lang='lat' dir='ltr'><strong>Parisini</strong></span> <span class='ocrx_word' id='word_1_488' title='bbox 860 3665 1200 3741; x_wconf 74' lang='lat' dir='ltr'><strong>typographi</strong></span> <span class='ocrx_word' id='word_1_489' title='bbox 1227 3666 1585 3741; x_wconf 76' lang='lat' dir='ltr'><strong>Scriptorum</strong></span> <span class='ocrx_word' id='word_1_490' title='bbox 1615 3665 1873 3741; x_wconf 61' lang='lat' dir='ltr'><strong>Historiae</strong></span> <span class='ocrx_word' id='word_1_491' title='bbox 1898 3666 2007 3741; x_wconf 68' lang='lat' dir='ltr'><strong>By-</strong></span> 
     </span>
    </p>
   </div>
   <div class='ocr_carea' id='block_1_69' title="bbox 361 3737 2008 3805">
    <p class='ocr_par' dir='ltr' id='par_1_69' title="bbox 361 3737 2008 3805">
     <span class='ocr_line' id='line_1_69' title="bbox 361 3737 2008 3805; baseline -0.004 -7"><span class='ocrx_word' id='word_1_492' title='bbox 361 3737 601 3798; x_wconf 68' lang='lat' dir='ltr'><strong>zantina</strong></span> <span class='ocrx_word' id='word_1_493' title='bbox 651 3737 972 3796; x_wconf 27' lang='lat' dir='ltr'><strong>Codinovet</strong></span> <span class='ocrx_word' id='word_1_494' title='bbox 1006 3737 1148 3792; x_wconf 78' lang='lat' dir='ltr'><strong>aliis</strong></span> <span class='ocrx_word' id='word_1_495' title='bbox 1200 3739 1403 3791; x_wconf 90' lang='lat' dir='ltr'><strong>multis</strong></span> <span class='ocrx_word' id='word_1_496' title='bbox 1453 3738 1589 3802; x_wconf 73' lang='lat' dir='ltr'><strong>regii</strong></span> <span class='ocrx_word' id='word_1_497' title='bbox 1623 3737 1783 3791; x_wconf 92' lang='lat' dir='ltr'><strong>illius</strong></span> <span class='ocrx_word' id='word_1_498' title='bbox 1815 3738 2008 3805; x_wconf 90' lang='lat' dir='ltr'><strong>operis</strong></span> 
     </span>
    </p>
   </div>
   <div class='ocr_carea' id='block_1_70' title="bbox 363 3809 2008 3886">
    <p class='ocr_par' dir='ltr' id='par_1_70' title="bbox 363 3809 2008 3886">
     <span class='ocr_line' id='line_1_70' title="bbox 363 3809 2008 3886; baseline -0.004 -16"><span class='ocrx_word' id='word_1_499' title='bbox 363 3817 582 3886; x_wconf 72' lang='lat' dir='ltr'><strong>absque</strong></span> <span class='ocrx_word' id='word_1_500' title='bbox 617 3813 838 3886; x_wconf 80' lang='lat' dir='ltr'><strong>judicio</strong></span> <span class='ocrx_word' id='word_1_501' title='bbox 885 3809 1771 3886; x_wconf 65' lang='lat' dir='ltr'><strong>praposuerunt,__exhibe_ntem</strong></span> <span class='ocrx_word' id='word_1_502' title='bbox 1831 3809 2008 3886; x_wconf 79' lang='lat' dir='ltr'><strong>Cons-</strong></span> 
     </span>
    </p>
   </div>
   <div class='ocr_carea' id='block_1_71' title="bbox 361 3880 2003 3952">
    <p class='ocr_par' dir='ltr' id='par_1_71' title="bbox 361 3880 2003 3952">
     <span class='ocr_line' id='line_1_71' title="bbox 361 3880 2003 3952; baseline -0.004 -10"><span class='ocrx_word' id='word_1_503' title='bbox 361 3880 655 3942; x_wconf 71' lang='lat' dir='ltr'><strong>tantinum</strong></span> <span class='ocrx_word' id='word_1_504' title='bbox 688 3880 1074 3952; x_wconf 68' lang='lat' dir='ltr'><strong>Palaeologum</strong></span> <span class='ocrx_word' id='word_1_505' title='bbox 1110 3887 1173 3935; x_wconf 91' lang='lat' dir='ltr'><strong>ut</strong></span> <span class='ocrx_word' id='word_1_506' title='bbox 1205 3881 1334 3935; x_wconf 86' lang='lat' dir='ltr'><strong>navi</strong></span> <span class='ocrx_word' id='word_1_507' title='bbox 1369 3880 1721 3935; x_wconf 77' lang='lat' dir='ltr'><strong>Florentium</strong></span> <span class='ocrx_word' id='word_1_508' title='bbox 1741 3881 2003 3948; x_wconf 89' lang='lat' dir='ltr'><strong>appellit.</strong></span> 
     </span>
    </p>
   </div>
   <div class='ocr_carea' id='block_1_72' title="bbox 435 3952 2006 4026">
    <p class='ocr_par' dir='ltr' id='par_1_72' title="bbox 435 3952 2006 4026">
     <span class='ocr_line' id='line_1_72' title="bbox 435 3952 2006 4026; baseline -0.002 -16"><span class='ocrx_word' id='word_1_509' title='bbox 435 3958 548 4026; x_wconf 87' lang='lat'>(65)</span> <span class='ocrx_word' id='word_1_510' title='bbox 582 3957 704 4012; x_wconf 86' lang='lat' dir='ltr'><strong>Non</strong></span> <span class='ocrx_word' id='word_1_511' title='bbox 739 3957 854 4010; x_wconf 91' lang='lat' dir='ltr'><strong>alio</strong></span> <span class='ocrx_word' id='word_1_512' title='bbox 888 3953 1059 4009; x_wconf 90' lang='lat' dir='ltr'><strong>modo</strong></span> <span class='ocrx_word' id='word_1_513' title='bbox 1091 3953 1318 4021; x_wconf 86' lang='lat' dir='ltr'><strong>concipi</strong></span> <span class='ocrx_word' id='word_1_514' title='bbox 1355 3959 1543 4026; x_wconf 82' lang='lat' dir='ltr'><strong>potest</strong></span> <span class='ocrx_word' id='word_1_515' title='bbox 1589 3968 1722 4022; x_wconf 92' lang='lat' dir='ltr'><strong>quts</strong></span> <span class='ocrx_word' id='word_1_516' title='bbox 1766 3952 1892 4007; x_wconf 88' lang='lat' dir='ltr'><strong>CPli</strong></span> <span class='ocrx_word' id='word_1_517' title='bbox 1946 3953 2006 4007; x_wconf 90' lang='lat' dir='ltr'><strong>in</strong></span> 
     </span>
    </p>
   </div>
   <div class='ocr_carea' id='block_1_73' title="bbox 361 4025 2008 4097">
    <p class='ocr_par' dir='ltr' id='par_1_73' title="bbox 361 4025 2008 4097">
     <span class='ocr_line' id='line_1_73' title="bbox 361 4025 2008 4097; baseline -0.003 -14"><span class='ocrx_word' id='word_1_518' title='bbox 361 4025 558 4083; x_wconf 87' lang='lat' dir='ltr'><strong>Asiam</strong></span> <span class='ocrx_word' id='word_1_519' title='bbox 594 4028 911 4097; x_wconf 84' lang='lat' dir='ltr'><strong>trajiciens,</strong></span> <span class='ocrx_word' id='word_1_520' title='bbox 947 4029 1106 4097; x_wconf 90' lang='lat' dir='ltr'><strong>vultu</strong></span> <span class='ocrx_word' id='word_1_521' title='bbox 1137 4040 1342 4097; x_wconf 86' lang='lat' dir='ltr'><strong>versus</strong></span> <span class='ocrx_word' id='word_1_522' title='bbox 1363 4025 1878 4097; x_wconf 70' lang='lat' dir='ltr'><strong>orieetemverso,</strong></span> <span class='ocrx_word' id='word_1_523' title='bbox 1919 4039 2008 4078; x_wconf 86' lang='lat' dir='ltr'><strong>ur-</strong></span> 
     </span>
    </p>
   </div>
   <div class='ocr_carea' id='block_1_74' title="bbox 364 4095 2004 4163">
    <p class='ocr_par' dir='ltr' id='par_1_74' title="bbox 364 4095 2004 4163">
     <span class='ocr_line' id='line_1_74' title="bbox 364 4095 2004 4163; baseline -0.002 -9"><span class='ocrx_word' id='word_1_524' title='bbox 364 4099 489 4154; x_wconf 92' lang='lat' dir='ltr'><strong>bem</strong></span> <span class='ocrx_word' id='word_1_525' title='bbox 526 4095 738 4163; x_wconf 73' lang='lat' dir='ltr'><strong>videre,</strong></span> <span class='ocrx_word' id='word_1_526' title='bbox 787 4099 893 4153; x_wconf 77' lang='lat' dir='ltr'><strong>nisi</strong></span> <span class='ocrx_word' id='word_1_527' title='bbox 927 4113 996 4152; x_wconf 81' lang='lat' dir='ltr'><strong>ex</strong></span> <span class='ocrx_word' id='word_1_528' title='bbox 1044 4095 1250 4150; x_wconf 89' lang='lat' dir='ltr'><strong>ultimo</strong></span> <span class='ocrx_word' id='word_1_529' title='bbox 1300 4097 1429 4149; x_wconf 91' lang='lat' dir='ltr'><strong>sinu</strong></span> <span class='ocrx_word' id='word_1_530' title='bbox 1480 4095 1749 4150; x_wconf 86' lang='lat' dir='ltr'><strong>Ceratino</strong></span> <span class='ocrx_word' id='word_1_531' title='bbox 1799 4096 2004 4150; x_wconf 83' lang='lat' dir='ltr'><strong>solvat.</strong></span> 
     </span>
    </p>
   </div>
   <div class='ocr_carea' id='block_1_75' title="bbox 362 4165 2006 4242">
    <p class='ocr_par' dir='ltr' id='par_1_75' title="bbox 362 4165 2006 4242">
     <span class='ocr_line' id='line_1_75' title="bbox 362 4165 2006 4242; baseline -0.004 -16"><span class='ocrx_word' id='word_1_532' title='bbox 362 4171 595 4242; x_wconf 89' lang='lat' dir='ltr'><strong>Concipi</strong></span> <span class='ocrx_word' id='word_1_533' title='bbox 640 4185 776 4242; x_wconf 87' lang='lat' dir='ltr'><strong>ergo</strong></span> <span class='ocrx_word' id='word_1_534' title='bbox 817 4170 990 4224; x_wconf 88' lang='lat' dir='ltr'><strong>debet</strong></span> <span class='ocrx_word' id='word_1_535' title='bbox 1035 4169 1351 4242; x_wconf 87' lang='lat' dir='ltr'><strong>imperator</strong></span> <span class='ocrx_word' id='word_1_536' title='bbox 1397 4182 1428 4222; x_wconf 91' lang='lat' dir='ltr'><strong>e</strong></span> <span class='ocrx_word' id='word_1_537' title='bbox 1478 4165 1690 4236; x_wconf 89' lang='lat' dir='ltr'><strong>palatio</strong></span> <span class='ocrx_word' id='word_1_538' title='bbox 1739 4165 2006 4242; x_wconf 79' lang='lat' dir='ltr'><strong>Blacher-</strong></span> 
     </span>
    </p>
   </div>
   <div class='ocr_carea' id='block_1_76' title="bbox 363 4237 2004 4308">
    <p class='ocr_par' dir='ltr' id='par_1_76' title="bbox 363 4237 2004 4308">
     <span class='ocr_line' id='line_1_76' title="bbox 363 4237 2004 4308; baseline -0.004 -9"><span class='ocrx_word' id='word_1_539' title='bbox 363 4237 555 4305; x_wconf 66' lang='lat' dir='ltr'><strong>nensi,</strong></span> <span class='ocrx_word' id='word_1_540' title='bbox 584 4247 684 4298; x_wconf 90' lang='lat' dir='ltr'><strong>aut</strong></span> <span class='ocrx_word' id='word_1_541' title='bbox 708 4237 813 4296; x_wconf 75' lang='lat' dir='ltr'><strong>illo</strong></span> <span class='ocrx_word' id='word_1_542' title='bbox 845 4245 1052 4303; x_wconf 88' lang='lat' dir='ltr'><strong>tractu,</strong></span> <span class='ocrx_word' id='word_1_543' title='bbox 1087 4245 1187 4292; x_wconf 90' lang='lat' dir='ltr'><strong>aut</strong></span> <span class='ocrx_word' id='word_1_544' title='bbox 1234 4239 1406 4293; x_wconf 86' lang='lat' dir='ltr'><strong>etiam</strong></span> <span class='ocrx_word' id='word_1_545' title='bbox 1458 4254 1526 4292; x_wconf 83' lang='lat' dir='ltr'><strong>ex</strong></span> <span class='ocrx_word' id='word_1_546' title='bbox 1574 4237 1791 4308; x_wconf 89' lang='lat' dir='ltr'><strong>angulo</strong></span> <span class='ocrx_word' id='word_1_547' title='bbox 1842 4237 2004 4293; x_wconf 87' lang='lat' dir='ltr'><strong>urbis</strong></span> 
     </span>
    </p>
   </div>
   <div class='ocr_carea' id='block_1_77' title="bbox 363 4309 2007 4383">
    <p class='ocr_par' dir='ltr' id='par_1_77' title="bbox 363 4309 2007 4383">
     <span class='ocr_line' id='line_1_77' title="bbox 363 4309 2007 4383; baseline -0.004 -13"><span class='ocrx_word' id='word_1_548' title='bbox 363 4313 757 4382; x_wconf 87' lang='lat' dir='ltr'><strong>meridionali,</strong></span> <span class='ocrx_word' id='word_1_549' title='bbox 790 4327 818 4367; x_wconf 90' lang='lat' dir='ltr'><strong>e</strong></span> <span class='ocrx_word' id='word_1_550' title='bbox 843 4320 1007 4383; x_wconf 86' lang='lat' dir='ltr'><strong>portu</strong></span> <span class='ocrx_word' id='word_1_551' title='bbox 1039 4311 1548 4383; x_wconf 9' lang='lat' dir='ltr'><strong>quodamgversus</strong></span> <span class='ocrx_word' id='word_1_552' title='bbox 1595 4309 1900 4383; x_wconf 83' lang='lat' dir='ltr'><strong>Thraciam</strong></span> <span class='ocrx_word' id='word_1_553' title='bbox 1949 4313 2007 4364; x_wconf 87' lang='lat' dir='ltr'><strong>et</strong></span> 
     </span>
    </p>
   </div>
   <div class='ocr_carea' id='block_1_78' title="bbox 362 4381 2004 4458">
    <p class='ocr_par' dir='ltr' id='par_1_78' title="bbox 362 4381 2004 4458">
     <span class='ocr_line' id='line_1_78' title="bbox 362 4381 2004 4458; baseline -0.004 -16"><span class='ocrx_word' id='word_1_554' title='bbox 362 4403 520 4442; x_wconf 89' lang='lat' dir='ltr'><strong>mare</strong></span> <span class='ocrx_word' id='word_1_555' title='bbox 549 4381 804 4458; x_wconf 70' lang='lat' dir='ltr'><strong>)Egteum</strong></span> <span class='ocrx_word' id='word_1_556' title='bbox 841 4381 1158 4458; x_wconf 71' lang='lat' dir='ltr'><strong>spectante,</strong></span> <span class='ocrx_word' id='word_1_557' title='bbox 1196 4381 1381 4458; x_wconf 75' lang='lat' dir='ltr'><strong>navim</strong></span> <span class='ocrx_word' id='word_1_558' title='bbox 1413 4381 1830 4458; x_wconf 75' lang='lat' dir='ltr'><strong>conscendens.</strong></span> <span class='ocrx_word' id='word_1_559' title='bbox 1858 4384 2004 4436; x_wconf 88' lang='lat' dir='ltr'><strong>Nam</strong></span> 
     </span>
    </p>
   </div>
   <div class='ocr_carea' id='block_1_79' title="bbox 363 4452 2002 4530">
    <p class='ocr_par' dir='ltr' id='par_1_79' title="bbox 363 4452 2002 4530">
     <span class='ocr_line' id='line_1_79' title="bbox 363 4452 2002 4530; baseline -0.004 -18"><span class='ocrx_word' id='word_1_560' title='bbox 363 4459 409 4512; x_wconf 91' lang='lat' dir='ltr'><strong>si</strong></span> <span class='ocrx_word' id='word_1_561' title='bbox 445 4452 688 4530; x_wconf 76' lang='lat' dir='ltr'><strong>ﬁngitdr</strong></span> <span class='ocrx_word' id='word_1_562' title='bbox 717 4473 747 4512; x_wconf 91' lang='lat' dir='ltr'><strong>e</strong></span> <span class='ocrx_word' id='word_1_563' title='bbox 777 4452 1125 4530; x_wconf 75' lang='lat' dir='ltr'><strong>Bucoleonte</strong></span> <span class='ocrx_word' id='word_1_564' title='bbox 1149 4452 1440 4530; x_wconf 84' lang='lat' dir='ltr'><strong>_av_eh_ens,</strong></span> <span class='ocrx_word' id='word_1_565' title='bbox 1493 4452 1788 4530; x_wconf 81' lang='lat' dir='ltr'><strong>ordinario</strong></span> <span class='ocrx_word' id='word_1_566' title='bbox 1834 4458 2002 4530; x_wconf 89' lang='lat' dir='ltr'><strong>portu</strong></span> 
     </span>
    </p>
   </div>
   <div class='ocr_carea' id='block_1_80' title="bbox 361 4524 2006 4601">
    <p class='ocr_par' dir='ltr' id='par_1_80' title="bbox 361 4524 2006 4601">
     <span class='ocr_line' id='line_1_80' title="bbox 361 4524 2006 4601; baseline -0.004 -17"><span class='ocrx_word' id='word_1_567' title='bbox 361 4524 596 4601; x_wconf 58' lang='lat' dir='ltr'><strong>augus&#39;ti</strong></span> <span class='ocrx_word' id='word_1_568' title='bbox 628 4530 858 4601; x_wconf 87' lang='lat' dir='ltr'><strong>inurbe</strong></span> <span class='ocrx_word' id='word_1_569' title='bbox 893 4525 1116 4596; x_wconf 89' lang='lat' dir='ltr'><strong>palatii,</strong></span> <span class='ocrx_word' id='word_1_570' title='bbox 1149 4524 1401 4601; x_wconf 86' lang='lat' dir='ltr'><strong>habebat</strong></span> <span class='ocrx_word' id='word_1_571' title='bbox 1426 4527 1715 4601; x_wconf 24' lang='lat' dir='ltr'><strong>urbemta</strong></span> <span class='ocrx_word' id='word_1_572' title='bbox 1746 4525 1918 4601; x_wconf 82' lang='lat' dir='ltr'><strong>dorso</strong></span> <span class='ocrx_word' id='word_1_573' title='bbox 1950 4529 2006 4601; x_wconf 81' lang='lat' dir='ltr'><strong>et</strong></span> 
     </span>
    </p>
   </div>
   <div class='ocr_carea' id='block_1_81' title="bbox 359 4594 2008 4672">
    <p class='ocr_par' dir='ltr' id='par_1_81' title="bbox 359 4594 2008 4672">
     <span class='ocr_line' id='line_1_81' title="bbox 359 4594 2008 4672; baseline -0.004 -15"><span class='ocrx_word' id='word_1_574' title='bbox 359 4594 603 4672; x_wconf 68' lang='lat' dir='ltr'><strong>prdrsus</strong></span> <span class='ocrx_word' id='word_1_575' title='bbox 658 4594 1023 4672; x_wconf 39' lang='lat' dir='ltr'><strong>videre—non</strong></span> <span class='ocrx_word' id='word_1_576' title='bbox 1083 4599 1326 4666; x_wconf 88' lang='lat' dir='ltr'><strong>poterat,</strong></span> <span class='ocrx_word' id='word_1_577' title='bbox 1383 4595 1495 4672; x_wconf 74' lang='lat' dir='ltr'><strong>nisi</strong></span> <span class='ocrx_word' id='word_1_578' title='bbox 1528 4594 1713 4672; x_wconf 71' lang='lat' dir='ltr'><strong>vultu</strong></span> <span class='ocrx_word' id='word_1_579' title='bbox 1758 4595 1829 4672; x_wconf 86' lang='lat' dir='ltr'><strong>_in</strong></span> <span class='ocrx_word' id='word_1_580' title='bbox 1863 4594 2008 4672; x_wconf 84' lang='lat' dir='ltr'><strong>ocei-</strong></span> 
     </span>
    </p>
   </div>
   <div class='ocr_carea' id='block_1_82' title="bbox 359 4667 2005 4737">
    <p class='ocr_par' dir='ltr' id='par_1_82' title="bbox 359 4667 2005 4737">
     <span class='ocr_line' id='line_1_82' title="bbox 359 4667 2005 4737; baseline -0.004 -10"><span class='ocrx_word' id='word_1_581' title='bbox 359 4667 593 4728; x_wconf 88' lang='lat' dir='ltr'><strong>dentem</strong></span> <span class='ocrx_word' id='word_1_582' title='bbox 621 4687 805 4727; x_wconf 80' lang='lat' dir='ltr'><strong>verso.</strong></span> <span class='ocrx_word' id='word_1_583' title='bbox 839 4669 907 4724; x_wconf 88' lang='lat' dir='ltr'><strong>Et</strong></span> <span class='ocrx_word' id='word_1_584' title='bbox 937 4669 1022 4723; x_wconf 92' lang='lat' dir='ltr'><strong>vel</strong></span> <span class='ocrx_word' id='word_1_585' title='bbox 1054 4672 1134 4722; x_wconf 90' lang='lat' dir='ltr'><strong>sic</strong></span> <span class='ocrx_word' id='word_1_586' title='bbox 1165 4682 1394 4737; x_wconf 69' lang='lat' dir='ltr'><strong>Quoque</strong></span> <span class='ocrx_word' id='word_1_587' title='bbox 1423 4667 1616 4721; x_wconf 90' lang='lat' dir='ltr'><strong>dictus</strong></span> <span class='ocrx_word' id='word_1_588' title='bbox 1643 4667 1813 4722; x_wconf 88' lang='lat' dir='ltr'><strong>modo</strong></span> <span class='ocrx_word' id='word_1_589' title='bbox 1836 4669 2005 4737; x_wconf 86' lang='lat' dir='ltr'><strong>grab-</strong></span> 
     </span>
    </p>
   </div>
   <div class='ocr_carea' id='block_1_83' title="bbox 359 4737 2004 4812">
    <p class='ocr_par' dir='ltr' id='par_1_83' title="bbox 359 4737 2004 4812">
     <span class='ocr_line' id='line_1_83' title="bbox 359 4737 2004 4812; baseline -0.003 -14"><span class='ocrx_word' id='word_1_590' title='bbox 359 4745 532 4800; x_wconf 85' lang='lat' dir='ltr'><strong>batus</strong></span> <span class='ocrx_word' id='word_1_591' title='bbox 564 4742 890 4812; x_wconf 87' lang='lat' dir='ltr'><strong>respicienti</strong></span> <span class='ocrx_word' id='word_1_592' title='bbox 934 4740 1270 4812; x_wconf 83' lang='lat' dir='ltr'><strong>obstitisset.</strong></span> <span class='ocrx_word' id='word_1_593' title='bbox 1318 4741 1487 4792; x_wconf 89' lang='lat' dir='ltr'><strong>Favet</strong></span> <span class='ocrx_word' id='word_1_594' title='bbox 1535 4738 1702 4812; x_wconf 79' lang='lat' dir='ltr'><strong>nobis</strong></span> <span class='ocrx_word' id='word_1_595' title='bbox 1753 4737 1810 4790; x_wconf 92' lang='lat' dir='ltr'><strong>id</strong></span> <span class='ocrx_word' id='word_1_596' title='bbox 1861 4755 2004 4808; x_wconf 87' lang='lat' dir='ltr'><strong>quo-</strong></span> 
     </span>
    </p>
   </div>
   <div class='ocr_carea' id='block_1_84' title="bbox 359 4809 2001 4886">
    <p class='ocr_par' dir='ltr' id='par_1_84' title="bbox 359 4809 2001 4886">
     <span class='ocr_line' id='line_1_84' title="bbox 359 4809 2001 4886; baseline -0.004 -15"><span class='ocrx_word' id='word_1_597' title='bbox 359 4831 492 4886; x_wconf 87' lang='lat' dir='ltr'><strong>que,</strong></span> <span class='ocrx_word' id='word_1_598' title='bbox 529 4809 677 4886; x_wconf 79' lang='lat' dir='ltr'><strong>quod</strong></span> <span class='ocrx_word' id='word_1_599' title='bbox 715 4831 769 4886; x_wconf 93' lang='lat' dir='ltr'><strong>p.</strong></span> <span class='ocrx_word' id='word_1_600' title='bbox 800 4813 927 4874; x_wconf 82' lang='lat'><strong>285,</strong></span> <span class='ocrx_word' id='word_1_601' title='bbox 957 4812 1201 4886; x_wconf 73' lang='lat' dir='ltr'><strong>rediens</strong></span> <span class='ocrx_word' id='word_1_602' title='bbox 1228 4811 1282 4886; x_wconf 83' lang='lat' dir='ltr'><strong>in</strong></span> <span class='ocrx_word' id='word_1_603' title='bbox 1321 4812 1520 4886; x_wconf 80' lang='lat' dir='ltr'><strong>urbem</strong></span> <span class='ocrx_word' id='word_1_604' title='bbox 1551 4809 1868 4886; x_wconf 82' lang='lat' dir='ltr'><strong>imperator</strong></span> <span class='ocrx_word' id='word_1_605' title='bbox 1909 4825 2001 4866; x_wconf 90' lang='lat' dir='ltr'><strong>eo-</strong></span> 
     </span>
    </p>
   </div>
   <div class='ocr_carea' id='block_1_85' title="bbox 360 4880 2002 4956">
    <p class='ocr_par' dir='ltr' id='par_1_85' title="bbox 360 4880 2002 4956">
     <span class='ocr_line' id='line_1_85' title="bbox 360 4880 2002 4956; baseline -0.002 -17"><span class='ocrx_word' id='word_1_606' title='bbox 360 4880 489 4940; x_wconf 84' lang='lat' dir='ltr'><strong>dem</strong></span> <span class='ocrx_word' id='word_1_607' title='bbox 522 4880 860 4956; x_wconf 58' lang='lat' dir='ltr'><strong>modo,&#39;quo</strong></span> <span class='ocrx_word' id='word_1_608' title='bbox 883 4883 1115 4945; x_wconf 81' lang='lat' dir='ltr'><strong>exierat,</strong></span> <span class='ocrx_word' id='word_1_609' title='bbox 1149 4880 1439 4956; x_wconf 80' lang='lat' dir='ltr'><strong>diciturin</strong></span> <span class='ocrx_word' id='word_1_610' title='bbox 1473 4887 1639 4956; x_wconf 80' lang='lat' dir='ltr'><strong>portu</strong></span> <span class='ocrx_word' id='word_1_611' title='bbox 1673 4887 1729 4936; x_wconf 90' lang='lat' dir='ltr'><strong>et</strong></span> <span class='ocrx_word' id='word_1_612' title='bbox 1759 4881 1828 4935; x_wconf 87' lang='lat' dir='ltr'><strong>ad</strong></span> <span class='ocrx_word' id='word_1_613' title='bbox 1872 4898 2002 4950; x_wconf 84' lang='lat' dir='ltr'><strong>por-</strong></span> 
     </span>
    </p>
   </div>
   <div class='ocr_carea' id='block_1_86' title="bbox 358 4951 2004 5026">
    <p class='ocr_par' dir='ltr' id='par_1_86' title="bbox 358 4951 2004 5026">
     <span class='ocr_line' id='line_1_86' title="bbox 358 4951 2004 5026; baseline -0.001 -18"><span class='ocrx_word' id='word_1_614' title='bbox 358 4961 478 5026; x_wconf 79' lang='lat' dir='ltr'><strong>tam</strong></span> <span class='ocrx_word' id='word_1_615' title='bbox 515 4951 714 5026; x_wconf 81' lang='lat' dir='ltr'><strong>Rhegii</strong></span> <span class='ocrx_word' id='word_1_616' title='bbox 760 4951 1126 5026; x_wconf 78' lang='lat' dir='ltr'><strong>exscendere.</strong></span> <span class='ocrx_word' id='word_1_617' title='bbox 1179 4952 1352 5022; x_wconf 73' lang='lat' dir='ltr'><strong>Atqui</strong></span> <span class='ocrx_word' id='word_1_618' title='bbox 1408 4951 1727 5026; x_wconf 77' lang='lat' dir='ltr'><strong>propinqua</strong></span> <span class='ocrx_word' id='word_1_619' title='bbox 1775 4969 1842 5008; x_wconf 86' lang='lat' dir='ltr'><strong>ea</strong></span> <span class='ocrx_word' id='word_1_620' title='bbox 1881 4960 2004 5008; x_wconf 89' lang='lat' dir='ltr'><strong>erat</strong></span> 
     </span>
    </p>
   </div>
   <div class='ocr_carea' id='block_1_87' title="bbox 361 5024 1520 5081">
    <p class='ocr_par' dir='ltr' id='par_1_87' title="bbox 361 5024 1520 5081">
     <span class='ocr_line' id='line_1_87' title="bbox 361 5024 1520 5081; baseline -0.003 -2"><span class='ocrx_word' id='word_1_621' title='bbox 361 5024 696 5080; x_wconf 77' lang='lat' dir='ltr'><strong>Blachernis</strong></span> <span class='ocrx_word' id='word_1_622' title='bbox 729 5036 786 5081; x_wconf 93' lang='lat' dir='ltr'><strong>et</strong></span> <span class='ocrx_word' id='word_1_623' title='bbox 819 5031 875 5081; x_wconf 89' lang='lat' dir='ltr'><strong>in</strong></span> <span class='ocrx_word' id='word_1_624' title='bbox 913 5027 1024 5080; x_wconf 77' lang='lat' dir='ltr'><strong>{ine</strong></span> <span class='ocrx_word' id='word_1_625' title='bbox 1057 5024 1220 5078; x_wconf 87' lang='lat' dir='ltr'><strong>sinus</strong></span> <span class='ocrx_word' id='word_1_626' title='bbox 1252 5024 1520 5078; x_wconf 79' lang='lat' dir='ltr'><strong>L‘eratini.</strong></span> 
     </span>
    </p>
   </div>
   <div class='ocr_carea' id='block_1_88' title="bbox 429 5094 2000 5168">
    <p class='ocr_par' dir='ltr' id='par_1_88' title="bbox 429 5094 2000 5168">
     <span class='ocr_line' id='line_1_88' title="bbox 429 5094 2000 5168; baseline 0 -19"><span class='ocrx_word' id='word_1_627' title='bbox 429 5097 539 5166; x_wconf 74' lang='lat'>(66)</span> <span class='ocrx_word' id='word_1_628' title='bbox 569 5097 896 5168; x_wconf 76' lang='lat' dir='ltr'><strong>Stcpissitne</strong></span> <span class='ocrx_word' id='word_1_629' title='bbox 926 5097 1179 5152; x_wconf 87' lang='lat' dir='ltr'><strong>occurrit</strong></span> <span class='ocrx_word' id='word_1_630' title='bbox 1204 5097 1262 5149; x_wconf 92' lang='lat' dir='ltr'><strong>in</strong></span> <span class='ocrx_word' id='word_1_631' title='bbox 1321 5095 1426 5149; x_wconf 91' lang='lat' dir='ltr'><strong>hoc</strong></span> <span class='ocrx_word' id='word_1_632' title='bbox 1454 5094 1713 5168; x_wconf 63' lang='grc' dir='ltr'><strong>⁸Τιιίτιὶοο</strong></span> <span class='ocrx_word' id='word_1_633' title='bbox 1757 5100 1814 5149; x_wconf 91' lang='lat' dir='ltr'><strong>et</strong></span> <span class='ocrx_word' id='word_1_634' title='bbox 1846 5095 2000 5167; x_wconf 90' lang='lat' dir='ltr'><strong>apud</strong></span> 
     </span>
    </p>
   </div>
   <div class='ocr_carea' id='block_1_89' title="bbox 360 5166 1998 5237">
    <p class='ocr_par' dir='ltr' id='par_1_89' title="bbox 360 5166 1998 5237">
     <span class='ocr_line' id='line_1_89' title="bbox 360 5166 1998 5237; baseline -0.001 -16"><span class='ocrx_word' id='word_1_635' title='bbox 360 5166 714 5222; x_wconf 74' lang='lat' dir='ltr'><strong>recentiores</strong></span> <span class='ocrx_word' id='word_1_636' title='bbox 746 5170 974 5223; x_wconf 73' lang='lat' dir='ltr'><strong>Graecus</strong></span> <span class='ocrx_word' id='word_1_637' title='bbox 1009 5170 1127 5222; x_wconf 71' lang='lat' dir='ltr'><strong>haec</strong></span> <span class='ocrx_word' id='word_1_638' title='bbox 1149 5183 1254 5219; x_wconf 81' lang='lat' dir='ltr'><strong>vox</strong></span> <span class='ocrx_word' id='word_1_639' title='bbox 1284 5166 1610 5237; x_wconf 41' lang='lat' dir='ltr'><strong>significatu</strong></span> <span class='ocrx_word' id='word_1_640' title='bbox 1637 5168 1864 5221; x_wconf 80' lang='lat' dir='ltr'><strong>diverso</strong></span> <span class='ocrx_word' id='word_1_641' title='bbox 1889 5166 1998 5234; x_wconf 90' lang='lat' dir='ltr'><strong>illi,</strong></span> 
     </span>
    </p>
   </div>
   <div class='ocr_carea' id='block_1_90' title="bbox 359 5238 1998 5309">
    <p class='ocr_par' dir='ltr' id='par_1_90' title="bbox 359 5238 1998 5309">
     <span class='ocr_line' id='line_1_90' title="bbox 359 5238 1998 5309; baseline -0.001 -16"><span class='ocrx_word' id='word_1_642' title='bbox 359 5255 529 5309; x_wconf 89' lang='lat' dir='ltr'><strong>quem</strong></span> <span class='ocrx_word' id='word_1_643' title='bbox 567 5240 838 5308; x_wconf 86' lang='lat' dir='ltr'><strong>primitus</strong></span> <span class='ocrx_word' id='word_1_644' title='bbox 872 5242 1094 5294; x_wconf 86' lang='lat' dir='ltr'><strong>habuit.</strong></span> <span class='ocrx_word' id='word_1_645' title='bbox 1129 5238 1363 5307; x_wconf 79' lang='lat' dir='ltr'><strong>Origine</strong></span> <span class='ocrx_word' id='word_1_646' title='bbox 1397 5247 1563 5292; x_wconf 83' lang='lat' dir='ltr'><strong>tenus</strong></span> <span class='ocrx_word' id='word_1_647' title='bbox 1590 5247 1740 5292; x_wconf 83' lang='lat' dir='ltr'><strong>notat</strong></span> <span class='ocrx_word' id='word_1_648' title='bbox 1763 5255 1998 5307; x_wconf 84' lang='lat' dir='ltr'><strong>equum,</strong></span> 
     </span>
    </p>
   </div>
   <div class='ocr_carea' id='block_1_91' title="bbox 358 5309 1997 5380">
    <p class='ocr_par' dir='ltr' id='par_1_91' title="bbox 358 5309 1997 5380">
     <span class='ocr_line' id='line_1_91' title="bbox 358 5309 1997 5380; baseline 0 -16"><span class='ocrx_word' id='word_1_649' title='bbox 358 5311 456 5377; x_wconf 88' lang='lat' dir='ltr'><strong>qui</strong></span> <span class='ocrx_word' id='word_1_650' title='bbox 495 5317 697 5380; x_wconf 73' lang='lat' dir='ltr'><strong>praeter</strong></span> <span class='ocrx_word' id='word_1_651' title='bbox 728 5312 970 5366; x_wconf 83' lang='lat' dir='ltr'><strong>alterum</strong></span> <span class='ocrx_word' id='word_1_652' title='bbox 997 5312 1168 5364; x_wconf 68' lang='lat' dir='ltr'><strong>simul</strong></span> <span class='ocrx_word' id='word_1_653' title='bbox 1219 5309 1469 5364; x_wconf 87' lang='lat' dir='ltr'><strong>trahitur</strong></span> <span class='ocrx_word' id='word_1_654' title='bbox 1515 5321 1566 5364; x_wconf 90' lang='lat' dir='ltr'><strong>et</strong></span> <span class='ocrx_word' id='word_1_655' title='bbox 1612 5310 1997 5380; x_wconf 88' lang='lat' dir='ltr'><strong>inequitatur.</strong></span> 
     </span>
    </p>
   </div>
   <div class='ocr_carea' id='block_1_92' title="bbox 358 5382 1996 5453">
    <p class='ocr_par' dir='ltr' id='par_1_92' title="bbox 358 5382 1996 5453">
     <span class='ocr_line' id='line_1_92' title="bbox 358 5382 1996 5453; baseline -0.002 -17"><span class='ocrx_word' id='word_1_656' title='bbox 358 5382 617 5437; x_wconf 59' lang='lat' dir='ltr'><strong>Concessa</strong></span> <span class='ocrx_word' id='word_1_657' title='bbox 650 5399 839 5451; x_wconf 78' lang='lat' dir='ltr'><strong>nempe</strong></span> <span class='ocrx_word' id='word_1_658' title='bbox 867 5385 1159 5445; x_wconf 75' lang='lat' dir='ltr'><strong>creatione,</strong></span> <span class='ocrx_word' id='word_1_659' title='bbox 1193 5397 1333 5435; x_wconf 78' lang='lat' dir='ltr'><strong>unus</strong></span> <span class='ocrx_word' id='word_1_660' title='bbox 1364 5392 1416 5435; x_wconf 78' lang='lat' dir='ltr'><strong>et</strong></span> <span class='ocrx_word' id='word_1_661' title='bbox 1460 5382 1600 5436; x_wconf 80' lang='lat' dir='ltr'><strong>alter</strong></span> <span class='ocrx_word' id='word_1_662' title='bbox 1641 5397 1809 5453; x_wconf 79' lang='lat' dir='ltr'><strong>equus</strong></span> <span class='ocrx_word' id='word_1_663' title='bbox 1853 5397 1996 5434; x_wconf 81' lang='lat' dir='ltr'><strong>con-</strong></span> 
     </span>
    </p>
   </div>
   <div class='ocr_carea' id='block_1_93' title="bbox 353 5453 1996 5508">
    <p class='ocr_par' dir='ltr' id='par_1_93' title="bbox 353 5453 1996 5508">
     <span class='ocr_line' id='line_1_93' title="bbox 353 5453 1996 5508; baseline -0.001 -1"><span class='ocrx_word' id='word_1_664' title='bbox 353 5453 478 5508; x_wconf 74' lang='lat' dir='ltr'><strong>cedi</strong></span> <span class='ocrx_word' id='word_1_665' title='bbox 508 5455 838 5508; x_wconf 67' lang='lat' dir='ltr'><strong>ernsebutur</strong></span> <span class='ocrx_word' id='word_1_666' title='bbox 866 5471 885 5508; x_wconf 89' lang='lat'><strong><em>:</em></strong></span> <span class='ocrx_word' id='word_1_667' title='bbox 914 5469 1037 5507; x_wconf 82' lang='lat' dir='ltr'><strong>cum</strong></span> <span class='ocrx_word' id='word_1_668' title='bbox 1079 5469 1200 5508; x_wconf 88' lang='lat' dir='ltr'><strong>vero</strong></span> <span class='ocrx_word' id='word_1_669' title='bbox 1231 5456 1428 5507; x_wconf 76' lang='lat' dir='ltr'><strong>tertius</strong></span> <span class='ocrx_word' id='word_1_670' title='bbox 1458 5453 1686 5507; x_wconf 74' lang='lat' dir='ltr'><strong>veredus</strong></span> <span class='ocrx_word' id='word_1_671' title='bbox 1733 5455 1996 5508; x_wconf 79' lang='lat' dir='ltr'><strong>concede-</strong></span> 
     </span>
    </p>
   </div>
   <div class='ocr_carea' id='block_1_94' title="bbox 357 5524 1998 5596">
    <p class='ocr_par' dir='ltr' id='par_1_94' title="bbox 357 5524 1998 5596">
     <span class='ocr_line' id='line_1_94' title="bbox 357 5524 1998 5596; baseline 0.001 -20"><span class='ocrx_word' id='word_1_672' title='bbox 357 5524 538 5592; x_wconf 75' lang='lat' dir='ltr'><strong>batur,</strong></span> <span class='ocrx_word' id='word_1_673' title='bbox 570 5526 874 5596; x_wconf 69' lang='lat' dir='ltr'><strong>par/lippus</strong></span> <span class='ocrx_word' id='word_1_674' title='bbox 904 5531 1000 5579; x_wconf 80' lang='lat' dir='ltr'><strong>aut</strong></span> <span class='ocrx_word' id='word_1_675' title='bbox 1042 5525 1403 5596; x_wconf 72' lang='lat' dir='ltr'><strong>peraveredus</strong></span> <span class='ocrx_word' id='word_1_676' title='bbox 1445 5525 1754 5579; x_wconf 75' lang='lat' dir='ltr'><strong>dicebatur.</strong></span> <span class='ocrx_word' id='word_1_677' title='bbox 1805 5524 1998 5596; x_wconf 46' lang='lat' dir='ltr'><strong>Verba</strong></span> 
     </span>
    </p>
   </div>
   <div class='ocr_carea' id='block_1_95' title="bbox 355 5595 1996 5667">
    <p class='ocr_par' dir='ltr' id='par_1_95' title="bbox 355 5595 1996 5667">
     <span class='ocr_line' id='line_1_95' title="bbox 355 5595 1996 5667; baseline -0.002 -17"><span class='ocrx_word' id='word_1_678' title='bbox 355 5595 664 5652; x_wconf 85' lang='lat' dir='ltr'><strong>PancirOlli</strong></span> <span class='ocrx_word' id='word_1_679' title='bbox 699 5614 826 5652; x_wconf 86' lang='lat' dir='ltr'><strong>mea</strong></span> <span class='ocrx_word' id='word_1_680' title='bbox 853 5598 955 5652; x_wconf 80' lang='lat' dir='ltr'><strong>feci</strong></span> <span class='ocrx_word' id='word_1_681' title='bbox 988 5615 1020 5650; x_wconf 89' lang='lat' dir='ltr'><strong>a</strong></span> <span class='ocrx_word' id='word_1_682' title='bbox 1051 5595 1250 5667; x_wconf 10' lang='lat' dir='ltr'><strong>Goaror</strong></span> <span class='ocrx_word' id='word_1_683' title='bbox 1273 5599 1339 5650; x_wconf 93' lang='lat' dir='ltr'><strong>ad</strong></span> <span class='ocrx_word' id='word_1_684' title='bbox 1376 5597 1616 5650; x_wconf 88' lang='lat' dir='ltr'><strong>Cedren.</strong></span> <span class='ocrx_word' id='word_1_685' title='bbox 1657 5613 1711 5667; x_wconf 93' lang='lat' dir='ltr'><strong>p.</strong></span> <span class='ocrx_word' id='word_1_686' title='bbox 1757 5595 1861 5648; x_wconf 81' lang='grc'><strong>460</strong></span> <span class='ocrx_word' id='word_1_687' title='bbox 1911 5595 1996 5667; x_wconf 88' lang='lat' dir='ltr'><strong>ci-</strong></span> 
     </span>
    </p>
   </div>
   <div class='ocr_carea' id='block_1_96' title="bbox 355 5666 1994 5738">
    <p class='ocr_par' dir='ltr' id='par_1_96' title="bbox 355 5666 1994 5738">
     <span class='ocr_line' id='line_1_96' title="bbox 355 5666 1994 5738; baseline -0.001 -16"><span class='ocrx_word' id='word_1_688' title='bbox 355 5679 503 5736; x_wconf 84' lang='lat' dir='ltr'><strong>tata;</strong></span> <span class='ocrx_word' id='word_1_689' title='bbox 558 5671 710 5726; x_wconf 76' lang='lat' dir='ltr'><strong>conf.</strong></span> <span class='ocrx_word' id='word_1_690' title='bbox 761 5671 996 5724; x_wconf 85' lang='lat' dir='ltr'><strong>Gnther.</strong></span> <span class='ocrx_word' id='word_1_691' title='bbox 1050 5683 1104 5738; x_wconf 89' lang='lat' dir='ltr'><strong>p.</strong></span> <span class='ocrx_word' id='word_1_692' title='bbox 1157 5666 1283 5723; x_wconf 76' lang='lat'><strong>631.</strong></span> <span class='ocrx_word' id='word_1_693' title='bbox 1333 5669 1617 5732; x_wconf 89' lang='lat' dir='ltr'><strong>Quoniam</strong></span> <span class='ocrx_word' id='word_1_694' title='bbox 1658 5666 1800 5721; x_wconf 74' lang='lat' dir='ltr'><strong>vero</strong></span> <span class='ocrx_word' id='word_1_695' title='bbox 1853 5666 1994 5722; x_wconf 86' lang='lat' dir='ltr'><strong>tales</strong></span> 
     </span>
    </p>
   </div>
   <div class='ocr_carea' id='block_1_97' title="bbox 351 5738 1989 5810">
    <p class='ocr_par' dir='ltr' id='par_1_97' title="bbox 351 5738 1989 5810">
     <span class='ocr_line' id='line_1_97' title="bbox 351 5738 1989 5810; baseline -0.002 -16"><span class='ocrx_word' id='word_1_696' title='bbox 351 5741 540 5797; x_wconf 79' lang='lat' dir='ltr'><strong>veredi</strong></span> <span class='ocrx_word' id='word_1_697' title='bbox 573 5741 902 5796; x_wconf 83' lang='lat' dir='ltr'><strong>secundarii</strong></span> <span class='ocrx_word' id='word_1_698' title='bbox 933 5739 1164 5810; x_wconf 68' lang='lat' dir='ltr'><strong>genetjs</strong></span> <span class='ocrx_word' id='word_1_699' title='bbox 1195 5749 1353 5810; x_wconf 87' lang='lat' dir='ltr'><strong>erant</strong></span> <span class='ocrx_word' id='word_1_700' title='bbox 1376 5738 1702 5810; x_wconf 87' lang='lat' dir='ltr'><strong>deterioris,</strong></span> <span class='ocrx_word' id='word_1_701' title='bbox 1727 5738 1862 5792; x_wconf 89' lang='lat' dir='ltr'><strong>inde</strong></span> <span class='ocrx_word' id='word_1_702' title='bbox 1884 5743 1989 5803; x_wconf 91' lang='lat' dir='ltr'><strong>est,</strong></span> 
     </span>
    </p>
   </div>
   <div class='ocr_carea' id='block_1_98' title="bbox 352 5808 1992 5888">
    <p class='ocr_par' dir='ltr' id='par_1_98' title="bbox 352 5808 1992 5888">
     <span class='ocr_line' id='line_1_98' title="bbox 352 5808 1992 5888; baseline -0.003 -20"><span class='ocrx_word' id='word_1_703' title='bbox 352 5813 506 5888; x_wconf 91' lang='lat' dir='ltr'><strong>quod</strong></span> <span class='ocrx_word' id='word_1_704' title='bbox 527 5813 610 5870; x_wconf 88' lang='lat' dir='ltr'><strong>An</strong></span> <span class='ocrx_word' id='word_1_705' title='bbox 620 5808 1461 5883; x_wconf 72' lang='lat' dir='ltr'><strong>astasiuslocumTheophanis</strong></span> <span class='ocrx_word' id='word_1_706' title='bbox 1471 5827 1530 5883; x_wconf 86' lang='lat' dir='ltr'><strong>p.</strong></span> <span class='ocrx_word' id='word_1_707' title='bbox 1545 5809 1648 5866; x_wconf 79' lang='grc'><strong>347</strong></span> <span class='ocrx_word' id='word_1_708' title='bbox 1666 5814 1892 5868; x_wconf 79' lang='lat' dir='ltr'><strong>vertens</strong></span> <span class='ocrx_word' id='word_1_709' title='bbox 1902 5827 1992 5864; x_wconf 69' lang='lat' dir='ltr'><strong>xu-</strong></span> 
     </span>
    </p>
   </div>
   <div class='ocr_carea' id='block_1_99' title="bbox 2119 3232 3776 3311">
    <p class='ocr_par' dir='ltr' id='par_1_99' title="bbox 2119 3232 3776 3311">
     <span class='ocr_line' id='line_1_99' title="bbox 2119 3232 3776 3311; baseline -0.002 -18"><span class='ocrx_word' id='word_1_710' title='bbox 2119 3238 2218 3311; x_wconf 75' lang='grc' dir='ltr'>νει</span> <span class='ocrx_word' id='word_1_711' title='bbox 2256 3232 2446 3309; x_wconf 68' lang='lat' dir='ltr'><strong>potius</strong></span> <span class='ocrx_word' id='word_1_712' title='bbox 2479 3241 2786 3311; x_wconf 88' lang='lat' dir='ltr'><strong>parhippia</strong></span> <span class='ocrx_word' id='word_1_713' title='bbox 2807 3243 2874 3311; x_wconf 88' lang='lat' dir='ltr'><strong>et</strong></span> <span class='ocrx_word' id='word_1_714' title='bbox 2905 3236 3246 3309; x_wconf 86' lang='lat' dir='ltr'><strong>paravercdi</strong></span> <span class='ocrx_word' id='word_1_715' title='bbox 3271 3243 3413 3311; x_wconf 84' lang='lat' dir='ltr'><strong>sunt</strong></span> <span class='ocrx_word' id='word_1_716' title='bbox 3435 3236 3570 3306; x_wconf 89' lang='lat' dir='ltr'><strong>equi</strong></span> <span class='ocrx_word' id='word_1_717' title='bbox 3596 3232 3776 3311; x_wconf 75' lang='lat' dir='ltr'><strong>medii</strong></span> 
     </span>
    </p>
   </div>
   <div class='ocr_carea' id='block_1_100' title="bbox 2118 3305 3777 3373">
    <p class='ocr_par' dir='ltr' id='par_1_100' title="bbox 2118 3305 3777 3373">
     <span class='ocr_line' id='line_1_100' title="bbox 2118 3305 3777 3373; baseline -0.001 -9"><span class='ocrx_word' id='word_1_718' title='bbox 2118 3305 2271 3365; x_wconf 79' lang='lat' dir='ltr'><strong>inter</strong></span> <span class='ocrx_word' id='word_1_719' title='bbox 2302 3305 3104 3373; x_wconf 61' lang='lat' dir='ltr'><strong>dextrarios.&#39;nobilissimos,</strong></span> <span class='ocrx_word' id='word_1_720' title='bbox 3139 3315 3197 3364; x_wconf 91' lang='lat' dir='ltr'><strong>et</strong></span> <span class='ocrx_word' id='word_1_721' title='bbox 3229 3305 3522 3373; x_wconf 77' lang='lat' dir='ltr'><strong>roncinos,</strong></span> <span class='ocrx_word' id='word_1_722' title='bbox 3557 3305 3777 3362; x_wconf 85' lang='lat' dir='ltr'><strong>vilissi-</strong></span> 
     </span>
    </p>
   </div>
   <div class='ocr_carea' id='block_1_101' title="bbox 2118 3377 3780 3454">
    <p class='ocr_par' dir='ltr' id='par_1_101' title="bbox 2118 3377 3780 3454">
     <span class='ocr_line' id='line_1_101' title="bbox 2118 3377 3780 3454; baseline -0.002 -18"><span class='ocrx_word' id='word_1_723' title='bbox 2118 3398 2268 3436; x_wconf 89' lang='lat' dir='ltr'><strong>mos.</strong></span> <span class='ocrx_word' id='word_1_724' title='bbox 2302 3381 2588 3437; x_wconf 74' lang='lat' dir='ltr'><strong>Dextrarii</strong></span> <span class='ocrx_word' id='word_1_725' title='bbox 2630 3382 2987 3454; x_wconf 83' lang='lat' dir='ltr'><strong>respondent</strong></span> <span class='ocrx_word' id='word_1_726' title='bbox 3013 3381 3375 3452; x_wconf 72' lang='lat' dir='ltr'><strong>promosellaz.</strong></span> <span class='ocrx_word' id='word_1_727' title='bbox 3413 3377 3512 3433; x_wconf 83' lang='lat' dir='ltr'><strong>His</strong></span> <span class='ocrx_word' id='word_1_728' title='bbox 3544 3377 3780 3448; x_wconf 90' lang='lat' dir='ltr'><strong>inequi-</strong></span> 
     </span>
    </p>
   </div>
   <div class='ocr_carea' id='block_1_102' title="bbox 2119 3453 3780 3523">
    <p class='ocr_par' dir='ltr' id='par_1_102' title="bbox 2119 3453 3780 3523">
     <span class='ocr_line' id='line_1_102' title="bbox 2119 3453 3780 3523; baseline -0.002 -15"><span class='ocrx_word' id='word_1_729' title='bbox 2119 3454 2324 3508; x_wconf 85' lang='lat' dir='ltr'><strong>tabant</strong></span> <span class='ocrx_word' id='word_1_730' title='bbox 2375 3455 2431 3508; x_wconf 92' lang='lat' dir='ltr'><strong>in</strong></span> <span class='ocrx_word' id='word_1_731' title='bbox 2487 3469 2726 3522; x_wconf 77' lang='lat' dir='ltr'><strong>pugna;</strong></span> <span class='ocrx_word' id='word_1_732' title='bbox 2777 3453 3134 3523; x_wconf 88' lang='lat' dir='ltr'><strong>cataphracii</strong></span> <span class='ocrx_word' id='word_1_733' title='bbox 3185 3454 3338 3523; x_wconf 78' lang='lat' dir='ltr'><strong>enim</strong></span> <span class='ocrx_word' id='word_1_734' title='bbox 3389 3455 3575 3504; x_wconf 87' lang='lat' dir='ltr'><strong>erant.</strong></span> <span class='ocrx_word' id='word_1_735' title='bbox 3628 3454 3780 3504; x_wconf 82' lang='lat' dir='ltr'><strong>Ante</strong></span> 
     </span>
    </p>
   </div>
   <div class='ocr_carea' id='block_1_103' title="bbox 2119 3522 3782 3595">
    <p class='ocr_par' dir='ltr' id='par_1_103' title="bbox 2119 3522 3782 3595">
     <span class='ocr_line' id='line_1_103' title="bbox 2119 3522 3782 3595; baseline -0.001 -17"><span class='ocrx_word' id='word_1_736' title='bbox 2119 3540 2375 3595; x_wconf 85' lang='lat' dir='ltr'><strong>pugnam</strong></span> <span class='ocrx_word' id='word_1_737' title='bbox 2423 3531 2480 3580; x_wconf 91' lang='lat' dir='ltr'><strong>et</strong></span> <span class='ocrx_word' id='word_1_738' title='bbox 2510 3526 2624 3580; x_wconf 91' lang='lat' dir='ltr'><strong>alio</strong></span> <span class='ocrx_word' id='word_1_739' title='bbox 2673 3522 2953 3594; x_wconf 84' lang='lat' dir='ltr'><strong>tempore,</strong></span> <span class='ocrx_word' id='word_1_740' title='bbox 3007 3522 3244 3594; x_wconf 87' lang='lat' dir='ltr'><strong>quando</strong></span> <span class='ocrx_word' id='word_1_741' title='bbox 3290 3538 3506 3592; x_wconf 90' lang='lat' dir='ltr'><strong>corpus</strong></span> <span class='ocrx_word' id='word_1_742' title='bbox 3549 3535 3782 3595; x_wconf 85' lang='lat' dir='ltr'><strong>movere</strong></span> 
     </span>
    </p>
   </div>
   <div class='ocr_carea' id='block_1_104' title="bbox 2116 3591 3784 3666">
    <p class='ocr_par' dir='ltr' id='par_1_104' title="bbox 2116 3591 3784 3666">
     <span class='ocr_line' id='line_1_104' title="bbox 2116 3591 3784 3666; baseline -0.002 -17"><span class='ocrx_word' id='word_1_743' title='bbox 2116 3591 2333 3652; x_wconf 73' lang='lat' dir='ltr'><strong>vellent</strong></span> <span class='ocrx_word' id='word_1_744' title='bbox 2363 3597 2741 3666; x_wconf 83' lang='lat' dir='ltr'><strong>equitationc,</strong></span> <span class='ocrx_word' id='word_1_745' title='bbox 2778 3591 3108 3651; x_wconf 76' lang='lat' dir='ltr'><strong>insidebant</strong></span> <span class='ocrx_word' id='word_1_746' title='bbox 3163 3591 3532 3665; x_wconf 89' lang='lat' dir='ltr'><strong>paraveredts</strong></span> <span class='ocrx_word' id='word_1_747' title='bbox 3558 3591 3650 3666; x_wconf 82' lang='lat' dir='ltr'><strong>vel</strong></span> <span class='ocrx_word' id='word_1_748' title='bbox 3677 3607 3784 3663; x_wconf 83' lang='lat' dir='ltr'><strong>pa-</strong></span> 
     </span>
    </p>
   </div>
   <div class='ocr_carea' id='block_1_105' title="bbox 2118 3665 3783 3738">
    <p class='ocr_par' dir='ltr' id='par_1_105' title="bbox 2118 3665 3783 3738">
     <span class='ocr_line' id='line_1_105' title="bbox 2118 3665 3783 3738; baseline -0.001 -18"><span class='ocrx_word' id='word_1_749' title='bbox 2118 3666 2374 3733; x_wconf 82' lang='lat' dir='ltr'><strong>lat‘redis,</strong></span> <span class='ocrx_word' id='word_1_750' title='bbox 2420 3665 2778 3738; x_wconf 81' lang='lat' dir='ltr'><strong>parhippiis,</strong></span> <span class='ocrx_word' id='word_1_751' title='bbox 2828 3667 2928 3738; x_wconf 90' lang='lat' dir='ltr'><strong>qui</strong></span> <span class='ocrx_word' id='word_1_752' title='bbox 2961 3669 3044 3722; x_wconf 87' lang='lat' dir='ltr'><strong>sic</strong></span> <span class='ocrx_word' id='word_1_753' title='bbox 3074 3666 3214 3722; x_wconf 87' lang='lat' dir='ltr'><strong>dicti</strong></span> <span class='ocrx_word' id='word_1_754' title='bbox 3264 3666 3536 3738; x_wconf 81' lang='lat' dir='ltr'><strong>videntur</strong></span> <span class='ocrx_word' id='word_1_755' title='bbox 3576 3665 3783 3738; x_wconf 79' lang='lat' dir='ltr'><strong>fuisse,</strong></span> 
     </span>
    </p>
   </div>
   <div class='ocr_carea' id='block_1_106' title="bbox 2119 3734 3784 3809">
    <p class='ocr_par' dir='ltr' id='par_1_106' title="bbox 2119 3734 3784 3809">
     <span class='ocr_line' id='line_1_106' title="bbox 2119 3734 3784 3809; baseline -0.002 -16"><span class='ocrx_word' id='word_1_756' title='bbox 2119 3743 2272 3809; x_wconf 90' lang='lat' dir='ltr'><strong>quod</strong></span> <span class='ocrx_word' id='word_1_757' title='bbox 2307 3756 2340 3793; x_wconf 89' lang='lat' dir='ltr'><strong>a</strong></span> <span class='ocrx_word' id='word_1_758' title='bbox 2371 3734 2548 3795; x_wconf 75' lang='lat' dir='ltr'><strong>latere</strong></span> <span class='ocrx_word' id='word_1_759' title='bbox 2572 3734 2996 3794; x_wconf 47' lang='lat' dir='ltr'><strong>d&#39;e&#39;xtrariorum</strong></span> <span class='ocrx_word' id='word_1_760' title='bbox 3031 3739 3386 3809; x_wconf 73' lang='lat' dir='ltr'><strong>incederent.</strong></span> <span class='ocrx_word' id='word_1_761' title='bbox 3424 3734 3784 3809; x_wconf 29' lang='lat' dir='ltr'><strong>RonciniAde-</strong></span> 
     </span>
    </p>
   </div>
   <div class='ocr_carea' id='block_1_107' title="bbox 2116 3805 3779 3880">
    <p class='ocr_par' dir='ltr' id='par_1_107' title="bbox 2116 3805 3779 3880">
     <span class='ocr_line' id='line_1_107' title="bbox 2116 3805 3779 3880; baseline -0.004 -14"><span class='ocrx_word' id='word_1_762' title='bbox 2116 3805 2294 3880; x_wconf 82' lang='lat' dir='ltr'><strong>nique</strong></span> <span class='ocrx_word' id='word_1_763' title='bbox 2327 3817 2492 3865; x_wconf 84' lang='lat' dir='ltr'><strong>erant</strong></span> <span class='ocrx_word' id='word_1_764' title='bbox 2522 3811 2817 3874; x_wconf 69' lang='lat' dir='ltr'><strong>sagmarii.</strong></span> <span class='ocrx_word' id='word_1_765' title='bbox 2874 3810 3165 3864; x_wconf 84' lang='lat' dir='ltr'><strong>Brunetus</strong></span> <span class='ocrx_word' id='word_1_766' title='bbox 3217 3810 3272 3864; x_wconf 90' lang='lat' dir='ltr'><strong>in</strong></span> <span class='ocrx_word' id='word_1_767' title='bbox 3329 3807 3626 3880; x_wconf 80' lang='lat' dir='ltr'><strong>Thesauro</strong></span> <span class='ocrx_word' id='word_1_768' title='bbox 3658 3805 3779 3880; x_wconf 79' lang='lat' dir='ltr'><strong>MS.</strong></span> 
     </span>
    </p>
   </div>
   <div class='ocr_carea' id='block_1_108' title="bbox 2117 3878 3786 3952">
    <p class='ocr_par' dir='ltr' id='par_1_108' title="bbox 2117 3878 3786 3952">
     <span class='ocr_line' id='line_1_108' title="bbox 2117 3878 3786 3952; baseline -0.002 -17"><span class='ocrx_word' id='word_1_769' title='bbox 2117 3878 2272 3950; x_wconf 82' lang='lat' dir='ltr'><strong>apud</strong></span> <span class='ocrx_word' id='word_1_770' title='bbox 2329 3884 2406 3936; x_wconf 84' lang='lat' dir='ltr'><strong>Du</strong></span> <span class='ocrx_word' id='word_1_771' title='bbox 2440 3882 2725 3952; x_wconf 83' lang='lat' dir='ltr'><strong>Cangium</strong></span> <span class='ocrx_word' id='word_1_772' title='bbox 2761 3899 2812 3936; x_wconf 93' lang='lat' dir='ltr'><strong>v.</strong></span> <span class='ocrx_word' id='word_1_773' title='bbox 2848 3882 3132 3937; x_wconf 73' lang='lat' dir='ltr'><strong>Dextrurit‘</strong></span> <span class='ocrx_word' id='word_1_774' title='bbox 3167 3897 3180 3934; x_wconf 87' lang='lat'><strong><em>:</em></strong></span> <span class='ocrx_word' id='word_1_775' title='bbox 3229 3881 3272 3936; x_wconf 83' lang='lat' dir='ltr'><strong>ll</strong></span> <span class='ocrx_word' id='word_1_776' title='bbox 3306 3897 3338 3951; x_wconf 86' lang='lat' dir='ltr'><em>y</em></span> <span class='ocrx_word' id='word_1_777' title='bbox 3370 3896 3403 3934; x_wconf 92' lang='lat' dir='ltr'><strong>a</strong></span> <span class='ocrx_word' id='word_1_778' title='bbox 3432 3878 3685 3952; x_wconf 74' lang='lat' dir='ltr'><strong>chcnaux</strong></span> <span class='ocrx_word' id='word_1_779' title='bbox 3713 3878 3786 3932; x_wconf 81' lang='lat' dir='ltr'><strong>de</strong></span> 
     </span>
    </p>
   </div>
   <div class='ocr_carea' id='block_1_109' title="bbox 2113 3951 3788 4024">
    <p class='ocr_par' dir='ltr' id='par_1_109' title="bbox 2113 3951 3788 4024">
     <span class='ocr_line' id='line_1_109' title="bbox 2113 3951 3788 4024; baseline -0.001 -18"><span class='ocrx_word' id='word_1_780' title='bbox 2113 3952 2397 4024; x_wconf 74' lang='lat' dir='ltr'><strong>plusieurs</strong></span> <span class='ocrx_word' id='word_1_781' title='bbox 2447 3951 2747 4019; x_wconf 64' lang='lat' dir='ltr'><strong>munierat,</strong></span> <span class='ocrx_word' id='word_1_782' title='bbox 2794 3955 2828 4007; x_wconf 85' lang='grc' dir='ltr'><strong><em>ὰ</em></strong></span> <span class='ocrx_word' id='word_1_783' title='bbox 2878 3969 2934 4008; x_wconf 86' lang='lat' dir='ltr'><strong>ce</strong></span> <span class='ocrx_word' id='word_1_784' title='bbox 2972 3968 3076 4024; x_wconf 82' lang='lat' dir='ltr'><strong>que</strong></span> <span class='ocrx_word' id='word_1_785' title='bbox 3124 3953 3170 4007; x_wconf 78' lang='lat' dir='ltr'><strong>li</strong></span> <span class='ocrx_word' id='word_1_786' title='bbox 3215 3968 3319 4006; x_wconf 82' lang='lat' dir='ltr'><strong>um</strong></span> <span class='ocrx_word' id='word_1_787' title='bbox 3361 3957 3486 4024; x_wconf 74' lang='lat' dir='ltr'><strong>sont</strong></span> <span class='ocrx_word' id='word_1_788' title='bbox 3540 3951 3788 4006; x_wconf 75' lang='lat' dir='ltr'><strong>Destrt&#39;er</strong></span> 
     </span>
    </p>
   </div>
   <div class='ocr_carea' id='block_1_110' title="bbox 2114 4023 3784 4095">
    <p class='ocr_par' dir='ltr' id='par_1_110' title="bbox 2114 4023 3784 4095">
     <span class='ocr_line' id='line_1_110' title="bbox 2114 4023 3784 4095; baseline -0.001 -19"><span class='ocrx_word' id='word_1_789' title='bbox 2114 4023 2278 4095; x_wconf 77' lang='lat' dir='ltr'><strong>grant</strong></span> <span class='ocrx_word' id='word_1_790' title='bbox 2307 4040 2451 4091; x_wconf 75' lang='lat' dir='ltr'><strong>pour</strong></span> <span class='ocrx_word' id='word_1_791' title='bbox 2481 4026 2531 4079; x_wconf 78' lang='lat' dir='ltr'><strong>te</strong></span> <span class='ocrx_word' id='word_1_792' title='bbox 2573 4025 2814 4088; x_wconf 84' lang='lat' dir='ltr'><strong>combat,</strong></span> <span class='ocrx_word' id='word_1_793' title='bbox 2865 4025 2908 4079; x_wconf 82' lang='lat' dir='ltr'><strong>li</strong></span> <span class='ocrx_word' id='word_1_794' title='bbox 2944 4033 3133 4080; x_wconf 73' lang='lat' dir='ltr'><strong>aulres</strong></span> <span class='ocrx_word' id='word_1_795' title='bbox 3181 4029 3304 4078; x_wconf 78' lang='lat' dir='ltr'><strong>sont</strong></span> <span class='ocrx_word' id='word_1_796' title='bbox 3353 4023 3605 4092; x_wconf 76' lang='lat' dir='ltr'><strong>pale/my</strong></span> <span class='ocrx_word' id='word_1_797' title='bbox 3636 4037 3784 4095; x_wconf 77' lang='lat' dir='ltr'><strong>pnur</strong></span> 
     </span>
    </p>
   </div>
   <div class='ocr_carea' id='block_1_111' title="bbox 2115 4094 3784 4159">
    <p class='ocr_par' dir='ltr' id='par_1_111' title="bbox 2115 4094 3784 4159">
     <span class='ocr_line' id='line_1_111' title="bbox 2115 4094 3784 4159; baseline -0.001 -9"><span class='ocrx_word' id='word_1_798' title='bbox 2115 4094 2458 4150; x_wconf 73' lang='lat' dir='ltr'><strong>ehevaucher</strong></span> <span class='ocrx_word' id='word_1_799' title='bbox 2487 4097 2526 4151; x_wconf 83' lang='grc' dir='ltr'><strong>ἀ</strong></span> <span class='ocrx_word' id='word_1_800' title='bbox 2559 4097 2716 4152; x_wconf 71' lang='lat' dir='ltr'><strong>l’at‘se</strong></span> <span class='ocrx_word' id='word_1_801' title='bbox 2756 4103 2825 4151; x_wconf 84' lang='lat' dir='ltr'><strong>de</strong></span> <span class='ocrx_word' id='word_1_802' title='bbox 2852 4112 2950 4150; x_wconf 80' lang='lat' dir='ltr'><strong>son</strong></span> <span class='ocrx_word' id='word_1_803' title='bbox 2979 4112 3118 4159; x_wconf 81' lang='lat' dir='ltr'><strong>cors,</strong></span> <span class='ocrx_word' id='word_1_804' title='bbox 3163 4095 3206 4149; x_wconf 80' lang='lat' dir='ltr'><strong>li</strong></span> <span class='ocrx_word' id='word_1_805' title='bbox 3224 4103 3410 4149; x_wconf 79' lang='lat' dir='ltr'><strong>autres</strong></span> <span class='ocrx_word' id='word_1_806' title='bbox 3437 4098 3556 4148; x_wconf 77' lang='lat' dir='ltr'><strong>sont</strong></span> <span class='ocrx_word' id='word_1_807' title='bbox 3588 4094 3784 4148; x_wconf 73' lang='lat' dir='ltr'><strong>ronct’:</strong></span> 
     </span>
    </p>
   </div>
   <div class='ocr_carea' id='block_1_112' title="bbox 2114 4163 3778 4238">
    <p class='ocr_par' dir='ltr' id='par_1_112' title="bbox 2114 4163 3778 4238">
     <span class='ocr_line' id='line_1_112' title="bbox 2114 4163 3778 4238; baseline -0.002 -15"><span class='ocrx_word' id='word_1_808' title='bbox 2114 4182 2260 4238; x_wconf 84' lang='lat' dir='ltr'><strong>paur</strong></span> <span class='ocrx_word' id='word_1_809' title='bbox 2290 4182 2521 4223; x_wconf 76' lang='lat' dir='ltr'><strong>sommes</strong></span> <span class='ocrx_word' id='word_1_810' title='bbox 2569 4173 2774 4238; x_wconf 82' lang='lat' dir='ltr'><strong>porler.</strong></span> <span class='ocrx_word' id='word_1_811' title='bbox 2817 4166 2926 4231; x_wconf 87' lang='lat' dir='ltr'><strong>Qui</strong></span> <span class='ocrx_word' id='word_1_812' title='bbox 2971 4167 3197 4222; x_wconf 84' lang='lat' dir='ltr'><strong>duobus</strong></span> <span class='ocrx_word' id='word_1_813' title='bbox 3245 4165 3470 4238; x_wconf 88' lang='lat' dir='ltr'><strong>talibus</strong></span> <span class='ocrx_word' id='word_1_814' title='bbox 3503 4164 3678 4238; x_wconf 25' lang='lat' dir='ltr'><strong>Aequis</strong></span> <span class='ocrx_word' id='word_1_815' title='bbox 3710 4163 3778 4238; x_wconf 76' lang='lat' dir='ltr'><strong>in</strong></span> 
     </span>
    </p>
   </div>
   <div class='ocr_carea' id='block_1_113' title="bbox 2116 4234 3777 4310">
    <p class='ocr_par' dir='ltr' id='par_1_113' title="bbox 2116 4234 3777 4310">
     <span class='ocr_line' id='line_1_113' title="bbox 2116 4234 3777 4310; baseline -0.001 -17"><span class='ocrx_word' id='word_1_816' title='bbox 2116 4234 2314 4309; x_wconf 82' lang='lat' dir='ltr'><strong>pugna</strong></span> <span class='ocrx_word' id='word_1_817' title='bbox 2360 4234 2637 4305; x_wconf 85' lang='lat' dir='ltr'><strong>uteretur,</strong></span> <span class='ocrx_word' id='word_1_818' title='bbox 2683 4256 2752 4295; x_wconf 86' lang='lat' dir='ltr'><strong>ex</strong></span> <span class='ocrx_word' id='word_1_819' title='bbox 2803 4254 2918 4294; x_wconf 89' lang='lat' dir='ltr'><strong>uno</strong></span> <span class='ocrx_word' id='word_1_820' title='bbox 2967 4238 3302 4310; x_wconf 82' lang='lat' dir='ltr'><strong>defatigate,</strong></span> <span class='ocrx_word' id='word_1_821' title='bbox 3357 4234 3678 4310; x_wconf 84' lang='lat' dir='ltr'><strong>parhippio,</strong></span> <span class='ocrx_word' id='word_1_822' title='bbox 3711 4234 3777 4291; x_wconf 91' lang='lat' dir='ltr'><strong>in</strong></span> 
     </span>
    </p>
   </div>
   <div class='ocr_carea' id='block_1_114' title="bbox 2116 4308 3773 4379">
    <p class='ocr_par' dir='ltr' id='par_1_114' title="bbox 2116 4308 3773 4379">
     <span class='ocr_line' id='line_1_114' title="bbox 2116 4308 3773 4379; baseline -0.003 -13"><span class='ocrx_word' id='word_1_823' title='bbox 2116 4308 2392 4379; x_wconf 76' lang='lat' dir='ltr'><strong>alterum,</strong></span> <span class='ocrx_word' id='word_1_824' title='bbox 2426 4311 2804 4376; x_wconf 81' lang='lat' dir='ltr'><strong>dextrarium,</strong></span> <span class='ocrx_word' id='word_1_825' title='bbox 2837 4308 3210 4366; x_wconf 83' lang='lat' dir='ltr'><strong>transsiliens</strong></span> <span class='ocrx_word' id='word_1_826' title='bbox 3259 4309 3478 4364; x_wconf 89' lang='lat' dir='ltr'><strong>Latinis</strong></span> <span class='ocrx_word' id='word_1_827' title='bbox 3508 4308 3773 4379; x_wconf 72' lang='lat' dir='ltr'><strong>desultor,</strong></span> 
     </span>
    </p>
   </div>
   <div class='ocr_carea' id='block_1_115' title="bbox 2116 4378 3771 4455">
    <p class='ocr_par' dir='ltr' id='par_1_115' title="bbox 2116 4378 3771 4455">
     <span class='ocr_line' id='line_1_115' title="bbox 2116 4378 3771 4455; baseline -0.004 -17"><span class='ocrx_word' id='word_1_828' title='bbox 2116 4382 2329 4455; x_wconf 64' lang='lat' dir='ltr'><strong>Graecis</strong></span> <span class='ocrx_word' id='word_1_829' title='bbox 2379 4378 2641 4455; x_wconf 62' lang='grc' dir='ltr'><strong>ζευγίτης</strong></span> <span class='ocrx_word' id='word_1_830' title='bbox 2693 4383 2985 4455; x_wconf 86' lang='lat' dir='ltr'><strong>audiebat.</strong></span> <span class='ocrx_word' id='word_1_831' title='bbox 3048 4381 3368 4455; x_wconf 61' lang='lat' dir='ltr'><strong>Hesychiys</strong></span> <span class='ocrx_word' id='word_1_832' title='bbox 3400 4397 3427 4455; x_wconf 85' lang='lat'><strong>:_</strong></span> <span class='ocrx_word' id='word_1_833' title='bbox 3485 4378 3771 4455; x_wconf 58' lang='grc' dir='ltr'>ζευχζτης,</span> 
     </span>
    </p>
   </div>
   <div class='ocr_carea' id='block_1_116' title="bbox 2161 4447 3773 4523">
    <p class='ocr_par' dir='ltr' id='par_1_116' title="bbox 2161 4447 3773 4523">
     <span class='ocr_line' id='line_1_116' title="bbox 2161 4447 3773 4523; baseline 0.001 -17"><span class='ocrx_word' id='word_1_834' title='bbox 2161 4447 2450 4523; x_wconf 66' lang='grc' dir='ltr'><strong>εταόάτηὲ.</strong></span> <span class='ocrx_word' id='word_1_835' title='bbox 2495 4447 2815 4510; x_wconf 69' lang='lat' dir='ltr'><strong>Reddenda</strong></span> <span class='ocrx_word' id='word_1_836' title='bbox 2849 4454 2972 4510; x_wconf 65' lang='lat' dir='ltr'><strong>haec</strong></span> <span class='ocrx_word' id='word_1_837' title='bbox 3020 4469 3128 4510; x_wconf 79' lang='lat' dir='ltr'><strong>vox</strong></span> <span class='ocrx_word' id='word_1_838' title='bbox 3156 4447 3248 4508; x_wconf 76' lang='lat' dir='ltr'><strong>est</strong></span> <span class='ocrx_word' id='word_1_839' title='bbox 3287 4451 3538 4508; x_wconf 91' lang='lat' dir='ltr'><strong>Diodoro</strong></span> <span class='ocrx_word' id='word_1_840' title='bbox 3569 4447 3773 4523; x_wconf 84' lang='lat' dir='ltr'><strong>Siculo</strong></span> 
     </span>
    </p>
   </div>
   <div class='ocr_carea' id='block_1_117' title="bbox 2119 4474 3770 4608">
    <p class='ocr_par' dir='ltr' id='par_1_117' title="bbox 2119 4474 3770 4608">
     <span class='ocr_line' id='line_1_117' title="bbox 2161 4474 3770 4523; baseline 0.001 -17"><span class='ocrx_word' id='word_1_841' title='bbox 2161 4474 2450 4523; x_wconf 77' lang='grc' dir='ltr'>εταοατης.</span> <span class='ocrx_word' id='word_1_842' title='bbox 2503 4474 2815 4510; x_wconf 72' lang='grc' dir='ltr'><strong>ηϐααρηαυ.</strong></span> <span class='ocrx_word' id='word_1_843' title='bbox 2849 4474 2972 4510; x_wconf 73' lang='grc' dir='ltr'><strong>[ιωο</strong></span> <span class='ocrx_word' id='word_1_844' title='bbox 3020 4474 3128 4510; x_wconf 74' lang='grc' dir='ltr'>νοι</span> <span class='ocrx_word' id='word_1_845' title='bbox 3156 4474 3248 4508; x_wconf 76' lang='grc' dir='ltr'><strong>θδι</strong></span> <span class='ocrx_word' id='word_1_846' title='bbox 3287 4474 3538 4508; x_wconf 80' lang='grc' dir='ltr'><strong>υΙΟΠΟΓΟ</strong></span> <span class='ocrx_word' id='word_1_847' title='bbox 3569 4474 3770 4508; x_wconf 67' lang='grc' dir='ltr'><strong>διυυιυ</strong></span> 
     </span>
     <span class='ocr_line' id='line_1_118' title="bbox 2119 4474 3770 4608; baseline -0.003 -30"><span class='ocrx_word' id='word_1_848' title='bbox 2119 4474 2261 4608; x_wconf 36' lang='lat' dir='ltr'><strong>ﬁlii,</strong></span> <span class='ocrx_word' id='word_1_849' title='bbox 2323 4528 2456 4608; x_wconf 45' lang='grc' dir='ltr'><strong>106.ζ</strong></span> <span class='ocrx_word' id='word_1_850' title='bbox 2501 4543 2555 4608; x_wconf 82' lang='lat' dir='ltr'><strong>p.</strong></span> <span class='ocrx_word' id='word_1_851' title='bbox 2599 4526 2736 4608; x_wconf 17' lang='lat' dir='ltr'><strong>A399,</strong></span> <span class='ocrx_word' id='word_1_852' title='bbox 2814 4523 2913 4580; x_wconf 87' lang='lat' dir='ltr'><strong>ubi</strong></span> <span class='ocrx_word' id='word_1_853' title='bbox 2987 4527 3164 4608; x_wconf 75' lang='lat' dir='ltr'><strong>vulge</strong></span> <span class='ocrx_word' id='word_1_854' title='bbox 3243 4524 3395 4579; x_wconf 88' lang='lat' dir='ltr'><strong>male</strong></span> <span class='ocrx_word' id='word_1_855' title='bbox 3471 4520 3770 4608; x_wconf 71' lang='grc' dir='ltr'>ζευγίππας</span> 
     </span>
    </p>
   </div>
   <div class='ocr_carea' id='block_1_118' title="bbox 2117 4595 3770 4668">
    <p class='ocr_par' dir='ltr' id='par_1_118' title="bbox 2117 4595 3770 4668">
     <span class='ocr_line' id='line_1_119' title="bbox 2117 4595 3770 4668; baseline -0.001 -17"><span class='ocrx_word' id='word_1_856' title='bbox 2117 4597 2350 4668; x_wconf 89' lang='lat' dir='ltr'><strong>legitur.</strong></span> <span class='ocrx_word' id='word_1_857' title='bbox 2417 4595 2547 4653; x_wconf 87' lang='lat' dir='ltr'><strong>Fuit</strong></span> <span class='ocrx_word' id='word_1_858' title='bbox 2596 4605 2787 4652; x_wconf 89' lang='lat' dir='ltr'><strong>tamen</strong></span> <span class='ocrx_word' id='word_1_859' title='bbox 2835 4613 2967 4668; x_wconf 81' lang='lat' dir='ltr'><strong>cum</strong></span> <span class='ocrx_word' id='word_1_860' title='bbox 3021 4595 3340 4668; x_wconf 80' lang='lat' dir='ltr'><strong>crederem,</strong></span> <span class='ocrx_word' id='word_1_861' title='bbox 3398 4595 3770 4668; x_wconf 71' lang='lat' dir='ltr'><strong>paraveredus</strong></span> 
     </span>
    </p>
   </div>
   <div class='ocr_carea' id='block_1_119' title="bbox 2118 4666 3772 4740">
    <p class='ocr_par' dir='ltr' id='par_1_119' title="bbox 2118 4666 3772 4740">
     <span class='ocr_line' id='line_1_120' title="bbox 2118 4666 3772 4740; baseline -0.003 -16"><span class='ocrx_word' id='word_1_862' title='bbox 2118 4666 2232 4724; x_wconf 72' lang='lat' dir='ltr'><strong>non</strong></span> <span class='ocrx_word' id='word_1_863' title='bbox 2265 4685 2459 4724; x_wconf 91' lang='lat' dir='ltr'><strong>vocem</strong></span> <span class='ocrx_word' id='word_1_864' title='bbox 2496 4669 2801 4740; x_wconf 84' lang='lat' dir='ltr'><strong>hybridam</strong></span> <span class='ocrx_word' id='word_1_865' title='bbox 2836 4683 2866 4722; x_wconf 81' lang='grc' dir='ltr'><strong>ο</strong></span> <span class='ocrx_word' id='word_1_866' title='bbox 2895 4667 3086 4722; x_wconf 76' lang='lat' dir='ltr'><strong>Graeca</strong></span> <span class='ocrx_word' id='word_1_867' title='bbox 3129 4672 3184 4722; x_wconf 90' lang='lat' dir='ltr'><strong>et</strong></span> <span class='ocrx_word' id='word_1_868' title='bbox 3225 4666 3431 4721; x_wconf 90' lang='lat' dir='ltr'><strong>Latina</strong></span> <span class='ocrx_word' id='word_1_869' title='bbox 3477 4666 3772 4740; x_wconf 80' lang='lat' dir='ltr'><strong>composi-</strong></span> 
     </span>
    </p>
   </div>
   <div class='ocr_carea' id='block_1_120' title="bbox 2115 4736 3771 4810">
    <p class='ocr_par' dir='ltr' id='par_1_120' title="bbox 2115 4736 3771 4810">
     <span class='ocr_line' id='line_1_121' title="bbox 2115 4736 3771 4810; baseline -0.004 -14"><span class='ocrx_word' id='word_1_870' title='bbox 2115 4744 2260 4805; x_wconf 86' lang='lat' dir='ltr'><strong>tam,</strong></span> <span class='ocrx_word' id='word_1_871' title='bbox 2295 4741 2394 4795; x_wconf 91' lang='lat' dir='ltr'><strong>sed</strong></span> <span class='ocrx_word' id='word_1_872' title='bbox 2430 4736 2780 4795; x_wconf 79' lang='lat' dir='ltr'><strong>contractam</strong></span> <span class='ocrx_word' id='word_1_873' title='bbox 2813 4754 2942 4794; x_wconf 88' lang='lat' dir='ltr'><strong>esse</strong></span> <span class='ocrx_word' id='word_1_874' title='bbox 2971 4755 3040 4794; x_wconf 82' lang='lat' dir='ltr'><strong>ex</strong></span> <span class='ocrx_word' id='word_1_875' title='bbox 3067 4747 3297 4810; x_wconf 79' lang='lat' dir='ltr'><strong>paratus</strong></span> <span class='ocrx_word' id='word_1_876' title='bbox 3327 4740 3576 4810; x_wconf 74' lang='lat' dir='ltr'><strong>veredus,</strong></span> <span class='ocrx_word' id='word_1_877' title='bbox 3628 4736 3771 4810; x_wconf 75' lang='lat' dir='ltr'><strong>quia</strong></span> 
     </span>
    </p>
   </div>
   <div class='ocr_carea' id='block_1_121' title="bbox 2115 4809 3768 4881">
    <p class='ocr_par' dir='ltr' id='par_1_121' title="bbox 2115 4809 3768 4881">
     <span class='ocr_line' id='line_1_122' title="bbox 2115 4809 3768 4881; baseline -0.002 -14"><span class='ocrx_word' id='word_1_878' title='bbox 2115 4811 2262 4867; x_wconf 85' lang='lat' dir='ltr'><strong>tales</strong></span> <span class='ocrx_word' id='word_1_879' title='bbox 2291 4811 2484 4866; x_wconf 89' lang='lat' dir='ltr'><strong>veredi</strong></span> <span class='ocrx_word' id='word_1_880' title='bbox 2534 4827 2744 4866; x_wconf 89' lang='lat' dir='ltr'><strong>cursus</strong></span> <span class='ocrx_word' id='word_1_881' title='bbox 2793 4809 3010 4881; x_wconf 91' lang='lat' dir='ltr'><strong>publici</strong></span> <span class='ocrx_word' id='word_1_882' title='bbox 3064 4809 3294 4879; x_wconf 84' lang='lat' dir='ltr'><strong>semper</strong></span> <span class='ocrx_word' id='word_1_883' title='bbox 3351 4809 3644 4865; x_wconf 87' lang='lat' dir='ltr'><strong>debebant</strong></span> <span class='ocrx_word' id='word_1_884' title='bbox 3691 4809 3768 4881; x_wconf 79' lang='lat' dir='ltr'><strong>ad</strong></span> 
     </span>
    </p>
   </div>
   <div class='ocr_carea' id='block_1_122' title="bbox 2115 4880 3768 4954">
    <p class='ocr_par' dir='ltr' id='par_1_122' title="bbox 2115 4880 3768 4954">
     <span class='ocr_line' id='line_1_123' title="bbox 2115 4880 3768 4954; baseline -0.001 -17"><span class='ocrx_word' id='word_1_885' title='bbox 2115 4881 2331 4938; x_wconf 86' lang='lat' dir='ltr'><strong>celeres</strong></span> <span class='ocrx_word' id='word_1_886' title='bbox 2363 4881 2599 4938; x_wconf 89' lang='lat' dir='ltr'><strong>nuntios</strong></span> <span class='ocrx_word' id='word_1_887' title='bbox 2631 4880 3002 4954; x_wconf 82' lang='lat' dir='ltr'><strong>perterendos</strong></span> <span class='ocrx_word' id='word_1_888' title='bbox 3043 4881 3102 4936; x_wconf 92' lang='lat' dir='ltr'><strong>in</strong></span> <span class='ocrx_word' id='word_1_889' title='bbox 3137 4881 3546 4938; x_wconf 86' lang='lat' dir='ltr'><strong>mansionibus</strong></span> <span class='ocrx_word' id='word_1_890' title='bbox 3578 4880 3768 4951; x_wconf 85' lang='lat' dir='ltr'><strong>parati</strong></span> 
     </span>
    </p>
   </div>
   <div class='ocr_carea' id='block_1_123' title="bbox 2115 4969 2262 5009">
    <p class='ocr_par' dir='ltr' id='par_1_123' title="bbox 2115 4969 2262 5009">
     <span class='ocr_line' id='line_1_124' title="bbox 2115 4969 2262 5009; baseline -0.02 0"><span class='ocrx_word' id='word_1_891' title='bbox 2115 4969 2262 5009; x_wconf 72' lang='lat'><strong>8888.</strong></span> 
     </span>
    </p>
   </div>
   <div class='ocr_carea' id='block_1_124' title="bbox 2183 5021 3769 5096">
    <p class='ocr_par' dir='ltr' id='par_1_124' title="bbox 2183 5021 3769 5096">
     <span class='ocr_line' id='line_1_125' title="bbox 2183 5021 3769 5096; baseline 0.001 -18"><span class='ocrx_word' id='word_1_892' title='bbox 2183 5024 2296 5095; x_wconf 89' lang='lat'>(67)</span> <span class='ocrx_word' id='word_1_893' title='bbox 2345 5023 2427 5096; x_wconf 90' lang='lat' dir='ltr'><strong>Si</strong></span> <span class='ocrx_word' id='word_1_894' title='bbox 2463 5025 2520 5080; x_wconf 87' lang='lat' dir='ltr'><strong>id</strong></span> <span class='ocrx_word' id='word_1_895' title='bbox 2579 5023 2875 5096; x_wconf 61' lang='lat' dir='ltr'><strong>voluisset</strong></span> <span class='ocrx_word' id='word_1_896' title='bbox 2918 5029 3142 5090; x_wconf 89' lang='lat' dir='ltr'><strong>auctor,</strong></span> <span class='ocrx_word' id='word_1_897' title='bbox 3205 5024 3360 5096; x_wconf 87' lang='lat' dir='ltr'><strong>quod</strong></span> <span class='ocrx_word' id='word_1_898' title='bbox 3419 5022 3507 5096; x_wconf 65' lang='lat' dir='ltr'><strong>iq</strong></span> <span class='ocrx_word' id='word_1_899' title='bbox 3539 5021 3769 5096; x_wconf 75' lang='lat' dir='ltr'><strong>Latinis</strong></span> 
     </span>
    </p>
   </div>
   <div class='ocr_carea' id='block_1_125' title="bbox 2111 5089 3769 5168">
    <p class='ocr_par' dir='ltr' id='par_1_125' title="bbox 2111 5089 3769 5168">
     <span class='ocr_line' id='line_1_126' title="bbox 2111 5089 3769 5168; baseline -0.002 -19"><span class='ocrx_word' id='word_1_900' title='bbox 2111 5089 2288 5162; x_wconf 37' lang='lat' dir='ltr'><strong>dedi,</strong></span> <span class='ocrx_word' id='word_1_901' title='bbox 2321 5095 2510 5167; x_wconf 89' lang='lat' dir='ltr'><strong>potius</strong></span> <span class='ocrx_word' id='word_1_902' title='bbox 2565 5096 2659 5156; x_wconf 72' lang='grc' dir='ltr'><strong>τὰς</strong></span> <span class='ocrx_word' id='word_1_903' title='bbox 2707 5089 2974 5168; x_wconf 78' lang='grc' dir='ltr'>κομϐίνας</span> <span class='ocrx_word' id='word_1_904' title='bbox 3031 5089 3137 5152; x_wconf 88' lang='lat' dir='ltr'><strong>vel</strong></span> <span class='ocrx_word' id='word_1_905' title='bbox 3181 5089 3280 5161; x_wconf 81' lang='grc' dir='ltr'><strong>τῆν</strong></span> <span class='ocrx_word' id='word_1_906' title='bbox 3338 5089 3606 5166; x_wconf 74' lang='grc' dir='ltr'>κυμϐίναν</span> <span class='ocrx_word' id='word_1_907' title='bbox 3667 5092 3769 5168; x_wconf 82' lang='lat' dir='ltr'><strong>di-</strong></span> 
     </span>
    </p>
   </div>
   <div class='ocr_carea' id='block_1_126' title="bbox 2111 5166 3766 5240">
    <p class='ocr_par' dir='ltr' id='par_1_126' title="bbox 2111 5166 3766 5240">
     <span class='ocr_line' id='line_1_127' title="bbox 2111 5166 3766 5240; baseline 0.003 -23"><span class='ocrx_word' id='word_1_908' title='bbox 2111 5166 2347 5240; x_wconf 14' lang='lat' dir='ltr'><strong>rxisset.’_</strong></span> <span class='ocrx_word' id='word_1_909' title='bbox 2391 5168 2534 5240; x_wconf 86' lang='lat' dir='ltr'><strong>Ergo</strong></span> <span class='ocrx_word' id='word_1_910' title='bbox 2601 5166 2814 5224; x_wconf 77' lang='lat' dir='ltr'><strong>rectius</strong></span> <span class='ocrx_word' id='word_1_911' title='bbox 2886 5176 3025 5240; x_wconf 91' lang='lat' dir='ltr'><strong>puto</strong></span> <span class='ocrx_word' id='word_1_912' title='bbox 3089 5169 3160 5224; x_wconf 89' lang='lat' dir='ltr'><strong>de</strong></span> <span class='ocrx_word' id='word_1_913' title='bbox 3231 5171 3426 5222; x_wconf 87' lang='lat' dir='ltr'><strong>inusto</strong></span> <span class='ocrx_word' id='word_1_914' title='bbox 3501 5166 3766 5222; x_wconf 88' lang='lat' dir='ltr'><strong>cauterio</strong></span> 
     </span>
    </p>
   </div>
   <div class='ocr_carea' id='block_1_127' title="bbox 2114 5238 3765 5312">
    <p class='ocr_par' dir='ltr' id='par_1_127' title="bbox 2114 5238 3765 5312">
     <span class='ocr_line' id='line_1_128' title="bbox 2114 5238 3765 5312; baseline 0.001 -19"><span class='ocrx_word' id='word_1_915' title='bbox 2114 5239 2300 5293; x_wconf 91' lang='lat' dir='ltr'><strong>locum</strong></span> <span class='ocrx_word' id='word_1_916' title='bbox 2336 5238 2490 5294; x_wconf 84' lang='lat' dir='ltr'><strong>hunc</strong></span> <span class='ocrx_word' id='word_1_917' title='bbox 2522 5240 2843 5311; x_wconf 82' lang='lat' dir='ltr'><strong>intelligere</strong></span> <span class='ocrx_word' id='word_1_918' title='bbox 2867 5238 2900 5308; x_wconf 64' lang='grc'><strong>;“</strong></span> <span class='ocrx_word' id='word_1_919' title='bbox 2927 5243 3185 5312; x_wconf 86' lang='lat' dir='ltr'><strong>adeoque</strong></span> <span class='ocrx_word' id='word_1_920' title='bbox 3232 5240 3479 5294; x_wconf 78' lang='lat' dir='ltr'><strong>debebat</strong></span> <span class='ocrx_word' id='word_1_921' title='bbox 3507 5241 3765 5312; x_wconf 76' lang='lat' dir='ltr'><strong>optimas</strong></span> 
     </span>
    </p>
   </div>
   <div class='ocr_carea' id='block_1_128' title="bbox 2111 5309 3767 5383">
    <p class='ocr_par' dir='ltr' id='par_1_128' title="bbox 2111 5309 3767 5383">
     <span class='ocr_line' id='line_1_129' title="bbox 2111 5309 3767 5383; baseline 0 -19"><span class='ocrx_word' id='word_1_922' title='bbox 2111 5326 2212 5383; x_wconf 80' lang='lat' dir='ltr'><strong>seu</strong></span> <span class='ocrx_word' id='word_1_923' title='bbox 2257 5326 2431 5380; x_wconf 87' lang='lat' dir='ltr'><strong>agaso</strong></span> <span class='ocrx_word' id='word_1_924' title='bbox 2482 5309 2768 5368; x_wconf 84' lang='lat' dir='ltr'><strong>exsectam</strong></span> <span class='ocrx_word' id='word_1_925' title='bbox 2805 5329 2835 5367; x_wconf 90' lang='lat' dir='ltr'><strong>e</strong></span> <span class='ocrx_word' id='word_1_926' title='bbox 2867 5309 3188 5367; x_wconf 75' lang='lat' dir='ltr'><strong>lemorihus</strong></span> <span class='ocrx_word' id='word_1_927' title='bbox 3236 5311 3372 5383; x_wconf 87' lang='lat' dir='ltr'><strong>equi</strong></span> <span class='ocrx_word' id='word_1_928' title='bbox 3426 5311 3578 5380; x_wconf 91' lang='lat' dir='ltr'><strong>rupti</strong></span> <span class='ocrx_word' id='word_1_929' title='bbox 3629 5309 3767 5383; x_wconf 76' lang='lat' dir='ltr'><strong>bul_—_</strong></span> 
     </span>
    </p>
   </div>
   <div class='ocr_carea' id='block_1_129' title="bbox 2108 5381 3765 5454">
    <p class='ocr_par' dir='ltr' id='par_1_129' title="bbox 2108 5381 3765 5454">
     <span class='ocr_line' id='line_1_130' title="bbox 2108 5381 3765 5454; baseline 0.001 -19"><span class='ocrx_word' id='word_1_930' title='bbox 2108 5381 2223 5454; x_wconf 86' lang='lat' dir='ltr'><strong>lam</strong></span> <span class='ocrx_word' id='word_1_931' title='bbox 2278 5385 2513 5453; x_wconf 81' lang='lat' dir='ltr'><strong>regiim,</strong></span> <span class='ocrx_word' id='word_1_932' title='bbox 2563 5399 2664 5439; x_wconf 90' lang='lat' dir='ltr'><strong>seu</strong></span> <span class='ocrx_word' id='word_1_933' title='bbox 2696 5386 2894 5439; x_wconf 89' lang='lat' dir='ltr'><strong>inusta</strong></span> <span class='ocrx_word' id='word_1_934' title='bbox 2933 5401 3092 5438; x_wconf 85' lang='lat' dir='ltr'><strong>arma</strong></span> <span class='ocrx_word' id='word_1_935' title='bbox 3125 5381 3507 5454; x_wconf 36' lang='lat' dir='ltr'><strong>regia—comiti</strong></span> <span class='ocrx_word' id='word_1_936' title='bbox 3541 5381 3765 5454; x_wconf 79' lang='lat' dir='ltr'><strong>stabuli</strong></span> 
     </span>
    </p>
   </div>
   <div class='ocr_carea' id='block_1_130' title="bbox 2107 5452 3765 5536">
    <p class='ocr_par' dir='ltr' id='par_1_130' title="bbox 2107 5452 3765 5536">
     <span class='ocr_line' id='line_1_131' title="bbox 2107 5452 3765 5536; baseline 0.001 -28"><span class='ocrx_word' id='word_1_937' title='bbox 2107 5452 2398 5536; x_wconf 77' lang='lat' dir='ltr'><strong>exhibere,</strong></span> <span class='ocrx_word' id='word_1_938' title='bbox 2431 5457 2647 5528; x_wconf 90' lang='lat' dir='ltr'><strong>quibus</strong></span> <span class='ocrx_word' id='word_1_939' title='bbox 2690 5455 2867 5513; x_wconf 82' lang='lat' dir='ltr'><strong>fidem</strong></span> <span class='ocrx_word' id='word_1_940' title='bbox 2903 5455 3096 5520; x_wconf 79' lang='lat' dir='ltr'><strong>faciat,</strong></span> <span class='ocrx_word' id='word_1_941' title='bbox 3139 5452 3341 5511; x_wconf 87' lang='lat' dir='ltr'><strong>secum</strong></span> <span class='ocrx_word' id='word_1_942' title='bbox 3391 5452 3605 5510; x_wconf 85' lang='lat' dir='ltr'><strong>animal</strong></span> <span class='ocrx_word' id='word_1_943' title='bbox 3635 5467 3765 5510; x_wconf 84' lang='lat' dir='ltr'><strong>cre—</strong></span> 
     </span>
    </p>
   </div>
   <div class='ocr_carea' id='block_1_131' title="bbox 2107 5542 2329 5598">
    <p class='ocr_par' dir='ltr' id='par_1_131' title="bbox 2107 5542 2329 5598">
     <span class='ocr_line' id='line_1_132' title="bbox 2107 5542 2329 5598; baseline 0.014 -19"><span class='ocrx_word' id='word_1_944' title='bbox 2107 5542 2329 5598; x_wconf 85' lang='lat' dir='ltr'><strong>pntsse.</strong></span> 
     </span>
    </p>
   </div>
   <div class='ocr_carea' id='block_1_132' title="bbox 2177 5596 3762 5667">
    <p class='ocr_par' dir='ltr' id='par_1_132' title="bbox 2177 5596 3762 5667">
     <span class='ocr_line' id='line_1_133' title="bbox 2177 5596 3762 5667; baseline 0.001 -18"><span class='ocrx_word' id='word_1_945' title='bbox 2177 5599 2286 5667; x_wconf 83' lang='lat'>(68)</span> <span class='ocrx_word' id='word_1_946' title='bbox 2319 5596 2589 5654; x_wconf 91' lang='lat' dir='ltr'><strong>Scholion</strong></span> <span class='ocrx_word' id='word_1_947' title='bbox 2625 5598 2731 5654; x_wconf 89' lang='lat' dir='ltr'><strong>hoc</strong></span> <span class='ocrx_word' id='word_1_948' title='bbox 2754 5600 2814 5653; x_wconf 90' lang='lat' dir='ltr'><strong>in</strong></span> <span class='ocrx_word' id='word_1_949' title='bbox 2847 5597 3110 5667; x_wconf 89' lang='lat' dir='ltr'><strong>margine</strong></span> <span class='ocrx_word' id='word_1_950' title='bbox 3142 5596 3617 5653; x_wconf 86' lang='lat' dir='ltr'><strong>membranarum</strong></span> <span class='ocrx_word' id='word_1_951' title='bbox 3669 5612 3762 5652; x_wconf 82' lang='lat' dir='ltr'><strong>re-</strong></span> 
     </span>
    </p>
   </div>
   <div class='ocr_carea' id='block_1_133' title="bbox 2105 5670 3765 5743">
    <p class='ocr_par' dir='ltr' id='par_1_133' title="bbox 2105 5670 3765 5743">
     <span class='ocr_line' id='line_1_134' title="bbox 2105 5670 3765 5743; baseline 0.002 -19"><span class='ocrx_word' id='word_1_952' title='bbox 2105 5670 2254 5743; x_wconf 73' lang='lat' dir='ltr'><strong>peri.</strong></span> <span class='ocrx_word' id='word_1_953' title='bbox 2292 5673 2438 5724; x_wconf 84' lang='lat' dir='ltr'><strong>Nam</strong></span> <span class='ocrx_word' id='word_1_954' title='bbox 2497 5671 2569 5726; x_wconf 91' lang='lat' dir='ltr'><strong>de</strong></span> <span class='ocrx_word' id='word_1_955' title='bbox 2618 5687 2744 5727; x_wconf 89' lang='lat' dir='ltr'><strong>meo</strong></span> <span class='ocrx_word' id='word_1_956' title='bbox 2794 5686 2998 5743; x_wconf 79' lang='lat' dir='ltr'><strong>neque</strong></span> <span class='ocrx_word' id='word_1_957' title='bbox 3023 5670 3521 5743; x_wconf 83' lang='lat' dir='ltr'><strong>conjecturarum,</strong></span> <span class='ocrx_word' id='word_1_958' title='bbox 3568 5684 3765 5743; x_wconf 83' lang='lat' dir='ltr'><strong>neque</strong></span> 
     </span>
    </p>
   </div>
   <div class='ocr_carea' id='block_1_134' title="bbox 2103 5739 3118 5815">
    <p class='ocr_par' dir='ltr' id='par_1_134' title="bbox 2103 5739 3118 5815">
     <span class='ocr_line' id='line_1_135' title="bbox 2103 5739 3118 5815; baseline 0.002 -19"><span class='ocrx_word' id='word_1_959' title='bbox 2103 5740 2260 5797; x_wconf 90' lang='lat' dir='ltr'><strong>aliud</strong></span> <span class='ocrx_word' id='word_1_960' title='bbox 2295 5743 2610 5814; x_wconf 87' lang='lat' dir='ltr'><strong>quidquam</strong></span> <span class='ocrx_word' id='word_1_961' title='bbox 2645 5739 2903 5815; x_wconf 77' lang='lat' dir='ltr'><strong>margini</strong></span> <span class='ocrx_word' id='word_1_962' title='bbox 2925 5739 3118 5798; x_wconf 81' lang='lat' dir='ltr'><strong>allevi.</strong></span> 
     </span>
    </p>
   </div>
  </div>
