4052 6376
309 395 442 458 913

930 389 1034 454 DE
1078 389 1544 455 CERIMONIIS
1589 390 1822 456 AULzE
1865 388 2338 454 BYZANTINIE
2383 391 2534 453 LIB.
2581 385 2629 454 I.
2676 422 2751 439 —
2794 392 3135 454 APPEND.

3624 396 3742 457 916

302 524 453 583 κατᾶ
520 520 649 580 δέκα
717 521 994 601 σαγμάρια
1062 522 1356 601 σύντροφον
1423 523 1537 598 (69)
1603 525 1710 579 τῶν
1783 518 1964 579 Μαλα-

2097 522 2499 581 commisereri
2532 527 2588 580 et
2619 539 2846 581 servare
2868 531 2924 581 et
2955 523 3176 595 eripere
3196 540 3227 582 e
3251 525 3744 585 tentationibuset

302 614 497 692 γίνων,
562 609 658 668 ’ίνα
724 613 776 666 οἱ
855 611 1153 685 ὀπτιμάτοι
1229 612 1434 687 σύρωσι
1536 611 1603 668 τὰ
1679 611 1975 688 σαγμάρια,

303 704 399 759 καὶ
431 703 482 757 οἱ
523 702 812 780 σύντροφοι
855 700 1248 765 ἀκολουθοῦσιν
1305 701 1525 768 αὐτοὺς,
1566 704 1656 756 καὶ
1698 698 1978 776 διορθοῦν-

305 813 396 848 ται
465 792 533 846 τὰ
569 791 834 868 γομάρια.
907 791 1010 848 Καὶ
1080 788 1169 845 ὅτε
1233 789 1720 864 ἀποφορτώσουσιν
1774 789 1849 852 εἷς
1916 789 1977 844 τὸ

304 881 595 953 ἄπληκτον
643 881 714 936 τὰ
767 882 1065 957 σαγμάρια,
1113 876 1487 954 ἀναλαμϐάνει
1539 885 1708 937 ταῦτα
1763 881 1791 935 6
1844 900 1980 956 χαρ-

304 971 605 1047 τουλάριος
678 975 787 1026 τῶν
860 970 1195 1047 Μαλαγίνων
1262 972 1351 1026 καὶ
1411 974 1440 1028 6
1509 971 1976 1052 σαφραμεντάριος

307 1061 446 1135 μετᾶ
518 1064 625 1117 τῶν
696 1063 960 1136 κομήτων
1029 1059 1119 1116 καί
1185 1066 1292 1116 τῶν
1334 1062 1645 1136 συντρόφων
1706 1061 1796 1116 καὶ
1867 1066 1975 1116 τῶν

305 1150 651 1223 ὀπιμάτων,
753 1150 844 1205 καὶ
948 1145 1312 1207 ἐκϐάλλουσιν
1392 1151 1468 1215 εἷς
1559 1152 1657 1220 τήν
1751 1151 1973 1226 βοσκήν-

303 1238 518 1314 ὁμοίως
595 1239 683 1294 καὶ
776 1240 852 1301 εἰς
945 1239 1012 1294 τὰ
1103 1241 1384 1315 παρίππια
1459 1245 1568 1295 τῶν
1646 1242 1978 1318 φορτώσεων

300 1327 444 1385 κατᾶ
508 1331 555 1384 κ’
610 1329 888 1404 παρίππια
954 1329 1259 1407 σύντροφος
1339 1331 1442 1392 εἷς.
1521 1331 1624 1388 Καὶ
1704 1329 1794 1385 ὅτε
1870 1326 1976 1383 δώ-

304 1439 384 1474 σει
451 1421 570 1492 (70)
631 1419 694 1474 τὸ
765 1417 1039 1493 βούκινον,
1109 1416 1276 1473 πάλιν
1347 1415 1601 1494 φέρουσιν
1660 1416 1816 1488 αὒτὰ,
1885 1408 1976 1494 καίί

303 1505 693 1582 παραδιδόασι,
796 1507 978 1572 καθὼς
1081 1505 1582 1580 ἐκομπινεόθησαν.
1690 1509 1804 1578 Τὴν
1925 1482 1982 1562 δὶ

301 1599 502 1672 κριθὴν
579 1596 743 1669 ὅλην,
797 1602 904 1652 τῶν
981 1617 1040 1652 τε
1116 1599 1436 1674 σαγμαρίων
1489 1599 1579 1652 καὶ
1656 1596 1978 1674 παριππίων

302 1687 395 1743 καὶ
442 1685 773 1763 σελλαρίων,
815 1686 865 1741 ἐν
920 1688 1000 1751 οἷς
1051 1687 1550 1762 ἐκομπινεῦθησαν,
1604 1682 1978 1764 παραλαμῦοἱ-

301 1799 384 1835 νει
445 1779 472 1833 6
526 1777 932 1854 χαρτουλάριος
984 1782 1080 1832 τοῦ
1136 1774 1375 1834 στάϐλου
1425 1778 1538 1852 ἅμα
1581 1783 1661 1851 τῷ
1691 1777 1978 1853 κελλαρίῳ

301 1868 407 1939 τήν
455 1869 668 1942 κριθήν,
719 1867 844 1936 ἢτοι
888 1867 984 1928 τὰς
1031 1867 1202 1944 ταγας
1252 1867 1428 1922 αὐτῶν
1471 1867 1532 1922 ἐκ
1558 1871 1656 1922 τοῦ
1696 1887 1974 1941 πρωτονο-
2003 1889 2050 1955 Β

301 1956 499 2031 ταρίου
530 1959 630 2012 τοῦ
663 1953 924 2030 θέματος,
980 1955 1069 2010 καὶ
1128 1961 1463 2035 χορηγοῦσιν
1503 1955 1726 2012 ἑκάστου
1761 1955 1968 2030 ἀλόγου

298 2047 498 2122 ταγήν.
531 2045 592 2104 Ὀ
634 2041 692 2100 δὲ
738 2045 1182 2121 πρωτονοτάριος
1229 2039 1495 2118 λαμϐάνει
1558 2043 1793 2114 διάταξιν
1825 2043 1968 2118 παρὰ

298 2139 397 2192 τοῦ
457 2132 732 2210 βασιλέως
791 2134 914 2204 περὶ
971 2134 1080 2189 τῶν
1145 2133 1467 2205 ἀπλήκτων,
1526 2133 1616 2189 καὶ
1648 2135 1970 2203 ἁποτίθησιν

299 2223 415 2281 ἕκιῖ
441 2225 542 2294 τήν
573 2225 777 2298 κριηήν
826 2221 916 2278 καὶ
964 2228 1136 2278 πᾶσαν
1186 2220 1368 2299 ἑτέραν
1419 2225 1607 2299 χρείαν
1651 2225 1966 2300 βασιλικὴν.

300 2315 388 2374 Τὰ
441 2310 500 2368 δὲ
549 2313 771 2386 ξενάλια
814 2313 884 2367 τὰ
937 2316 1018 2385 τῷ
1076 2311 1292 2388 βασιλεῖ
1348 2313 1623 2388 φερόμενα
1654 2311 1743 2369 διὰ
1773 2319 1967 2388 κριθῆς

301 2397 723 2479 παραλαμϐάνει
780 2402 807 2456 6
866 2405 965 2457 τοῦ
1023 2396 1262 2458 σταϐλου
1321 2403 1528 2476 κόμης,
1568 2403 1619 2458 ἐν
1651 2407 1967 2484 καταγραφῇ

299 2492 644 2566 ποιούμενος
675 2491 774 2560 τήν
815 2491 1120 2563 ποσότητα,
1183 2491 1296 2564 ἅμα
1344 2496 1424 2564 τῷ
1483 2491 1669 2564 εἷδικῷ
1715 2493 1805 2548 καὶ
1852 2498 1970 2558 τοῖς

301 2582 601 2656 νοταρίοις,
670 2581 1018 2655 ποιουμένων
1088 2579 1354 2635 κάκείνων
1425 2585 1594 2637 ταῦτα
1661 2581 1712 2636 ἐν
1803 2603 1970 2637 καται-

307 2673 513 2747 γραφῇ,
553 2670 650 2742 ἳνα
676 2669 810 2743 μετὰ
858 2670 920 2724 τὸ
963 2667 1210 2744 γενέσθαι
1258 2670 1618 2726 καταστόλιον
1651 2675 1759 2744 (71)
1801 2669 1968 2747 λογαο

319 2760 566 2832 ριάζηται
642 2759 670 2813 6
741 2760 1186 2834 πρωτονοτάριος
1289 2759 1380 2813 καὶ
1458 2761 1486 2815 6
1561 2758 1966 2834 χαρτουλάριος

327 2845 402 2907 τίς
498 2848 556 2902 τὸ
648 2847 896 2923 σέκρετον
990 2852 1089 2902 τοῦ
1166 2844 1394 2918 εἰδικοῦ,
1469 2848 1559 2903 ἳνα
1635 2848 1968 2922 ὑπεξαίρων-

323 2953 408 2990 ται
438 2939 549 3007 (72)
602 2937 651 2992 αἱ
709 2937 914 3013 ἡμέραι
971 2943 1070 3006 τῆς
1130 2936 1409 3016 χορηγίας
1464 2941 1571 2993 τῶν
1613 2959 1968 3012 πρωτονοτα-

308 3024 462 3101 ρίων.
540 3028 638 3082 Καὶ
719 3027 854 3100 μετὰ
929 3027 991 3081 τὸ
1066 3027 1295 3101 περᾶσαι
1378 3027 1471 3082 τὸν
1549 3027 1775 3104 βασιλέα
1877 3028 1968 3083 καὶ

309 3113 443 3170 ἰδεῖν
479 3117 578 3185 τήν
623 3114 1016 3191 προμοσέλλαν
1075 3113 1416 3172 διατάσσεται
1471 3121 1550 3190 τῷ
1605 3117 1833 3190 κόμητι,
1877 3118 1968 3173 καὶ

301 3201 544 3278 διανέμει
623 3203 812 3276 αὐτὴν,
880 3205 1061 3269 καθὼς
1121 3205 1410 3282 κατωτέρω
1486 3207 1803 3280 ῥηθήσεται.
1875 3207 1971 3264 Διὰ

2085 613 2363 684 periculis
2397 629 2552 669 nunc
2583 618 2637 668 et
2669 631 2899 686 semper
2919 619 2977 669 et
3005 614 3065 671 in
3116 615 3331 671 saecula
3368 617 3737 673 seculorum.

2083 709 2293 758 Amen.
2336 723 2364 751 ››
2420 702 2733 774 Postquam
2783 703 2992 758 fretum
3043 705 3332 773 trajecerit
3392 705 3737 778 imperator,

2083 789 2296 846 lustrat
2312 791 2722 863 promosellum
2740 807 2843 846 seu
2867 792 3194 863 equitatum
3224 810 3400 849 suum
3434 794 3736 851 sellarium

2085 887 2135 935 et
2169 881 2470 952 parhippia
2500 896 2599 936 seu
2633 897 2813 952 equos
2835 881 3164 938 veredarios
3191 885 3246 938 et
3269 882 3474 950 mulos,
3504 889 3560 940 et
3575 900 3741 940 man-

2085 968 2184 1022 dat
2205 968 2630 1024 comitistabuli
2648 975 2704 1024 et
2722 969 3081 1024 chartulario
3103 969 3342 1031 stabuli.
3381 976 3440 1025 ut
3458 987 3524 1026 eo
3548 973 3738 1042 modo,

2084 1057 2156 1112 de
2205 1073 2318 1130 quo
2371 1057 2647 1130 deinceps
2695 1063 3034 1128 exponetur,
3079 1058 3268 1114 mulos
3319 1065 3376 1115 et
3432 1061 3742 1133 parhippia

2085 1148 2441 1213 combinent,
2477 1148 2580 1204 hoc
2612 1153 2700 1204 est
2731 1148 3088 1204 mulionibus
3123 1166 3236 1205 una
3267 1165 3402 1206 cum
3437 1152 3592 1222 regia
3624 1156 3740 1206 tes-

2085 1253 2214 1293 sera
2244 1237 2317 1293 ad
2347 1238 2779 1309 requisitionem
2812 1239 3186 1294 monstranda
3212 1239 3602 1295 committant.
3624 1246 3741 1296 Do-

2087 1326 2366 1383 mesticus
2397 1327 2743 1399 Optimatum
2776 1328 2947 1383 debet
2977 1344 3286 1385 numerum
3317 1329 3638 1384 mulionum
3670 1346 3740 1386 ex

2086 1415 2463 1488 optimatibus
2495 1420 2860 1472 constantem
2891 1426 3162 1490 praestare
3195 1419 3506 1491 sagmariis
3540 1435 3737 1489 parem

2087 1509 2144 1560 et
2172 1505 2426 1562 indicem
2459 1508 2664 1573 facere,
2699 1506 2756 1561 in
2790 1523 2902 1578 quo
2957 1507 3237 1580 scriptum
3290 1509 3366 1564 sit
3413 1515 3466 1564 et
3525 1522 3736 1563 nomen

2088 1596 2551 1668 uniuscujusque
2582 1595 2903 1668 optimatis,
2935 1601 2994 1652 et
3023 1597 3244 1669 praedii,
3278 1598 3431 1666 quod
3478 1613 3547 1653 ex
3591 1613 3738 1652 con-

2087 1685 2352 1740 cessione
2383 1692 2437 1740 et
2465 1686 2866 1758 assignatione
2925 1687 3083 1756 regis.
3125 1685 3404 1758 possidet.
3439 1686 3507 1742 Et
3538 1687 3587 1742 si
3619 1684 3741 1758 qui-

2086 1774 2218 1829 dem
2236 1774 2468 1829 amitlat
2483 1774 2836 1845 sagmarium
2852 1790 3028 1830 suum
3051 1776 3319 1846 optimas,
3344 1776 3464 1831 sive
3487 1776 3554 1831 ad
3578 1774 3744 1830 aber-

2087 1863 2298 1919 raverit
2327 1882 2358 1918 a
2390 1865 2504 1930 via,
2539 1863 2657 1918 sive
2691 1863 3006 1934 aulugerit,
3057 1863 3176 1920 sive
3205 1869 3437 1935 raptum
3471 1864 3542 1919 ab
3576 1863 3740 1918 hoste

2091 1952 2288 2019 fuerit,
2339 1953 2445 2009 luit
2493 1951 2866 2025 ipsejactura
2912 1951 3082 2007 fundi
3139 1952 3274 2020 sui;
3333 1952 3545 2024 quodsi
3603 1967 3737 2007 vero

2079 2042 2455 2114 exspiraverit
2494 2043 2709 2108 bestia,
2752 2041 2988 2097 exhibet
3018 2042 3214 2098 comiti
3271 2040 3735 2109 et,cbartulario,

2079 2131 2295 2187 stabuli
2319 2147 2549 2203 nempe,
2584 2135 2836 2186 tesseras
2867 2132 3060 2204 regias
3092 2131 3230 2186 olim
3256 2131 3386 2198 sibi,
3412 2147 3596 2203 quum
3632 2130 3736 2186 be-

2078 2223 2161 2278 tia
2178 2239 2300 2278 sua;
2333 2220 2716 2278 sollicitudini
2748 2221 3220 2290 committeretur,
3251 2221 3498 2277 additas.
3531 2222 3737 2278 Comes

2081 2310 2299 2367 stabuli
2333 2327 2563 2384 quoque
2603 2327 2704 2382 pro
2727 2309 2975 2383 singulis
3005 2311 3258 2367 decuriis
3305 2310 3735 2383 sagmariorum

2083 2405 2319 2474 praestat
2341 2399 2609 2473 singulos
2639 2399 2993 2472 syntrophos
3026 2415 3127 2456 seu
3162 2399 3613 2457 contubernales
3635 2403 3737 2456 aut

2080 2490 2323 2544 comites
2357 2487 2605 2553 itineris,
2637 2505 2668 2543 e
2698 2489 2952 2543 statione
2981 2491 3038 2544 et
3079 2487 3330 2543 stabulis
3371 2488 3548 2559 regiis
3578 2488 3734 2559 apud

2078 2576 2372 2650 Malagina
2396 2577 2729 2648 depromtos
2760 2592 2826 2632 eo
2859 2576 2996 2642 ﬁne,
3053 2581 3114 2631 ut
3144 2577 3457 2648 Optimates
3489 2577 3732 2647 quidem

2079 2667 2469 2740 praecedentes
2491 2665 2613 2721 loro
2641 2681 2790 2737 pone
2847 2681 2910 2720 se
2953 2665 3190 2720 trahant
3231 2666 3542 2737 sagmaria,
3576 2665 3728 2722 275

2079 2754 2382 2828 syntrOphi
2405 2760 2608 2827 autem
2660 2768 2807 2825 pone
2849 2753 3275 2823 subsequentes
3332 2769 3400 2808 ea
3429 2769 3624 2808 coram
3668 2768 3732 2809 se

2078 2849 2276 2916 agant,
2311 2860 2605 2915 oneraque
2637 2850 2737 2898 aut
2768 2843 3027 2914 delapsa,
3048 2847 3146 2898 aut
3176 2843 3408 2898 ruinam
3444 2842 3734 2898 minantia

2081 2952 2285 2992 rursus
2301 2934 2568 3002 allevent,
2591 2951 2881 3006 suumque
2903 2934 2959 2988 in
2975 2935 3169 2990 locum
3184 2933 3309 2988 etin
3333 2931 3730 3004 mquilibrium

2081 3029 2382 3097 reponant.
2416 3025 2477 3080 ld
2510 3024 2662 3079 idem
2698 3040 2930 3095 quoque
2961 3025 3021 3079 in
3063 3022 3387 3095 parbippiis
3447 3022 3731 3078 onerariis

2081 3116 2324 3184 obtinet,
2355 3130 2602 3187 quorum
2637 3113 2889 3185 singulis
2919 3113 3228 3169 vicenariis
3267 3111 3488 3184 singuli
3527 3119 3731 3168 conlu-

2083 3203 2350 3260 bernales
2363 3205 2598 3260 adsunt.
2625 3204 2835 3269 Mulos,
2857 3209 2923 3259 ut
2945 3203 3004 3258 in
3019 3203 3331 3258 stationem
3354 3201 3730 3275 appulerunt,

296 3296 395 3348 τοῦ
446 3292 696 3366 κόμητος
743 3298 854 3350 τῶν
908 3293 1231 3367 ὀπτιμάτων
1288 3297 1385 3366 τῆς
1447 3295 1744 3373 ὑπουργίας
1775 3293 1964 3372 ἄνδρες

2082 3295 2330 3352 sarcinis
2379 3293 2652 3350 liberatos
2708 3266 2862 3349 tradi
2899 3299 2957 3348 et
2996 3293 3366 3348 adnumerari
3393 3266 3522 3348 sibi
3565 3266 3733 3347 curat

299 3389 362 3435 ον’⁵
419 3381 511 3436 καὶ
561 3381 694 3446 τοὺς
739 3383 833 3456 μὲν
884 3383 926 3458 ρ’
975 3383 1183 3460 ὀφείλει
1217 3379 1692 3458 ἀναλαμϐάνεσθαι
1724 3386 1752 3440 6
1781 3381 1964 3458 κόμης

297 3476 396 3527 τοῦ
467 3465 711 3527 στάϐλου
778 3471 870 3528 καὶ
938 3473 966 3527 6
1033 3472 1441 3549 χαρτουλάριος
1510 3473 1563 3529 ἐν
1638 3478 1963 3552 καταγραφῇ

303 3561 462 3637 λόγῳ
525 3566 636 3617 τῶν
704 3563 748 3635 ρ’
813 3562 1089 3636 ἱππαρίων
1146 3567 1253 3618 τῶν
1311 3563 1795 3640 παρασυρομένων.
1856 3565 1963 3621 Καὶ

299 3652 394 3706 τὸν
437 3652 659 3724 κόμητα
717 3653 854 3725 μετὰ
908 3656 1015 3707 τῶν
1074 3652 1268 3727 ἑτέρων
1335 3659 1378 3728 ρ’
1444 3649 1962 3726 ἀναλαμϐάνεταῖὸ

299 3739 389 3795 ἐπὶ
442 3747 544 3810 τῆς
597 3741 873 3816 τραπέζης
926 3740 1016 3796 καὶ
1076 3743 1104 3796 6
1159 3738 1479 3814 δομέστικος
1530 3748 1628 3811 τῆς
1663 3741 1961 3820 ὑπουργίας

293 3830 387 3884 καὶ
421 3830 448 3884 6
491 3828 762 3893 οἷκειακὸς
817 3829 1102 3906 βασιλικὸς
1152 3828 1467 3904 κελλάριοςο
1518 3831 1609 3886 καὶ
1660 3831 1710 3886 οἱ
1764 3833 1859 3906 μὲν
1909 3835 1963 3889 π’

292 3918 521 3995 σύρουσι
560 3920 628 3974 τὰ
673 3920 726 3974 π’
785 3920 1082 3996 σαγμάρια,
1133 3921 1184 3976 οἱ
1237 3918 1294 3976 δὲ
1350 3922 1396 3976 κ’
1442 3919 1829 3986 ἀκολουθοῦσι.
1862 3924 1960 3978 Καὶ

291 4007 382 4064 ὅτε
412 4003 623 4082 καταϐῇ
673 4008 701 4063 6
757 4008 1012 4084 βασιλεὺς
1064 4009 1139 4071 εἰς
1185 4009 1246 4065 τὸ
1295 4007 1597 4080 ἄπληκτον,
1646 4010 1957 4086 ἐπαίρουσιν

291 4097 345 4151 οἱ
405 4097 700 4176 σύντροφοι
766 4097 857 4154 καὶ
925 4099 978 4154 οἱ
1047 4098 1347 4172 ὀπτιμάτοι
1402 4101 1471 4156 τὰ
1525 4102 1806 4176 παρίππια
1849 4105 1956 4156 τῶν

291 4185 610 4263 ὑπουργῶν,
662 4186 755 4242 καὶ
807 4187 1101 4264 ἀπάγουσιν
1151 4186 1228 4250 εἷς
1275 4189 1375 4258 τήν
1428 4191 1634 4265 βοσκὴν
1683 4189 1818 4266 πρὸς
1869 4201 1960 4246 τόν

289 4275 703 4357 χαρτουλάριον
735 4281 843 4332 τῶν
887 4276 1244 4354 Μαλαγίνων.
1295 4279 1371 4337 T6
1421 4279 1549 4334 αὐτὸ
1582 4276 1638 4334 δὲ
1672 4279 1759 4335 καὶ
1791 4283 1958 4334 πᾶσαι

289 4365 348 4420 αἱ
399 4364 702 4442 φορτωσίαι
757 4367 846 4421 καὶ
898 4367 1096 4430 πάντες
1127 4367 1178 4422 οἱ
1212 4369 1664 4444 κομπινευθέντες
1699 4367 1957 4444 βασιλικᾶ

292 4452 489 4530 ἄλογα,
546 4455 718 4530 ἤγουν
781 4476 917 4513 κατα
997 4456 1300 4535 σαγμάριον
1378 4459 1707 4533 ὀπτιμάτος,
1777 4458 1956 4520 καθὼς

289 4543 552 4619 ἀνωτέρω
584 4542 820 4621 εἴρηται.

2078 3383 2476 3441 chartularius
2508 3383 2932 3456 Malaginorum
2961 3400 2976 3451 ;
3011 3383 3499 3438 saframentarius
3531 3387 3730 3437 autem

2076 3473 2433 3546 comitesque
2463 3483 2516 3530 et
2544 3472 2850 3546 syntrophi
2883 3481 2936 3528 et
2979 3472 3288 3545 optimates
3329 3475 3541 3526 exeunt
3594 3486 3731 3528 cum

2075 3564 2278 3621 bestiis
2307 3566 2365 3620 in
2395 3581 2701 3634 pascuum.
2736 3563 2980 3629 Quando
3013 3567 3206 3618 autem
3225 3563 3470 3618 buccina
3500 3561 3732 3635 signum

2075 3655 2336 3727 receptui
2363 3655 2606 3724 dederit,
2642 3656 2929 3709 reducunt
2956 3652 3234 3709 animalia
3267 3669 3371 3708 sua
3419 3668 3734 3725 coramque

2073 3743 2348 3800 exhibent
2369 3743 2566 3813 illis,a
2617 3743 2834 3816 quibus
2865 3747 3230 3812 acceperant,
3270 3757 3336 3798 eo
3378 3741 3571 3810 modo,
3621 3756 3731 3811 quo

2073 3835 2392 3892 combinati
2427 3837 2682 3903 fuerant,
2711 3835 2770 3889 id
2803 3844 2888 3890 est
2912 3834 3134 3890 bestias
3157 3831 3331 3889 simul
3353 3839 3525 3903 atque
3547 3837 3732 3887 tesse-

2072 3943 2167 3982 ras
2201 3930 2565 3997 acceperant.
2599 3927 2894 3991 Quantum
2921 3925 3047 3992 jam
3101 3922 3173 3977 ad
3216 3925 3405 3976 totum
3443 3921 3728 3976 hordeum

2071 4017 2300 4080 attinet,
2334 4014 2393 4069 id
2440 4018 2524 4068 est
2556 4019 2674 4068 tam
2730 4011 3160 4084 sagmariorum
3193 4007 3515 4075 mulorum,
3548 4025 3729 4082 quam

2070 4104 2530 4178 parhippiorum,
2563 4101 2646 4157 uti
2679 4106 2736 4157 et
2781 4101 3148 4158 sellariorum
3207 4115 3510 4170 equorum,
3561 4098 3730 4170 illud,

2070 4195 2175 4248 hoc
2195 4197 2285 4249 est.
2314 4197 2536 4248 statuta
2582 4207 2784 4247 eorum
2833 4190 2894 4246 in
2945 4189 3163 4246 hordeo
3203 4188 3407 4256 diaria,
3434 4187 3728 4260 accipiunt

2069 4280 2242 4340 simul
2264 4289 2318 4336 et
2357 4279 2534 4337 semel
2568 4279 2625 4336 in
2658 4297 2775 4336 una
2799 4295 2998 4336 massa
3027 4279 3107 4334 ibi
3138 4277 3422 4342 locorum,
3443 4276 3543 4332 ubi
3569 4289 3728 4331 com-

2069 4371 2350 4426 binantur
2381 4369 2584 4426 bestiae
2612 4370 2690 4443 [id
2716 4374 2806 4426 est
2826 4369 2886 4426 in
2923 4369 3172 4442 singulis
3205 4364 3532 4439 applicatis]
3563 4364 3728 4420 char-

2070 4458 2323 4516 tularius
2353 4459 2570 4516 stabuli
2603 4464 2658 4514 et
2671 4458 2945 4516 cellarius
2971 4453 3411 4529 aprotonotario
3437 4455 3725 4524 cujusque

1991 4535 2038 4602 D
2074 4548 2381 4605 thematis:
2413 4554 2469 4603 et
2487 4549 2762 4621 deinceps
2782 4548 3054 4605 dividunt
3073 4549 3132 4602 et
3155 4541 3724 4617 unicuiqueanimali

293 4635 552 4694 diarium
585 4652 763 4694 suum
816 4653 1060 4711 pensum
1120 4639 1443 4715 porrigunt.
1499 4641 1940 4698 Protonotarius
1977 4646 2174 4698 autem
2225 4638 2504 4696 thematis
2562 4639 2900 4696 admonitus
2960 4636 3254 4708 imperiali
3320 4632 3720 4707 dispositione,

1345 4778 1548 4837 JOAN.
1579 4779 1724 4836 JAC.
1761 4779 2028 4836 REISKII
2057 4777 2664 4837 COMMENTARIUS.

362 4893 477 4961 (69)
493 4892 844 4970 Syntrophus
864 4901 975 4964 est,
1007 4897 1271 4970 quicum,
1291 4898 1351 4953 in
1381 4899 1551 4967 cuius
1573 4897 1955 4954 contubernio

289 4969 351 5040 et
376 4964 566 5040 oculis
584 4964 894 5024 creverunt
917 4964 1105 5024 veredi
1127 4977 1181 5025 et
1201 4964 1499 5037 sagmarii,
1525 4987 1722 5040 agaso,
1751 4971 1948 5026 mulio.

287 5036 462 5108 Tales
491 5037 726 5108 Hispani
759 5041 1123 5096 axemblarios
1155 5043 1360 5098 dicunt
1381 5036 1765 5097 aut’dic’ebant
1789 5043 1951 5098 olim.

290 5107 1296 5191 Voahacest-Arabicaa“originis.
1329 5115 1527 5191 Zem_il,
1557 5119 1785 5191 et_cum
1817 5132 1955 5184 prae-

289 5181 479 5254 posito
509 5181 1040 5259 articuloazzemil,
1082 5181 1168 5242 est
1209 5186 1592 5259 sagmarium,
1619 5181 1952 5259 jumentum

288 5255 634 5310 onerarium
678 5254 770 5310 vel
827 5266 1127 5312 onustum.
1201 5254 1347 5313 Hinc
1409 5255 1834 5322 azzemilarius,
1898 5261 1954 5314 et

290 5340 483 5401 prona
566 5327 982 5401 dep_rav_atione
1046 5329 1481 5396 aurmblarius,
1557 5329 1658 5401 qui
1721 5346 1950 5389 sagma-

292 5397 383 5452 ria
409 5397 709 5472 curat.__V.
765 5398 854 5455 Du
911 5399 1194 5472 Cangium
1257 5403 1316 5457 h.
1367 5417 1445 5466 ν..
1505 5397 1606 5455 ubi
1653 5415 1685 5455 e
1750 5401 1954 5456 charta

294 5469 550 5544 quadam
600 5468 1076 5544 Hispanicahae
1124 5474 1313 5544 citat;
1372 5472 1688 5538 Sancimus,
1737 5472 1878 5544 quod
1906 5473 1957 5528 si

332 5540 440 5616 uis_
477 5541 860 5616 azemlgiurius
917 5541 1321 5616 [syntrophus]
1376 5547 1431 5598 et
1473 5546 1566 5600 sui
1611 5540 1953 5616 coadj'uilore:

332 5556 418 5594 ut:
477 5556 860 5596 aumluurms
917 5556 1321 5616 [syntropnusl
1376 5556 1431 5598 et
1473 5561 1565 5600 sui
1611 5556 1951 5614 coaajutores

293 5556 662 5687 foptimates]
687 5616 1010 5687 eiporlani
1058 5616 1378 5686 [Oppidani,
1407 5615 1817 5687 municipales]
1852 5629 1951 5668 n0-

296 5682 403 5738 .slri
430 5684 493 5735 in
522 5682 785 5754 capiendo
805 5687 1083 5741 animalia
1111 5682 1270 5743 nobis
1300 5693 1352 5742 et
1383 5686 1556 5743 curia?
1616 5682 1816 5742 ἠοδινδὲ
1852 5702 1952 5741 ne-

298 5755 548 5810 cessaria
563 5755 814 5812 nuntiati
832 5758 1062 5827 fuerint,
1095 5759 1415 5831 deliquisse.
1448 5759 1555 5826 Qui
1585 5758 1678 5816 hic
1739 5773 1953 5815 memo-

2067 4905 2268 4954 rantur
2295 4897 2551 4968 portarii,
2579 4900 2717 4952 sunt
2766 4894 3173 4965 municipales,
3221 4891 3424 4968 incola
3465 4891 3722 4968 oppido-

2067 4986 2227 5037 rum;
2254 4963 2306 5023 νζ
2340 4969 2426 5024 Du
2458 4969 2649 5040 Cange
2678 4985 2729 5022 v.
2775 4963 3198 5035 Portam—tribus
3234 4965 3322 5040 vel
3344 4965 3508 5040 _rrgi0
3536 4963 3718 5040 urbis.

2063 5035 2230 5111 Apud
2266 5041 2467 5111 Belgas
2495 5041 2550 5094 id
2581 5035 2771 5094 adhuc
2821 5047 3109 5109 superest,
3162 5037 3256 5111 qui
3299 5035 3492 5111 vicum
3547 5035 3719 5111 urbis

2062 5106 2192 5170 ee'ne
2224 5106 2418 5183 Buyﬁl,
2451 5121 2505 5168 et
2537 5111 2722 5167 civem
2755 5106 3291 5183 velimunicipalem
3336 5106 3716 5164 Amsteloda-

2067 5181 2426 5241 menses'een
2458 5185 2654 5239 Perfer
2683 5181 3000 5254 appellant.

2138 5257 2248 5326 ('70)
2275 5255 2464 5309 Δώσει.
2505 5254 2814 5311 Sublnlell.
2849 5257 3095 5326 σημεῖον,

2135 5323 2254 5397 (71⁷)
2288 5327 2535 5384 Raditum
2556 5326 2799 5381 domum.
2835 5323 2939 5382 Illa
2975 5323 3561 5397 visinestparticults
3578 5325 3714 5380 κατά

2065 5398 2123 5455 in
2153 5394 2375 5471 multis
2424 5398 2965 5471 compositionibus,
3010 5400 3076 5452 ut
3128 5394 3399 5471 κατάγειν,
3442 5397 3718 5471 reduqere

2062 5471 2284 5526 domum
2333 5469 2602 5526 Iun-lenus
2645 5470 2944 5535 absentem,
3001 5467 3289 5536 καθήκειν,
3332 5467 3709 5540 κατέρχεσβαι,

2063 5543 2247 5596 redire
2278 5541 2344 5596 ab
2375 5541 2595 5597 exsilio.
2629 5541 3185 5610 Conl‘.Arist0pban.
3222 5540 3366 5596 Rau.
3387 5556 3440 5596 v.
3464 5539 3638 5594 “96.

2133 5614 2248 5684 (72)
2285 5613 2343 5667 In
2377 5612 2484 5668 hoc
2517 5612 2642 5668 loco
2668 5611 2867 5668 Latins
2901 5607 3189 5668 reddendo
3222 5607 3712 5684 sudandummihi

2065 5681 2203 5758 fuit,
2228 5681 2560 5758 vereorque,
2595 5691 2657 5740 ut
2687 5689 2885 5756 aptum
2913 5685 3282 5755 probumque
3311 5682 3406 5746 sit,
3431 5681 3583 5750 quod
3615 5693 3710 5735 ex-

2065 5757 2310 5814 tundere
2341 5755 2522 5828 potui.
