4052 6380
289 413 408 473 915
1401 405 1935 474 CONSTANTINI
1981 405 2452 466 PORPHYltOG
2467 404 2672 466 ENITI
3583 407 3700 469 916

290 544 529 602 nomiua
557 542 919 616 singulorum
951 545 1376 616 applicatorum
1411 544 1769 611 continente,
1822 539 2062 611 deponit
2107 538 2189 594 ibi
2219 537 2505 604 locorum,
2555 537 2654 593 ubi
2715 537 3003 606 deponere
3043 537 3254 609 jussus
3284 538 3478 609 fuerit,
3508 540 3703 613 impu-

292 637 478 690 tatam
511 633 623 690 sibi
655 634 884 706 copiam
919 651 1032 690 non
1056 634 1260 690 hordei
1282 640 1536 704 tantum,
1585 635 1684 688 sed
1719 635 1776 687 et
1807 629 2053 684 aliarum
2086 629 2353 685 omnium
2384 625 2530 697 regii
2566 625 2879 682 comitatus
2933 630 3369 685 necessitatum.
3431 631 3492 685 1d
3543 646 3701 698 vero,

287 725 443 796 quod
476 723 538 780 in
569 723 784 779 hordeo
819 723 1055 779 nomine
1089 725 1348 780 muneris
1381 720 1717 795 imperatori
1769 720 2028 785 ollertur,
2083 717 2140 772 in
2175 717 2348 772 ﬁdem
2398 731 2722 788 curamque
2755 733 2922 772 suam
2965 718 3176 788 accipit
3233 719 3452 774 stabuli
3482 735 3706 789 comes,

282 815 502 886 scripto
529 814 884 881 consignans
915 813 1253 878 identidem,
1286 823 1568 886 quantum
1609 811 1916 882 acceperit,
1966 823 2161 864 coram
2211 807 2362 863 idico
2393 811 2450 862 et
2480 808 2746 877 notariis,
2800 808 2900 877 qui
2941 808 3121 863 simul
3183 825 3314 864 cum
3376 810 3501 880 ipso
3552 809 3702 866 idem

279 903 524 971 faciunt,
558 901 732 972 idque
762 901 892 957 ideo
951 901 1034 972 ﬁt,
1080 911 1138 957 ut
1172 907 1303 972 post
1334 901 1589 956 reditum
1637 898 1709 954 ab
1759 897 2124 966 expeditione
2177 895 2442 964 domum,
2493 898 2724 966 quando
2784 894 3217 968 protonotarius
3268 896 3600 968 [generalis]
3649 906 3700 953 et

282 991 681 1050 chartularius
724 991 988 1064 [stabuli]
1036 991 1323 1047 rationem
1370 1009 1402 1047 a
1431 1007 1493 1047 se
1551 987 1788 1062 praestiti
1824 992 1882 1043 et
1925 986 2142 1058 accepti
2190 1000 2374 1057 penus
2431 985 2680 1041 reddent
2736 985 2794 1040 in
2845 991 3068 1042 secreto
3117 987 3280 1054 idici,
3328 987 3706 1044 remittantur

281 1084 411 1156 [pro
439 1083 702 1154 proxima
752 1083 1137 1155 eXpeditione]
1178 1080 1591 1154 protonotariis
1631 1079 1777 1142 dies,
1831 1077 2048 1150 quibus
2080 1075 2425 1132 debuissent
2467 1076 2611 1132 alias
2653 1078 2981 1132 necessaria
3038 1083 3333 1150 praestare.
3384 1083 3702 1151 Postquam

281 1171 579 1242 trajecerit
635 1170 951 1244 imperator
1010 1171 1216 1228 fretum
1269 1176 1326 1227 et
1374 1169 1705 1226 lustraverit
1766 1166 2182 1240 promosellam
2241 1183 2345 1222 seu
2405 1167 2634 1238 privum
2688 1167 2798 1222 sibi
2851 1184 3025 1223 suum
3083 1169 3434 1240 equitatum,
3459 1169 3705 1232 mandat

280 1261 475 1318 comiti
506 1261 743 1328 stabuli,
776 1261 1069 1332 quomodo
1103 1269 1294 1317 actum
1321 1275 1452 1317 cum
1485 1276 1550 1316 eo
1598 1258 1754 1324 velit,
1789 1255 2204 1328 distribuitque
2251 1272 2384 1312 eum
2433 1273 2499 1312 eo
2543 1257 2732 1326 modo,
2761 1257 2862 1330 qui
2910 1258 3186 1332 deinceps
3217 1259 3462 1316 dicetur.
3497 1262 3704 1316 Comes

281 1351 631 1424 optimatum
665 1351 976 1408 ministerii
1006 1351 1288 1408 culinaris
1323 1355 1594 1424 praestare
1644 1350 1816 1405 debet
1861 1347 2015 1402 viros
2044 1348 2345 1417 ducentos,
2379 1364 2627 1419 quorum
2662 1354 2887 1421 partem
2915 1350 3220 1406 dimidiam
3254 1367 3447 1408 comes
3483 1351 3704 1408 stabuli

280 1450 334 1498 et
366 1442 764 1498 chartularius
794 1443 922 1514 ejus
951 1443 1014 1498 in
1063 1443 1235 1500 fidem
1277 1458 1596 1514 curamque
1635 1456 1802 1497 suam
1843 1437 2156 1510 accipiunt,
2219 1439 2568 1495 nominatim
2639 1440 2856 1512 scripto
2917 1441 3279 1514 designatos,
3319 1459 3420 1514 pro
3464 1447 3702 1498 centum

291 1531 483 1605 equis,
514 1531 614 1604 qui
644 1548 838 1587 coram
895 1531 1244 1604 imperatore
1285 1532 1601 1587 trahuntur
1638 1537 1693 1586 et
1734 1527 2155 1601 producuntur.
2215 1530 2496 1585 Comitem
2548 1529 2896 1600 Optimatum
2956 1548 3087 1587 vero
3137 1549 3266 1588 cum
3326 1532 3512 1589 altera
3551 1534 3705 1604 opti-

285 1626 512 1678 metum
542 1621 804 1678 centuria
834 1639 1004 1678 suam
1038 1623 1095 1677 in
1126 1623 1298 1677 ﬁdem
1335 1636 1657 1694 curamque
1701 1619 1998 1691 accipiunt
2045 1618 2352 1690 praefectus
2386 1635 2599 1675 mensa:
2629 1625 2687 1675 et
2716 1621 3070 1677 domesticus
3095 1621 3704 1679 ministeriiculiuaris

283 1715 342 1768 et
372 1713 626 1782 privatus
658 1711 851 1784 regius
882 1711 1172 1768 cellarius.
1209 1713 1273 1768 Et
1305 1711 1514 1768 horum
1549 1710 1940 1782 posteriorum
1973 1709 2265 1780 octoginta
2303 1710 2541 1780 quidem
2586 1709 2827 1765 trahunt
2873 1726 3022 1782 pone
3071 1728 3134 1767 se
3181 1712 3421 1767 totidem
3471 1727 3704 1784 sagma-

285 1802 408 1872 ria;
443 1801 650 1873 reliqui
684 1802 887 1872 viginti
917 1818 1151 1876 gregem
1185 1809 1532 1875 sequuntur.
1569 1804 1634 1856 Hi
1669 1800 2000 1872 optimates,
2031 1816 2256 1871 unaque
2288 1816 2418 1854 cum
2451 1800 2598 1871 ipsis
2631 1801 2956 1873 syntrophi,
2984 1803 3299 1875 accipiunt,
3351 1803 3706 1876 imperatore

276 1891 340 1948 in
362 1893 669 1950 stationem
709 1891 977 1963 appulso.
1038 1911 1072 1949 a
1104 1893 1390 1950 ministris
1449 1893 1656 1950 culinae
1715 1907 1896 1963 equos
1951 1891 2302 1956 veredarios,
2355 1894 2412 1945 et
2449 1891 2672 1946 ducunt
2727 1907 2826 1947 eos
2879 1897 3112 1962 pastum
3161 1893 3232 1947 ad
3283 1892 3700 1949 chartularium

280 1983 981 2057 276Malaginorum.ld
1008 2001 1239 2057 quoque
1272 1985 1338 2040 ﬁt
1385 1985 1457 2039 de
1505 1981 1742 2054 reliquis
1772 1979 2075 2050 onerariis,
2109 1988 2163 2035 et
2194 1980 2346 2036 idem
2380 1979 2602 2038 faciunt
2628 1981 2686 2037 in
2739 1981 3079 2038 universum
3122 2000 3346 2052 omnes,
3398 1985 3497 2056 qui
3544 1984 3706 2057 regis.

270 2075 544 2146 jumenta
574 2077 633 2129 in
667 2073 1019 2142 combinam,
1053 2075 1113 2131 id
1143 2083 1226 2130 est
1258 2075 1737 2131 commissionem
1773 2073 2064 2142 ﬁdemque
2093 2087 2285 2136 suam,
2319 2087 2434 2128 una
2471 2089 2605 2129 cum
2639 2078 2853 2130 tessera
2882 2074 3211 2146 acceperint
3243 2093 3256 2144 ;
3289 2092 3497 2150 nempe
3549 2078 3706 2150 cpti-

276 2169 463 2222 mates
494 2163 713 2236 singuli
745 2164 999 2236 singulis
1015 2165 1324 2237 sagmariis
1355 2163 1640 2229 aulditi,ut
1672 2179 1848 2234 supra
1870 2163 1994 2234 jam
2026 2160 2248 2218 dictum
2280 2167 2388 2219 est.

670 2261 1029 2318 Oneratione:
1059 2271 1241 2318 autem
1273 2262 1356 2317 sic
1379 2263 1540 2332 ﬁunt.

342 2353 389 2408 Α
417 2351 532 2422 [vel
567 2351 690 2424 pro]
728 2351 882 2422 regio
927 2352 1254 2407 ministerio
1295 2350 1534 2406 culinari
1598 2348 1744 2406 muli
1791 2365 1928 2405 one-

274 2445 476 2496 rantur
505 2442 820 2513 octoginta,
854 2441 1159 2513 parbippia
1194 2440 1495 2513 sexaginta
1525 2440 1662 2495 duo.
1697 2445 1743 2493 A
1775 2441 1932 2510 regia

272 2535 431 2586 cor-te
462 2544 560 2585 seu
594 2531 826 2586 tentorii
851 2531 992 2602 regii
1024 2528 1310 2585 famulitio
1334 2530 1623 2601 sagmaria
1639 2530 1929 2600 quinqua-

271 2617 455 2689 ginta,
490 2618 801 2691 parbippia
832 2618 920 2674 43.
969 2621 1015 2674 Α
1069 2619 1292 2689 privato
1341 2619 1500 2690 regio
1532 2618 1805 2674 vestiario
1838 2635 1932 2674 sa-

277 2706 505 2778 gmaria
528 2707 618 2772 30,
642 2707 808 2780 parh.
827 2709 910 2763 15.
930 2708 1016 2764 Ab
1033 2707 1184 2764 idico
1207 2724 1392 2781 sagm.
1427 2708 1516 2774 40,
1540 2711 1598 2764 et
1622 2707 1934 2763 hebdoma-

273 2796 496 2852 riorum
521 2795 691 2868 parb.
727 2797 812 2852 15.
845 2799 890 2852 Α
923 2797 1363 2870 prot0vestiario
1394 2814 1576 2868 sagm.
1611 2797 1642 2852 4
1678 2803 1734 2853 et
1765 2796 1929 2868 parh.

273 2884 539 2940 totidem.
573 2887 622 2941 A
653 2885 959 2942 duodecim
991 2887 1286 2943 cmtonitis
1307 2888 1376 2942 24
1399 2903 1580 2959 sagm.
1602 2892 1659 2942 et
1687 2885 1933 2942 totidem

273 2973 648 3046 parhippia.A
662 2976 1049 3048 quadraginta
1064 2977 1509 3032 lamulismensaa
1524 2977 1690 3049 regis:
1706 2977 1937 3031 adstan-

280 3062 442 3117 tibus
475 3079 666 3135 sagm.
696 3064 767 3118 20
798 3065 1105 3120 ettotidem
1132 3066 1638 3138 parb.Aducenlis
1659 3064 1730 3119 ad
1761 3063 1934 3119 heta-

287 3151 437 3206 riam
455 3154 1246 3227 pertinentibusvirissagm.
1272 3155 1372 3210 100
1385 3160 1441 3209 et
1454 3155 1524 3209 24
1540 3153 1700 3226 parhi
1713 3154 1864 3224 ppia.
1890 3155 1936 3208 A

281 3252 513 3298 centum
548 3244 760 3300 exteris
792 3244 1039 3302 hetaeriae
1064 3246 1352 3315 praefectis
1382 3245 1676 3317 sagmaria
1699 3246 1935 3314 50,par-

276 3331 477 3402 hippia
508 3334 629 3387 100.
661 3335 707 3388 A
747 3334 959 3390 comite
981 3334 1197 3389 stabuli
1250 3351 1442 3405 sagm.
1485 3334 1551 3387 12
1607 3340 1664 3389 et
1694 3335 1939 3389 totidem

277 3421 604 3491 parhippia.
633 3423 678 3476 A
708 3421 1063 3478 chartulario
1094 3430 1147 3477 et
1197 3424 1423 3495 epeicta
1453 3438 1640 3494 sagm.
1678 3423 1744 3478 16
1773 3429 1829 3478 et
1850 3429 1939 3478 to-

280 3508 467 3564 tidem
499 3510 664 3580 parh.
707 3512 754 3564 A
803 3511 1197 3582 promocondo
1256 3512 1471 3567 cellarii
1528 3512 1671 3583 regii
1729 3511 1940 3566 stabuli

286 3613 473 3668 sagm.
507 3598 578 3652 3O
605 3603 660 3653 et
691 3599 856 3669 parh.
883 3599 968 3654 12.
1003 3603 1048 3654 A
1077 3601 1285 3656 comite
1307 3599 1521 3656 stabuli
1555 3599 1725 3656 Urbis
1747 3617 1934 3671 sagm.

286 3687 323 3742 2
351 3692 407 3744 et
435 3688 568 3759 equi
602 3688 719 3743 duo
753 3688 968 3759 pariter
997 3705 1064 3745 ex
1096 3689 1360 3746 urbanis.
1391 3691 1475 3745 Ab
1505 3690 1794 3744 ambobus
1816 3695 1939 3745 sta-

293 3777 416 3834 buli
444 3776 756 3833 comitibus
787 3777 929 3849 [uuo
959 3777 1240 3850 palatino,
1290 3779 1389 3850 qui
1431 3779 1490 3834 in
1523 3778 1676 3833 Urbe
1714 3777 1856 3850 agit,
1889 3785 1943 3835 et

297 3867 500 3935 altero,
534 3867 632 3938 qui
665 3867 722 3921 in
749 3866 1078 3940 Malaginis]
1112 3884 1298 3939 sagm.
1330 3869 1354 3923 1
1389 3872 1446 3924 et
1482 3867 1618 3940 equi
1669 3883 1737 3924 ex
1772 3869 1948 3923 urba-

298 3957 390 4011 nis
403 3957 457 4010 2.
475 3958 519 4010 Α
539 3957 927 4029 quadraginta
941 3955 1278 4029 syntrophis
1301 3955 1387 4012 vel
1421 3956 1946 4013 contubernalibus

294 4043 661 4101 sellariorum
687 4061 870 4116 sagm.
901 4046 980 4116 5.,
1013 4045 1180 4118 parb.
1201 4047 1290 4102 40.
1323 4046 1736 4102 Acbartulario
1768 4046 1946 4103 Mala-

295 4133 563 4203 ginorum
595 4149 778 4206 sagm.
799 4136 948 4204 5.,et
979 4136 1220 4192 totidem
1247 4135 1484 4207 parh.lA
1506 4135 1948 4192 saframentario

298 4237 485 4293 sagm.
513 4222 537 4277 1
564 4224 770 4294 etequi
791 4224 925 4279 duo.
955 4231 1000 4280 A
1026 4225 1604 4296 quatuorcomitibus
1624 4224 1950 4296 Malagino-

299 4329 428 4368 rum
454 4327 644 4385 sagm.
671 4313 722 4381 4,
758 4313 924 4384 parb.
958 4314 1009 4368 4.
1049 4317 1093 4370 Α
1151 4316 1475 4371 stratiotico
1517 4315 1646 4387 [seu
1679 4314 1946 4371 rationali

297 4403 381 4458 rei
402 4403 695 4476 militaris]
715 4421 816 4476 pro
838 4405 1164 4461 deferendis
1187 4407 1543 4462 membranis
1561 4406 1737 4478 regiis
1761 4421 1946 4475 sagm.

293 4494 348 4548 2.
399 4493 694 4549 Adecano
753 4510 857 4566 pro
903 4493 1234 4551 deferendis
1293 4495 1432 4551 item
1490 4495 1712 4551 chartis
1775 4495 1951 4566 regiis

298 4598 486 4656 sagm.
518 4583 569 4639 1.
600 4584 648 4639 A
676 4587 928 4654 quatuor
958 4585 1201 4656 papadis
1225 4583 1335 4657 [vel
1357 4583 1585 4641 clericis
1611 4591 1708 4640 aut
1741 4600 1953 4640 mona-

302 4673 427 4729 chis
448 4673 518 4729 de
547 4672 701 4729 clero
731 4672 1010 4746 palatino,
1043 4680 1231 4730 castra
1264 4673 1670 4745 sequentibus]
1701 4675 1950 4745 sagmA.

303 4762 580 4820 Etﬁciunt
604 4762 665 4820 in
689 4763 1029 4819 universum
1058 4763 1391 4820 combinata
1420 4763 1715 4836 sagmaria
1747 4779 1950 4820 nume-

305 4867 429 4909 rum
454 4852 576 4909 482.
598 4852 822 4921 Quibus
852 4851 900 4908 si
935 4851 1224 4908 addantur
1253 4856 1554 4925 parasyrta
1583 4868 1685 4908 seu
1717 4868 1952 4925 sagma-

1963 2259 2019 2326 A

2481 2259 2630 2317 Εἶσῖν
2662 2261 2716 2314 αἱ
2748 2259 3048 2338 φορτωσίαι
3073 2263 3269 2324 οὕτως·

2113 2346 2210 2401 Διά
2255 2353 2356 2416 τῆς
2410 2347 2706 2422 βασιλικῆς
2758 2351 3054 2427 ὑπουργίας
3103 2354 3382 2428 σαγμάρια
3440 2362 3512 2425 π’,
3563 2377 3708 2431 παρ-

2045 2438 2206 2492 ίππια
2407 2434 2496 2492 διὰ
2542 2441 2639 2508 τῆς
2711 2440 3007 2513 βασιλικῆς
3056 2444 3259 2516 κὸρτῃς
3309 2445 3588 2521 σαγμάρια
3635 2449 3706 2518 ν’,

2040 2525 2316 2600 παρέππια
2368 2534 2476 2601 μγ¹·
2533 2527 2619 2582 διὰ
2667 2533 2764 2583 τοῦ
2816 2529 3091 2586 οἰκειακοῦ
3145 2532 3433 2606 βασιλικοῦ
3483 2535 3708 2609 βεστια-

2044 2616 2165 2691 ρίου
2224 2616 2498 2690 σαγμάρια
2557 2615 2623 2689 λ’,
2684 2617 2964 2673 παπίππια
3041 2622 3117 2675 ιε’·
3191 2619 3278 2676 διὰ
3333 2626 3434 2676 τοῦ
3495 2621 3706 2680 εἷδικοῦ

2045 2705 2320 2780 σαγμάρια
2379 2707 2432 2778 μ’
2489 2707 2582 2760 καὶ
2660 2712 2767 2762 τῶν
2850 2704 3199 2784 ἑϐδομαρίων
3276 2711 3554 2787 παρίππια
3623 2716 3705 2770 ιε”

2045 2792 2134 2850 διὰ
2180 2797 2278 2849 τοῦ
2326 2791 2829 2870 πρωτοϐεστιαρίου
2885 2799 3156 2874 σαγμάρια
3215 2797 3278 2870 δ’,
3329 2801 3605 2876 παρίππια
3637 2800 3701 2858 δ’·

2049 2881 2138 2939 διὰ
2168 2890 2274 2941 τῶν
2315 2891 2650 2940 κοιτωνιτῶν
2696 2891 2804 2942 τῶν
2861 2890 2932 2960 ιβ’
2985 2890 3264 2964 σαγμάρια
3293 2888 3396 2962 κδ’,
3429 2894 3707 2967 παρίππια

2046 2971 2146 3030 κδ’.
2199 2971 2288 3028 διὰ
2334 2978 2441 3029 τῶν
2486 2977 2788 3050 σαράκνιντα
2857 2980 2968 3050 (73)
3005 2984 3114 3034 τῶν
3171 2980 3585 3056 παρισταμένων
3627 2987 3696 3055 τῇ

2047 3062 2285 3136 τραπέζῃ
2357 3066 2637 3138 σαγμάρια
2698 3066 2765 3137 κ’,
2843 3069 3121 3142 παρίππια
3178 3069 3243 3122 κ“’
3308 3068 3399 3125 διὰ
3450 3074 3553 3123 τῶν
3607 3069 3697 3124 ἐπὶ

2047 3157 2146 3218 τῆς
2179 3153 2443 3227 ἑταιρείας
2478 3151 2674 3229 ἄνδρας
2729 3157 2794 3226 σ’,
2851 3160 3122 3233 σαγμάρια
3157 3161 3219 3232 ρ’,
3261 3161 3536 3232 παρίππια
3566 3163 3707 3233 (74).

2049 3239 2138 3297 διὰ
2166 3248 2274 3297 τῶν
2331 3250 2374 3318 ρ’
2432 3243 2656 3298 ἐθνικῶν
2715 3250 2822 3300 τῶν
2882 3245 2970 3301 ἐπὶ
3027 3255 3127 3316 τῆς
3185 3250 3450 3324 ξταιρείας
3494 3250 3709 3325 σαγμά-

2050 3353 2140 3406 ρια
2187 3333 2252 3402 ν’,
2300 3332 2576 3407 παρίππια
2628 3336 2692 3409 ρ”
2745 3333 2832 3390 διὰ
2889 3341 2986 3391 τοῦ
3041 3337 3288 3410 κόμητος
3340 3343 3437 3394 τοῦ
3467 3335 3708 3395 στάϐλου

2051 3422 2330 3497 σαγμάρια
2380 3424 2476 3498 ιβ’,
2535 3425 2812 3498 παρίππια
2876 3427 2964 3502 ιβ’·
3027 3425 3115 3482 διὰ
3172 3427 3268 3484 τοῦ
3301 3430 3712 3504 χαρτουλαρίου

2049 3511 2139 3566 καὶ
2206 3515 2302 3565 τοῦ
2363 3509 2613 3570 ἔπείκτου
2671 3515 2944 3588 σαγμάρια
3008 3523 3090 3585 ις’,
3139 3517 3418 3592 παρίππια
3480 3520 3564 3582 ις”
3622 3517 3714 3574 διὰ

2048 3603 2145 3654 τοῦ
2175 3599 2442 3664 ἀποθέτου
2493 3606 2590 3656 τοῦ
2640 3601 2944 3678 κελλαρίου
2991 3610 3087 3660 τοῦ
3136 3604 3424 3680 βασιλικοῦ
3469 3603 3713 3663 στάϐλου

2052 3691 2329 3765 σαγμάρια
2361 3689 2430 3764 λ’,
2474 3692 2752 3766 παρίππια
2809 3695 2898 3769 ιβό
2961 3692 3048 3750 διὰ
3099 3699 3195 3750 τοῦ
3255 3690 3714 3771 σταϐλοκόμητος

2053 3785 2153 3848 τῆς
2185 3779 2403 3842 πόλεως
2461 3783 2740 3857 σαγμᾶρια
2896 3783 2987 3839 καὶ
3028 3783 3288 3841 πολιτικᾶ
3317 3786 3553 3861 ἱππάρια
3587 3783 3714 3842 δύο⁸

2058 3865 2146 3922 διὰ
2221 3873 2328 3922 τῶν
2407 3867 2502 3924 δύο
2580 3868 3052 3946 σταϐλοκομήτων
3112 3876 3415 3950 σαγμάριον
3485 3877 3552 3948 α’,
3619 3878 3716 3932 καὶ

2055 3954 2318 4011 πολιτικά
2361 3959 2594 4033 ἱππάρια
2773 3958 2862 4016 διὰ
2909 3967 3016 4018 τῶν
3064 3965 3367 4038 σαράκοντα
3401 3965 3716 4044 συντρόφων

2057 4049 2166 4102 τῶν
2226 4043 2530 4121 σελλαρῖων
2591 4053 2863 4126 σαγμάρια
2923 4053 2980 4122 ε’,
3037 4054 3310 4126 παρίππια
3362 4055 3435 4129 μ’·
3487 4052 3575 4109 διὰ
3611 4043 3718 4109 ίτοῦ

2059 4137 2470 4213 χαρτουλαρίου
2521 4139 2628 4194 τῶν
2683 4138 3014 4216 Μαλαγίνων
3061 4144 3334 4218 σαγμάρια
3391 4145 3448 4211 e',
3508 4144 3718 4219 παρίπ-

2058 4246 2157 4279 πια
2210 4227 2282 4281 ε’⁶
2354 4223 2443 4282 δια
2499 4226 2593 4283 τοῦ
2656 4232 3130 4306 σαφραμενταρίου
3170 4234 3496 4308 σαγμςὶριιον,
3545 4234 3718 4288 ἱππά-

2061 4335 2150 4390 ρια
2255 4335 2267 4348 ·
2303 4311 2391 4370 διὰ
2429 4321 2536 4372 τῶν
2577 4314 2619 4372 δ’
2657 4322 2920 4391 κομήτων
2968 4325 3078 4375 τῶν
3131 4321 3469 4395 Μαλαγίνων
3498 4324 3717 4398 σαγμά-

2062 4424 2153 4479 ρια
2210 4401 2272 4474 δ’,
2332 4406 2609 4480 παρίππια
2666 4404 2746 4462 δ”
2810 4405 2899 4463 διὰ
2954 4414 3050 4466 τοῦ
3110 4415 3503 4484 στρατιωτικοῦ
3544 4412 3619 4471 εἷς
3650 4412 3723 4467 τὰ

2065 4490 2324 4565 βασιλικὰ
2397 4495 2597 4570 γαρτία
2668 4498 2946 4572 σαγμάρια
3004 4495 3121 4554 δύο·
3185 4497 3274 4554 διὰ
3328 4500 3424 4556 τοῦ
3492 4497 3722 4556 δέκανοῦ

2063 4582 2138 4646 εἷς
2189 4584 2256 4639 τὰ
2319 4584 2578 4660 βασιλικᾶ
2634 4587 2839 4662 χαρτία
2896 4589 3196 4664 σαγμάριον
3258 4597 3338 4644 α”
3404 4588 3493 4645 διὰ
3549 4595 3656 4645 τῶν
3694 4589 3722 4647 δ

2061 4671 2323 4727 παπάδων
2402 4677 2676 4750 σαγμάρια
2752 4672 2813 4735 δ’.
2882 4679 3064 4750 ’Όμοῦ
3149 4681 3215 4733 τὰ
3289 4681 3724 4747 κομπινευθέντα

2062 4762 2336 4838 σαγμάρια
2393 4765 2540 4838 υπβ’.
2603 4765 2922 4838 Παρασυρτᾶ
2975 4767 3042 4821 τὰ
3118 4768 3192 4830 εἷς
3255 4768 3549 4846 ὑπαλλαγή
3608 4775 3721 4826 τῶν

2064 4851 2518 4921 ἂποθνησκόντων
2597 4853 2686 4908 καὶ
2772 4859 2880 4909 τῶν
2966 4855 3427 4935 ἀποστασιαρίων,
3505 4859 3594 4915 καὶ
3666 4859 3722 4915 ἐν

1451 4997 1655 5056 JOAN.
1686 4998 1829 5056 JAC.
1853 5000 2120 5058 BEISKII
2154 5000 2749 5064 COMMENTARIUS.

376 5120 757 5213 (-7_3~)_‘llulgus
813 5124 1049 5182 Graecus
1109 5120 1244 5196 σάρα
1326 5140 1429 5213 pro
1486 5121 1718 5213 τέσσαρα
1767 5127 1952 5213 ςέΐειιι,

303 5192 565 5270 adeoque
611 5192 1064 5270 oaipixovzawpro
1094 5192 1554 5270 Δτεὲτσοιροῖκοντα,·
1609 5192 1730 5254 vid.
1781 5199 1954 5270 Guar.

303 5265 378 5323 ad
399 5265 752 5343 Cod.ApL95,
777 5271 833 5322 et
886 5265 1231 5343 Ilicopban.
1279 5265 1380 5343 'p._
1405 5271 1536 5343 {100,
1569 5286 1642 5343 7v.
1689 5268 1960 5343 Σαραγτᾴ-

301 5355 487 5414 πηχον
517 5341 575 5415 et
603 5336 687 5415 Du
722 5338 919 5415 Cangii
953 5336 1185 5415 Gl.'Gr.
1219 5336 1447 5415 9:800,
1483 5341 1575 5415 ubi
1611 5336 1960 5415 σαραντολεί·

303 5408 505 5491 anm
547 5408 740 5491 habet,
762 5408 1140 5491 quadraginta
1167 5408 1374 5491 missae,
1428 5408 1954 5491 quadragenarium.

309 5479 426 5554 Ipsi
453 5479 584 5556 'jarn
617 5479 836 5556 veteris
867 5479 1002 5554 σάρα
1044 5498 1146 5552 pro
1166 5479 1396 5556 τέσσαρα
1435 5479 1501 5539 ἐι
1529 5479 1666 5556 τᾶρα
1707 5501 1809 5556 pro
1848 5483 1962 5539 τέτ-

310 5552 450 5627 ταρα
490 5552 886 5628 dicebant,_ut
914 5552 1076 5621 patet
1117 5569 1186 5628 ex
1236 5552 1509 5628 Athenaeo
1567 5552 1622 5628 ρ’.
1668 5552 1795 5623 224,
1856 5557 1956 5612 ubi

312 5623 482 5700 poeta
512 5625 582 5682 de
611 5623 888 5700 superbia
918 5631 973 5680 et
995 5627 1282 5682 scmvitate
1306 5623 1686 5699 piscariorum
1709 5643 1959 5700 querens

314 5696 397 5753 ait
439 5712 539 5753 eos
621 5696 743 5753 tam
807 5696 1164 5768 importunos
1199 5766 1208 5768 _
1249 5696 1322 5752 et'
1378 5699 1595 5756 feroces
1673 5696 1817 5768 esse,
1895 5704 1959 5756 ut

313 5769 501 5842 pretia
556 5768 806 5840 piscium
863 5766 936 5826 ne
1001 5766 1245 5839 integris
1289 5767 1527 5840 quidem
1579 5766 1810 5842 verbis,
1851 5772 1955 5828 sed

2064 5125 2333 5202 abruptis
2386 5129 2443 5182 et
2491 5134 2651 5202 parte
2691 5129 2946 5202 quadam
2996 5133 3276 5191 mutilatis
3333 5135 3611 5202 indicent,
3659 5143 3728 5196 ut

2069 5214 2184 5253 non
2219 5194 2725 5273 dicanttekripwv'
2749 5194 2991 5276 ὀϐολῶν,
3032 5207 3134 5263 sed
3186 5194 3728 5268 tantummodo'ta'z;

2065 5286 2175 5343 ρων
2220 5285 2234 5326 :

2173 5446 2322 5539 102.05
2358 5449 2562 5539 ῥήματ’
2589 5447 2747 5539 ⁹ἀλλὰ
2787 5449 3069 5526 συλλαϐὴν
3110 5407 3353 5534 desit-(5:,

2173 5517 2368 5576 Βολῶν
2404 5517 2604 5598 γένοιτ’

2135 5628 2250 5698 (74)
2290 5631 2396 5687 Hie
2427 5631 2870 5713 deeratnabsque
2899 5633 3120 5692 lacunae
3151 5639 3394 5713 vestigio
3432 5641 3490 5699 in
3523 5642 3725 5701 codice

2063 5714 2344 5784 numerus
2375 5703 2840 5787 parhippiorum,
2874 5722 3047 5777 quem
3081 5725 3147 5767 ex
3197 5703 3473 5786 coniputo
3521 5715 3720 5787 depre.

2063 5769 2239 5827 bendi
2271 5779 2326 5827 et
2355 5777 2619 5827 sunnlevx
2651 5792 2709 5827 1n
2754 5776 2996 5827 Latinis.

2105 5773 2239 5830 endi
2271 5779 2326 5832 et
2355 5773 2619 5847 supplevi
2651 5776 2709 5833 in
2754 5773 2996 5834 Latinis.
