4052 6388
335 423 456 485 917

957 425 1056 487 DE
1099 424 1561 487 GERIMONIIS
1602 425 1841 487 AULIE
1885 425 2362 489 BYZANTlN/E
2405 431 2556 492 LIB.
2605 429 2650 490 Ι.
2698 463 2775 476 —-
2817 431 3166 492 APPEND.

3645 432 3769 492 918

328 563 512 635 καιρῷ
564 561 667 625 τῆς
724 551 1014 628 ἀποϐολῆς
1067 559 1166 627 τῆς
1219 563 1420 632 Συριας
1479 557 1555 618 εἷς
1595 557 1766 634 ταγήν
1799 561 1985 631 κριθῆς

2106 559 2213 628 ria,
2244 578 2373 634 quas
2420 579 2603 620 vacua
2636 564 2913 620 oneribus
2944 563 3012 620 ad
3053 562 3207 620 latus
3237 567 3610 623 oneratorum
3641 568 3764 624 tra-

331 649 614 723 σαγμάρια
668 649 728 724 ρ’.
783 649 955 722 Ὀμοῦ
1022 647 1085 703 τὸ
1144 651 1247 702 πᾶν
1311 647 1590 725 σαγμάρια
1675 647 1828 724 φπβ’.
1889 647 1994 702 Καὶ

325 739 400 795 τὰ
459 737 740 813 παρίππια
820 737 889 794 τά
969 739 1395 812 κομπινευθὲντσ
1455 738 1520 795 υ“.
1593 737 1847 811 Ἱππάρια
1903 737 1995 792 καὶ

327 828 650 904 παρασυρτά
677 829 744 882 τὰ
795 821 1098 903 ἔμπροσθεν
1143 831 1242 882 τοῦ
1294 825 1565 903 βασιλέως
1597 830 1994 902 περιπατοῦντα

325 915 481 989 δεξιὰ
525 917 618 971 καὶ
666 915 941 990 εὐώνυμα,
992 918 1134 991 ὁμοῦ
1190 917 1253 972 τὸ
1293 920 1396 971 πᾶν
1441 915 1675 991 ἰππάρια
1735 915 1995 989 μωλάρια

323 1011 474 1073 (utcf.
535 1007 633 1066 Καὶ
681 1007 992 1085 ἐστρωμένα
1040 1006 1296 1083 σελλέρια
1355 1006 1424 1063 λ’.
1482 1007 1588 1064 Καὶ
1641 1007 1740 1062 ὃσα
1797 1005 1855 1060 ἂν
1905 1003 1993 1079 ἔξ-

324 1097 564 1163 ἑλθωσιν
610 1099 716 1154 ἀπὸ
762 1104 863 1168 τῆς
912 1097 1128 1159 πόλεως
1177 1097 1267 1153 καὶ
1321 1096 1420 1152 ὅσα
1457 1093 1519 1151 ἂν
1561 1090 1704 1171 λαϐῃ
1739 1094 1826 1151 ἐπὶ
1858 1116 1993 1173 φοσ-

323 1190 498 1246 σάτου
545 1190 574 1243 6
631 1188 911 1265 βασιλεὺς,
959 1187 1167 1244 τούτων
1218 1188 1432 1244 πάντων
1477 1192 1585 1242 τῶν
1631 1185 1852 1263 ἀλόγων
1894 1186 1990 1246 τὰς

317 1281 500 1358 ταγᾶς
547 1274 964 1354 παραλαμϐάνει
1013 1278 1072 1334 ἐκ
1116 1282 1219 1334 τοῦ
1267 1275 1708 1354 πρωτονοταρίου
1749 1277 1776 1332 ὁ
1807 1274 1989 1350 κόμης

317 1373 425 1426 τοῦ
469 1364 711 1424 στάϐλου
757 1368 847 1423 καὶ
901 1369 930 1424 6
981 1366 1384 1444 χαρτουλάριος
1441 1367 1530 1422 καὶ
1587 1367 1616 1421 6
1671 1363 1985 1440 κελλάριος,

323 1459 418 1516 καὶ
477 1458 810 1534 χορηγοῦσιν
852 1456 931 1520 εἷς
974 1458 1146 1514 πάντα
1192 1458 1258 1513 τὰ
1305 1455 1732 1530 κομπινευθέντα
1785 1453 1986 1530 ἄλογα.

326 1547 650 1624 Ταγίζονται
684 1545 742 1602 δὲ
769 1548 836 1601 τὰ
884 1546 978 1619 μὶν
1016 1545 1294 1622 παρίππια
1347 1547 1438 1602 καὶ
1491 1547 1558 1600 τὰ
1613 1542 1868 1620 μωλάρια
1901 1541 1987 1598 δι-

326 1637 549 1712 τάγιον,
582 1636 650 1691 τά
681 1632 740 1690 δὲ
771 1633 1036 1711 σελλάρια
1064 1636 1366 1711 τριτάγιον.
1391 1636 1451 1692 Ὀ
1484 1632 1540 1690 δὲ
1570 1633 1822 1704 ἐπεικτης
1848 1653 1986 1709 παρ-

330 1728 542 1782 ίσταται
573 1726 648 1788 εἰς
677 1725 772 1789 τάς
801 1726 970 1803 ταγᾶς
1006 1730 1115 1781 τῶν
1159 1724 1349 1781 ’ίππων
1399 1727 1489 1784 καὶ
1535 1725 1611 1788 εἰς
1638 1725 1703 1780 τὰ
1735 1723 1987 1801 καλιγώ-

324 1837 473 1890 ματα
511 1813 601 1870 καὶ
635 1815 711 1877 εἷς
740 1815 806 1870 τὰ
835 1814 1127 1890 καπίστρια
1148 1815 1240 1870 καὶ
1262 1814 1339 1877 εἷς
1359 1813 1425 1871 τά
1453 1815 1758 1889 σαγίσματα
1788 1813 1878 1867 καὶ
1912 1811 1989 1875 εἷς

2105 649 2330 708 buntur
2373 661 2427 709 et
2467 653 2771 719 incedunt,
2802 653 3216 710 substituenda
3249 654 3306 709 in
3334 654 3527 711 locum
3562 655 3764 728 exspi-

2105 741 2360 798 rantium
2402 747 2504 799 aut
2550 743 2950 800 aberrantium
3001 743 3503 813 aufugientiumve
3534 749 3591 800 et
3621 745 3759 802 aba-

2105 837 2356 901 ctorum,
2372 831 2786 904 accipiuntque
2801 832 3052 888 diarium
3081 831 3279 888 hordei
3297 849 3564 903 pensum,
3581 851 3760 905 quan-

2103 920 2177 980 do
2201 922 2259 978 in
2281 923 2505 996 Syriam
2532 923 2823 979 invaditur
2853 924 3016 996 (sunt
3045 927 3239 978 autem
3268 938 3336 978 ea
3357 939 3598 980 numero
3629 941 3759 980 cen-

2102 1014 2272 1084 tum),
2315 1012 2624 1068 conﬁcitur
2668 1028 2950 1069 numerus
2980 1011 3415 1084 sagmariorum
3456 1013 3584 1069 582.
3619 1013 3759 1070 Par-

2101 1099 2304 1173 bippia
2350 1103 2679 1158 combinata
2727 1102 3044 1158 conﬁciunt
3074 1102 3179 1157 400
3207 1119 3412 1174 equos,
3445 1103 3661 1175 quibus
3707 1102 3759 1159 si

2101 1191 2395 1248 addantur
2437 1191 2520 1247 illi
2552 1191 2706 1264 equi,
2741 1193 2840 1264 qui
2871 1193 3103 1247 duabus
3134 1194 3190 1247 in
3225 1191 3516 1263 seriebus,
3551 1194 3756 1249 dextra

2101 1279 2476 1349 sinistraque,
2544 1295 2742 1336 coram
2791 1281 3144 1351 imperatore
3212 1281 3549 1352 pracedunt
3598 1287 3758 1348 (sunt

2099 1373 2296 1426 autem
2353 1369 2439 1424 illi
2489 1385 2734 1426 numero
2785 1369 2936 1443 104),
2977 1370 3244 1427 conﬁunt
3300 1370 3360 1425 in
3414 1371 3755 1427 universum

2091 1458 2360 1529 jumenta
2389 1458 2550 1515 mille
2579 1458 2875 1530 octoginta
2913 1474 3050 1526 sex;
3083 1463 3142 1514 et
3171 1462 3352 1515 strata
3382 1458 3759 1531 insessuique

2098 1562 2332 1619 semper
2351 1547 2625 1620 adaptata
2655 1546 2891 1604 sellaria
2918 1547 3179 1620 triginta.
3214 1547 3434 1604 Horum
3463 1548 3753 1619 omnium,

2097 1642 2152 1694 et
2183 1640 2458 1708 praeterea
2487 1641 2777 1710 quotquot
2803 1637 3151 1694 accesserint
3181 1654 3252 1694 ex
3282 1637 3456 1704 Urbe,
3488 1642 3544 1693 et
3576 1641 3755 1710 quot-

2097 1733 2235 1798 quot
2260 1725 2581 1798 imperator
2600 1729 2857 1799 tempore
2877 1727 3077 1783 fossati
3102 1726 3500 1796 nanciscatur,
3523 1727 3753 1797 borum,

2097 1814 2359 1888 inquam,
2385 1815 2793 1885 jumentorum
2824 1816 3089 1871 omnium
3123 1831 3309 1887 pensa
3338 1816 3526 1871 diaria
3555 1832 3587 1870 a
3619 1831 3754 1886 pro-

319 1906 417 1961 τὸν
440 1903 630 1960 ποτόν.
655 1905 1079 2005 ΘὲσπισμαέἹὸ)
1120 1901 1178 1959 δὲ
1206 1905 1440 1984 ἀρχαῖον
1468 1905 1729 1979 τυγχάνει
1763 1899 1982 1977 βασιλι-

2098 1904 2384 1960 tonotario
2425 1905 2577 1961 277
2611 1903 2903 1976 accipiunt
2940 1920 3140 1962 comes
3179 1903 3394 1960 stabuli
3435 1911 3489 1959 et
3519 1903 3754 1960 chartu-

318 1995 438 2063 κὸν,
461 1992 557 2049 ’ἕνα
590 1991 783 2066 μηδεὶς
815 1988 1071 2069 λαμϐάνῃ
1101 1995 1426 2073 χαριστικήν
1453 1996 1588 2068 (76),
1623 1993 1760 2066 μήτε
1795 1990 1986 2064 μωλά-

326 2104 470 2160 ριον,
507 2084 648 2157 μήτε
694 2081 1018 2157 παρίππιον,
1067 2077 1197 2159 ἕχον
1247 2081 1539 2158 βασιλικὴν
1573 2077 1868 2160 σφραγῖδα,
1892 2078 1988 2134 ἵνα

325 2174 406 2248 μὴ
439 2173 828 2246 κατακοινωθῇ
858 2174 892 2242 ἡ
927 2170 1290 2247 προμοσὲλλα
1319 2172 1408 2226 καὶ
1441 2170 1740 2238 ἀπόληται.
1776 2171 1900 2227 Ἐὰν
1934 2167 1992 2224 δέ

321 2284 409 2326 τις
441 2263 637 2337 εὑρεθῇ
666 2265 918 2318 τοιοῦτον
949 2256 1119 2338 ἔχων,
1159 2263 1233 2324 ὡς
1265 2263 1509 2332 κλέπτης
1541 2258 1981 2330 καταδικάζεται·

322 2351 383 2408 ἐκ
413 2350 472 2408 δὲ
517 2357 628 2408 τῶν
693 2352 770 2425 μή
829 2346 999 2406 ὄντων
1060 2348 1281 2428 ἀλόγων
1327 2350 1801 2428 ἐσφραγισμένων,
1851 2350 1990 2406 ὅπου

323 2443 536 2498 κελεύει
569 2442 597 2497 6
633 2439 913 2518 βασιλεὺς,
946 2439 1187 2509 δίδωσιν,
1241 2439 1348 2496 εἴτε
1392 2442 1645 2507 ἒθνικοῖς,
1679 2440 1787 2497 εἷ’τε
1817 2442 1990 2516 πρόσ-

323 2532 500 2610 φυξιν,
552 2529 662 2585 εἴτε
711 2527 908 2592 ἄλλοις
951 2529 1114 2600 τισὶν,
1167 2532 1249 2591 οἷς
1296 2527 1508 2585 κελεύει
1556 2531 1645 2585 καὶ
1708 2529 1986 2605 βούλεται.

324 2622 794 2698 Ἐσφραγισμὲνον
858 2622 960 2697 γὰρ
1019 2620 1280 2696 ἱππάριον
1312 2623 1348 2692 ἢ
1385 2621 1669 2697 μωλάριον
1723 2621 1986 2697 βασιλικῇ

332 2710 549 2789 βοΰφλῃ
605 2708 782 2767 οὐδενὶ
823 2707 1031 2766 δίδοται
1092 2710 1169 2775 εἷς
1215 2713 1564 2787 χαριστικήν.
1621 2709 1809 2781 ἐπειδή
1859 2713 1989 2790 γὰρ,

339 2796 435 2852 ὅτε
470 2801 684 2872 γηράσει
737 2800 826 2855 καὶ
867 2800 1224 2876 ἀνενέργητον
1273 2801 1410 2874 πρὸς
1465 2797 1781 2874 ὁδοιπορίαν
1828 2804 1993 2877 γένη-

347 2906 436 2941 ται
465 2886 740 2957 ταξειδίου,
785 2887 1050 2944 ἀλλάσσει
1089 2888 1221 2944 αὐτὸ
1270 2888 1348 2951 εἰς
1384 2889 1484 2958 τὴν
1533 2887 1825 2964 βασιλικὴν
1852 2911 1992 2965 προ-

340 2975 630 3048 μοσέλλαν.
689 2977 934 3054 Ὀφείλει
993 2976 1050 3035 δὲ
1114 2978 1142 3034 6
1213 2980 1394 3052 κόμης
1451 2983 1547 3034 τοῦ
1606 2974 1845 3036 στάϐλου
1899 2984 1990 3039 καὶ

333 3065 362 3121 6
391 3065 798 3144 χαρτουλάριος
845 3070 980 3143 μετά
1019 3073 1126 3124 τῶν
1179 3068 1466 3148 ἀρχόντων
1509 3067 1684 3123 αὐτῶν
1725 3070 1992 3144 παρίστα-

328 3156 446 3212 σθαι
506 3157 583 3220 εἷς
643 3159 739 3220 τὰς
791 3155 1078 3234 βασιλικὰς
1126 3157 1449 3237 φορτώσεις,
1491 3156 1579 3212 ’ἱνα
1623 3155 1847 3214 ἕκαστον
1892 3180 1988 3214 σα-

321 3245 560 3322 γμάριον
596 3248 834 3323 βαστάζῃ
889 3245 1096 3321 μοδίων
1149 3249 1200 3320 η’
1249 3249 1542 3326 γομάριοψ
1575 3246 1664 3303 καί
1695 3246 1754 3302 ἂν
1790 3247 1984 3323 εὕρωσι

315 3338 455 3392 κατά
504 3338 606 3407 τήν
671 3335 795 3392 ὁδὸν
853 3337 1304 3418 ἐπιφορτώματα,
1370 3337 1632 3393 τύπτουσι
1700 3339 1829 3401 τοὺς
1885 3359 1980 3394 τε-

313 3437 562 3492 θεικοτας
636 3427 703 3482 τὰ
776 3431 1020 3497 τοιαῦτα,
1106 3427 1198 3482 καὶ
1285 3427 1568 3502 ῥίπτουσιν
1651 3426 1805 3497 αὐτά,
1875 3430 1976 3485 Καὶ

316 3515 454 3589 μετά
508 3517 574 3572 τὸ
635 3516 1147 3587 ἀποκατασταθῆναι
1201 3516 1300 3585 τὴν
1359 3523 1654 3590 κομπῖναν,
1713 3515 1856 3588 τότε,
1891 3517 1976 3573 ἐάν

308 3603 524 3661 κελεόει
585 3606 614 3660 6
680 3603 939 3680 βασιλεὺς
1015 3609 1331 3681 περιπατεῖν
1405 3608 1504 3675 τήν
1585 3606 1711 3679 μίαν
1779 3605 1980 3681 κόρτην

315 3694 405 3748 καὶ
466 3694 561 3758 τὰς
614 3693 870 3768 ἡμισείας
934 3695 1141 3763 τέντας,
1219 3695 1332 3768 ἅμα
1404 3695 1494 3750 καὶ
1560 3701 1661 3764 τῆς
1725 3695 1980 3765 ἡμισείας

318 3782 616 3859 ὑπουργίας
656 3782 746 3838 καὶ
799 3783 1243 3858 προευτρεπίζειν
1288 3782 1356 3838 τά
1409 3781 1671 3859 βασιλικά
1700 3781 1980 3857 ἄπληκτοι,

318 3871 530 3946 γίνεται
580 3871 772 3934 οὓτως.
835 3873 939 3929 Καὶ
995 3869 1101 3934 ἕως
1158 3871 1220 3927 οὗ
1278 3871 1450 3945 ἑνωθῇ
1507 3877 1624 3935 τοῖς
1664 3871 1978 3946 θέμασιν,ἡ

319 3959 459 4029 αὐτὴ
493 3959 794 4026 ἀκολουθία
821 3959 1045 4035 γίνεται,
1075 3961 1167 4016 καὶ
1197 3962 1233 4031 ἡ
1262 3959 1408 4033 τάξις
1436 3967 1538 4030 τῆς
1568 3963 1982 4036 περιπατήσεως

323 4048 376 4104 ἐν
416 4053 487 4124 τῇ
520 4046 634 4123 6δῷ
681 4047 1010 4128 φυλάττεται
1061 4051 1198 4106 κατά
1241 4049 1335 4106 τὸν
1383 4051 1551 4107 τύπον
1593 4056 1690 4107 τοῦ
1736 4048 1984 4124 διακινή-

327 4159 517 4213 ματος.

2101 1993 2284 2050 larius
2307 1997 2364 2049 et
2385 1992 2675 2059 cellarius,
2698 1997 2757 2050 et
2775 1993 2911 2050 inde
2941 1993 3271 2050 attribuunt
3303 2008 3372 2049 ea
3401 1993 3752 2050 combinatis

2091 2082 2403 2154 jumentis.
2427 2083 2497 2138 Et
2527 2083 2586 2138 in
2610 2082 2917 2155 parhippia
2945 2082 3184 2155 quidem
3217 2086 3392 2155 atque
3422 2081 3616 2138 mulos
3644 2081 3752 2138 im-

2101 2180 2338 2248 putatur
2359 2192 2604 2248 pensum
2624 2176 2949 2248 geminum.
2973 2176 3034 2232 in
3057 2174 3323 2231 sellarios
3342 2179 3535 2231 autem
3567 2189 3753 2245 equos

2099 2265 2367 2340 triplum.
2411 2265 2642 2336 Epictes
2682 2281 2816 2321 vero
2852 2266 2870 2335 [
2875 2265 2933 2320 id
2982 2269 3072 2321 est
3102 2263 3434 2336 compulsor
3457 2267 3516 2320 et
3543 2279 3754 2334 opera—

2102 2374 2228 2415 rum
2246 2357 2535 2431 regiarum
2560 2373 2674 2430 prae
2684 2357 2907 2430 fectus],
2931 2357 3128 2413 adstat
3147 2357 3500 2421 observator,
3521 2356 3753 2428 quando

2099 2448 2236 2520 equi
2266 2464 2448 2517 pensa
2478 2463 2586 2502 sua
2625 2446 2942 2518 accipiunt,
2977 2449 3034 2502 et
3062 2445 3276 2516 caligas
3306 2449 3366 2502 et
3402 2444 3659 2517 capistra
3696 2450 3755 2502 et

2098 2536 2394 2609 stragulas
2416 2539 2472 2592 et
2494 2539 2718 2608 potum.
2735 2535 2839 2591 Est
2855 2551 3027 2608 porro
3047 2539 3214 2592 vetus
3227 2535 3478 2591 edictum
3503 2535 3752 2607 regium,

2100 2644 2173 2684 ne
2202 2628 2332 2699 quis
2383 2627 2440 2681 in
2491 2641 2710 2681 munus
2751 2625 2994 2697 accipiat
3024 2625 3249 2681 mulum
3283 2624 3746 2696 parhippiumve,

2100 2717 2249 2789 quod
2284 2715 2493 2772 habeat
2513 2713 2814 2786 imperiale
2835 2713 3072 2785 signum
3103 2713 3483 2785 impressum,
3506 2727 3580 2768 ne
3612 2727 3749 2783 pro-

2103 2805 2345 2862 mosella
2374 2821 2476 2862 seu
2516 2804 2811 2875 equitatus
2857 2802 3098 2875 privatis
3129 2803 3376 2874 Augusti
3409 2801 3612 2858 usibus
3640 2801 3749 2856 de-

2101 2896 2354 2951 stinatus
2384 2894 2444 2949 in
2477 2893 2634 2964 vulgi
2661 2893 2830 2949 cedat
2860 2908 3002 2948 usus
3023 2892 3410 2963 promiscuos,
3433 2905 3614 2963 eaque
3653 2905 3750 2946 oc-

2102 2983 2336 3039 casione
2355 2981 2659 3037 minuatur
2688 2983 2744 3036 et
2766 2983 2980 3052 pereat.
3005 2979 3065 3035 Si
3089 2979 3222 3051 quis
3244 2978 3425 3050 igitur
3454 2978 3751 3048 signatum

2102 3071 2283 3129 armis
2312 3069 2718 3143 imperialibus
2741 3069 3078 3140 jumentum
3104 3068 3316 3124 habere
3347 3066 3753 3138 deprehenda-

2101 3165 2216 3231 tur,
2248 3161 2298 3216 is
2326 3165 2606 3231 tanquam
2637 3157 2806 3214 furin
2832 3157 2932 3228 jus
2953 3164 3192 3214 vocatur
3223 3164 3277 3211 et
3307 3155 3641 3212 damnatur.
3674 3157 3753 3211 De

2103 3250 2313 3306 ceteris
2359 3248 2648 3320 jumentis
2694 3263 2809 3302 non
2869 3246 3115 3318 signatis
3153 3244 3398 3318 largitur
3441 3245 3755 3314 imperator

2015 3301 2065 3368 Ο
2094 3301 2862 3412 ᾑῐαωοκιονὶε,
2895 3301 3072 3406 quam
3122 3301 3442 3404 transfugis
3484 3301 3749 3405 aliisque,

2093 3428 2305 3501 quibus
2333 3424 2458 3482 vult
2504 3430 2562 3483 et
2590 3425 2716 3481 dari
2740 3425 2931 3498 jubet.
2966 3423 3108 3496 Equi
3141 3428 3336 3480 autem
3371 3427 3429 3479 et
3449 3422 3615 3490 muli,
3649 3437 3752 3479 au-

2087 3522 2262 3592 gusta
2281 3517 2496 3590 signati
2529 3516 2712 3580 bulla,
2737 3515 2981 3582 nemini,
3008 3519 3074 3570 ut
3094 3514 3313 3570 dictum
3333 3517 3443 3583 est,
3468 3529 3573 3586 pro
3597 3514 3752 3570 dono

2088 3607 2342 3680 gratuito
2375 3607 2606 3662 dantur.
2639 3608 2940 3661 Vetustate
2971 3607 3168 3660 autem
3190 3603 3470 3660 detritum
3501 3605 3559 3659 et
3588 3600 3752 3659 labo-

2090 3696 2248 3755 ribus
2273 3695 2495 3752 bellicis
2516 3694 2944 3766 ltineribusque
2973 3693 3262 3750 obeundis
3290 3693 3554 3765 ineptum
3580 3708 3752 3763 porro

2089 3787 2308 3842 factum
2341 3784 2628 3857 quidquid
2663 3783 2859 3853 fuerit,
2885 3783 2968 3852 id,
3008 3782 3270 3839 sutl‘eetis
3302 3781 3362 3838 in
3385 3781 3514 3852 ejus
3555 3779 3750 3836 locum

2089 3874 2241 3940 aliis,
2277 3875 2657 3931 absconditur
2686 3872 2746 3930 in
2796 3871 3206 3944 promosellam
3256 3867 3616 3941 imperialem
3648 3883 3750 3925 seu

2090 3965 2511 4038 promtuarium
2561 3967 2618 4018 et
2658 3961 2921 4018 scholam
2966 3960 3122 4016 velut
3151 3963 3328 4031 atque
3359 3957 3748 4015 seminarium

2090 4053 2460 4121 sellariorum
2509 4049 2930 4124 imperialium.
2980 4049 3202 4104 Adesse
3261 4047 3476 4104 debent
3531 4046 3746 4105 stabuli

2090 4158 2286 4200 comes
2331 4147 2391 4199 et
2454 4137 2852 4198 cbartularius
2890 4153 3026 4194 cum
3076 4136 3304 4209 reliquo
3361 4135 3555 4194 ofﬁcio
3617 4150 3747 4218 suo,

315 4230 552 4303 quando
604 4230 774 4304 regia
831 4232 1077 4289 sarcinas
1125 4232 1412 4304 jumentis
1459 4232 1867 4304 imponuntur,
1901 4236 1960 4290 et
2017 4231 2371 4305 prospicere,
2403 4235 2470 4287 ut
2500 4228 2860 4302 sagmarium
2918 4228 3384 4299 unumquodque
3411 4229 3746 4297 competens

317 4335 492 4376 suum
524 4335 692 4389 onus,
728 4320 903 4394 quale
931 4321 1157 4379 scilicet
1183 4326 1314 4378 octo
1360 4321 1638 4378 frumenti
1687 4322 1915 4378 modios
1943 4325 2158 4395 aequat.
2209 4319 2475 4393 accipiat.
2515 4319 2779 4375 Potestas
2839 4317 2955 4374 illis
3002 4319 3107 4384 est,
3165 4317 3215 4373 si
3245 4316 3377 4390 ipsa
3431 4315 3492 4369 in
3520 4313 3614 4370 via
3642 4313 3746 4370 de-

309 4409 677 4482 prehendant
717 4411 1060 4482 jumentum
1113 4427 1298 4468 unum
1337 4411 1665 4468 alterumve
1712 4416 2198 4484 superoneretum
2246 4427 2399 4480 esse,
2436 4408 2568 4467 illos
2613 4407 2864 4464 fustibus
2923 4405 3203 4477 caedendi,
3232 4405 3334 4478 qui
3379 4403 3542 4461 oneri
3594 4419 3743 4476 pra-

311 4497 532 4571 scripto
566 4498 697 4572 plus
726 4501 1064 4573 adjecerint,
1097 4506 1154 4558 et
1181 4500 1309 4575 ipsa
1352 4499 1727 4574 superaddita
1757 4517 1936 4558 onera
1964 4500 2298 4574 dejiciendi.
2330 4500 2404 4557 Ut
2433 4498 2898 4557 combinationes
2920 4497 3329 4569 jumentorum
3363 4493 3602 4551 tandem
3634 4493 3744 4551 rite

308 4587 549 4647 fuerunt
578 4589 829 4647 reductae
851 4591 958 4664 [εο.
991 4607 1022 4649 e
1052 4591 1332 4665 pascuis],
1367 4590 1631 4664 praecipit
1659 4589 1993 4664 imperator,
2026 4591 2076 4647 si
2107 4590 2214 4664 ipsi
2241 4591 2450 4664 placet,
2481 4588 2823 4645 alterutram
2855 4592 3073 4645 cortem
3095 4589 3153 4642 et
3181 4584 3486 4641 dimidiam
3519 4590 3740 4656 partem

308 4683 607 4737 tantarum
664 4686 843 4754 atque
900 4681 1214 4740 ministerii
1265 4682 1550 4740 culinaria
1610 4683 1931 4754 praecedere
1988 4687 2048 4740 et
2104 4685 2239 4738 ante
2298 4683 2614 4739 adventum
2661 4695 2835 4736 suum
2877 4679 3035 4750 regia
3074 4677 3364 4751 applicata
3392 4688 3740 4747 praeparare.

312 4768 385 4826 Et
445 4770 631 4828 donec
673 4787 803 4829 sese
853 4772 1195 4845 adjunxerit
1225 4772 1589 4830 tbematibus
1629 4788 1732 4828 seu
1791 4772 2120 4844 pervenerit
2174 4772 2247 4830 ad
2306 4771 2589 4845 legiones,
2655 4770 2998 4828 observatur
3053 4768 3212 4824 idem
3273 4770 3442 4824 tenor
3493 4768 3552 4822 et
3597 4763 3740 4822 ordo

317 4862 717 4933 processionis
745 4863 806 4920 in
839 4863 1047 4922 itinere
1069 4865 1390 4923 secundum
1422 4865 1672 4922 formam
1699 4871 2035 4921 consuetam
2067 4868 2266 4935 notus,
2295 4864 2352 4920 id
2384 4867 2475 4921 est
2504 4862 2894 4936 expeditionis
2923 4860 3163 4918 bellicae.

856 4955 987 5032 Περὶ
1019 4959 1126 5012 τῶν
1158 4953 1444 5031 κερκέτων.

2397 4958 2482 5012 De
2517 4954 2865 5011 circitoribus
2893 4957 2945 5010 et
2972 4951 3416 5009 circitationibus

394 5041 616 5114 Ἰστέον,
676 5044 783 5115 ὅτι,
841 5045 930 5100 ὅτε
997 5046 1298 5120 κερκετεόει
1358 5046 1386 5101 6
1441 5041 1801 5122 δρουγγάριος
1875 5047 1974 5110 τῆς

2151 5045 2395 5111 Quando
2422 5043 3016 5115 circitatdrungarius
3034 5040 3244 5115 vigilia
3285 5038 3738 5113 singulisvespe-

318 5129 526 5206 βίγλης
582 5131 677 5196 τὰς
727 5133 978 5210 ἒσπὲρας,
1057 5131 1327 5210 λαμϐάνει
1404 5131 1632 5213 φατλίον
1703 5132 1809 5190 ἀπὸ
1873 5137 1976 5189 τοῦ

2098 5133 2466 5204 ris,sumitab
2480 5133 2632 5190 idico
2647 5133 2876 5190 fatlium
2889 5149 2990 5190 seu
3007 5147 3237 5189 cereum
3253 5129 3732 5213 unum.Centum,

309 5219 543 5292 εἴδικοῦ,
599 5225 687 5280 καὶ
738 5225 796 5280 οἱ
827 5232 873 5301 ρ’
934 5227 1258 5306 σχολάριοι,
1319 5225 1410 5290 οὕς
1451 5221 1591 5302 ἔχει,
1623 5228 1843 5281 ποιοῦσι
1873 5225 1973 5294 τὴν

2098 5240 2231 5298 quos
2261 5223 2358 5282 ille
2388 5222 2499 5281 sub
2527 5239 2591 5281 se
2628 5222 2828 5295 habet,
2859 5223 3133 5282 scholarii
3164 5221 3386 5280 faciunt
3415 5221 3597 5279 tinam
3627 5234 3731 5277 seu

1341 5407 1540 5466 JOAN.
1579 5407 1724 5466 JAC.
1769 5405 2036 5465 REISKII
2075 5403 2658 5464 COMMENTARIUS.

2147 5578 2262 5652 (76)
2295 5579 2386 5670 ita
2433 5578 2823 5670 membrana;
2851 5579 2968 5668 Sed'
3000 5578 3217 5662 rectius
3247 5577 3726 5670 laptntxnvaro

2078 5647 2449 5782 ἕοῖριστὲκιον,
2483 5649 2597 5707 nisi
2620 5650 2764 5707 forte
2795 5647 3001 5726 δωρεάν
3035 5650 3226 5723 priore
3251 5647 3485 5708 i'n'casu
3517 5647 3721 5706 subin-

2105 5740 2137 5781 θ
2186 5739 2280 5797 iga
2311 5738 2400 5782 ur.

377 5583 493 5657 (75)
544 5583 619 5640 Ut
665 5582 864 5668 divina
919 5582 1118 5668 omnia
1172 5579 1970 5668 erant‘imperatorumtita

307 5650 917 5740 quoquenmm‘i‘data,
960 5654 1164 5740 edicta
1208 5661 1369 5740 emat
1417 5650 1779 5740 gaontquaﬁa,
1837 5667 1968 5740 ora-

307 5723 494 5857 ῗὲιὲιίς
525 5725 647 5787 vid.
697 5723 959 5800 Theopb.
993 5743 1049 5800 p.
1095 5727 1187 5795 22,
1218 5725 1290 5781 80
1317 5729 1375 5783 et
1423 5726 1512 5795 86,
1546 5723 1625 5783 ut
1656 5723 1800 5782 alios
1828 5723 1967 5781 mit-
