4052 6390
275 394 394 457 923

1342 390 1863 454 CONSTANTINI
1907 393 2613 456 POBPHYROGENITI

3567 391 3688 454 ΘΗ

277 531 710 608 prosequentes.
744 529 1069 598 Imperator
1096 527 1167 583 ad
1217 527 1677 599 unumquodque
1723 532 1922 600 tagma

2043 529 2174 600 μὲνη
2230 529 2343 602 (87)
2392 526 2792 600 ἀνταμείψηται
2848 524 2937 580 καὶ
2998 525 3349 603 εὐεργετήσῃ,
3379 523 3469 580 καὶ
3501 529 3693 598 τιμαῖς

275 625 332 678 et
359 620 557 675 thema
584 618 898 674 deﬂectens
930 617 1196 672 nonnihil
1229 617 1299 672 de
1328 617 1422 673 via
1451 615 1534 673 sic
1555 617 1633 674 ait
1667 634 1734 672 :«
1763 617 1834 674 Ut
1863 618 1922 673 in

276 709 517 783 pulchro
547 713 696 763 statu
727 722 832 762 vos
877 706 1272 762 invenerimus
1298 708 1310 762 Ξ
1343 708 1643 774 Quomodo
1676 707 1874 763 valetis
1897 708 1925 762 ?

277 798 569 872 quomodo
602 797 796 854 valent
826 812 1013 851 nurus
1040 806 1408 863 meae,vestraa
1432 811 1638 852 uxores
1670 802 1726 852 et
1757 797 1923 852 liberi

274 888 498 947 vestri?
526 887 827 954 Quomodo
856 885 1196 942 exantlastis
1228 886 1451 943 itineris
1481 886 1645 942 fata?
1673 888 1924 943 Emula-

275 978 444 1044 mini,
495 995 528 1034 ο
579 976 798 1032 milites
837 975 1048 1032 Christi
1098 981 1155 1032 et
1199 975 1301 1031 filii
1362 976 1498 1039 mei,
1556 992 1806 1048 congruo
1864 983 1924 1035 et

275 1071 609 1141 opportuno
631 1071 895 1138 tempore
913 1071 1158 1122 vestram
1184 1064 1588 1121 strenuitatem
1615 1071 1672 1122 et
1694 1067 1920 1122 fortitu-

277 1159 468 1215 dinem
499 1158 928 1225 demonstrare,
973 1160 1309 1226 rectamque
1338 1160 1594 1211 vestram
1643 1155 1701 1211 in
1736 1156 1920 1212 Deum

277 1255 334 1306 et
364 1249 423 1304 in
457 1248 676 1319 regiam
708 1252 968 1302 nostram
1003 1248 1367 1318 majestatem
1400 1247 1572 1302 ﬁdem
1599 1267 1614 1316 ;
1649 1263 1763 1320 quo
1795 1263 1923 1304 ma-

267 1341 454 1412 jestas
485 1341 708 1405 nostra,
741 1353 916 1409 quam
948 1338 1113 1393 decet
1142 1353 1280 1409 erga
1309 1341 1558 1393 vestram
1609 1338 1922 1394 strenuila-

274 1432 391 1484 tem
423 1432 482 1484 et
531 1426 935 1483 fortitudinem
967 1429 1024 1482 et
1071 1430 1287 1482 rectam
1319 1426 1520 1494 ﬁdem,
1570 1427 1924 1484 demonstret

275 1516 758 1585 benevolentiam,
789 1523 842 1572 et
887 1521 1227 1588 compensat
1257 1516 1455 1572 studia
1482 1521 1675 1573 vestra
1707 1516 1924 1572 benefi-

277 1607 384 1663 ciis
438 1611 496 1662 et
543 1606 865 1662 honoribus
941 1605 1121 1661 variis
1175 1609 1362 1672 ornet,
1418 1610 1476 1661 et
1536 1622 1605 1662 ex
1660 1606 1924 1677 indignis

280 1697 488 1768 dignos
545 1696 626 1768 [id
687 1703 793 1762 est,
855 1711 924 1751 ex
968 1695 1210 1766 privatis
1267 1693 1561 1766 publicam
1616 1712 1921 1767 personam

280 1784 670 1856 sustinentes]
730 1784 964 1852 efﬁciat,
1023 1783 1255 1856 aliaque
1330 1784 1638 1842 innumera
1694 1786 1755 1842 in
1823 1802 1924 1843 vos

279 1875 432 1931 bona
488 1879 547 1931 et
593 1874 690 1946 pia
737 1875 1016 1930 conferat.
1059 1896 1088 1924 ››
1122 1874 1260 1931 Post
1307 1873 1462 1931 hunc
1507 1877 1578 1931 ad
1637 1892 1735 1932 eos
1791 1891 1923 1947 pro-

276 1966 612 2022 nuntiatum
643 1979 973 2020 sermonem
1023 1964 1240 2020 abeunt
1267 1980 1417 2036 pone
1448 1965 1834 2036 drungarium
1874 1971 1932 2020 et

276 2055 607 2123 hetaeriam,
652 2058 708 2109 et
757 2054 1082 2124 procedunt
1129 2054 1185 2110 in
1238 2054 1418 2109 armis
1467 2060 1637 2125 atque
1684 2048 1931 2122 acie;et

280 2143 378 2199 ubi
400 2143 698 2198 otisndant
715 2147 1028 2213 augustam
1044 2142 1195 2197 viam
1220 2147 1319 2197 aut
1332 2142 1576 2198 ﬂuvium
1597 2151 1927 2214 pontemve,

281 2229 617 2303 pra-cedunt
638 2235 894 2301 tagmata
925 2229 1032 2285 hoc
1062 2229 1264 2286 ordine
1289 2245 1302 2284 :
1330 2229 1499 2302 primi
1532 2236 1676 2287 eunt
1705 2230 1927 2288 schola«

283 2321 352 2377 rii
379 2339 394 2388 ;
428 2335 527 2376 eos
541 2319 843 2391 excipiunt
860 2319 1225 2376 excubitores
1246 2337 1260 2387 ;
1282 2337 1430 2392 pone
1448 2319 1578 2376 illos
1599 2321 1928 2392 arithmus;

284 2415 342 2466 et
373 2415 585 2483 quarto
618 2409 858 2465 tandem
907 2408 1032 2465 loco
1065 2410 1319 2466 hicanati
1350 2410 1611 2482 veniunt,
1647 2416 1769 2468 tum
1801 2412 1932 2468 the-

283 2505 481 2568 mata;
513 2503 571 2555 et
601 2499 926 2556 secundum
959 2504 1218 2556 tenorem
1245 2501 1635 2558 cerimonialis
1667 2501 1931 2574 magistri

286 2593 342 2646 et
383 2588 615 2662 patricii
668 2593 726 2645 et
773 2588 1055 2644 catonitm
1103 2594 1161 2646 et
1208 2589 1351 2662 regii
1402 2590 1696 2660 eunuchi;
1739 2591 1850 2647 nisi
1880 2593 1931 2648 si

285 2695 432 2751 quos
465 2678 883 2750 magistrorum
906 2682 964 2734 et
981 2679 1354 2750 patriciorum
1373 2683 1428 2734 et
1451 2680 1701 2737 aliorum
1727 2682 1932 2739 adesse

285 2768 398 2825 sibi
429 2766 673 2823 voluerit
703 2771 762 2823 et
799 2768 870 2822 ad
903 2766 1259 2839 colloquium
1293 2768 1560 2840 protinus
1608 2772 1933 2828 evocaverit

283 2855 621 2926 imperator.
657 2855 720 2909 In
761 2853 965 2910 ordine
996 2855 1392 2925 patriciorum,
1424 2859 1490 2911 ut
1517 2856 1763 2923 dictum,
1798 2874 1934 2928 pro-

285 2943 830 3010 ceduntcmtonitaa;
857 2941 1030 3015 paulo
1052 2944 1433 3014 postveniunt
1453 2945 1932 3016 protovestiarius

286 3037 344 3089 et
391 3034 700 3104 prafectus
730 3049 944 3089 mensa
972 3050 986 3101 ;
1016 3049 1163 3103 pone
1193 3049 1293 3090 eos
1343 3034 1414 3090 ad
1447 3033 1657 3105 lapidis
1688 3036 1804 3092 fere
1839 3038 1933 3108 ja-

285 3127 443 3179 ctum
475 3123 796 3193 procedunt
825 3123 1097 3189 eunuchi,
1123 3123 1222 3195 qui
1256 3122 1430 3178 simul
1465 3125 1689 3194 patricii
1720 3131 1777 3181 et
1802 3142 1934 3197 pro-

285 3211 634 3283 tospatharii
691 3217 846 3266 sunt.
906 3211 1115 3268 Coram
1181 3213 1530 3282 imperatore
1597 3215 1934 3285 prmoedunt

2040 614 2320 694 διαφόροις
2350 619 2579 690 τιμήσῃ,
2625 614 2716 670 καὶ
2763 613 2815 686 ἐξ
2854 613 3083 684 ἀναξίων
3124 615 3306 685 ἀξίους
3359 616 3474 687 (88)
3520 611 3693 689 δείξῃ,

2031 707 2120 761 καὶ
2185 706 2351 780 μυρία
2404 704 2549 761 καλά
2605 705 2680 767 είς
2739 704 2877 776 ὑμᾶς
2933 700 3250 775 ἇνδείξηται.
3315 727 3343 756 ››
3404 703 3502 758 Καὶ
3559 705 3697 778 μετά

2030 796 2093 852 τὸ
2126 795 2366 865 λαλῆσαι
2396 795 2534 870 πρὸς
2563 793 2763 857 αὐτοὺς
2793 797 2964 849 ταῦτα
3019 787 3277 869 ἔρχονται
3335 791 3554 849 ὄπισθεν
3593 797 3694 848 τοῦ

2033 883 2393 962 δρουγγαρίου
2449 885 2539 940 καὶ
2603 889 2714 940 τῶν
2774 883 2861 940 ἐπὶ
2913 889 3013 954 τῆς
3066 885 3354 958 ὶταιρείας,
3401 884 3492 938 καὶ
3531 902 3692 957 περι-

2031 981 2259 1033 πατοῦσι
2308 977 2794 1054 παρατεταγμένοι.
2866 975 2974 1031 Καὶ
3030 975 3120 1030 ὅτε
3177 976 3374 1049 εὑρεθῇ
3439 975 3692 1047 στενωμα

2098 1068 2368 1140 ποταμὸς,
2428 1065 2537 1122 εἴτε
2574 1065 2664 1121 καὶ
2721 1067 2945 1144 γὲφυρα,
2987 1063 3284 1138 διαπερῶσι
3332 1065 3398 1119 τὰ
3437 1064 3693 1138 τάγματα

2032 1155 2356 1231 ἔμπροσθεν’
2416 1162 2631 1232 πρῶτον
2691 1157 2786 1228 μὲν
2873 1155 2926 1210 αἱ
3004 1153 3232 1231 σχολαὶ,
3311 1151 3556 1228 δεῦτερὸν
3621 1153 3692 1207 τὰ

2033 1242 2338 1318 ὲξκούϐιτα,
2393 1246 2574 1321 τρίτον
2631 1247 2660 1300 6
2719 1245 2973 1319 ἀριθμὸς,
3031 1245 3285 1318 τέταρτον
3335 1245 3364 1300 6
3409 1243 3688 1304 ἱκανάτος’

2033 1335 2246 1409 ὁμοίως
2303 1336 2395 1390 καὶ
2450 1337 2517 1390 τὰ
2573 1333 2800 1407 θέματα.
2859 1338 2966 1392 Καὶ
3021 1334 3199 1396 καθὼς
3257 1335 3285 1388 6
3343 1333 3512 1394 τύπος
3545 1329 3691 1407 ἔχει,

2032 1429 2418 1500 περιπατοῦσιν
2491 1426 2544 1480 οἱ
2618 1426 2911 1502 μάγιστροι
2984 1424 3076 1479 καὶ
3145 1423 3197 1478 οἱ
3266 1423 3544 1497 πατρίκιοι
3599 1423 3690 1476 καὶ

2035 1515 2090 1569 οἱ
2137 1520 2451 1570 κοιτωνῖται
2497 1513 2587 1569 καὶ
2631 1515 2683 1569 οἱ
2736 1512 3014 1588 βασιλικοὶ
3067 1513 3345 1588 εὐνοῦχοι·
3399 1512 3427 1566 6
3485 1508 3543 1566 δὲ
3592 1511 3695 1586 βα-

2035 1601 2218 1664 σιλεὺς
2279 1601 2432 1663 εὐθὺς
2509 1603 2599 1658 καὶ
2681 1602 2810 1674 παρ’
2883 1600 3023 1657 αὐτά
3098 1599 3493 1675 προσκαλεῖται
3563 1597 3694 1660 τοὺς

2040 1694 2372 1769 μαγίστρους
2427 1691 2516 1748 καὶ
2574 1692 2918 1768 πατρικίους,
2971 1691 3062 1746 καὶ
3135 1691 3291 1762 ᾧτινι
3351 1686 3410 1744 ἂν
3465 1686 3690 1760 κελεύῃ,

2035 1781 2411 1858 συντυγχάνει,
2459 1783 2550 1837 καὶ
2609 1780 2687 1846 εἷς
2737 1781 2830 1843 μὶν
2878 1782 2979 1850 τὴν
3040 1781 3186 1850 τάξιν
3239 1784 3346 1834 τῶν
3390 1776 3693 1852 πατρικίων

2034 1878 2424 1949 περιπατοῦσιν
2475 1874 2527 1928 οἱ
2585 1877 2922 1939 κοιτωνῖται,
2973 1872 3193 1935 ὐπίσθεν
3250 1867 3306 1924 δὲ
3357 1868 3548 1946 ὀλίγον
3597 1888 3697 1922 πε-

2037 1966 2254 2038 ριπατεῖ
2301 1963 2330 2016 6
2369 1955 2869 2038 πρωτοϐεστιάριος
2912 1959 3001 2014 καὶ
3052 1960 3080 2014 6
3129 1957 3216 2014 ἐπὶ
3264 1965 3364 2028 τῆς
3395 1960 3695 2030 τραπέζης,

2037 2051 2126 2108 καὶ
2195 2049 2413 2116 ὄπισθεν
2477 2051 2650 2106 αὐτῶν
2712 2050 2788 2114 ὼς
2845 2048 2999 2104 λίθου
3067 2047 3244 2123 βολήν
3303 2049 3693 2122 περιπατοῦσιν

2038 2144 2093 2196 οἱ
2152 2140 2406 2216 εὐνοῦχοι
2460 2140 2550 2195 καὶ
2639 2138 2917 2214 πατρίκιοι
3000 2137 3088 2193 καὶ
3183 2137 3690 2212 πρωτοσπαθάριοι·

2037 2225 2340 2306 ἔμπροσθεν
2401 2227 2458 2285 δὲ
2512 2233 2610 2284 τοῦ
2668 2227 2936 2302 βασιλέως
2990 2231 3380 2302 περιπατοῦσιν
3435 2226 3488 2281 οἱ
3525 2245 3699 2300 πραι-

2036 2321 2255 2375 πόσιτοι
2300 2318 2390 2374 καὶ
2431 2319 2494 2374 τὸ
2541 2314 2955 2386 κουϐοὖκλειον,
3004 2315 3096 2372 καὶ
3148 2317 3308 2389 μέσον
3357 2319 3468 2371 τῶν
3525 2335 3698 2391 πραι-

2037 2408 2275 2464 ποσίτων
2356 2412 2643 2483 περιπατεῖ
2719 2402 3176 2481 κουϐικουλάριος
3259 2406 3542 2479 βαστάζων
3626 2407 3700 2459 τὰ

2034 2498 2194 2572 τίμια
2249 2500 2339 2554 καὶ
2388 2498 2634 2567 ζωοποιὰ
2689 2497 2824 2566 ξύλα
2871 2499 2985 2569 (89)
3043 2497 3177 2568 μετᾶ
3229 2498 3332 2560 τῆς
3389 2497 3564 2566 θήκης
3603 2493 3697 2550 ἐπὶ

2037 2592 2134 2643 τοῦ
2172 2585 2484 2664 τραχήλου·
2545 2584 2847 2660 ἔμπροσθεν
2895 2583 2953 2640 δὲ
2999 2589 3095 2639 τοῦ
3142 2579 3539 2639 κουϐουκλείου
3593 2603 3699 2638 περ

2042 2681 2353 2753 ριπατοῦσιν
2411 2677 2461 2731 οἱ
2525 2675 2827 2752 βασιλικοὶ,
2897 2675 2990 2729 καὶ
3067 2676 3228 2748 μέσον
3278 2673 3487 2729 τούτων
3543 2693 3702 2748 περι-

2037 2771 2198 2822 πατεῖ
2254 2765 2584 2842 σιγνοφόρος
2663 2765 2946 2838 βαστάζων
3006 2763 3234 2838 σταυρὸν
3287 2767 3526 2838 χρυσοῦν
3577 2760 3705 2818 διά-

2039 2854 2217 2914 λιθον.
2268 2859 2618 2929 ’Έμπροσθεν
2676 2851 2732 2909 δὲ
2784 2858 2892 2909 τῶν
2961 2853 3265 2928 βασιλικῶν
3312 2855 3707 2926 περιπατοῦσιν

2038 2945 2146 2999 ἀπὸ
2192 2940 2288 2998 δύο
2341 2937 2756 3018 σαγιττοϐόλων
2803 2944 3120 3017 παρασυρτὰ
3171 2939 3432 3017 βασιλικά
3470 2941 3706 3015 ἱππάρια

2043 3039 2087 3110 ρ’
2137 3035 2272 3107 μετά
2336 3033 2684 3108 σαγισμάτων
2734 3031 3014 3104 ἀληθινῶν
3055 3032 3145 3088 καὶ
3199 3029 3504 3108 βορκαδίων
3552 3028 3698 3101 δεξιά

2116 3121 2130 3143 ‘
2228 3123 2240 3142 ’
2274 3123 2286 3142 Ι
2608 3124 2620 3140 \
2716 3120 2740 3156 ,Ι
2943 3119 2967 3138 λ
3047 3122 3059 3140 Ι
3237 3119 3262 3142 ν
3441 3119 3455 3140 1
3646 3119 3657 3136 1

2041 3143 2132 3177 και
2191 3142 2464 3196 ευωνυμα.
2523 3129 2623 3177 Και
2681 3118 2778 3176 δυο
2836 3119 3173 3191 κανοιδατοι,
3207 3141 3316 3178 ειτε
3370 3141 3457 3176 και
3487 3120 3702 3174 σπαθα-

2051 3234 2184 3290 ριοι,
2235 3211 2383 3283 δεξιά
2427 3213 2517 3268 καὶ
2566 3213 2820 3286 εὐώνυμα
2862 3217 2962 3268 τοῦ
3017 3213 3285 3288 βασιλέως
3342 3215 3704 3288 περιπατοῦσι

287 3301 582 3375 ρνωροείὶί
611 3306 669 3358 et
699 3300 1055 3371 cubiculum,
1089 3301 1434 3372 mediusque
1463 3301 1612 3359 inter
1659 3306 1934 3376 praeposi-

2048 3285 2417 3378 καϐαλλάριοι
2468 3302 2542 3365 ὡς
2594 3303 2700 3358 ἀπὸ
2748 3285 3117 3374 διαστήματος
3171 3304 3307 3375 μετά
3344 3285 3706 3376 σκουταρίων,

286 3394 381 3446 tos
401 3390 660 3447 ambulat
677 3388 1077 3447 cubicularius
1098 3395 1333 3462 gestans
1352 3389 1412 3446 in
1436 3393 1656 3449 cervice
1673 3399 1934 3451 sanctam

291 3485 348 3538 et
371 3480 660 3535 viviﬁcam
693 3495 925 3535 crucem
960 3478 1017 3534 in
1037 3496 1143 3535 sua
1163 3479 1636 3552 capsula.Coram
1669 3483 1938 3541 cubiculo

293 3570 625 3642 praecedunt
672 3568 919 3637 basilici,
978 3572 1035 3624 et
1089 3568 1150 3625 in
1193 3585 1396 3626 eorum
1457 3573 1645 3628 medio
1694 3572 1940 3646 signifer

293 3663 532 3732 gestans
579 3672 818 3713 auream
851 3674 1086 3713 crucem
1114 3660 1361 3729 gemmis
1413 3666 1697 3719 ornatam.
1732 3663 1935 3721 Coram

291 3746 548 3804 basilicis
580 3747 652 3802 ad
684 3748 831 3804 duos
865 3747 1088 3819 sagitta
1101 3749 1298 3819 jactus
1322 3749 1660 3821 praecedunt
1689 3752 1939 3809 ducliles

293 3836 428 3910 equi
448 3836 589 3908 regii
613 3839 852 3892 centum
881 3837 941 3891 in
961 3837 1238 3906 stragulis
1258 3839 1566 3909 purpureis
1589 3847 1644 3896 et
1665 3840 1939 3912 calyptris

293 3924 523 3981 duabus
554 3925 838 3993 seriebus,
872 3925 943 3980 ad
974 3926 1234 3982 dextram
1260 3943 1378 3982 una
1408 3927 1563 3984 280
1605 3937 1658 3984 et
1688 3930 1759 3986 ad
1793 3930 1938 3987 sini-

293 4022 472 4074 stram
497 4016 794 4074 altera.Ad
815 4023 1133 4091 utrumque
1155 4019 1686 4092 imperatorislatus
1709 4024 1940 4082 modica

294 4110 572 4165 distantia
601 4110 918 4180 procedunt
949 4113 1269 4169 residentes
1299 4113 1358 4168 in
1391 4115 1558 4188 equis
1589 4116 1705 4172 duo
1737 4117 1940 4173 candi-

292 4198 415 4255 dati
462 4197 551 4256 vel
599 4202 655 4255 et
693 4199 997 4270 spatharii,
1043 4203 1231 4258 scutis
1279 4204 1510 4271 armati,
1561 4221 1804 4275 quorum
1850 4210 1940 4262 est

293 4304 411 4356 eos,
444 4287 544 4360 qui
574 4304 708 4344 cum
739 4287 952 4346 libellis
984 4291 1346 4363 supplicibus
1385 4293 1456 4349 ad
1505 4293 1810 4351 dominum
1841 4311 1938 4350 ac-

293 4381 557 4448 currunt,
589 4393 791 4436 secum
835 4394 1067 4436 sumere
1106 4385 1162 4437 et
1209 4382 1279 4438 ad
1311 4381 1721 4455 imperatorem
1766 4383 1938 4440 intro-

2046 3392 2136 3447 καὶ
2193 3391 2319 3454 τοὺς
2382 3391 2864 3467 προσερχομένους
2932 3391 3213 3468 ἐπαίρουσι
3271 3391 3360 3448 καὶ
3429 3391 3707 3468 εῒσάγουσι

2047 3482 2183 3558 πρὸς
2209 3481 2300 3537 τὸν
2337 3482 2583 3558 βασιλέα,
2633 3481 2721 3537 καὶ
2780 3480 3159 3556 ἑπερωτῶνται
3199 3483 3325 3556 παρ’
3371 3481 3559 3549 αὐτου,
3592 3478 3623 3535 6'
3653 3499 3708 3534 τι

2049 3572 2108 3627 ἂν
2143 3568 2377 3640 δέονται,
2407 3571 2495 3627 καὶ
2538 3565 3014 3644 ἀναλαμϐάνονταί
3044 3572 3113 3627 τὰ
3141 3568 3366 3640 δεητικά
3405 3567 3581 3626 αὒτῶν
3614 3566 3709 3624 καὶ

2049 3657 2402 3716 ἀποδίδοῦσιν
2441 3658 2576 3715 αὐτὰ
2606 3660 2682 3723 εἷς
2724 3659 2818 3716 τὸν
2869 3657 2958 3715 ἒπὶ
3007 3663 3115 3715 τῶν
3165 3657 3403 3730 δεήσεων
3430 3661 3569 3732 (90).
3602 3657 3707 3714 Καὶ

2049 3751 2138 3806 ὅτε
2167 3745 2451 3823 καταλάϐῃ
2493 3750 2521 3803 6
2576 3747 2831 3823 βασιλεὺς
2877 3749 2940 3804 τὸ
2985 3744 3291 3820 ἄπληκτον,
3332 3745 3454 3803 ἔνθα
3482 3748 3517 3815 ἡ
3554 3746 3716 3822 βασι-

2049 3837 2179 3910 λική
2235 3837 2452 3894 ’ίσταται
2511 3839 2706 3913 κόρτη,
2764 3836 2924 3894 καλεῖ
2991 3836 3118 3899 τοὺς
3198 3837 3556 3914 μαγίστρους,
3615 3835 3711 3890 τὸν

2048 3926 2372 4003 δομὲστικον
2402 3934 2511 3984 τῶν
2559 3928 2784 4005 σχολῶν
2831 3928 2922 3984 καὶ
2969 3928 3384 4003 πραιποσίτους,
3422 3928 3548 3989 τοὺς
3584 3927 3714 3981 ἀνθ-

2049 4017 2546 4094 υπατοπατρικίους
2594 4019 2684 4072 καὶ
2731 4016 3072 4093 στρατηγοὺς
3113 4017 3203 4072 καὶ
3251 4015 3382 4078 τοὺς
3447 4015 3708 4095 ὀφφικια-

2050 4107 2208 4169 λίους
2261 4109 2352 4162 καὶ
2425 4105 2884 4183 κλεισουράρχας,
2952 4107 3043 4162 καὶ
3119 4105 3560 4184 συνευφραίνεται
3617 4103 3710 4159 ἐπὶ

2047 4203 2145 4269 τῆς
2179 4197 2474 4274 τραπέζης.
2527 4196 2744 4266 Ἰστὲον,
2805 4198 2889 4254 ὃτι
2940 4197 3016 4260 εἰς
3067 4198 3130 4252 τὸ
3186 4195 3494 4268 ἄπληκτον,
3535 4193 3583 4250 εί
3613 4215 3711 4250 κε-

2050 4288 2197 4346 λεύει
2228 4291 2256 4346 6
2291 4287 2569 4366 βασιλεὺς,
2617 4289 2796 4352 καθὼς
2852 4286 3129 4350 πολλάκις
3176 4285 3466 4349 Βασίλειος
3514 4285 3543 4340 6
3586 4284 3712 4340 ἀοί-

2049 4378 2208 4456 διμος
2268 4379 2522 4456 βασιλεὺς
2576 4379 2819 4452 ἐποίησε,
2881 4377 3073 4435 δίδωσι
3127 4383 3208 4452 τῷ
3269 4380 3363 4452 μὶν
3421 4381 3710 4453 στρατηγῷ

1347 4481 1543 4540 JOAN.
1583 4483 1731 4540 JAC.
1772 4483 2039 4542 REISKII
2079 4481 2670 4541 COMMENTARIUS.

367 4593 927 4684 (§7)‘2!Igmplica‘tiora
970 4594 1259 4684 haemon
1309 4597 1676 4684 strictissime
1723 4599 1947 4684 reddidi
1978 4603 2026 4669 Β
2102 4600 2242 4684 ,(89)
2271 4603 2495 4684 Cruces
2513 4602 2575 4654 ut
2593 4615 2686 4682 res
2712 4613 2939 4684 magna!
2965 4597 3119 4670 apud
3137 4592 3712 4684 _Grtsc-os‘venerati3:

292 4663 353 4720 in
387 4663 639 4733 Latinis,
663 4671 971 4723 contentus
1003 4669 1357 4724 sententiam
1390 4670 1761 4726 adumbrare.
1797 4671 1946 4727 Con-

291 4737 541 4814 struotio
590 4739 673 4814 ita
701 4736 1045 4814 explicanda
1067 4739 1370 4814 _est_:_'Iva
1409 4741 1464 4808 η’
1491 4737 1745 4814 βασιλεία
1785 4743 1944 4814 ᾕμῶν

289 4805 449 4888 ᾄξίως
489 4813 589 4888 τῇς
649 4805 900 4888 ἀνδρῖείας
939 4840 1010 4852 —-
1057 4805 1444 4888 ἀποδεξαμένη
1473 4805 1720 4885 [scilicet
1749 4805 1944 4888 αῦτήν]

290 4878 693 4954 ἀνταμείψηται
736 4878 946 4937 εὔνοιαν
984 4912 1053 4954 -τ
1113 4889 1177 4937 ut
1225 4878 1490 4954 majestdi
1542 4889 1729 4940 nostra
1771 4878 1946 4943 modii

290 4957 474 5007 vestra
517 4955 852 5023 fortitudine
894 4962 946 5011 et
987 4953 1196 5023 pietate
1244 4953 1437 5021 digni:
1487 4955 1780 5014 admittens
1825 4974 1948 5015 eam

291 5028 344 5076 et
372 5023 560 5095 einen:
587 5025 701 5095 sibi
731 5026 865 5082 bene
895 5026 1136 5095 placere,
1179 5029 1448 5083 retribuat
1495 5027 1942 5086 benevolentiam.

365 5091 491 5165 (88)_
520 5093 809 5152 Solemnis
851 5091 1143 5165 formula;
1175 5098 1293 5154 vid.
1335 5099 1744 5156 Constant.vit.
1772 5102 1942 5160 Basil.

294 5161 519 5249 Macen.
553 5181 609 5236 p.
644 5168 769 5222 210.
795 5168 1100 5249 Ἄξιος-σει
1133 5161 1220 5226 uir
1246 5171 1941 5249 spectabilis,uenerabilis,

294 5235 364 5317 ab
397 5235 623 5305 ἅζομαι,
654 5235 908 5317 ueneror,
949 5235 1700 5317 ᾆξ-ίωμαηςίιαναοῑενίᾳυί
1741 5235 1945 5317 δειρηὲ

294 5310 412 5383 tem
447 5309 1362 5383 venerabilemreddit,'dvigtoc,
1403 5331 1469 5372 eo
1514 5309 1944 5383 cassusfvilis.

291 5380 592 5454 Frequens
625 5380 966 5454 vocabulum
999 5380 1070 5439 in
1091 5380 1502 5454 marmoribus,
1526 5392 1592 5443 ut
1620 5380 1947 5445 observavit

423 5450 718 5534 Gorsinius
774 5452 837 5534 in_
893 5454 1044 5534 notis
1102 5449 1680 5534 Graecor.__pag.__5_5.
1712 5459 1946 5534 ,Μήτηρ

291 5518 411 5610 ἀξία
467 5522 637 5611 idem,
683 5525 838 5595 quod
901 5522 1050 5611 ἀγία,
1096 5518 1770 5611 Βριιεναρίίίσδᾶδελφιξξ-
1812 5518 1945 5611 ἔξίῷ

293 5593 408 5647 ὄντι
447 5593 796 5672 καί-,ζήσαντι
837 5593 1044 5672 καλῷς.
1087 5593 1512 5672 ὓίρηᾱνῦοηιω
1561 5593 1682 5672 ρΓο’
1713 5593 1944 5668 illustri,

292 5665 618 5796 ἓεὲεὸεῃὺέἓὲ,
673 5673 762 5726 est
821 5669 973 5741 apud
1024 5665 1398 5730 Anastasium
1444 5672 1504 5730 in
1550 5665 1824 5747 Gregorio
1871 5665 1947 5732 IV

2060 4663 2151 4728 nis
2184 4663 2450 4744 prmlatas
2480 4672 2537 4727 in
2568 4671 2690 4727 acie
2722 4663 3038 4744 inﬁgens?!
3056 4676 3193 4725 nota
3222 4673 3309 4726 est
3336 4663 3711 4744 etiexemplils

2056 4734 2300 4816 prolatis
2358 4742 2816 4816 demonstravitg
2841 4734 2927 4816 Du
3000 4741 3194 4816 Gange
3265 4756 3320 4798 v.
3400 4734 3712 4816 Σταυρόφάο

2054 4810 2186 4872 veta.
2218 4815 2452 4884 '[Sacrm
2503 4829 2707 4869 cruces
2735 4810 3233 4884 oﬁ‘erebantur'in
3282 4810 3708 4884 expeditionem

2056 4879 2405 4942 ituriefScr.
2447 4883 2965 4957 post_Tbe0phan.
3000 4901 3051 4957 pg.
3105 4883 3234 4957 572,
3280 4879 3412 4957 coll.
3465 4879 3705 4957 p_.__396.

2054 4962 2202 5016 Cum
2235 4953 2871 5027 cruce,i'maginibus'et
2897 4955 3078 5027 cereis
3102 4955 3327 5010 obviam
3353 4953 3505 5027 hosti
3527 4953 3703 5027 ltum.

2053 5029 2238 5110 Nicet.
2270 5023 2634 5110 Qhoniatip.
2670 5029 2816 5110 .361,
2845 5026 3069 5110 coll.‘p.
3120 5027 3218 5110 31‘,
3261 5027 3354 5110 so,
3403 5025 3530 5090 335,
3576 5023 3704 5108 eos,

2055 5101 2152 5157 ubi
2185 5096 2637 5171 dejuramcntis
2667 5098 2725 5156 in
2767 5096 3218 5171 Evangelium.]'
3263 5100 3336 5154 At
3377 5096 3708 5171 carroeiurn

2056 5166 2301 5229 eosdem
2309 5173 2369 5228 in
2399 5171 2522 5227 acie
2541 5166 3095 5228 circumductitasse
3110 5166 3245 5225 eu'm
3268 5169 3522 5242 imagine
3543 5166 3705 5242 B.V_.,

2057 5245 2210 5315 quod
2261 5243 2528 5316 perhibet
2556 5244 2957 5316 Rhamnusius
2999 5261 3055 5316 p7.
3089 5241 3230 5316 113,
3264 5238 3417 5316 ρυῑὸ
3455 5241 3510 5316 id
3559 5238 3711 5316 ipsis

2053 5311 2126 5399 ab
2157 5311 2394 5399 homine
2421 5316 2711 5399 tributum
2743 5311 3050 5399 fuisse,qui
3079 5315 3235 5386 quod
3259 5311 3455 5399 inlisu
3486 5311 3709 5399 Latinis

2055 5388 2158 5514 tilla
2183 5391 2350 5514 aptate
2378 5395 2522 5460 erat,
2552 5387 2728 5446 etiam
2759 5385 3105 5446 obtinuisse
3125 5387 3279 5460 apud
3319 5385 3548 5443 Graecos
3579 5397 3713 5441 cre-

2099 5474 2190 5514 ere
2223 5504 2237 5514 .

2099 5474 2237 5517 ετθῑ.

2053 5548 2345 5691 “(333613:
2375 5549 2484 5608 hac
2531 5549 2818 5624 dignitate
2847 5549 2962 5607 vid.
3015 5552 3100 5606 Du
3132 5547 3330 5622 Cangii
3379 5545 3566 5604 Gloss.
3603 5543 3705 5604 Gr.
