4052 6396
373 404 493 464 929
989 407 1091 468 DE
1132 406 1605 472 CERIMONIIS
1652 411 1890 474 AULAE
1935 411 2417 479 BYZANTlN/E
2461 421 2608 482 LIB.
2658 421 2705 480 Ι.
2758 453 2832 466 --
2879 422 3216 484 APPEND.
3670 426 3791 488 930

363 552 535 633 μητες
584 538 688 633 τῆς
741 534 986 633 κόρτης,
1023 537 1115 633 καὶ
1171 537 1510 633 παρέχουσιν
1574 540 1875 620 ἄγγαρίδια
1939 547 2008 618 τᾷ

2137 547 2380 612 Quando
2413 551 2473 609 in
2523 553 2750 612 deserta
2797 556 3201 627 penetraverit,
3250 557 3544 631 accipiunt
3588 561 3790 633 quavis

363 619 737 720 6pouy‘Tap-itu
769 631 870 694 τῆς
910 623 1130 720 *βίγλης
1186 628 1264 720 sic
1291 631 1394 684 τᾶσ
1422 629 1710 720 βασιλικὰς
1743 629 2008 720 δουλείας.

2127 637 2222 696 die
2251 638 2556 699 Dominica
2578 619 2925 716 majum-am,
2942 649 3000 700 et
3017 619 3236 718 singuli
3261 619 3495 720 singula
3525 619 3784 706 miliare—

355 713 483 767 Ὀτι
513 711 572 767 6‘s
632 712 870 789 ὑπάρχει
902 716 930 769 6
989 712 1350 794 ὃρουγγάριος
1403 718 1484 782 εἷς
1547 719 1840 796 βασιλικὴν
1893 718 2008 777 δου-

2127 726 2235 784 sia.
2295 731 2404 797 Qui
2464 733 2533 788 ad
2594 733 2775 790 tinam
2856 751 2958 791 seu
3033 737 3359 793 custodiam
3421 745 3784 795 castrensem

358 799 536 866 λείαν,
586 799 936 878 ἐκπροσωπεῖ
991 804 1154 862 αύτὸτ
1214 807 1242 862 6
1312 807 1582 871 ἱκανάτος.
1619 812 1749 868 Ὅτε
1789 807 1847 866 δὲ
1887 810 2008 867 ἀπο-

2125 825 2436 892 utramque
2469 823 2784 893 pertinent,
2804 823 3145 881 interiorem
3173 836 3308 897 puta
3330 831 3386 882 et
3416 826 3780 897 exteriorem,

357 885 507 985 ϐάλῃ
575 890 928 985 ὀμβασιλευς
995 893 1072 958 εἷς
1126 897 1222 958 τὰς
1280 897 1546 972 ἐρήμους,
1609 899 1726 955 οῧτι
1773 901 1808 970 ἡ
1841 899 2008 975 κόρτη

2124 906 2395 963 scholarii
2425 912 2589 978 (nam
2623 927 2693 967 ex
2725 928 2838 981 quo
2870 911 3194 984 imperator
3215 913 3273 968 in
3306 913 3533 985 Syriam
3565 921 3784 985 movet,

355 973 943 1074 πρρλαμϐάνειροίἲτε
1013 985 1081 1040 τὰ
1159 985 1421 1061 βασιλικᾶ
1483 990 1797 1065 πράγματα,
1889 973 2008 1048 0611

2129 995 2318 1052 ambit
2344 973 2567 1055 cortem
2604 973 2823 1073 regiam
2859 973 2976 1056 non
3019 1001 3148 1072 jam
3183 973 3455 1074 simplex,
3511 1010 3572 1058 ut
3613 973 3782 1071 alias,

356 1065 710 1163 ἄλλου-τινὸς
765 1070 1089 1163 οἱονδήποτε
1129 1079 1372 1152 πρᾶγμα,
1425 1077 1573 1147 πλήν
1609 1079 1704 1140 οὕς
1734 1075 1852 1154 ἔχει
1885 1078 2008 1156 ὁρί-

2122 1084 2220 1139 sed
2255 1087 2484 1154 gemina
2512 1065 2938 1146 scholariorum
2974 1065 3220 1162 vigilia),
3254 1065 3318 1145 hi
3336 1065 3473 1163 ergo
3507 1065 3781 1148 scholarii

362 1179 474 1251 σειν
606 1156 970 1238 δρουγγάριος
1026 1170 1127 1234 τῆς
1168 1163 1370 1240 βίγλης
1401 1165 1509 1222 ἀπὸ
1540 1169 1884 1242 προστάξεως
1914 1173 2008 1224 106

2122 1172 2421 1245 accipiunt
2449 1180 2669 1249 pariter
2697 1177 2923 1251 singuli
2956 1156 3557 1250 sin'gula—miliar'esia.
3591 1180 3780 1236 Etiam

360 1248 638 1325 βασιλέως
688 1251 746 1307 ἐκ
801 1257 911 1310 τῶν
969 1255 1240 1330 θεμάτων,
1283 1257 1726 1335 προφυλάττουσι
1766 1260 1856 1316 καὶ
1913 1280 2008 1315 πε-

2122 1263 2424 1320 archontes
2455 1248 2560 1321 seu
2594 1269 2770 1323 duces
2805 1248 3126 1335 wmilitare's,
3161 1273 3444 1341 quotquot
3487 1268 3642 1326 circa
3672 1269 3784 1325 im-

360 1338 674 1413 ριπατοῧσιν
735 1340 1039 1418 ἔμπροσθεν
1084 1349 1181 1401 106
1233 1345 1505 1423 βασιλέως
1545 1349 1621 1413 ὡς
1667 1348 1773 1404 ἀπὸ
1808 1347 2009 1423 μιλίων

357 1426 456 1484 δύο
514 1429 730 1504 ἀκρίται
780 1434 895 1504 (98)
925 1435 996 1512 φ’,
1028 1432 1219 1508 ἄνδρες
1259 1433 1769 1511 ἐξωπλισμένοι,καὶ
1821 1435 2004 1513 ἕτερον

354 1521 516 1594 θέμα,
551 1521 667 1576 οἷον
723 1521 916 1597 ὸρίσει,
970 1521 1059 1580 ’ἶνα
1106 1524 1208 1581 ὦσι
1265 1525 1712 1605 πλαγιοφύλακες
1767 1529 1840 1591 ὡς
1900 1529 2006 1585 ἀπὸ

355 1608 730 1684 διαστήματος
776 1617 872 1668 106
933 1611 1206 1688 βασιλέως
1276 1616 1477 1690 μιλίων
1535 1615 1656 1688 δύο,
1706 1618 1794 1674 καὶ
1849 1618 2008 1694 ἓτερα

355 1695 453 1755 δύο
503 1699 730 1773 θέματα,
790 1703 880 1758 οἶα
934 1702 1106 1779 ὁρίσει
1157 1705 1186 1759 6
1244 1702 1612 1784 δρουγγάριος
1668 1714 1767 1778 τῆς
1801 1707 2003 1783 βίγλης

351 1787 413 1844 ἔκ
470 1791 811 1864 προστάξεως
850 1795 945 1846 1.06
1002 1791 1288 1867 βαςιλὲως,
1336 1792 1428 1849 ’ἱνα
1494 1794 1624 1851 ὦσιν
1711 1796 2006 1876 ὀπισθοφύ-

2117 1357 2446 1423 peratorem
2471 1360 2802 1424 versantur,
2827 1356 3122 1428 accipiunt
3155 1373 3414 1428 persaepe
3443 1357 3782 1430 largitiones

2116 1439 2177 1496 in
2224 1441 2584 1511 miliaresiis,
2634 1444 2684 1501 si
2734 1444 2978 1501 libuerit
3030 1446 3372 1517 imperatori
3437 1447 3782 1503 beneﬁcium

2115 1529 2234 1600 illis
2264 1536 2322 1587 et
2351 1532 2850 1603 gratiﬁcationem
2884 1539 3178 1605 praestare.
3228 1534 3519 1606 Majorum
3550 1535 3784 1606 quidem

2115 1621 2391 1676 ordinum
2435 1627 2707 1692 rectores,
2758 1623 2876 1678 sive
2924 1624 2994 1678 ad
3038 1629 3322 1695 tagmata,
3365 1625 3487 1680 sive
3527 1625 3600 1680 ad
3654 1624 3781 1680 the-

2117 1717 2274 1765 mata
2306 1711 2663 1782 pertineant,
2696 1713 2908 1768 debent
2927 1727 2994 1768 eo
3018 1728 3174 1778 casu,
3200 1712 3249 1768 si
3275 1728 3486 1784 nempe
3505 1728 3782 1768 numma-

2115 1799 2270 1854 rium
2302 1805 2392 1856 est
2449 1802 2825 1870 beneﬁcium,
2877 1803 3141 1873 accipere
3189 1802 3404 1858 viritim
3460 1801 3780 1860 miliaresia

352 1875 542 1941 λακες.
605 1880 703 1935 Καὶ
764 1878 1101 1938 ὑπαλλάσσει
1180 1883 1309 1946 τούς
1395 1884 1734 1962 ἀμφοτέρους
1810 1875 2004 1960 ἑκάστῃ

2126 1888 2285 1956 bina,
2316 1894 2418 1945 aut
2447 1895 2634 1958 terna,
2667 1891 2788 1947 imo
2808 1897 2866 1947 et
2897 1898 3202 1963 quaterna,
3225 1891 3426 1947 habita
3457 1907 3666 1963 nempe
3689 1909 3779 1947 ra-

354 1971 560 2044 ἡμέρᾳ.
639 1970 744 2028 Καὶ
827 1967 1249 2046 παραλαμϐάνει
1333 1975 1361 2028 6
1450 1971 1813 2052 δρουγγάριος
1887 1975 2016 2037 τοὺς

354 2059 610 2133 κόμητας
651 2066 749 2130 τῆς
808 2061 1011 2134 κόρτης
1055 2066 1161 2116 τῶν
1206 2063 1478 2136 θεμάτων,
1521 2065 1612 2119 καὶ
1673 2062 1788 2144 ἔχει
1822 2065 2015 2128 αὐτοὺς

355 2149 434 2212 εἷς
457 2149 782 2224 παραμονήν
810 2153 907 2205 106
951 2148 1222 2225 βασιλέως
1265 2152 1339 2213 εἰς
1369 2153 1434 2208 τὸ
1465 2155 1632 2208 θεῖναι
1662 2157 1761 2224 τὴν
1813 2156 2014 2227 κὸρτην

354 2238 448 2295 καί
476 2239 554 2302 εἰς
585 2239 648 2294 τὸ
680 2238 832 2315 ῥίψαι
867 2241 1001 2313 μετὰ
1031 2244 1141 2296 τῶν
1165 2244 1546 2318 κορτιναρίων,
1599 2245 1694 2299 Διὰ
1724 2248 1883 2300 τοῦτο
1913 2245 2015 2320 γὰρ

352 2329 445 2385 καὶ
493 2326 794 2384 καλοῦνται
847 2323 1093 2402 κόμητες
1157 2337 1258 2400 τῆς
1314 2331 1536 2408 κόρτης.
1573 2333 1683 2390 Καὶ
1736 2333 1828 2390 ὅτε
1870 2333 2014 2390 θέλει

353 2421 705 2495 κερκετεῦσαι
760 2419 788 2473 6
845 2415 1207 2495 ὃρουγγάριος
1266 2421 1331 2476 τὰ
1388 2423 1616 2495 θέματα,
1679 2423 1850 2501 ἤγουν
1879 2424 2018 2479 κατᾶ

351 2509 543 2578 νύκτα,
602 2502 721 2584 ἔχει
760 2509 877 2582 μεθ’
937 2508 1134 2566 ἑαυτοῦ
1179 2511 1310 2573 τοὺς
1368 2511 1566 2577 αὐτοὺς
1621 2513 1870 2586 κόμητας
1912 2521 2014 2584 τῆς

351 2600 558 2674 χάρτης
606 2603 717 2653 τῶν
786 2599 1033 2670 θεμάτων
1083 2601 1171 2656 καὶ
1241 2597 1584 2678 μανδάτορας
1640 2604 1730 2658 καὶ
1784 2602 1879 2658 δύο
1920 2625 2016 2682 φαο

353 2687 482 2744 τλία
529 2687 634 2743 ἀπὸ
684 2692 784 2742 106
856 2685 1147 2762 βασίλικοῦ
1234 2690 1565 2766 βεστιαρίου,
1619 2693 1707 2747 καὶ
1794 2713 2013 2768 περιγυ-

367 2776 507 2851 ρεύει
558 2779 623 2833 τὰ
665 2775 894 2852 θέματα,
943 2779 1033 2833 καὶ
1097 2785 1292 2854 θεωρεῖ
1355 2779 1450 2843 τὰς
1517 2779 1856 2857 πεὸητούρας
1922 2783 2012 2838 καὶ

371 2867 439 2920 τα
494 2861 796 2943 ἒξωϐἱγλια,
856 2867 946 2923 καὶ
1006 2871 1065 2923 ἂν
1127 2869 1259 2944 εὕρῃ
1316 2871 1462 2933 τινας
1532 2875 1640 2926 τῶν
1723 2871 2012 2949 ἀρχόντων

370 2951 696 3027 ἀμελοῦντας
723 2955 783 3010 ἐκ
809 2960 918 3012 τῶν
965 2956 1234 3030 μενόντων
1266 2957 1342 3019 εἷς
1373 2959 1474 3026 τήν
1533 2955 1875 3030 πεδητούραν
1923 2959 2011 3014 καὶ

361 3043 440 3106 εἰς
469 3044 536 3100 τὰ
594 3040 913 3121 ἐξωόίγλια,
945 3045 1036 3101 καὶ
1097 3045 1203 3101 ἀπὸ
1237 3047 1334 3120 μὶν
1383 3052 1756 3123 τουρμαρχῶν
1793 3047 1884 3103 καὶ
1914 3070 2011 3105 κα·

355 3133 582 3210 τωτέρω
638 3135 826 3191 τύπτει
887 3134 1089 3198 αὐτοὺς
1140 3135 1405 3212 ἰσχυρῶς,
1466 3136 1556 3191 καὶ
1613 3139 1793 3202 καθὼς
1849 3138 2009 3213 εὕρῃ-

356 3221 690 3299 ἀναγγέλλει
737 3228 816 3297 τῷ
878 3225 1113 3300 βασιλεῖ.
1175 3226 1236 3282 Ὀ
1294 3223 1352 3280 δί
1413 3228 1854 3302 πρωτοστράτωρ
1913 3233 2010 3284 τοῦ

2127 1978 2284 2034 tione
2313 1995 2540 2050 eorum,
2572 1981 2789 2053 quibus
2817 1982 3052 2037 dantur.
3083 1980 3278 2054 Neque
3311 1981 3420 2053 ipsi
3447 1987 3674 2038 tantum
3709 1996 3776 2037 eo

2127 2066 2410 2124 beneficio
2447 2069 2746 2138 fruuntur,
2778 2072 2876 2126 sed
2931 2071 3108 2126 etiam
3152 2087 3265 2142 quo
3294 2076 3556 2142 tempore
3585 2069 3777 2142 gravis

2128 2156 2392 2228 supellex
2424 2158 2482 2212 in
2519 2157 2813 2215 hosticum
2866 2159 3223 2228 immittitur,
3261 2164 3550 2231 quotquot
3581 2159 3777 2231 magi-

2127 2250 2386 2302 atrorum
2421 2245 2760 2304 militarium
2792 2247 2969 2321 regiis
3001 2249 3287 2305 vehuntur
3310 2249 3480 2320 equis
3505 2256 3560 2305 et
3600 2248 3778 2320 regiis

2126 2340 2378 2392 utuntur
2407 2338 2741 2410 sagmariis,
2775 2337 2986 2394 horum
3039 2337 3140 2393 illa
3187 2338 3313 2408 ipsa
3357 2353 3588 2410 quoque
3619 2336 3778 2410 regia

2127 2425 2405 2497 animalia
2435 2427 2648 2483 debent
2677 2432 2815 2484 tunc
2849 2428 3107 2499 accipere
3138 2427 3336 2484 hordei
3371 2428 3594 2484 modios
3624 2444 3778 2500 qua-

2124 2517 2322 2570 ternos
2354 2516 2410 2570 in
2437 2531 2686 2587 pensum
2720 2517 2996 2572 diarium.
3051 2517 3342 2588 Quotquot
3373 2523 3511 2572 sunt
3541 2516 3777 2572 sellaria

2126 2601 2282 2657 nuda
2307 2618 2406 2658 seu
2440 2605 2575 2675 equi
2609 2605 2953 2676 equitationi
3012 2605 3251 2676 quidem
3304 2605 3608 2670 destinati,
3635 2609 3776 2661 tunc

2123 2695 2316 2747 tamen
2340 2692 2616 2764 ephippio
2639 2709 2754 2748 non
2774 2693 3046 2749 instructi
3079 2708 3268 2765 neque
3289 2693 3544 2749 insessui
3562 2693 3773 2764 parati,

2124 2779 2182 2834 hi
2217 2780 2326 2836 sub
2358 2781 2632 2852 stragulis
2683 2798 2750 2838 eo
2780 2788 3043 2853 tempore
3073 2783 3243 2838 debet
3273 2791 3515 2838 octonos
3546 2782 3772 2838 modios

2124 2867 2321 2924 hordei
2357 2874 2586 2940 portare
2611 2895 2625 2933 ;
2650 2875 2932 2942 quotquot
2961 2877 3155 2925 autem
3184 2885 3378 2926 comes
3409 2869 3626 2926 stabuli
3662 2869 3772 2926 sub

2123 2973 2185 3013 se
2216 2957 2390 3013 habet
2420 2960 2578 3030 regia
2611 2960 2920 3032 parhippia
2965 2963 3025 3014 et
3065 2961 3382 3032 sagmaria,
3424 2958 3527 3015 illa
3570 2963 3776 3015 onerat

2123 3046 2289 3103 denis
2313 3048 2525 3104 modiis
2549 3047 2772 3104 hordei.
2795 3048 3101 3104 Praefectus
3125 3065 3340 3104 mensas
3362 3049 3536 3105 debet
3560 3048 3776 3105 habere

2122 3141 2431 3191 excusatus
2478 3151 2510 3190 e
2556 3138 2811 3193 themate
2858 3136 3062 3209 opsicii
3109 3147 3164 3192 et
3215 3136 3448 3207 quidem
3489 3153 3520 3193 e
3559 3136 3773 3208 praedio

2124 3224 2463 3280 Tembrium
2486 3227 2662 3291 dicto,
2685 3227 2911 3282 retibus
2937 3227 3281 3294 instructos,
3307 3232 3371 3281 ut
3389 3226 3574 3297 pisces
3606 3243 3636 3282 e
3665 3225 3771 3281 ﬂu-

359 3312 639 3388 βασιλέως
704 3316 837 3388 μετὰ
893 3317 984 3371 καὶ
1063 3316 1376 3390 στρατόρῶν
1458 3322 1625 3393 τριῶν
1711 3317 2008 3392 βασιλικῶν

2125 3314 2235 3370 viis
2258 3317 2469 3371 deserti
2494 3315 2744 3388 capiant.
2777 3315 3452 3387 Quandiuimperatorin
3483 3314 3773 3372 Romanis

353 3403 468 3476 ἅμα
521 3408 603 3476 τῷ
652 3404 858 3478 κόμητι
914 3409 1010 3460 106
1069 3403 1310 3460 στάϐλου
1349 3405 1439 3461 καὶ
1505 3405 1678 3482 τρισὶν
1729 3406 2014 3483 ἱππαρίοις

349 3494 722 3568 ἒστρωμὲνοις
770 3499 992 3550 ποιοῦσι
1049 3495 1408 3570 παραμόνιμα
1466 3496 1685 3550 ὄπισθεν
1763 3501 1859 3552 106
1911 3497 2010 3571 βα-

353 3582 572 3638 σιλικοῦ
639 3581 849 3658 πύργου
903 3585 1035 3657 (99),
1093 3581 1199 3647 ἓως
1239 3584 1300 3639 o6
1354 3579 1488 3658 ἐκϐῇ
1521 3585 1550 3638 6
1598 3584 1852 3660 βασιλεὺς
1905 3586 2010 3640 ἀπὸ

353 3672 579 3747 Συρίας.
630 3675 708 3729 Τά
761 3669 818 3728 δὲ
870 3673 1109 3747 ἱππάρια
1151 3675 1218 3729 τὰ
1264 3669 1620 3750 σεσαγισμένα
1675 3676 1768 3730 καὶ
1840 3696 2010 3750 παρα-

354 3762 626 3834 συρόμενα
684 3761 865 3818 οὐκέτι
895 3768 1290 3837 ποριπατοῦσιν
1349 3759 1674 3838 ἔμπροσθεν,
1707 3762 1836 3819 ἀλλ’
1868 3764 2010 3820 ὅπου

351 3849 496 3907 ἐστὶν
546 3854 582 3922 ἡ
640 3851 1002 3927 προμοσέλλα
1054 3855 1089 3923 ἡ
1177 3851 1460 3928 βασιλικὴ,
1520 3851 1632 3909 ἐκεῖ
1718 3854 2008 3929 βόσκονται

356 3945 493 4015 μετᾶ
547 3948 655 3999 τῶν
707 3943 937 4008 λοιπῶν,
992 3945 1084 4000 καὶ
1134 3944 1384 4020 ἐπιτήρεῖ
1444 3946 1582 4002 αὐτὰ
1640 3946 1669 4000 6
1723 3945 2009 4021 βασιλικὸς

352 4028 772 4108 σταϐλοκὲμης,
831 4039 1004 4091 ποιῶν
1073 4035 1174 4104 τὴν
1213 4036 1472 4112 πρόνοιαν
1527 4036 1729 4094 αὐτῶν.
1769 4043 1896 4094 Ὃτε
1954 4035 2011 4092 δὲ

352 4121 632 4194 ἀπόληται
676 4128 748 4197 (1)
799 4123 859 4180 ἐκ
913 4129 1009 4180 106
1073 4123 1210 4180 λαοῦ
1276 4121 1606 4194 οἱονδήποτε
1678 4131 1922 4201 πρᾶγμα,
1982 4128 2010 4181 6

353 4211 602 4282 εύσηκὼς
663 4215 814 4290 φέρει
872 4213 1025 4284 αὐτὸ,
1059 4214 1148 4269 καὶ
1182 4211 1373 4269 δίδωσι
1404 4218 1484 4286 τῷ
1529 4212 1877 4291 δρουγγαρίῳ
1909 4221 2010 4285 τῆς

356 4299 585 4378 βίγλης,
619 4305 707 4358 καὶ
765 4307 794 4359 ὁ
824 4301 1097 4364 ἀπολέσας
1153 4299 1375 4383 ἔρχεται
1412 4304 1550 4377 πρὸς
1596 4303 1688 4358 16v
1741 4300 2009 4379 δρουγγά-

364 4411 506 4465 ριον,
539 4391 630 4447 καὶ
681 4388 952 4465 λαμϐάνει
990 4393 1053 4447 τὸ
1087 4390 1224 4449 ἷδιον
1258 4394 1522 4468 εὐχερῶς.
1560 4392 1651 4456 Εἷς
1684 4391 1741 4448 66
1784 4393 1812 4446 6
1842 4392 2007 4468 εὕρη-

357 4483 470 4544 κὼς
535 4483 598 4538 τὸ
651 4487 876 4559 πρᾶγμα
943 4484 1243 4560 ἀποκρύψει
1303 4483 1434 4539 αὑτὸ
1483 4483 1573 4538 καὶ
1633 4483 1717 4539 ἐπ’
1764 4481 2011 4558 ἐσχάτων

356 4570 570 4647 εὑρεθῇ,
631 4572 706 4636 ὡς
776 4571 1020 4643 κλέπτης
1081 4570 1521 4644 καταδικάζεται.
1599 4573 1822 4643 Ἰστὲον,
1902 4571 2009 4642 ὅτι,

2123 3412 2233 3471 est,
2263 3405 2476 3461 debent
2524 3406 2583 3460 in
2640 3421 2993 3477 unoquoque
3041 3405 3298 3460 themate
3346 3421 3447 3461 seu
3479 3404 3770 3470 districtu,

2122 3495 2222 3566 qui
2246 3495 2534 3566 cujusque
2555 3500 2717 3561 sunt,
2734 3494 3110 3566 protonotarii
3135 3495 3351 3550 servire
3373 3502 3426 3549 et
3445 3493 3774 3551 necessaria

2121 3585 2582 3642 subministrare.
2615 3584 2838 3642 Pariter
2865 3601 3101 3658 quoque
3141 3584 3292 3642 282
3324 3585 3568 3640 comites
3598 3583 3774 3641 cortis

2122 3680 2398 3746 praestant
2445 3676 2748 3747 angaridia
2788 3692 2888 3731 seu
2932 3677 3191 3745 jumenta
3238 3677 3516 3733 coacticia
3564 3690 3773 3730 cursus

2121 3764 2338 3836 publici
2393 3783 2496 3836 pro
2545 3782 2685 3821 casu
2733 3766 3098 3822 necessitatis
3153 3764 3412 3835 urgentis
3457 3764 3773 3835 drungario

2119 3855 2350 3927 vigiliae,
2384 3856 2688 3928 quandois
2712 3856 2932 3920 regium
2959 3855 3195 3926 aliquod
3228 3853 3574 3909 mandatum
3605 3868 3774 3924 expe-

2121 3945 2309 4000 ditum
2343 3946 2406 4000 it.
2441 3945 2526 3999 Ob
2583 3944 2738 4016 quod
2775 3943 3195 4014 perficiendum
3237 3941 3380 3996 dum
3413 3941 3463 3996 is
3495 3957 3529 3994 a
3558 3941 3770 3998 castris

2121 4036 2307 4100 abest,
2333 4035 2578 4089 sustinet
2607 4035 2736 4104 ejus
2757 4033 2910 4088 vices
2931 4037 3108 4103 atque
3135 4047 3442 4102 personam
3461 4029 3773 4087 hicanatus

2122 4140 2221 4179 seu
2255 4125 2560 4195 praefectus
2593 4123 3020 4178 hicanatorum.
3063 4121 3309 4188 Quando
3343 4127 3536 4177 autem
3574 4121 3633 4176 in
3673 4123 3773 4178 de-

2121 4218 2274 4268 serta
2319 4228 2381 4268 se
2412 4213 2723 4284 projecerit
2751 4227 2969 4280 suaque
3015 4216 3206 4268 castra
3243 4211 3578 4282 imperator,
3629 4217 3772 4269 tunc

2121 4317 2310 4373 neque
2341 4301 2516 4358 cortis
2549 4299 2817 4373 praecedit
2847 4300 3054 4357 itinere
3100 4301 3334 4367 diurno,
3366 4315 3557 4372 neque
3587 4314 3681 4356 res
3710 4304 3770 4356 et

2122 4388 2382 4461 supellex
2431 4389 2592 4461 regia
2638 4387 2951 4444 alteriusve
2999 4387 3289 4457 alicujus;
3336 4388 3434 4444 sed
3475 4386 3560 4442 illi
3605 4387 3773 4458 quin-

2121 4478 2278 4551 genti
2331 4476 2542 4535 delecti
2589 4477 2720 4548 viri,
2792 4492 2940 4549 quos
3013 4475 3369 4548 drungarius
3429 4475 3638 4548 vigilias
3701 4491 3771 4532 ex

2122 4570 2465 4626 auctoritate
2511 4567 2669 4641 regia
2699 4566 3096 4640 designaverit
3125 4574 3182 4624 et
3210 4583 3241 4622 e
3272 4567 3601 4640 legionibus
3630 4581 3768 4622 evo-

353 4664 454 4715 106
523 4659 797 4737 βασιλᾶως
836 4661 889 4718 ἐν
948 4664 1121 4739 Συρίᾳ
1156 4659 1329 4733 ὄντος,
1391 4657 1762 4736 λαμϐάνουσιν
1819 4662 1870 4717 οἱ
1915 4662 2008 4736 μά-

2122 4660 2356 4726 caverit,
2387 4659 2593 4714 armati
2633 4658 2926 4714 excubant
2966 4673 3070 4729 pro
3117 4656 3347 4726 castris,
3398 4662 3454 4712 et
3502 4658 3766 4713 antever-

353 4770 571 4826 γιστροι
621 4751 713 4807 καὶ
770 4752 821 4807 0i
869 4752 1148 4829 πατρίκιοι
1222 4753 1313 4808 καὶ
1391 4752 1442 4807 οἱ
1528 4751 2013 4830 πρωτοσπαθάριοι

353 4839 705 4918 ὀφφικιάλιοι
761 4841 1054 4916 μαῖουμάνο
1112 4842 1163 4898 oi
1225 4842 1320 4915 μὲν
1392 4842 1686 4919 μάγιστροι
1743 4842 1843 4898 ἀνά
1909 4838 2006 4896 δύο

353 4934 628 5009 σιρακτῶν,
688 4932 740 4985 0i
809 4928 867 4987 δὲ
907 4930 1197 5008 πατχίκιοι
1253 4931 1356 4988 ἀνά
1402 4936 1640 5012 σφακτοῦ
1697 4932 1806 5003 ἒνὸ,
1847 4932 1899 4986 o't
1948 4927 2006 4986 δὲ

349 5020 858 5094 πρωτοσπαθάριοι,
918 5019 1261 5098 όφφικιάλιοι
1311 5020 1405 5076 σὺν
1469 5018 1564 5076 δύο
1639 5022 1702 5076 τὸ
1771 5021 2001 5099 σφακτὸν

349 5107 548 5182 ἑκάστῃ
618 5113 886 5184 Κυριακῇ,
931 5111 994 5165 16
1039 5108 1095 5166 δὲ
1151 5114 1308 5186 χῦμα
1362 5114 1461 5166 106
1519 5107 1681 5179 λαοῦ,
1739 5107 1908 5187 ἤγουν
1950 5109 2004 5164 οἱ

353 5193 637 5271 βασιλικοὶ
698 5196 925 5274 ἅγουροι
981 5200 1072 5255 καὶ
1104 5200 1155 5254 οἱ
1213 5199 1300 5256 ἐπὶ
1357 5203 1456 5268 τῆς
1513 5198 1780 5275 ἑταιρείας
1811 5198 1904 5254 καὶ
1951 5198 2002 5254 0i

349 5283 547 5342 λοιποὶ
595 5286 688 5342 σὺν
749 5283 876 5343 δέκα
927 5289 989 5344 τὸ
1020 5290 1280 5364 σφακτόνο
1316 5290 1367 5346 οἱ
1408 5287 1466 5344 δὲ
1497 5287 1698 5354 ἐθνικοὶ
1732 5289 1826 5344 σὺν
1849 5285 1898 5343 λ’
1939 5287 2001 5343 16

2125 4753 2260 4805 tunt
2289 4764 2357 4805 ea
2387 4749 2456 4805 ad
2481 4749 2732 4805 duorum
2763 4746 3108 4803 milliarium
3141 4747 3502 4803 distantiam.
3530 4744 3659 4801 Alia
3689 4745 3770 4802 le-

2118 4834 3765 4911 gio,qualemcumquetandemdeputaveritdrungarius,

2115 4929 2442 5000 eXpeditur,
2475 4938 2537 4983 ut
2565 4931 2636 4983 ab
2670 4933 2917 4998 utroque
2948 4931 3129 4982 latere
3165 4927 3238 4982 ad
3270 4927 3516 4982 duorum
3551 4923 3768 4981 millia-

2115 5018 2269 5073 rium
2301 5018 2374 5072 ab
2405 5017 2756 5088 imperatore
2785 5016 3126 5072 distantiam
3159 5016 3441 5082 excubet;
3472 5014 3597 5070 alie
3623 5019 3765 5070 tan-

2113 5111 2245 5164 dem
2277 5107 2408 5162 dum
2441 5108 2696 5179 legiones
2719 5124 2751 5163 a
2775 5107 3092 5178 drungario
3114 5123 3182 5161 ex
3205 5105 3580 5177 imperatoris
3605 5121 3767 5160 Inan-

2114 5198 2251 5252 dato
2283 5196 2629 5268 ablegantur
2661 5212 2807 5269 pone
2838 5205 3050 5265 castra,
3083 5200 3166 5262 ut,
3201 5211 3329 5267 qua
3350 5213 3383 5249 a
3413 5200 3577 5266 tergo
3607 5202 3767 5262 sunt,

2116 5286 2466 5342 custodiant.
2500 5283 2717 5342 Omnes
2765 5284 2878 5340 illis
2924 5284 3180 5341 excubias
3229 5285 3460 5353 anticus,
3498 5282 3767 5340 laterales

1355 5445 1554 5502 JOAN.
1593 5446 1738 5504 JAC.
1781 5444 2048 5501 REISKII
2087 5437 2676 5498 COMMENTARIUS.

421 5593 726 5686 ἓθδλῗεὲτίί.
741 5592 1309 5686 βέέῖἒῖέίῖίξῗξνὲεῖίὲ
1322 5596 2001 5686 ΕυὲῗξτῗῗέἴιέἱίΡίέΡΞξὲ

347 5667 400 5723 si
431 5663 672 5739 ἔκκριτοι
705 5663 1397 5739 scriptuminvenissem.
1431 5667 1540 5721 Sed
1572 5664 1803 5739 vulgata
1835 5663 2004 5739 lectio

346 5755 498 5795 lana
527 5732 614 5796 est
645 5741 703 5813 et
734 5732 899 5813 notat.
925 5735 1054 5813 τοὺς
1084 5735 1140 5791 ἂν
1181 5733 1369 5813 ᾅκροις
1398 5732 1783 5813 τεταγμὲνόυς,
1815 5732 2001 5813 aciem

346 5826 480 5886 quas
511 5809 806 5867 exercitus
843 5808 910 5864 τὰ
957 5807 1095 5886 ἄκρα
1143 5807 1386 5883 obtinet,
1419 5807 1694 5878 extrema,
1729 5809 2000 5877 frontem,

2115 5586 2261 5659 alias
2294 5585 2610 5659 prodromi,
2643 5583 2850 5659 l’auant
2879 5586 3083 5659 garde.

2185 5653 2304 5730 199)
2329 5657 2430 5713 Hic
2469 5657 2577 5730 loci
2614 5656 2757 5712 nihil
2789 5653 2949 5714 aliud
2979 5663 3069 5714 est
3097 5673 3280 5730 quam
3323 5653 3635 5714 tentorium
3669 5664 3765 5707 reo

2114 5729 2297 5803 siam.
2331 5729 2690 5803 pretqriume

2188 5801 2266 5876 (1)
2286 5794 2458 5860 ’ϐοαί
2492 5800 2794 5876 Polybius,
2822 5818 2880 5876 p.
2915 5801 3043 5873 478,
3065 5799 3196 5859 init.
3228 5801 3320 5860 sd.
3352 5794 3612 5855 Wechel.
