4052 6392
309 375 424 435 931
500 388 504 394 ’

1387 368 1922 431 CONSTANTINI
1969 367 2658 431 PORPHYROGENITI

3607 375 3730 436 932

311 513 368 564 et
394 505 652 578 postica,
683 502 946 576 quotidie
968 505 1303 576 permutant
1319 503 1494 560 vices.
1523 502 1788 559 Assumit
1816 517 1954 574 quo-

2069 498 2359 574 ἀγελάδιον
2415 501 2479 556 τὸ
2535 507 2600 558 α’.
2658 502 2786 557 Ὅτε
2852 498 2910 556 δὲ
2963 499 3110 556 ἐστιν
3179 501 3257 563 εἰς
3321 504 3628 575 Ῥωμανίαν
3699 507 3729 561 ὁ

309 611 420 667 que
470 595 822 666 drungarius
869 609 902 649 e
947 593 1307 650 thematibus
1356 593 1598 650 comites
1656 593 1832 648 cortis
1871 591 1956 647 sic

307 684 516 752 dictas,
552 692 613 741 ut
640 683 902 756 proxime
934 683 1082 741 circa
1108 684 1516 756 imperatorem
1547 687 1872 749 versentur,
1900 685 1958 736 et

299 777 696 851 depangendaa
727 776 942 849 pariter
990 781 1161 848 atque
1215 776 1559 833 revellendas
1588 775 1759 843 corti,
1794 773 1954 846 quod

303 866 754 923 cortinariorum
788 882 938 937 opus
957 870 1069 932 est,
1095 866 1328 922 adsint:
1355 867 1509 921 unde
1531 866 1705 921 etiam
1739 878 1954 921 nomen

303 960 588 1014 comitum
612 957 791 1014 cortis
804 956 997 1030 adepti
1025 961 1184 1013 sunt.
1205 957 1318 1013 [los
1333 956 1488 1024 ipsos
1509 958 1754 1012 comites
1777 955 1954 1011 cortis

301 1046 631 1105 thematum
694 1046 862 1103 habet
913 1047 1262 1118 drungarius
1317 1062 1542 1113 secum,
1603 1045 1838 1117 quando
1882 1045 1954 1100 de

305 1145 474 1194 nocte
503 1137 770 1194 circitare
799 1137 944 1205 vult,
975 1137 1113 1192 item
1145 1137 1520 1193 mandatores
1554 1140 1610 1192 et
1642 1135 1757 1191 duo
1788 1133 1955 1190 fallis

306 1244 407 1284 seu
430 1245 624 1285 cereos
656 1244 687 1284 e
717 1229 875 1300 regio
908 1227 1174 1284 vestiario
1205 1228 1563 1299 depromtos,
1597 1226 1953 1298 quibuscum

305 1318 532 1375 circitat
568 1317 833 1373 themata
862 1334 965 1374 seu
997 1315 1274 1386 legiones,
1307 1321 1365 1372 et
1397 1318 1608 1372 lustrat
1638 1315 1955 1387 pedaturas

305 1423 407 1465 seu
457 1405 761 1473 stationes,
813 1411 872 1462 et
919 1406 1210 1478 exobiglia
1250 1421 1351 1462 seu
1401 1404 1649 1460 extimas
1699 1403 1949 1474 vigilias.

303 1496 425 1560 Quo
449 1504 704 1568 tempore
735 1497 780 1550 si
812 1511 960 1566 quos
979 1500 1230 1552 rectores
1254 1494 1542 1550 militares
1572 1491 1830 1548 inveniat
1860 1491 1955 1547 in-

302 1585 532 1642 curiose
562 1599 734 1640 suum
777 1584 1040 1640 ofﬁcium
1093 1583 1370 1639 facientes
1399 1587 1500 1637 aut
1530 1598 1776 1654 prorsus
1806 1581 1954 1635 deﬁ-

309 1674 549 1743 cientes,
579 1689 781 1730 eorum
815 1673 916 1745 qui
948 1673 1155 1728 adesse
1187 1672 1486 1744 pedaturis
1517 1675 1574 1727 et
1604 1669 1839 1726 extimis
1869 1669 1955 1725 vi-

309 1763 462 1836 giliis
483 1763 767 1820 debebant
787 1779 886 1819 eos
909 1763 1031 1834 ipse
1044 1764 1256 1835 partim
1274 1763 1645 1818 vehementer
1668 1759 1954 1826 verberat,

2069 588 2348 664 βασιλεὺς,
2397 584 2772 662 λαμϐάνουσιν
2839 596 3116 663 μαϊουμᾶν
3190 592 3241 645 οἱ
3326 594 3726 667 προειρημένοι

2063 677 2126 734 ἐκ
2166 700 2272 734 των
2331 679 2611 750 ξεναλίων.
2649 679 2709 736 Εἰ
2761 676 2818 735 δὲ
2871 679 3089 752 ξενάλια
3138 680 3240 735 οὐκ
3277 680 3404 749 εἰσὶ,
3440 687 3729 758 χορηγοῦ-

2067 789 2149 822 σιν
2195 769 2248 823 οἱ
2301 768 2759 844 πρωτονοτάριοι·
2819 772 2884 826 Ὀ
2945 766 3003 826 δὲ
3059 768 3147 824 ἐπὶ
3176 777 3276 840 τῆς
3317 771 3592 845 τραπέζης
3625 773 3720 828 καὶ

2067 860 2094 913 ὁ
2163 855 2488 932 δομέστικος
2535 865 2634 928 τῆς
2705 859 3003 934 ὑπουργίας
3085 857 3369 937 ὀφείλουσι
3437 862 3724 937 βαστάζειν

2068 947 2368 1023 ὑπηρεσίαν
2423 946 2714 1021 βασιλικήν
2766 948 3082 1022 τραπεζίου,
3117 946 3381 1020 δηλονότι
3425 955 3527 1006 τοῦ
3563 952 3721 1028 βασι-

2076 1037 2214 1098 λέως
2245 1035 2297 1091 ἓν
2332 1037 2503 1111 Συρίᾳ
2534 1036 2712 1106 ὐντος,
2746 1038 2822 1102 εἰς
2874 1037 3069 1099 ἀσκοὺς
3101 1038 3245 1094 οἶνον
3296 1041 3554 1095 Νικαινὸν
3613 1062 3728 1097 πα-

2068 1125 2220 1181 λαιὸν
2249 1125 2416 1200 μέτρα
2441 1127 2610 1201 ρ’,καὶ
2643 1122 2834 1181 ἓλιιον
2869 1128 3127 1184 Νικαινὸν
3163 1128 3336 1201 μέτρα
3362 1128 3431 1199 λ’,
3462 1129 3554 1185 καὶ
3576 1131 3603 1185 ὁ
3623 1135 3726 1186 τοῦ

2068 1213 2338 1289 βασιλέως
2396 1214 2657 1290 οἰνοχόος
2709 1217 2854 1271 οἶνον
2914 1213 3230 1273 δεσποτικὸν
3282 1218 3374 1272 τὸν
3421 1218 3712 1294 ἀρκοῦνταο

2061 1306 2129 1359 τὰ
2160 1302 2216 1359 δὲ
2257 1303 2435 1360 λοιπά
2488 1318 2662 1360 πάντα
2711 1304 3026 1382 ὀξείλουσιν
3088 1303 3559 1380 ἀναλαμϐάνεσθαι
3616 1311 3723 1366 ἀπὸ

2064 1400 2164 1463 τῆς
2198 1393 2477 1469 χορηχίας
2507 1400 2618 1450 τῶν
2682 1397 3164 1471 πρωτονοταρίων,
3239 1395 3410 1473 ἤγουν
3450 1398 3556 1454 ἀπὸ
3582 1400 3727 1455 Ῥω-

2070 1483 2280 1556 μανίας.
2333 1485 2456 1540 ’Ὁτι
2507 1483 2572 1539 τά
2622 1484 2858 1558 ἱππάρια
2904 1487 2972 1540 τὰ
3024 1484 3359 1559 ἐστρωμένα,
3401 1488 3492 1543 ’ὀτε
3585 1487 3723 1543 εἰσὶν

2068 1574 2120 1628 ἐν
2177 1572 2347 1648 Συρίᾳ
2400 1578 2788 1647 περιπατοῦσιν
2834 1572 3135 1649 ἔμπροσθεν
3188 1577 3322 1647 μετά
3368 1581 3476 1631 τῶν
3560 1579 3722 1652 βασι-

2067 1662 2236 1718 λικῶν
2284 1663 2611 1736 σελΛαρίων,
2652 1664 2740 1718 καὶ
2803 1665 3091 1737 βόσκονται
3147 1662 3341 1719 ἔσωθεν
3401 1673 3500 1735 τῆς
3543 1667 3722 1741 φίνας.

2063 1752 2181 1807 Ἓτι
2222 1753 2309 1806 καὶ
2344 1756 2509 1807 ταῦτα
2544 1752 2677 1826 πρὸς
2709 1758 2826 1816 τοῖς
2857 1752 3188 1827 εἰρημένοις,
3232 1755 3312 1810 υἱέ
3359 1754 3723 1830 πολυὲραστε,

304 1853 705 1908 turmarcbam
740 1867 950 1924 nempe
999 1855 1057 1907 et
1085 1850 1368 1923 quidquid
1405 1866 1472 1905 eo
1501 1849 1776 1920 deinceps
1808 1847 1954 1904 infe-

2067 1839 2233 1896 καλὸν
2285 1841 2361 1903 εἷς
2415 1846 2612 1917 γνῶσιν
2681 1842 2909 1912 ἀνήκειν
2963 1845 3062 1913 τὴν
3125 1847 3242 1914 σήν.
3311 1847 3369 1899 ’Π
3435 1845 3535 1921 γὰρ
3619 1851 3727 1917 τῆς

306 1942 473 1999 rioris
504 1942 728 1997 ordinis
751 1941 948 2007 fuerit,
973 1943 1182 2012 partim
1215 1940 1285 1995 ad
1317 1939 1723 2012 imperatorem
1758 1937 1953 2006 refert,

305 2035 476 2102 prout
507 2030 589 2087 rei
628 2030 1021 2086 conditionem
1073 2028 1539 2099 deprehenderit.
1570 2027 1958 2083 Protostrator

305 2121 502 2193 regius
533 2136 664 2175 cum
689 2119 878 2175 tribus
911 2117 1088 2190 regiis
1119 2118 1470 2174 stratoribus
1501 2121 1558 2172 et
1587 2116 1800 2172 comite
1831 2118 1958 2170 sta-

307 2207 432 2264 buli
449 2212 506 2264 et
520 2208 709 2264 tribus
731 2206 898 2278 equis
920 2206 1140 2262 seilatis
1162 2206 1476 2277 stratisque
1499 2205 1784 2262 excubant
1810 2219 1958 2276 pone

305 2297 533 2368 regium
558 2297 834 2369 burgum,
867 2296 1052 2352 donec
1091 2294 1403 2366 imperator
1432 2310 1462 2350 e
1504 2295 1665 2366 Syria
1698 2293 1951 2348 redierit.

2067 1929 2322 1993 πλείονος
2365 1931 2614 2008 γνώσεως
2659 1937 2842 2004 πεῖρα,
2896 1931 3121 1996 εἰωθυῖα
3177 1939 3405 2008 τεχνοῦν
3449 1936 3547 2002 τήν
3605 1933 3723 1990 διά-

2064 2041 2213 2076 νοιαν
2271 2026 2378 2076 τῶν
2451 2019 2692 2096 ἐχόντων
2741 2017 2830 2075 διὰ
2891 2019 3132 2092 σπουδῆς
3188 2027 3296 2077 τῶν
3330 2024 3724 2097 προσηκόντων

2071 2107 2238 2183 μηδὲν
2299 2109 2534 2184 ἀγνοεῖν,
2581 2107 2798 2184 ὕστερον
2852 2109 3045 2172 αὐτοὺς
3101 2111 3236 2184 πρὸς
3301 2114 3428 2174 τοὺς
3507 2112 3724 2190 ἀγῶνας

2065 2198 2496 2274 εὑτολμοτέρους
2585 2198 2861 2274 ἐργάζεται
2961 2197 3162 2273 πολλῷ
3282 2201 3373 2255 καὶ
3482 2202 3720 2282 ἀσφαλε-

2066 2285 2303 2363 στέρους.

308 2386 451 2455 Equi
485 2387 672 2444 strati.
705 2385 804 2456 qui
853 2390 1024 2440 antea
1063 2400 1258 2440 coram
1291 2384 1525 2439 domino
1577 2382 1830 2454 praeduci
1899 2379 2181 2449 solebant,
2235 2396 2346 2435 non
2389 2379 2641 2451 amplius
2702 2380 3055 2452 precedunt,
3101 2380 3205 2437 sed
3272 2381 3478 2438 ubiubi
3546 2382 3726 2440 fuerit

310 2475 471 2547 regia
504 2473 874 2546 promosella,
924 2473 1003 2528 ibi
1037 2481 1352 2545 pascuntur
1395 2490 1513 2528 una
1542 2489 1676 2528 cum
1721 2474 1946 2528 caeteris
1994 2471 2164 2542 equis
2196 2470 2306 2525 sub
2356 2469 2754 2526 observatione
2801 2471 3037 2527 comitis
3086 2472 3323 2527 stabuli.
3370 2473 3427 2526 Si
3477 2473 3622 2545 quid
3659 2476 3722 2530 in

308 2565 520 2636 populo
560 2580 660 2619 seu
707 2564 859 2620 inter
908 2563 1128 2620 milites
1176 2563 1463 2619 amissum
1509 2563 1892 2631 desideretur,
1945 2561 2001 2615 id
2054 2559 2325 2631 quisquis
2373 2558 2660 2616 invenerit
2690 2561 2873 2616 defert
2921 2561 2990 2616 ad
3041 2561 3427 2632 drungarium
3479 2563 3716 2634 vigilite,

307 2653 472 2722 eique
503 2651 780 2719 exhibet;
842 2668 876 2707 a
936 2667 1052 2722 quo
1086 2667 1293 2706 rursus
1350 2652 1478 2721 ejus
1509 2667 1681 2706 verus
1731 2665 2037 2721 possessor
2075 2649 2173 2719 qui
2226 2647 2528 2715 amiserat,
2579 2647 2748 2704 facile
2807 2653 3130 2718 recuperat.
3187 2650 3242 2704 Si
3291 2655 3485 2706 autem
3535 2667 3718 2722 quam

303 2743 436 2814 quis
470 2743 753 2798 invenerit
782 2758 906 2798 rem
938 2742 1103 2808 celet,
1143 2746 1200 2796 at
1249 2741 1520 2810 deinceps
1566 2747 1759 2798 tamen
1817 2741 2038 2796 amissa
2068 2755 2159 2794 res
2193 2755 2370 2810 penes
2413 2754 2547 2795 eum
2601 2738 2986 2796 nihilominus
3039 2740 3098 2795 in
3147 2741 3263 2796 ﬁne
3292 2743 3640 2812 reperiatur,
3674 2741 3729 2799 is

302 2832 462 2888 velut
511 2833 605 2888 tur
652 2847 857 2903 pmnas
911 2833 1026 2888 dat.
1083 2831 1236 2888 288
1292 2831 1639 2900 lmperatore
1686 2831 1744 2884 in
1804 2831 1963 2902 Syria
2009 2829 2279 2896 haerente,
2339 2828 2637 2900 accipiunt
2689 2829 2890 2900 quavis
2947 2830 3040 2886 die
3098 2829 3399 2886 Dominica
3458 2832 3722 2904 magistri

305 2922 556 2994 patricii,
589 2921 807 2994 singuli
841 2920 1133 2993 singulas,
1176 2919 1628 2992 protospatharii
1674 2920 1955 2976 ofﬁciales
1995 2919 2119 2974 bini
2151 2919 2368 2990 quique
2388 2918 2670 2990 singulas.
2716 2919 2845 2975 Fex
2891 2925 3084 2976 autem
3137 2921 3337 2992 populi
3387 2937 3490 2978 seu
3523 2923 3716 2977 famu-

303 3011 414 3067 litii
447 3011 614 3084 regii,
647 3011 811 3082 aguri
853 3015 994 3082 puta
1033 3015 1091 3066 et
1119 3011 1190 3066 ad
1225 3009 1521 3066 hetaeriam
1569 3011 1924 3082 pertinentes
1955 3015 2126 3080 atque
2158 3008 2392 3080 reliqui,
2443 3024 2545 3080 per
2573 3008 2837 3081 singulas
2881 3010 3147 3066 decurias
3191 3010 3487 3083 accipiunt
3515 3011 3719 3082 singu-

305 3099 394 3157 las
424 3100 696 3173 capellas.
731 3101 916 3158 Exteri
957 3117 1061 3157 seu
1093 3105 1380 3172 quotquot
1420 3099 1763 3172 alienigenae
1816 3099 1876 3155 in
1925 3100 2132 3155 castris
2191 3098 2450 3154 militant
2496 3099 2791 3169 accipiunt
2843 3116 2946 3171 per
2992 3104 3188 3156 ternas
3237 3116 3496 3172 quasque
3542 3101 3719 3156 decu-

308 3191 427 3247 rias
467 3191 728 3264 singulas
776 3207 1004 3248 vaccas.
1061 3190 1330 3255 Quandiu
1382 3195 1575 3246 autem
1619 3190 1680 3245 in
1733 3189 2018 3246 Romania
2067 3188 2257 3246 adhuc
2289 3197 2548 3245 versatur
2593 3189 2929 3261 imperator,
2981 3192 3281 3264 accipiunt
3313 3191 3570 3264 praedicti
3601 3208 3730 3248 ma-

298 3286 531 3358 jumam
579 3298 609 3338 e
653 3280 884 3338 muneri
933 3280 1126 3348 datis;
1178 3295 1303 3351 quae
1345 3279 1393 3334 si
1444 3279 1608 3335 nulla
1656 3279 1877 3347 adsint,
1925 3281 2140 3337 debent
2188 3279 2564 3351 protonotarii
2614 3279 2772 3336 dicta
2821 3297 3026 3353 pecora
3086 3289 3370 3353 praestare.
3426 3283 3734 3339 Praefectus

311 3389 528 3430 mensae
556 3377 613 3429 et
657 3372 1020 3429 domesticus
1064 3371 1362 3444 bypurgite
1407 3387 1513 3426 sou
1566 3369 1875 3426 ministerii
1917 3370 2200 3426 culinaris
2245 3371 2462 3427 debent
2508 3371 2568 3426 in
2602 3372 2934 3429 ministerio
2993 3389 3209 3430 mensae
3241 3374 3435 3445 regite,
3469 3373 3733 3446 quandiu

310 3462 635 3533 imperator
665 3463 723 3517 in
765 3461 934 3533 Syria
965 3461 1098 3528 agit,
1143 3477 1334 3517 secum
1387 3461 1531 3516 ferre
1567 3460 1684 3516 vini
1715 3460 1938 3532 antiqui
1987 3461 2205 3517 Nicmni
2241 3478 2545 3518 mensuras
2591 3467 2826 3520 centum
2862 3464 2922 3520 in
2977 3466 3227 3534 utribus,
3262 3471 3319 3520 et
3358 3465 3470 3521 olei
3511 3464 3730 3520 Niczeni

311 3565 620 3607 mensuras
661 3549 922 3620 triginta.
974 3551 1260 3605 Pincerna
1316 3549 1513 3619 regius
1553 3565 1784 3621 quoque
1824 3551 1942 3606 vini
1995 3551 2273 3606 dominici
2336 3550 2725 3609 sufﬁcientem
2777 3553 2884 3609 fert
2926 3555 3172 3626 c0piam.
3225 3555 3462 3621 Caetera,
3514 3555 3732 3625 quibus

306 3657 449 3712 opus
481 3644 590 3706 est,
631 3638 830 3696 omnia
863 3639 977 3711 peti
1008 3639 1218 3694 debent
1248 3653 1315 3694 ex
1345 3655 1410 3693 eo
1441 3647 1746 3710 apparatu,
1797 3656 1966 3710 quem
2017 3641 2397 3712 protonotarii
2442 3642 2711 3698 sufﬁcere
2743 3647 3041 3711 tenentur,
3093 3660 3123 3701 e
3169 3644 3456 3700 Romanis
3487 3660 3721 3716 nempe.

303 3730 450 3802 Equi
481 3728 648 3785 strati
683 3728 789 3799 [illi
824 3733 1057 3784 centum
1103 3732 1161 3783 et
1205 3726 1496 3798 quatuor],
1548 3728 1809 3798 quandiu
1858 3735 2051 3785 castra
2100 3729 2320 3785 haerent
2377 3730 2436 3785 in
2487 3731 2674 3800 Syria,
2735 3733 3072 3802 praecedunt
3127 3751 3243 3789 una
3296 3750 3429 3790 cum
3478 3733 3731 3789 sellariis

301 3820 497 3894 regiis,
549 3824 606 3875 et
639 3823 958 3890 pascuntur
1004 3818 1155 3873 intra
1210 3817 1359 3872 ﬁnas
1407 3833 1512 3872 seu
1544 3817 1770 3888 vigilias
1799 3824 2152 3875 castrenses.
2187 3819 2333 3874 Cum
2388 3819 2668 3875 hactenus
2700 3821 2868 3876 dictis
2921 3823 3096 3878 etiam
3149 3821 3270 3879 haec
3322 3821 3588 3893 protinus
3633 3822 3728 3877 di-

300 3911 485 3966 cenda
515 3909 690 3982 digna
720 3917 882 3978 sunt,
912 3925 1040 3980 quae
1094 3912 1253 3964 tuam
1290 3909 1360 3963 ad
1412 3908 1803 3979 cognitionem
1838 3910 2095 3978 veniant,
2138 3909 2219 3964 ﬁli
2264 3910 2666 3967 dilectissime.
2701 3912 3070 3984 Experientia
3109 3914 3267 3970 enim
3324 3913 3723 3972 humanorum

299 4016 543 4057 casuum
574 3998 854 4070 ampliore
883 3987 1238 4070 cognitione,
1268 3997 1464 4069 qualis
1495 4015 1593 4070 per
1639 3999 1959 4056 doctrinam
1995 4000 2342 4071 acquiritur,
2395 4003 2704 4071 instructa,
2739 4019 2919 4073 quum
2953 4003 3139 4059 soleat
3175 4004 3432 4060 habilem
3467 4006 3727 4076 agendo-

300 4106 430 4146 sum
464 4096 814 4162 repertorem
850 4094 1304 4162 promptumque
1333 4094 1389 4143 ct
1418 4089 1682 4145 dextrum
1705 4089 1934 4147 efﬁcere
1964 4089 2322 4147 intellectum
2347 4093 2804 4164 eorum,quibus
2831 4111 3022 4151 rerum
3055 4096 3521 4152 necessariarum
3549 4101 3726 4168 atque

300 4197 363 4238 se
392 4180 726 4238 decentium
757 4179 905 4238 nihil
934 4180 1201 4252 ignorare
1233 4196 1386 4236 curm
1434 4181 1714 4253 cordique
1746 4187 1854 4250 est,
1889 4183 2044 4250 facit,
2081 4190 2160 4252 ut,
2195 4183 2296 4254 qui
2327 4199 2392 4239 ea
2443 4183 2659 4252 pollent
2710 4189 2768 4242 et
2814 4187 3146 4258 praemuniti
3193 4193 3358 4258 sunt,
3404 4189 3476 4244 ad
3519 4187 3730 4245 discri-

299 4270 462 4326 mina
505 4271 782 4344 deinceps
831 4271 1036 4337 multo.
1083 4287 1262 4343 quam
1310 4273 1524 4327 natura
1571 4287 1681 4328 sua
1718 4271 1928 4329 facturi
1958 4277 2177 4341 essent,
2221 4273 2558 4332 audaciores
2599 4275 2778 4332 simul
2830 4280 3007 4349 atque
3057 4277 3300 4336 tutiores
3357 4285 3411 4334 et
3461 4294 3495 4333 a
3524 4276 3722 4350 lapsi-

299 4359 413 4416 bus
443 4361 772 4418 securiores
802 4362 1098 4418 accedant.

298 4477 779 4552 Quandoquidem
811 4495 945 4549 ergo
977 4478 1378 4550 praescriptam
1417 4478 1523 4535 tibi
1557 4496 1589 4535 a
1639 4478 1808 4536 nobis
1837 4496 1939 4536 ex-

2127 4481 2279 4538 Ἐπεὶ
2312 4482 2402 4537 οὗν
2460 4482 2560 4552 τήν
2593 4483 2697 4557 πρὸ
2729 4485 2890 4558 ἡμῶν
2949 4505 3034 4539 σοι
3091 4487 3506 4559 προεκτεθεῖσαν
3560 4485 3723 4561 βασι-

296 4570 647 4642 positionem
663 4570 959 4643 regiarum
980 4569 1412 4638 expeditionum
1438 4569 1784 4626 militarium
1803 4571 1950 4627 bene

296 4657 654 4732 solliciteque
697 4659 910 4728 legisti,
964 4658 1118 4714 ﬁlius
1163 4658 1315 4730 patri
1362 4659 1536 4715 rebus
1575 4660 1634 4714 in
1677 4659 1948 4716 omnibus

295 4748 653 4821 obsequens:
679 4754 1081 4822 opportunum
1115 4763 1271 4804 nunc
1301 4753 1393 4805 est
1424 4735 1706 4820 d'ecetque
1728 4764 1818 4804 me
1840 4749 1946 4805 do-

291 4852 441 4908 cere,
475 4844 532 4896 et
561 4844 617 4897 te
648 4840 852 4897 audire
882 4856 970 4909 ea,
1024 4855 1152 4912 quae
1202 4845 1334 4896 ante
1378 4838 1774 4912 expeditiones
1823 4840 1946 4898 ﬁeri

2063 4569 2234 4627 λικῶν
2283 4569 2564 4642 ταξειδίων
2605 4569 2831 4644 ἔκθεσιν,
2891 4574 3057 4650 πατρὶ
3115 4575 3254 4630 κατὰ
3310 4576 3481 4632 πάντα
3529 4575 3725 4641 πειθό-

2063 4680 2247 4734 μενος,
2305 4660 2543 4736 ἀνὲγνως
2592 4663 2800 4734 καλῶς,
2861 4666 3136 4738 προσῆκον
3195 4662 3298 4739 ἄρα
3370 4685 3454 4720 σοι
3502 4665 3594 4720 καὶ
3652 4667 3721 4721 τὰ

2059 4754 2165 4825 πρὸ
2221 4754 2332 4805 τῶν
2383 4748 2665 4820 ταξειδίων
2719 4751 2982 4827 γινόμενα
3030 4750 3263 4818 διελθεῖν
3321 4776 3381 4810 τε
3427 4754 3723 4828 καὶέκμα-

2059 4846 2194 4911 θεῖν,
2231 4839 2381 4902 ὅπως
2433 4837 2521 4895 διὰ
2580 4843 2870 4917 φανῶν
2907 4863 3069 4899 τινων
3109 4844 3199 4898 καὶ
3251 4841 3559 4917 λαμπαδων
3609 4849 3724 4900 τῶν

1357 5041 1557 5102 JOAN.
1597 5043 1742 5101 JAC.
1786 5045 2048 5104 REISKII
2087 5045 2672 5106 COMMENTARIUS.

374 5226 454 5296 (2)
486 5225 565 5282 De
600 5226 811 5299 phanis
859 5243 962 5284 seu
991 5226 1256 5294 laternis,
1289 5225 1746 5298 depraedationis
1787 5232 1960 5286 Sara-

302 5300 515 5352 cenicae
556 5299 871 5366 indicibus,
924 5301 1250 5354 observatio
1298 5300 1418 5354 hac
1465 5299 1712 5355 trivialis
1769 5307 1858 5356 est
1906 5305 1963 5357 et

302 5371 457 5440 apud
486 5370 806 5442 Scriptores
839 5371 1101 5426 Historiae
1133 5371 1462 5441 Byzantium
1495 5373 1716 5442 passim
1751 5389 1960 5429 occur-

299 5443 396 5514 rit.
430 5445 494 5495 ut
523 5441 682 5514 apud
731 5442 974 5497 Cedren.
1027 5460 1082 5514 p.
1115 5443 1242 5496 552.
1293 5441 1508 5510 Ζοηαιυ,
1535 5446 1575 5495 t.
1635 5443 1704 5510 Il,
1742 5461 1798 5513 p.
1834 5446 1958 5510 162,

301 5511 588 5584 Symeone
620 5513 775 5585 Meg.
811 5531 865 5581 p.
893 5511 1172 5585 450(non
1207 5515 1425 5584 absque
1457 5514 1656 5584 nugis,
1690 5511 1957 5571 omnium

299 5588 516 5658 Optime
547 5587 703 5658 apud
737 5584 1071 5658 continuat.
1099 5585 1359 5656 Tbeoph.
1407 5585 1712 5658 Constant.
1744 5603 1799 5657 p.
1835 5589 1958 5653 122,

297 5655 456 5714 unde
487 5655 740 5730 possunt
769 5657 964 5730 Graeca
995 5663 1196 5730 nostra
1225 5655 1534 5730 emendari
1569 5658 1639 5712 ad
1668 5655 1808 5730 eum
1843 5661 1960 5716 fere

298 5727 564 5800 modum,
590 5746 763 5803 quem
798 5731 858 5787 in
883 5727 1112 5786 Latinis
1133 5727 1454 5785 observavi.
1488 5727 1616 5785 Non
1648 5729 1960 5803 disputabo

2071 5231 2321 5312 nunc‘de
2343 5229 2886 5312 ignibustalibuset
2911 5249 3110 5312 eorum
3128 5235 3489 5312 diversitate,
3517 5232 3728 5312 φιλίοις

2073 5309 2126 5376 et
2155 5299 2451 5374 πολεμίοις
2487 5304 2562 5375 [v.
2618 5305 2904 5376 Aristides
2948 5311 2990 5361 t.
3029 5305 3072 5373 1,
3125 5324 3178 5376 p.
3212 5308 3339 5373 225,
3375 5307 3414 5363 l.
3455 5299 3490 5362 6
3519 5299 3576 5363 et
3617 5309 3726 5363 Po-

2072 5373 2451 5499 Ιῖεξιηυεὸδιὶ,
2478 5373 2630 5447 ἱήἱι.]
2653 5377 2905 5449 aliisque
2931 5378 3107 5447 hujus
3124 5373 3474 5444 argumenti.
3494 5380 3730 5436 Vastior

2071 5444 2168 5499 ile
2199 5453 2285 5499 est
2324 5463 2587 5499 campus.
2635 5465 2813 5499 uuam
2861 5466 2964 5499 pro
3005 5453 3221 5499 nostris
3267 5451 3727 5499 cnmmpntariie

2069 5444 2168 5501 ille
2199 5453 2285 5502 est
2324 5463 2587 5520 campus,
2611 5444 2824 5519 —quam'
2861 5466 2964 5520 pro
3005 5444 3221 5506 nostris
3267 5451 3729 5520 commentariis,

2071 5533 2262 5595 neque
2347 5520 2578 5595 animus
2633 5521 2783 5595 mihi
2851 5527 2942 5576 est
3012 5538 3145 5577 eum
3213 5522 3466 5595 ingredi,
3537 5540 3731 5594 neque

2071 5592 2374 5668 sufﬁciens
2420 5591 2613 5649 adhuc
2659 5591 2720 5648 in
2773 5607 2900 5648 eam
2951 5608 3072 5649 rem
3120 5591 3436 5668 apparatus
3478 5595 3548 5651 ad
3599 5591 3731 5652 ma-

2069 5677 2212 5720 num
2245 5667 2353 5721 est.
