4052 6376
350 356 470 416 933

951 353 1057 414 DE
1099 351 1564 414 CERIMONIIS
1608 351 1842 414 AUL)E
1882 330 2367 413 BYZANTIN/E
2411 353 2557 414 LIB.
2607 353 2655 414 Ι.
2703 386 2777 400 -
2820 353 3157 417 APPEND.

3647 362 3767 421 934

349 487 410 544 ἐκ
440 483 706 561 διαδοχῆς
753 486 882 561 πρὶν
931 484 1260 560 ἇνημμένων
1291 487 1320 541 6
1355 483 1611 562 βασιλεὺς
1660 484 1712 541 ἐν
1757 489 1856 559 μιᾷ
1880 483 1998 560 ὥρᾳ

2112 486 2407 558 quondam
2465 486 2749 559 solebant,
2784 489 3009 547 scilicet
3064 489 3358 563 quomodo
3390 508 3492 564 per
3538 493 3766 567 pbanes

347 579 453 648 τήν
499 581 608 633 τῶν
656 574 871 652 ἐχθρῶν
930 573 1083 637 εὐθὺς
1140 576 1534 650 κατεμάνθανεν
1588 569 1802 654 ἔφοδον.
1851 573 2006 633 Ἀλλ’

349 669 413 724 ἐκ
456 671 565 721 τῶν
608 665 985 742 προκειμένων
1036 684 1124 720 σοι
1169 662 1482 742 κεφαλαίων
1529 668 1698 720 ταῦτα
1737 665 2009 740 τρανώτε-

351 777 447 831 ρον
524 749 930 826 δηλωσησεται.
1011 754 1230 824 Ἰστέον,
1299 754 1382 809 ὅτι
1457 754 1520 810 τὸ
1595 752 1829 810 παλαιὸν
1903 754 2010 810 ἀπὸ

345 849 567 923 Ταρσοῦ
636 848 971 919 Σαρακηνῶν
1042 844 1181 899 κατὰ
1253 843 1544 918 Ῥωμαίων
1604 843 2007 920 ἐξερχομένων,

348 936 549 1000 εὐθέως
575 937 640 994 16
669 937 902 1011 κάστρον
948 936 1010 991 τὸ
1059 933 1350 1010 λεγόμενον
1402 935 1615 992 Λοῦλον
1649 939 1723 1011 (3)
1756 934 1807 991 ἐν
1843 957 2005 1012 περι-

347 1029 504 1100 όπτῳ
559 1025 950 1102 προσκείμενον
1009 1023 1203 1098 ἐξῆπτε
1259 1026 1440 1104 φανὸν,
1500 1023 1558 1080 6'v
1617 1023 1676 1081 ἐκ
1738 1023 2007 1101 διαδοχῆς

347 1118 376 1172 6
436 1115 778 1189 καλούμενος
833 1112 1058 1190 Ἀργέας
1121 1114 1318 1188 βουνὸς
1365 1111 1665 1190 διεδέχετο,
1722 1116 1812 1171 καὶ
1867 1118 2008 1184 ἧπτε

346 1205 408 1262 δὲ
467 1205 558 1262 καὶ
630 1203 814 1266 αὐτός.
873 1204 977 1260 Καὶ
1036 1204 1136 1268 εἶθ’
1195 1203 1366 1267 οὕτως
1418 1203 1522 1260 ὰπὸ
1581 1209 1688 1260 τῶν
1748 1203 1919 1260 ἐκεῖσε
1977 1206 2006 1260 6

351 1296 552 1373 βουνὸς
602 1294 630 1349 6
681 1293 868 1366 Σάμος
923 1292 1149 1363 ἀνῆπτε.
1209 1293 1316 1350 Καὶ
1376 1293 1512 1368 μετὰ
1563 1297 1725 1349 τοῦτο
1783 1291 2005 1369 ἐδέχετο

345 1389 409 1444 τὸ
439 1385 674 1461 κάστρον
724 1385 787 1439 τὸ
836 1382 1095 1462 Αἴγιλον,
1143 1383 1236 1440 καὶ
1289 1387 1429 1454 ἧπτε
1473 1385 1564 1440 καὶ
1595 1384 1749 1442 αὑτό.
1784 1384 1883 1440 Καὶ
1913 1384 2007 1439 ἀπ’

347 1476 480 1532 αὐτὸ
539 1473 760 1550 ἐδέχετο
825 1474 853 1527 6
915 1473 1103 1549 βουνὸς
1158 1474 1187 1529 6
1244 1472 1560 1547 Ὄλυμπος,
1618 1474 1709 1529 καὶ
1756 1476 1922 1543 ἦπτεν
1952 1471 2003 1526 ἐν

345 1567 583 1642 κορυφῇ.
635 1563 738 1618 Καὶ
792 1562 910 1636 μετ’
970 1559 1172 1617 ἐκεῖνον
1223 1560 1443 1636 ἐδέχετο
1501 1563 1528 1617 6
1582 1562 1773 1638 βουνὸς
1821 1563 1849 1616 6
1899 1561 2008 1620 Κύ-

348 1660 524 1728 Ριζοςν
555 1651 647 1708 καί
696 1653 838 1720 ἧπτε
893 1648 983 1706 καὶ
1040 1645 1223 1713 αὖτὸς.
1282 1651 1390 1706 Καὶ
1449 1651 1548 1706 εἶθ’
1581 1651 1753 1714 οὕτως
1787 1648 2007 1725 ἐδέχετο

347 1746 377 1800 6
411 1743 607 1819 βουνὸς
662 1741 691 1796 ὁ
755 1739 1042 1804 Μούκιλος
1078 1739 1258 1796 ἐπάνω
1303 1745 1412 1797 τῶν
1465 1739 1690 1814 Πυλῶν,
1728 1741 1817 1797 καὶ
1870 1743 2010 1810 ⁹ἧπτε

345 1834 442 1889 καὶ
473 1831 660 1894 αὐτός.
719 1829 819 1885 Καὶ
879 1831 1014 1904 μετὰ
1050 1833 1242 1886 τοῦτον
1304 1828 1523 1907 ἐδέχετο
1583 1832 1610 1886 6
1668 1833 1764 1885 τοῦ
1819 1829 2004 1907 Ἀγίου

343 1920 636 1995 Αὗξεντίου
666 1921 746 1993 (4)
793 1919 986 1995 βουνὸς
1029 1921 1056 1974 6
1098 1920 1300 1981 σκοπὸς
1331 1921 1407 1994 (5)
1438 1917 2002 1996 προσαγορευόμενος,

344 2012 439 2067 καὶ
495 2012 636 2079 ἧπτε
681 2009 770 2063 καὶ
832 2007 1018 2072 αὐτός.
1079 2009 1182 2065 Καὶ
1243 2010 1357 2082 μετ’
1397 2009 1560 2064 αὑτὸν
1626 2006 1846 2082 ἐδὲχετο
1887 2009 1914 2062 6
1955 2007 2006 2064 ἐν

342 2106 428 2174 τῷ
457 2098 713 2171 παλατίῳ
741 2101 839 2153 τοῦ
871 2097 1057 2172 Φάρου
1086 2097 1345 2168 ήλιακὸς,
1375 2097 1464 2152 καὶ
1503 2100 1641 2167 ἧπτε
1687 2098 1777 2153 καὶ
1818 2097 2004 2159 αὐτός.

345 2189 660 2262 Διαιτάριοι
738 2189 843 2263 γὰρ
918 2185 1090 2243 ἐκεῖσε
1186 2187 1380 2264 βίγλας
1457 2187 1538 2242 ἀεὶ
1613 2187 1702 2242 καὶ
1775 2187 2008 2243 πάντοτε

342 2287 678 2359 κρατοῦντες
745 2280 882 2356 πρὸς
947 2280 1009 2336 τὸ
1089 2280 1165 2354 μὴ
1229 2278 1411 2336 λαθεῖν
1475 2278 1691 2350 αὐτοὺς,
1765 2274 2007 2356 ἀκριϐῶς

347 2373 699 2430 ἀπεσκόπουν
745 2371 883 2446 πρὸς
931 2370 1023 2424 τὸν
1078 2368 1268 2446 βουνὸν
1314 2373 1412 2424 τοῦ
1458 2369 1646 2444 Ἀγίου
1695 2369 2002 2441 Ᾱύξεντίου.

352 2461 578 2531 Ἰστέον,
638 2461 746 2529 ὅτι,
803 2465 912 2515 τῶν
972 2463 1155 2534 φανῶν
1212 2458 1420 2514 τούτων
1472 2459 1688 2512 πάντων
1735 2457 2008 2531 ἁψάντων,

347 2551 506 2615 εὐθὺς
542 2552 594 2606 οἱ
630 2549 1030 2627 χαρτουλάριοι
1075 2551 1184 2604 τῶν
1235 2546 1337 2618 ἔξω
1386 2545 1635 2603 στάϐλων
1681 2547 1771 2602 καὶ
1803 2566 2010 2627 σαιρρα-

356 2642 641 2717 μεντάριοι
696 2637 993 2714 ἐκαλίγουν
1067 2638 1134 2692 τὰ
1211 2635 1471 2713 βασιλικά
1550 2634 1741 2712 ἄλογα,
1799 2637 1890 2691 καὶ
1945 2635 2011 2690 τὰ

357 2729 620 2802 βασιλικὰ
685 2729 962 2805 σαγμάρια
1051 2726 1458 2802 εὐτρεπίσαντες
1544 2726 1699 2790 εὐθὺς
1782 2725 2009 2792 ἐκίνουν,

369 2817 460 2872 καὶ
506 2821 840 2895 κατήρχοντο
892 2817 967 2879 εἰς
1018 2817 1118 2884 τήν
1170 2820 1266 2870 τοῦ
1328 2815 1598 2891 βασιλέως
1626 2815 1924 2886 ἀπάντησιν
1957 2814 2009 2869 ἐν

375 2905 592 2969 Πύλαις.
625 2909 678 2966 Ὁ
710 2905 769 2963 δὲ
821 2903 1080 2982 βασιλεὺς
1130 2904 1394 2980 ἐξήρχετο
1449 2906 1614 2980 μέχρι
1644 2910 1754 2960 τῶν
1789 2902 2010 2975 Πυλῶν,

358 2996 425 3050 τά
457 2994 512 3052 δὲ
543 2997 802 3072 βασιλικὰ
843 2993 1106 3070 σελλάρια
1153 2995 1244 3050 καὶ
1295 2995 1347 3050 οἱ
1396 2993 1654 3070 ἄρχοντες
1684 2995 1774 3049 καὶ
1807 2995 1858 3048 οἱ
1892 2993 2010 3049 λοι-

349 3087 446 3143 ποὶ
482 3088 536 3142 οἱ
565 3088 673 3144 ἀπὸ
701 3095 802 3158 τῆς
834 3085 1052 3149 πόλεως
1105 3085 1453 3161 ἐξερχόμενοι
1500 3092 1603 3156 τῆς
1652 3084 1840 3158 ξηρᾶς,
1872 3106 2015 3161 προ-

345 3172 665 3252 ελάμϐανον
720 3177 811 3232 τὸν
874 3175 1102 3250 βασιλέα
1156 3174 1230 3237 εἷς
1294 3173 1496 3248 Πύλας,
1552 3173 1641 3229 καὶ
1691 3175 1780 3229 ὅτε
1809 3174 1870 3229 τὸ
1900 3178 2008 3228 τῶν

2115 590 2217 632 seu
2246 576 2524 645 latcrnas,
2555 581 2614 633 et
2642 593 2737 648 per
2767 577 3070 650 lampades
3107 586 3209 637 aut
3248 582 3472 640 faculas
3501 584 3764 642 seriatim

2115 665 2724 738 dispositas,singulis
2753 681 2954 724 earum
2981 669 3225 725 ardendi
3255 671 3406 728 vices
3435 689 3462 726 s
3496 673 3765 744 proxima

2115 762 2383 829 acceptas
2409 757 2683 830 proximis
2723 758 3130 830 reddentibus,
3171 760 3512 818 brevissimo
3541 768 3763 836 tempo-

2116 845 2198 902 ris
2242 845 2462 902 ambitu
2495 848 2811 919 imperator
2850 848 2923 903 de
2964 847 3219 904 hostium
3257 850 3556 907 invasione
3588 851 3763 909 modo

2117 935 2268 991 facta
2297 935 2650 1007 cognoverit.
2680 938 3106 1006 Argumentum
3139 936 3246 992 hoc
3268 937 3488 994 clarius
3515 954 3585 994 ex
3613 940 3765 996 infra

2115 1024 2350 1096 scriptis
2380 1024 2672 1098 capitibus
2711 1041 2811 1082 seu
2832 1025 3146 1082 momentis
3173 1025 3374 1083 licebit
3403 1027 3507 1082 tibi
3538 1030 3764 1100 perspi-

2117 1131 2264 1173 cere.
2298 1116 2602 1172 Saracenis
2632 1115 2830 1186 itaque
2874 1117 3259 1174 Tarsensibus
3291 1116 3433 1172 olim
3481 1117 3765 1175 adversus

2115 1205 2412 1262 Romanos
2432 1206 2886 1276 egredientibus,
2903 1205 3468 1279 protinuslaternam
3489 1210 3767 1266 accende-

2117 1296 2214 1353 bat
2260 1301 2518 1353 castrum
2551 1295 2763 1353 Lulum
2808 1297 3052 1364 dictum,
3085 1299 3144 1354 in
3175 1298 3332 1355 edito
3362 1302 3420 1354 et
3448 1302 3764 1371 conspicuo

2112 1385 2237 1441 loco
2260 1385 2460 1442 situm.
2493 1385 2835 1442 Immediate
2857 1385 3172 1457 accipiebat
3201 1387 3272 1443 ab
3295 1404 3360 1444 eo
3382 1389 3764 1445 accendenda:

2113 1473 2348 1530 laternas
2376 1475 2532 1530 vices
2552 1473 2717 1530 collis
2748 1481 2946 1547 Argeas
2973 1475 3184 1532 dictus.
3219 1476 3375 1533 284
3392 1476 3478 1533 Ab
3507 1494 3572 1533 eo
3605 1477 3766 1534 collis

2113 1566 2345 1622 lsamus
2377 1566 2593 1621 dictus.
2617 1565 2704 1622 Ab
2725 1580 2791 1622 eo
2816 1574 3074 1622 castrum
3104 1566 3374 1638 digitum.
3401 1569 3486 1623 Ab
3516 1584 3584 1624 eo
3604 1567 3768 1624 collis

2112 1653 2428 1727 Olympus,
2458 1653 2561 1725 qui
2590 1671 2622 1710 e
2651 1671 2888 1711 summo
2911 1672 3017 1712 suo
3040 1655 3295 1712 culmine
3316 1673 3620 1714 accensam
3641 1673 3770 1730 pro-

2111 1744 2388 1799 tendebat
2433 1743 2745 1799 laternam.
2797 1744 2882 1799 Ab
2913 1759 2980 1799 eo
3037 1745 3204 1801 collis
3262 1745 3520 1816 Cyrizus.
3566 1749 3652 1802 Ab
3698 1763 3765 1803 eo

2109 1833 2276 1890 collis
2333 1831 2606 1900 Mucilus,
2641 1832 2740 1904 qui
2798 1837 2890 1888 est
2937 1849 3115 1905 supra
3146 1834 3332 1906 Pylas.
3365 1835 3452 1891 Ab
3499 1852 3566 1893 eo
3597 1836 3766 1892 collis

2109 1921 2298 1978 sancti
2336 1921 2633 1990 Auxentii,
2668 1921 2768 1992 qui
2801 1937 3010 1992 scopus
3033 1939 3133 1978 seu
3161 1929 3316 1980 meta
3340 1925 3765 1985 observationi!

2111 2009 2458 2083 appellatur.
2507 2010 2592 2066 Ab
2643 2026 2708 2067 eo
2739 2012 2977 2066 tandem
3010 2011 3272 2068 heliacus
3311 2029 3415 2069 seu
3457 2015 3764 2086 praefectus

2112 2099 2320 2156 heliaci
2368 2099 2428 2154 in
2479 2099 2696 2171 palatio
2729 2100 2918 2155 Phari.
2953 2100 3206 2156 Diaetarii
3237 2102 3393 2159 enim
3427 2103 3508 2159 ibi
3539 2121 3766 2176 semper

2113 2191 2422 2246 continuas
2451 2189 2704 2262 agebant
2724 2189 2975 2262 vigilias,
2998 2190 3383 2264 solliciteque,
3406 2209 3479 2249 ne
3502 2211 3764 2266 unquam

2116 2295 2178 2335 se
2208 2279 2450 2335 ﬂamma
2485 2278 2690 2335 lateret
2722 2295 2837 2336 non
2871 2279 3296 2349 animadversa,
3323 2298 3528 2339 versus
3558 2284 3765 2341 collem

2115 2369 2174 2424 S.
2211 2369 2477 2425 Auxentii
2508 2368 2914 2441 respiciebant.
2946 2370 3206 2427 Laternis
3227 2371 3345 2426 illis
3366 2372 3644 2428 omnibus
3671 2390 3765 2430 ac-

2117 2457 2334 2527 censis,
2367 2458 2636 2529 protinus
2669 2457 2998 2530 caligabant
3044 2475 3145 2514 seu
3204 2460 3410 2532 caligis
3447 2461 3769 2519 induebant

2118 2547 2308 2620 regios
2355 2563 2536 2618 equos
2592 2545 2927 2604 cbartularii
2979 2548 3368 2617 stabulorum,
3429 2567 3552 2619 quae
3611 2559 3769 2608 extra

2117 2634 2330 2690 Urbem
2371 2640 2676 2707 augustam
2712 2641 2872 2706 sunt,
2904 2640 2960 2691 et
2991 2636 3443 2706 saframentarii,
3475 2639 3768 2710 mulisque

2117 2726 2442 2781 necessario
2491 2725 2853 2780 sarcinarum
2901 2737 3185 2798 apparatu
3244 2727 3515 2796 oneratis,
3561 2743 3764 2785 move-

2118 2814 2257 2870 bant
2285 2819 2344 2869 et
2386 2814 2817 2870 descendebant
2847 2815 2916 2869 ad
2951 2815 3118 2887 Pylas
3160 2814 3496 2885 imperatori
3551 2815 3630 2870 ibi
3665 2833 3766 2874 oc-

2120 2919 2356 2959 cursum
2405 2902 2576 2974 eique
2620 2919 2748 2958 sese
2798 2904 3164 2974 adjunctum.
3199 2903 3519 2975 Imperator
3567 2910 3763 2962 autem

2118 2993 2313 3049 exibat
2363 3009 2432 3048 ex
2483 2993 2646 3062 urbe,
2681 3000 2984 3065 postquam
3019 2994 3176 3065 regia
3205 2993 3443 3050 sellaria
3486 2999 3542 3051 et
3589 2998 3766 3053 duces

2119 3082 2404 3138 militares
2437 3085 2492 3137 et
2522 3081 2753 3156 reliqui,
2797 3098 2942 3153 quos
2973 3099 3040 3138 ex
3070 3083 3212 3138 urbe
3246 3083 3304 3137 in
3339 3088 3529 3140 castra
3554 3101 3766 3142 conve-

2121 3174 2242 3228 nire
2288 3171 2615 3244 oportebat,
2647 3188 2749 3244 per
2797 3187 2993 3227 xeram
3025 3171 3105 3242 [id
3136 3177 3334 3243 ,portas
3381 3172 3616 3229 CPtana
3658 3191 3765 3232 no-

343 3271 680 3340 Σαρακηνῶν
741 3266 1010 3342 φοσσάτον
1066 3259 1223 3340 ὤφθη
1281 3264 1387 3319 τισὶ
1447 3263 1584 3338 πρὸς
1632 3265 1700 3319 τὰ
1727 3266 2000 3334 τῆςῬω-

2118 3278 2251 3318 men
2285 3260 2391 3332 esl]
2424 3260 2642 3333 egressi
2673 3259 2732 3316 in
2767 3259 2932 3332 Pylas
2965 3261 3410 3332 praevertissent.
3453 3262 3770 3334 Imperator

340 3355 540 3430 μανίας
585 3357 891 3429 σὺστάμενα
931 3358 1031 3429 (6),
1079 3357 1144 3422 ἡν
1197 3353 1226 3408 6
1283 3352 1536 3427 βασιλεὺς
1587 3353 1742 3418 εὐθὺς
1791 3353 1865 3414 εἷς
1903 3353 2010 3408 ἀπ-

340 3445 568 3516 άντησιν
630 3446 826 3500 αὐτοῦ’
883 3446 1106 3514 Ἰστέον,
1155 3443 1240 3498 ’ὁτι
1296 3443 1347 3496 οἱ
1395 3440 1791 3518 προῤῥηθέντες
1848 3443 2007 3512 φανοὶ

341 3531 668 3609 διεκράτουν
731 3533 901 3612 μέχρι
976 3536 1084 3587 τῶν
1139 3534 1360 3606 ἡμερῶν
1424 3529 1659 3610 Μιχαὴλ
1731 3528 2007 3606 βασιλέως

339 3629 440 3679 τοῦ
486 3624 549 3680 ἐκ
596 3623 886 3697 θεοφίλου.
938 3625 1134 3682 ’Όντος
1183 3619 1240 3676 δὲ
1291 3621 1456 3676 αὐτοῦ
1505 3641 1638 3676 ποτε
1686 3619 1738 3676 ἐν
1788 3621 1867 3691 τῷ
1906 3625 2006 3675 τοῦ

341 3714 536 3792 Ἀγίου
570 3717 870 3788 Μάμαντος
901 3717 978 3788 (7)
1011 3715 1289 3789 προκένσῳ
1318 3712 1408 3768 καὶ
1443 3710 1746 3786 μέλλοντος
1777 3718 2004 3781 ποιῆσαι

341 3801 743 3880 ἱπποδρόμιον,
793 3804 848 3859 ἐν
905 3804 951 3876 ᾧ
1004 3801 1093 3858 καὶ
1125 3802 1239 3858 ἀντὶ
1275 3800 1544 3878 βασιλέως
1571 3799 1804 3876 ἡνίοχος
1835 3799 2002 3876 ἐγνω-

343 3891 527 3967 ρίζετο
568 3892 682 3966 (καὶ
737 3892 838 3967 γὰρ
907 3889 959 3946 ἐν
1013 3895 1132 3952 ταῖς
1189 3886 1558 3960 ἱππηλασίαις
1613 3889 1729 3943 ἀντὶ
1768 3888 2004 3966 ἡνιόχου

341 3975 921 4055 ἱππηλάτει),συνέϐη
981 3978 1108 4044 τοὺς
1165 3981 1414 4043 συνήθεις
1474 3979 1604 4053 ἅψαι
1653 3977 1875 4055 φανοὺς,
1912 3977 2003 4032 καὶ

340 4070 459 4125 εἷπε
488 4073 654 4126 τοῦτο
704 4067 1178 4146 διαλογισάμενος,
1227 4069 1310 4124 δτι
1363 4092 1392 4120 ‹‹
1438 4067 1502 4124 Εἰ
1555 4065 1868 4138 κατάδηλος
1914 4065 2003 4141 γέ-

338 4181 500 4231 νηται
557 4162 594 4230 ἡ
648 4155 831 4230 ἔξοδος
887 4163 996 4215 τῶν
1056 4161 1407 4233 Σαρακηνῶν,
1475 4155 1890 4228 λυπηθήσονται
1949 4157 2001 4210 οἱ

337 4247 590 4318 πολῖται,
649 4249 740 4304 καὶ
799 4247 862 4304 o6
919 4249 994 4322 μή
1048 4245 1338 4321 ἐξέλθωσιν
1395 4246 1472 4310 εἰς
1517 4246 1581 4301 τὸ
1629 4243 2002 4321 ἱπποδρόμιον

337 4342 476 4418 πρὸς
532 4343 595 4396 16
649 4343 748 4411 τήν
807 4340 948 4414 ἐμὴν
1006 4337 1350 4411 ἱππηλασὶαν
1407 4338 1718 4408 θεάσασθαι,
1753 4362 1774 4390 ι
1812 4337 1911 4392 Καὶ
1944 4337 2003 4392 ἐκ

2117 3350 2314 3422 itaque
2343 3351 2484 3406 illuc
2517 3350 2766 3418 delatus,
2795 3349 2843 3406 si
2876 3350 3094 3421 quibus
3128 3350 3323 3421 aliqua
3351 3350 3410 3406 in
3454 3357 3615 3423 parte
3655 3351 3769 3407 Ro-

2120 3440 2277 3496 mani
2333 3439 2490 3496 orbis
2538 3440 2830 3511 conspecti
2883 3439 3130 3495 fuissent
3173 3440 3468 3509 Saraceni,
3501 3441 3769 3513 protinus

2117 3545 2183 3585 eo
2235 3529 2502 3586 movebat
2547 3528 2692 3600 ipsis
2741 3527 2997 3585 obviam.
3031 3529 3154 3585 Mos
3205 3528 3302 3586 ille
3360 3547 3462 3601 per
3515 3531 3768 3586 laternas

2117 3635 2394 3675 accensas
2442 3635 2472 3675 e
2514 3618 2806 3689 praedictis
2836 3618 3092 3690 speculis
3130 3620 3199 3675 de
3239 3619 3634 3676 incursatione
3666 3620 3772 3676 bo-

2115 3708 2296 3764 stium
2342 3707 2711 3780 significandi
2761 3707 3063 3763 obtinebat
3093 3724 3279 3779 usque
3319 3709 3388 3763 ad
3422 3709 3766 3765 Micbaelem

2113 3796 2547 3868 imperatorem,
2578 3795 2884 3865 Theophili
2910 3795 3096 3851 {ilium
3126 3819 3141 3862 ;
3177 3795 3276 3866 qui
3303 3811 3436 3850 eum
3471 3796 3768 3869 abrogavit

2112 3885 2221 3941 hac
2253 3885 2323 3942 de
2352 3901 2528 3940 causa
2561 3901 2574 3939 :
2609 3883 2994 3956 Contingebat
3023 3883 3357 3955 aliquando,
3391 3884 3494 3940 illo
3526 3900 3765 3956 proces-

2111 3976 2334 4032 sionem
2366 3975 2424 4031 S.
2450 3973 2766 4029 Mamantis
2796 3979 3000 4044 agente
3020 3973 3100 4042 [Id
3133 3973 3296 4030 estin
3321 3973 3536 4044 palatio
3554 3975 3614 4033 S.
3643 3975 3765 4031 Ma-

2113 4063 2326 4120 mentis
2376 4061 2746 4132 rusticante],
2777 4065 2834 4118 et
2863 4067 3158 4118 certamen
3208 4069 3475 4134 equestre
3506 4080 3607 4135 per
3653 4066 3766 4121 cir-

2111 4170 2245 4210 cum
2277 4153 2398 4225 [qui
2447 4152 2529 4207 ibi
2567 4157 2669 4218 est]
2722 4152 2970 4221 edituro,
3003 4151 3065 4209 in
3113 4169 3226 4224 quo
3263 4153 3442 4210 etiam
3473 4171 3576 4226 pro
3629 4171 3766 4228 rege

2109 4245 2312 4316 auriga
2341 4245 2692 4314 conspectus
2739 4240 2868 4308 fuit,
2901 4240 3137 4312 qualem
3169 4258 3476 4313 personam
3516 4243 3763 4300 induam

2110 4347 2364 4407 persaepe
2395 4329 2620 4388 solebat
2648 4330 2708 4386 in
2732 4328 2989 4386 editione
3009 4330 3218 4387 talium
3245 4334 3718 4403 spectaculorum
3743 4348 3757 4388 :

1381 4469 1586 4527 JOAN.
1607 4468 1754 4526 JAG.
1797 4465 2066 4525 REISKII
2096 4457 2692 4522 COMMENTARIUS.

411 4589 492 4663 (3)
523 4592 624 4646 Est
652 4592 912 4648 castrum
932 4588 1230 4647 Elmacino
1252 4587 1562 4661 aliquoties
1584 4590 1998 4657 memoratum,
2033 4587 2078 4654 Ι)
2110 4582 2180 4663 rii
2224 4597 2358 4640 cum
2389 4580 2516 4637 suis
2553 4576 2976 4650 appendicibus
3008 4594 3023 4646 ;
3057 4577 3293 4636 mallem
3337 4582 3535 4637 tamen
3575 4599 3764 4637 συσταο

340 4663 486 4718 lulu.

413 4733 657 4806 (ιλεηι
685 4735 839 4806 apud
873 4735 1115 4791 Prussm
1146 4737 1203 4792 et
1232 4733 1564 4806 Olympum.
1600 4736 1996 4806 Damascepus

340 4796 572 4894 Studita
625 4796 834 4892 Horhil.
871 4807 1154 4894 25‘(a'pud
1193 4807 1275 4862 Du
1301 4796 1591 4894 Qa‘rigium
1620 4796 1994 4894 v.‘[la£p‘aI605-

338 4879 418 4948 νι)
449 4893 468 4932 :
497 4880 862 4949 κυνηγοῦντας
905 4873 990 4949 με
1010 4873 1219 4938 ἄλλους
1249 4873 1498 4949 πολλοῦς
1528 4875 1607 4949 εἷς
1643 4874 1737 4949 τὸν
1775 4874 1996 4946 Ὀλυμ-

338 4897 418 4948 vt)
449 4897 468 4932 :
497 4897 631 4945 κυνη
672 4897 862 4938 ουντας
905 4897 973 4949 με
1010 4897 1219 4938 αΛΛους
1249 4897 1498 4939 πολλους
1528 4897 1605 4935 εις
1643 4897 1737 4928 τον
1799 4897 1996 4946 υΛυμ-

337 4968 444 5002 πον
480 4953 584 5016 τῆς
621 4897 872 5024 ΙῘροῦσας
901 4949 1038 5024 πρὸς
1068 4949 1130 5024 τὸ
1161 4951 1258 5004 τοῦ
1289 4945 1480 5022 ’Δγίου
1512 4945 1799 5016 Δῦξεντίου
1830 4964 1998 5020 παρα-

338 5014 544 5074 ϐοῦνιν.
587 5036 640 5075 v.
693 5027 773 5077 Du
820 5021 1108 5090 Cangium
1152 5023 1224 5079 ad
1266 5021 1529 5078 Cinnam.
1574 5036 1629 5090 p.
1679 5019 1805 5075 435.
1837 5025 1896 5074 et
1923 5019 1996 5074 ad

377 5039 544 5074 ουνιν.
587 5038 640 5075 ν.
693 5038 773 5077 υυ
820 5038 1108 5095 uanglum
1152 5038 1224 5079 αα
1266 5038 1529 5078 umnam.
1574 5038 1629 5090 ρ.
1679 5038 1805 5075 4J0.

421 5108 573 5148 08L.
609 5108 664 5148 ι).
698 5108 789 5148 δ1.

335 5093 573 5161 Zonar.,
609 5107 664 5162 p.
698 5096 789 5149 81.
951 5093 972 5095 ⁷

407 5164 487 5238 (5)
522 5167 690 5242 εἶσι-ιο
724 5182 806 5242 ex
835 5183 924 5235 eo,
970 5165 1122 5238 quod
1140 5164 1475 5242 admodum
1525 5161 1993 5242 excelsusesset,

333 5234 477 5294 teste
536 5235 861 5305 Nicephoro
913 5234 1072 5293 'Pa'tr.
1132 5236 1359 5292 CPtano
1417 5240 1581 5292 Brev.
1629 5251 1684 5306 p.
1733 5234 1860 5306 2'23,
1894 5234 1992 5288 ubi

334 5313 627 5379 memorat
666 5303 896 5379 οἰκίδιον
939 5307 1280 5379 στενώπατον
1317 5306 1421 5379 6116
1461 5307 1560 5375 τὴν
1596 5303 1694 5379 τοῦ
1733 5303 1992 5379 μεγίστου

330 5379 498 5506 ipsa?
543 5373 837 5506 ἱδρὲμένον
877 5379 1180 5456 ἀκρώρειαν
1212 5378 1240 5434 5'
1267 5375 1500 5434 καλοῦσι
1518 5373 1628 5432 τοῦ
1658 5373 1852 5453 Ἀνίου
1892 5374 1997 5432 Αὐ-

363 5473 454 5506 εντ
489 5469 556 5504 ου
671 5472 793 5506 ωον.

363 5473 454 5508 εντ
465 5469 556 5504 ιου
601 5469 770 5510 Λοφον
780 5495 793 5510 ο

332 5455 556 5527 ξεντίου
600 5455 793 5528 λόφον.
953 5455 959 5456 ⁷
1038 5455 1043 5456 ⁷

403 5522 600 5596 (6)γῙιει
632 5527 1010 5594 membranae,
1045 5529 1103 5582 et
1151 5523 1369 5593 patitur
1417 5521 1863 5596 expositionem.
1913 5519 1996 5596 Τὰ

333 5591 640 5665 συστάμενα
723 5599 850 5672 (ριξο
903 5591 1321 5672 ίσυνιστάμενα)
1383 5591 1509 5672 μοι’
1559 5593 1628 5647 τὰ
1693 5591 1996 5672 ωσταμένα

332 5674 464 5744 (pro
525 5665 918 5744 συνεστὰὶιὲνᾳ)
981 5675 1083 5744 τῆς
1146 5665 1459 5744 Ῥωμανίας
1535 5669 1822 5744 possunt_
1866 5679 1996 5721 esse

331 5735 488 5805 idem
569 5735 786 5816 atque'_
822 5735 910 5797 τὸ’
945 5735 1217 5815 σύστημα,
1265 5735 1476 5797 ἰοιυιιι
1536 5735 1750 5814 corpus
1805 5735 1992 5812 impe-

2157 4673 2294 4710 ενον.

2114 4676 2610 4799 pl‘Etgl'lmpera‘tor
2654 4721 2835 4799 vict_o_r
2881 4719 2942 4777 in
2977 4721 3358 4799 circensibus
3405 4721 3564 4799 ludis
3599 4725 3669 4799 ad
3697 4730 3756 4784 8.

2107 4793 2436 4856 Mamantis.
2490 4795 2695 4866 Georg.
2760 4793 3036 4866 Monach.
3088 4811 3145 4866 p.
3194 4795 3322 4864 541,
3380 4795 3505 4852 ulbi
3549 4797 3757 4855 multa.

2107 4870 2336 4942 Bulgari
2371 4865 2697 4942 Mamantis
2727 4865 3020 4942 palatium‘
3036 4865 3322 4942 aliasque
3355 4868 3528 4942 aedes
3565 4880 3759 4926 vasta-

2106 4937 2263 4997 runt.
2314 4946 2580 5014 $y_me_0n.
2648 4938 2797 5010 Meg.
2847 4954 2904 5008 p.
2961 4937 3083 5014 408..
3149 4937 3456 5004 Palatium,
3514 4940 3574 4995 in
3607 4957 3756 5014 _quo

2103 5011 2347 5069 Michael
2365 5010 2645 5066 Ebriosus
2675 5025 2826 5079 sape
2853 5010 3182 5080 aurigabat,
3213 5017 3338 5066 erat
3365 5019 3528 5068 extra
3558 5010 3757 5070 CPlin.

2106 5101 2206 5141 seu
2256 5085 2315 5138 in
2375 5083 2660 5138 suburbio
2720 5080 2878 5136 Pera.
2911 5079 3040 5136 Vid.
3083 5081 3382 5140 Constant.
3433 5082 3546 5138 Vit.
3580 5085 3754 5141 Basil.

2104 5158 2322 5212 Maced.
2371 5170 2428 5222 p.
2479 5154 2604 5216 152,
2637 5153 2789 5222 infra
2830 5168 2913 5222 p.g
2939 5153 3066 5207 290.
3095 5153 3240 5210 Hinc
3270 5155 3488 5210 dicitur
3516 5148 3671 5217 ὄντος
3704 5153 3756 5210 ὲν

2102 5231 2182 5298 τῷ
2201 5219 2480 5298 προκὲνσῳ
2509 5225 2605 5277 τοῦ
2622 5219 2812 5298 ’ᾼγίου
2830 5219 3151 5298 Μάμαντος,
3170 5242 3236 5280 cu
3249 5242 3300 5280 m
3326 5229 3758 5297 processionem

2104 5295 2172 5356 ad
2206 5295 2264 5355 S.
2305 5299 2608 5354 Mamantis
2659 5296 2889 5364 facerel,
2926 5295 3024 5350 ubi
3073 5295 3421 5353 rusticatum
3471 5304 3531 5354 et
3577 5299 3757 5355 simul

2105 5373 2316 5429 festum
2361 5369 2488 5439 ejus
2537 5363 2920 5439 celebratum,
2965 5369 3118 5437 quod
3171 5370 3227 5423 in
3278 5370 3434 5426 diem
3483 5371 3550 5425 17
3596 5372 3758 5428 Junii

2105 5437 2546 5513 incidebat—,qut
2605 5453 2660 5513 eL
2697 5437 3051 5513 Theophane
3107 5445 3335 5496 constat
3371 5458 3424 5512 p.
3469 5441 3593 5504 398,
3653 5442 3755 5513 qui

2105 5520 2282 5573 etiam
2318 5531 2373 5584 p.
2429 5511 2554 5576 363,
2587 5508 2671 5584 ait
2721 5509 2780 5564 in
2829 5508 2935 5564 isto
2981 5514 3126 5584 testo
3182 5527 3284 5581 per
3315 5508 3600 5582 peractam
3660 5508 3755 5568 so-

2105 5580 2359 5644 lemnem
2402 5580 2845 5655 processionem
2907 5581 3001 5653 agi
3049 5580 3424 5655 consuevi'sse
3459 5591 3753 5643 certamen

2104 5666 2372 5733 equestre
2396 5653 2456 5712 in
2489 5653 2946 5711 Blacbernarum
2977 5653 3214 5727 palatio.
