  <div class='ocr_page' id='page_1' title='image "/cluster/home/n/w/nwhite01/storage/ocr_20150623/112:no.1/coo.31924054870161/475.png"; bbox 0 0 4052 6386; ppageno 0'>
   <div class='ocr_carea' id='block_1_1' title="bbox 266 370 384 432">
    <p class='ocr_par' dir='ltr' id='par_1_1' title="bbox 266 370 384 432">
     <span class='ocr_line' id='line_1_1' title="bbox 266 370 384 432; baseline -0.025 0"><span class='ocrx_word' id='word_1_1' title='bbox 266 370 384 432; x_wconf 79' lang='grc'><strong>935</strong></span> 
     </span>
    </p>
   </div>
   <div class='ocr_carea' id='block_1_2' title="bbox 1289 358 2572 424">
    <p class='ocr_par' dir='ltr' id='par_1_2' title="bbox 1289 358 2572 424">
     <span class='ocr_line' id='line_1_2' title="bbox 1289 358 2572 424; baseline -0.003 -1"><span class='ocrx_word' id='word_1_2' title='bbox 1289 360 1830 424; x_wconf 79' lang='lat' dir='ltr'><strong>CONSTANTINI</strong></span> <span class='ocrx_word' id='word_1_3' title='bbox 1876 358 2572 424; x_wconf 78' lang='lat' dir='ltr'><strong>PORPHYROGENITI</strong></span> 
     </span>
    </p>
   </div>
   <div class='ocr_carea' id='block_1_3' title="bbox 3561 357 3681 418">
    <p class='ocr_par' dir='ltr' id='par_1_3' title="bbox 3561 357 3681 418">
     <span class='ocr_line' id='line_1_3' title="bbox 3561 357 3681 418; baseline -0.017 0"><span class='ocrx_word' id='word_1_4' title='bbox 3561 357 3681 418; x_wconf 87' lang='lat'><strong>936</strong></span> 
     </span>
    </p>
   </div>
   <div class='ocr_carea' id='block_1_4' title="bbox 265 483 1926 572">
    <p class='ocr_par' dir='ltr' id='par_1_4' title="bbox 265 495 1909 572">
     <span class='ocr_line' id='line_1_4' title="bbox 265 495 1909 572; baseline -0.004 -14"><span class='ocrx_word' id='word_1_5' title='bbox 265 500 642 572; x_wconf 87' lang='lat' dir='ltr'><strong>contingebat</strong></span> <span class='ocrx_word' id='word_1_6' title='bbox 681 497 865 570; x_wconf 82' lang='lat' dir='ltr'><strong>igitur</strong></span> <span class='ocrx_word' id='word_1_7' title='bbox 914 511 982 554; x_wconf 92' lang='lat' dir='ltr'><strong>eo</strong></span> <span class='ocrx_word' id='word_1_8' title='bbox 1014 502 1294 570; x_wconf 89' lang='lat' dir='ltr'><strong>tempore,</strong></span> <span class='ocrx_word' id='word_1_9' title='bbox 1327 499 1394 552; x_wconf 91' lang='lat' dir='ltr'><strong>ut</strong></span> <span class='ocrx_word' id='word_1_10' title='bbox 1424 500 1705 553; x_wconf 88' lang='lat' dir='ltr'><strong>consueto</strong></span> <span class='ocrx_word' id='word_1_11' title='bbox 1737 495 1909 552; x_wconf 91' lang='lat' dir='ltr'><strong>modo</strong></span> 
     </span>
    </p>
   </div>
   <div class='ocr_carea' id='block_1_5' title="bbox 2044 483 3682 572">
    <p class='ocr_par' dir='ltr' id='par_1_5' title="bbox 2044 483 3682 564">
     <span class='ocr_line' id='line_1_5' title="bbox 2044 483 3682 564; baseline -0.003 -17"><span class='ocrx_word' id='word_1_12' title='bbox 2044 493 2148 548; x_wconf 69' lang='grc' dir='ltr'>τότε</span> <span class='ocrx_word' id='word_1_13' title='bbox 2232 489 2510 562; x_wconf 79' lang='grc' dir='ltr'><strong>διετάξατο</strong></span> <span class='ocrx_word' id='word_1_14' title='bbox 2579 491 2656 564; x_wconf 78' lang='grc' dir='ltr'>μὴ</span> <span class='ocrx_word' id='word_1_15' title='bbox 2725 490 2910 546; x_wconf 71' lang='grc' dir='ltr'>ἅπτειν</span> <span class='ocrx_word' id='word_1_16' title='bbox 2971 487 3101 553; x_wconf 76' lang='grc' dir='ltr'>τοὺς</span> <span class='ocrx_word' id='word_1_17' title='bbox 3165 487 3390 564; x_wconf 73' lang='grc' dir='ltr'>φανούς.</span> <span class='ocrx_word' id='word_1_18' title='bbox 3463 483 3682 558; x_wconf 83' lang='grc' dir='ltr'>Ἰστέον,</span> 
     </span>
    </p>
   </div>
   <div class='ocr_carea' id='block_1_6' title="bbox 263 586 1912 658">
    <p class='ocr_par' dir='ltr' id='par_1_6' title="bbox 263 586 1912 658">
     <span class='ocr_line' id='line_1_6' title="bbox 263 586 1912 658; baseline -0.005 -10"><span class='ocrx_word' id='word_1_19' title='bbox 263 593 499 648; x_wconf 70' lang='grc' dir='ltr'>Ιοιοιιηω</span> <span class='ocrx_word' id='word_1_20' title='bbox 532 589 642 644; x_wconf 60' lang='lat' dir='ltr'><strong>illa;</strong></span> <span class='ocrx_word' id='word_1_21' title='bbox 691 586 830 643; x_wconf 87' lang='lat' dir='ltr'><strong>belli</strong></span> <span class='ocrx_word' id='word_1_22' title='bbox 870 587 1090 644; x_wconf 90' lang='lat' dir='ltr'><strong>indices</strong></span> <span class='ocrx_word' id='word_1_23' title='bbox 1123 602 1376 644; x_wconf 64' lang='lat' dir='ltr'><strong>accensa</strong></span> <span class='ocrx_word' id='word_1_24' title='bbox 1417 586 1912 658; x_wconf 80' lang='lat' dir='ltr'><strong>conspicerentur.</strong></span> 
     </span>
    </p>
   </div>
   <div class='ocr_carea' id='block_1_7' title="bbox 264 675 1915 748">
    <p class='ocr_par' dir='ltr' id='par_1_7' title="bbox 264 675 1915 748">
     <span class='ocr_line' id='line_1_7' title="bbox 264 675 1915 748; baseline -0.004 -11"><span class='ocrx_word' id='word_1_25' title='bbox 264 679 738 737; x_wconf 79' lang='lat' dir='ltr'><strong>Ratiocinabatur</strong></span> <span class='ocrx_word' id='word_1_26' title='bbox 765 677 961 748; x_wconf 86' lang='lat' dir='ltr'><strong>itaque</strong></span> <span class='ocrx_word' id='word_1_27' title='bbox 1012 693 1210 733; x_wconf 82' lang='lat' dir='ltr'><strong>secum</strong></span> <span class='ocrx_word' id='word_1_28' title='bbox 1244 675 1351 732; x_wconf 89' lang='lat' dir='ltr'><strong>hoc</strong></span> <span class='ocrx_word' id='word_1_29' title='bbox 1381 679 1553 732; x_wconf 88' lang='lat' dir='ltr'><strong>mado</strong></span> <span class='ocrx_word' id='word_1_30' title='bbox 1585 691 1599 731; x_wconf 88' lang='lat'><strong>:</strong></span> <span class='ocrx_word' id='word_1_31' title='bbox 1634 698 1661 726; x_wconf 84' lang='grc'><strong>‹‹</strong></span> <span class='ocrx_word' id='word_1_32' title='bbox 1697 676 1754 732; x_wconf 84' lang='lat' dir='ltr'><strong>Si</strong></span> <span class='ocrx_word' id='word_1_33' title='bbox 1789 692 1915 747; x_wconf 89' lang='lat' dir='ltr'><strong>per-</strong></span> 
     </span>
    </p>
   </div>
   <div class='ocr_carea' id='block_1_8' title="bbox 265 764 1916 838">
    <p class='ocr_par' dir='ltr' id='par_1_8' title="bbox 265 764 1916 838">
     <span class='ocr_line' id='line_1_8' title="bbox 265 764 1916 838; baseline -0.004 -12"><span class='ocrx_word' id='word_1_34' title='bbox 265 770 502 838; x_wconf 86' lang='lat' dir='ltr'><strong>misero,</strong></span> <span class='ocrx_word' id='word_1_35' title='bbox 535 773 600 825; x_wconf 90' lang='lat' dir='ltr'><strong>ut</strong></span> <span class='ocrx_word' id='word_1_36' title='bbox 656 783 854 824; x_wconf 89' lang='lat' dir='ltr'><strong>rumor</strong></span> <span class='ocrx_word' id='word_1_37' title='bbox 909 765 980 822; x_wconf 91' lang='lat' dir='ltr'><strong>de</strong></span> <span class='ocrx_word' id='word_1_38' title='bbox 1025 770 1442 823; x_wconf 83' lang='lat' dir='ltr'><strong>Saracenorum</strong></span> <span class='ocrx_word' id='word_1_39' title='bbox 1499 766 1799 822; x_wconf 88' lang='lat' dir='ltr'><strong>invasione</strong></span> <span class='ocrx_word' id='word_1_40' title='bbox 1857 764 1916 819; x_wconf 92' lang='lat' dir='ltr'><strong>in</strong></span> 
     </span>
    </p>
   </div>
   <div class='ocr_carea' id='block_1_9' title="bbox 266 854 1915 927">
    <p class='ocr_par' dir='ltr' id='par_1_9' title="bbox 266 854 1915 927">
     <span class='ocr_line' id='line_1_9' title="bbox 266 854 1915 927; baseline -0.005 -11"><span class='ocrx_word' id='word_1_41' title='bbox 266 858 423 916; x_wconf 92' lang='lat' dir='ltr'><strong>cives</strong></span> <span class='ocrx_word' id='word_1_42' title='bbox 460 862 713 924; x_wconf 83' lang='lat' dir='ltr'><strong>emanet,</strong></span> <span class='ocrx_word' id='word_1_43' title='bbox 742 856 1039 913; x_wconf 78' lang='lat' dir='ltr'><strong>tristitiam</strong></span> <span class='ocrx_word' id='word_1_44' title='bbox 1091 855 1229 912; x_wconf 90' lang='lat' dir='ltr'><strong>inde</strong></span> <span class='ocrx_word' id='word_1_45' title='bbox 1277 855 1609 927; x_wconf 90' lang='lat' dir='ltr'><strong>concipient</strong></span> <span class='ocrx_word' id='word_1_46' title='bbox 1643 869 1831 926; x_wconf 84' lang='lat' dir='ltr'><strong>neque</strong></span> <span class='ocrx_word' id='word_1_47' title='bbox 1859 854 1915 908; x_wconf 90' lang='lat' dir='ltr'><strong>in</strong></span> 
     </span>
    </p>
   </div>
   <div class='ocr_carea' id='block_1_10' title="bbox 266 943 1917 1020">
    <p class='ocr_par' dir='ltr' id='par_1_10' title="bbox 266 943 1917 1020">
     <span class='ocr_line' id='line_1_10' title="bbox 266 943 1917 1020; baseline -0.006 -16"><span class='ocrx_word' id='word_1_48' title='bbox 266 949 489 1006; x_wconf 80' lang='lat' dir='ltr'><strong>circum</strong></span> <span class='ocrx_word' id='word_1_49' title='bbox 521 965 682 1004; x_wconf 91' lang='lat' dir='ltr'><strong>meas</strong></span> <span class='ocrx_word' id='word_1_50' title='bbox 714 946 1108 1020; x_wconf 87' lang='lat' dir='ltr'><strong>aurigationes</strong></span> <span class='ocrx_word' id='word_1_51' title='bbox 1139 950 1462 1013; x_wconf 84' lang='lat' dir='ltr'><strong>spectatum</strong></span> <span class='ocrx_word' id='word_1_52' title='bbox 1493 943 1854 1001; x_wconf 88' lang='lat' dir='ltr'><strong>convenient.</strong></span> <span class='ocrx_word' id='word_1_53' title='bbox 1889 965 1917 995; x_wconf 83' lang='grc'>››</span> 
     </span>
    </p>
   </div>
   <div class='ocr_carea' id='block_1_11' title="bbox 267 1033 1920 1110">
    <p class='ocr_par' dir='ltr' id='par_1_11' title="bbox 267 1033 1920 1110">
     <span class='ocr_line' id='line_1_11' title="bbox 267 1033 1920 1110; baseline -0.002 -16"><span class='ocrx_word' id='word_1_54' title='bbox 267 1039 339 1094; x_wconf 84' lang='grc' dir='ltr'>Ει</span> <span class='ocrx_word' id='word_1_55' title='bbox 389 1042 687 1110; x_wconf 87' lang='lat' dir='ltr'><strong>propterea</strong></span> <span class='ocrx_word' id='word_1_56' title='bbox 733 1036 984 1102; x_wconf 87' lang='lat' dir='ltr'><strong>vetabat,</strong></span> <span class='ocrx_word' id='word_1_57' title='bbox 1043 1035 1426 1105; x_wconf 88' lang='lat' dir='ltr'><strong>imposterum</strong></span> <span class='ocrx_word' id='word_1_58' title='bbox 1486 1033 1739 1090; x_wconf 89' lang='lat' dir='ltr'><strong>laternas</strong></span> <span class='ocrx_word' id='word_1_59' title='bbox 1788 1034 1920 1090; x_wconf 88' lang='lat' dir='ltr'><strong>illas</strong></span> 
     </span>
    </p>
   </div>
   <div class='ocr_carea' id='block_1_12' title="bbox 269 1124 1923 1198">
    <p class='ocr_par' dir='ltr' id='par_1_12' title="bbox 269 1124 1923 1198">
     <span class='ocr_line' id='line_1_12' title="bbox 269 1124 1923 1198; baseline -0.002 -14"><span class='ocrx_word' id='word_1_60' title='bbox 269 1127 571 1184; x_wconf 86' lang='lat' dir='ltr'><strong>acceundi.</strong></span> <span class='ocrx_word' id='word_1_61' title='bbox 603 1127 754 1183; x_wconf 90' lang='lat' dir='ltr'><strong>Olim</strong></span> <span class='ocrx_word' id='word_1_62' title='bbox 790 1130 961 1198; x_wconf 81' lang='lat' dir='ltr'><strong>typus</strong></span> <span class='ocrx_word' id='word_1_63' title='bbox 993 1141 1096 1182; x_wconf 90' lang='lat' dir='ltr'><strong>seu</strong></span> <span class='ocrx_word' id='word_1_64' title='bbox 1127 1131 1291 1182; x_wconf 87' lang='lat' dir='ltr'><strong>tenor</strong></span> <span class='ocrx_word' id='word_1_65' title='bbox 1319 1125 1407 1181; x_wconf 87' lang='lat' dir='ltr'><strong>vel</strong></span> <span class='ocrx_word' id='word_1_66' title='bbox 1440 1125 1627 1181; x_wconf 81' lang='lat' dir='ltr'><strong>forma</strong></span> <span class='ocrx_word' id='word_1_67' title='bbox 1656 1125 1779 1180; x_wconf 77' lang='lat' dir='ltr'><strong>haec</strong></span> <span class='ocrx_word' id='word_1_68' title='bbox 1818 1124 1923 1181; x_wconf 87' lang='lat' dir='ltr'><strong>ob-</strong></span> 
     </span>
    </p>
   </div>
   <div class='ocr_carea' id='block_1_13' title="bbox 269 1213 1923 1289">
    <p class='ocr_par' dir='ltr' id='par_1_13' title="bbox 269 1213 1923 1289">
     <span class='ocr_line' id='line_1_13' title="bbox 269 1213 1923 1289; baseline -0.002 -15"><span class='ocrx_word' id='word_1_69' title='bbox 269 1217 613 1275; x_wconf 73' lang='lat' dir='ltr'><strong>servabatur</strong></span> <span class='ocrx_word' id='word_1_70' title='bbox 655 1216 713 1272; x_wconf 91' lang='lat' dir='ltr'><strong>in</strong></span> <span class='ocrx_word' id='word_1_71' title='bbox 747 1214 902 1289; x_wconf 86' lang='lat' dir='ltr'><strong>rogis</strong></span> <span class='ocrx_word' id='word_1_72' title='bbox 933 1220 1032 1270; x_wconf 91' lang='lat' dir='ltr'><strong>aut</strong></span> <span class='ocrx_word' id='word_1_73' title='bbox 1061 1214 1370 1286; x_wconf 87' lang='lat' dir='ltr'><strong>stipendiis</strong></span> <span class='ocrx_word' id='word_1_74' title='bbox 1401 1213 1755 1271; x_wconf 79' lang='lat' dir='ltr'><strong>militaribus</strong></span> <span class='ocrx_word' id='word_1_75' title='bbox 1799 1214 1923 1271; x_wconf 87' lang='lat' dir='ltr'><strong>sol-</strong></span> 
     </span>
    </p>
   </div>
   <div class='ocr_carea' id='block_1_14' title="bbox 268 1303 1922 1375">
    <p class='ocr_par' dir='ltr' id='par_1_14' title="bbox 268 1303 1922 1375">
     <span class='ocr_line' id='line_1_14' title="bbox 268 1303 1922 1375; baseline -0.002 -12"><span class='ocrx_word' id='word_1_76' title='bbox 268 1307 494 1363; x_wconf 84' lang='lat' dir='ltr'><strong>vendis.</strong></span> <span class='ocrx_word' id='word_1_77' title='bbox 548 1305 820 1361; x_wconf 75' lang='lat' dir='ltr'><strong>Solebant</strong></span> <span class='ocrx_word' id='word_1_78' title='bbox 875 1304 1132 1360; x_wconf 85' lang='lat' dir='ltr'><strong>themata</strong></span> <span class='ocrx_word' id='word_1_79' title='bbox 1191 1319 1291 1360; x_wconf 80' lang='lat' dir='ltr'><strong>seu</strong></span> <span class='ocrx_word' id='word_1_80' title='bbox 1362 1303 1616 1375; x_wconf 83' lang='lat' dir='ltr'><strong>legiones</strong></span> <span class='ocrx_word' id='word_1_81' title='bbox 1680 1303 1922 1375; x_wconf 70' lang='lat' dir='ltr'><strong>singulas</strong></span> 
     </span>
    </p>
   </div>
   <div class='ocr_carea' id='block_1_15' title="bbox 270 1396 1926 1469">
    <p class='ocr_par' dir='ltr' id='par_1_15' title="bbox 270 1396 1926 1469">
     <span class='ocr_line' id='line_1_15' title="bbox 270 1396 1926 1469; baseline -0.001 -17"><span class='ocrx_word' id='word_1_82' title='bbox 270 1400 475 1469; x_wconf 89' lang='lat' dir='ltr'><strong>quarto</strong></span> <span class='ocrx_word' id='word_1_83' title='bbox 493 1396 698 1467; x_wconf 88' lang='lat' dir='ltr'><strong>quovis</strong></span> <span class='ocrx_word' id='word_1_84' title='bbox 730 1409 884 1450; x_wconf 89' lang='lat' dir='ltr'><strong>anno</strong></span> <span class='ocrx_word' id='word_1_85' title='bbox 915 1400 1280 1449; x_wconf 87' lang='lat' dir='ltr'><strong>reccurrente</strong></span> <span class='ocrx_word' id='word_1_86' title='bbox 1305 1407 1440 1448; x_wconf 87' lang='lat' dir='ltr'><strong>suas</strong></span> <span class='ocrx_word' id='word_1_87' title='bbox 1461 1409 1634 1465; x_wconf 87' lang='lat' dir='ltr'><strong>rogas</strong></span> <span class='ocrx_word' id='word_1_88' title='bbox 1665 1396 1926 1464; x_wconf 87' lang='lat' dir='ltr'><strong>accipere</strong></span> 
     </span>
    </p>
   </div>
   <div class='ocr_carea' id='block_1_16' title="bbox 268 1481 1925 1554">
    <p class='ocr_par' dir='ltr' id='par_1_16' title="bbox 268 1481 1925 1554">
     <span class='ocr_line' id='line_1_16' title="bbox 268 1481 1925 1554; baseline -0.003 -12"><span class='ocrx_word' id='word_1_89' title='bbox 268 1485 381 1542; x_wconf 88' lang='lat' dir='ltr'><strong>hoc</strong></span> <span class='ocrx_word' id='word_1_90' title='bbox 428 1483 688 1540; x_wconf 89' lang='lat' dir='ltr'><strong>modulo.</strong></span> <span class='ocrx_word' id='word_1_91' title='bbox 722 1483 840 1538; x_wconf 88' lang='lat' dir='ltr'><strong>Hoc</strong></span> <span class='ocrx_word' id='word_1_92' title='bbox 872 1483 1058 1554; x_wconf 90' lang='lat' dir='ltr'><strong>primo</strong></span> <span class='ocrx_word' id='word_1_93' title='bbox 1097 1498 1252 1538; x_wconf 88' lang='lat' dir='ltr'><strong>anno</strong></span> <span class='ocrx_word' id='word_1_94' title='bbox 1293 1481 1657 1553; x_wconf 85' lang='lat' dir='ltr'><strong>accipiebant</strong></span> <span class='ocrx_word' id='word_1_95' title='bbox 1685 1481 1925 1554; x_wconf 88' lang='lat' dir='ltr'><strong>strategi</strong></span> 
     </span>
    </p>
   </div>
   <div class='ocr_carea' id='block_1_17' title="bbox 269 1570 1925 1640">
    <p class='ocr_par' dir='ltr' id='par_1_17' title="bbox 269 1570 1925 1640">
     <span class='ocr_line' id='line_1_17' title="bbox 269 1570 1925 1640; baseline -0.002 -9"><span class='ocrx_word' id='word_1_96' title='bbox 269 1574 332 1631; x_wconf 89' lang='lat' dir='ltr'><strong>bi</strong></span> <span class='ocrx_word' id='word_1_97' title='bbox 366 1591 380 1630; x_wconf 90' lang='lat'><strong>:</strong></span> <span class='ocrx_word' id='word_1_98' title='bbox 413 1573 774 1640; x_wconf 88' lang='lat' dir='ltr'><strong>Anatolicus,</strong></span> <span class='ocrx_word' id='word_1_99' title='bbox 820 1572 1224 1637; x_wconf 81' lang='lat' dir='ltr'><strong>Armeniacus,</strong></span> <span class='ocrx_word' id='word_1_100' title='bbox 1253 1570 1622 1628; x_wconf 89' lang='lat' dir='ltr'><strong>Thracesius.</strong></span> <span class='ocrx_word' id='word_1_101' title='bbox 1658 1573 1925 1628; x_wconf 86' lang='lat' dir='ltr'><strong>Secundo</strong></span> 
     </span>
    </p>
   </div>
   <div class='ocr_carea' id='block_1_18' title="bbox 271 1659 1927 1732">
    <p class='ocr_par' dir='ltr' id='par_1_18' title="bbox 271 1659 1927 1732">
     <span class='ocr_line' id='line_1_18' title="bbox 271 1659 1927 1732; baseline -0.002 -12"><span class='ocrx_word' id='word_1_102' title='bbox 271 1679 425 1720; x_wconf 85' lang='lat' dir='ltr'><strong>anno</strong></span> <span class='ocrx_word' id='word_1_103' title='bbox 466 1663 525 1717; x_wconf 91' lang='lat' dir='ltr'><strong>hi</strong></span> <span class='ocrx_word' id='word_1_104' title='bbox 561 1679 574 1719; x_wconf 94' lang='lat'>:</span> <span class='ocrx_word' id='word_1_105' title='bbox 606 1662 981 1732; x_wconf 88' lang='lat' dir='ltr'><strong>Opsicianus,</strong></span> <span class='ocrx_word' id='word_1_106' title='bbox 1016 1660 1392 1725; x_wconf 85' lang='lat' dir='ltr'><strong>Bucellarius,</strong></span> <span class='ocrx_word' id='word_1_107' title='bbox 1425 1659 1759 1732; x_wconf 83' lang='lat' dir='ltr'><strong>Cappadox.</strong></span> <span class='ocrx_word' id='word_1_108' title='bbox 1783 1661 1927 1717; x_wconf 85' lang='lat' dir='ltr'><strong>Ter-</strong></span> 
     </span>
    </p>
   </div>
   <div class='ocr_carea' id='block_1_19' title="bbox 271 1749 1927 1822">
    <p class='ocr_par' dir='ltr' id='par_1_19' title="bbox 271 1749 1927 1822">
     <span class='ocr_line' id='line_1_19' title="bbox 271 1749 1927 1822; baseline 0 -14"><span class='ocrx_word' id='word_1_109' title='bbox 271 1752 350 1808; x_wconf 94' lang='lat' dir='ltr'><strong>tio</strong></span> <span class='ocrx_word' id='word_1_110' title='bbox 396 1752 453 1807; x_wconf 93' lang='lat' dir='ltr'><strong>hi</strong></span> <span class='ocrx_word' id='word_1_111' title='bbox 495 1769 509 1809; x_wconf 88' lang='lat'>:</span> <span class='ocrx_word' id='word_1_112' title='bbox 557 1751 884 1819; x_wconf 86' lang='lat' dir='ltr'><strong>Chrasiani,</strong></span> <span class='ocrx_word' id='word_1_113' title='bbox 928 1750 1196 1814; x_wconf 65' lang='lat' dir='ltr'><strong>Coloniae,</strong></span> <span class='ocrx_word' id='word_1_114' title='bbox 1251 1749 1676 1822; x_wconf 62' lang='lat' dir='ltr'><strong>Paphlagoniae.</strong></span> <span class='ocrx_word' id='word_1_115' title='bbox 1712 1753 1927 1818; x_wconf 85' lang='lat' dir='ltr'><strong>Quarto</strong></span> 
     </span>
    </p>
   </div>
   <div class='ocr_carea' id='block_1_20' title="bbox 268 1839 1931 1907">
    <p class='ocr_par' dir='ltr' id='par_1_20' title="bbox 268 1839 1931 1907">
     <span class='ocr_line' id='line_1_20' title="bbox 268 1839 1931 1907; baseline -0.001 -10"><span class='ocrx_word' id='word_1_116' title='bbox 268 1842 504 1898; x_wconf 88' lang='lat' dir='ltr'><strong>tandem</strong></span> <span class='ocrx_word' id='word_1_117' title='bbox 524 1842 807 1907; x_wconf 66' lang='lat' dir='ltr'><strong>Thraciae,</strong></span> <span class='ocrx_word' id='word_1_118' title='bbox 833 1839 1179 1896; x_wconf 72' lang='lat' dir='ltr'><strong>Macedoniae</strong></span> <span class='ocrx_word' id='word_1_119' title='bbox 1204 1844 1260 1895; x_wconf 91' lang='lat' dir='ltr'><strong>et</strong></span> <span class='ocrx_word' id='word_1_120' title='bbox 1279 1839 1548 1895; x_wconf 74' lang='lat' dir='ltr'><strong>(ihaldite.</strong></span> <span class='ocrx_word' id='word_1_121' title='bbox 1573 1839 1931 1896; x_wconf 81' lang='lat' dir='ltr'><strong>Recurrebat</strong></span> 
     </span>
    </p>
   </div>
   <div class='ocr_carea' id='block_1_21' title="bbox 266 1930 1921 2003">
    <p class='ocr_par' dir='ltr' id='par_1_21' title="bbox 266 1930 1921 2003">
     <span class='ocr_line' id='line_1_21' title="bbox 266 1930 1921 2003; baseline -0.001 -17"><span class='ocrx_word' id='word_1_122' title='bbox 266 1932 476 1988; x_wconf 88' lang='lat' dir='ltr'><strong>deinde</strong></span> <span class='ocrx_word' id='word_1_123' title='bbox 498 1931 648 1989; x_wconf 70' lang='lat'><strong>285</strong></span> <span class='ocrx_word' id='word_1_124' title='bbox 676 1931 836 1988; x_wconf 87' lang='lat' dir='ltr'><strong>orbis</strong></span> <span class='ocrx_word' id='word_1_125' title='bbox 859 1933 1263 2003; x_wconf 84' lang='lat' dir='ltr'><strong>erogationum</strong></span> <span class='ocrx_word' id='word_1_126' title='bbox 1285 1930 1353 1984; x_wconf 89' lang='lat' dir='ltr'><strong>ad</strong></span> <span class='ocrx_word' id='word_1_127' title='bbox 1375 1931 1527 1985; x_wconf 90' lang='lat' dir='ltr'><strong>idem</strong></span> <span class='ocrx_word' id='word_1_128' title='bbox 1547 1930 1921 2001; x_wconf 87' lang='lat' dir='ltr'><strong>principium.</strong></span> 
     </span>
    </p>
   </div>
   <div class='ocr_carea' id='block_1_22' title="bbox 266 2020 1925 2092">
    <p class='ocr_par' dir='ltr' id='par_1_22' title="bbox 266 2020 1925 2092">
     <span class='ocr_line' id='line_1_22' title="bbox 266 2020 1925 2092; baseline 0 -16"><span class='ocrx_word' id='word_1_129' title='bbox 266 2021 724 2092; x_wconf 87' lang='lat' dir='ltr'><strong>decurrebatque</strong></span> <span class='ocrx_word' id='word_1_130' title='bbox 773 2021 984 2077; x_wconf 89' lang='lat' dir='ltr'><strong>iterum</strong></span> <span class='ocrx_word' id='word_1_131' title='bbox 1019 2025 1198 2092; x_wconf 89' lang='lat' dir='ltr'><strong>atque</strong></span> <span class='ocrx_word' id='word_1_132' title='bbox 1233 2020 1444 2075; x_wconf 87' lang='lat' dir='ltr'><strong>iterum</strong></span> <span class='ocrx_word' id='word_1_133' title='bbox 1477 2022 1712 2076; x_wconf 80' lang='lat' dir='ltr'><strong>easdem</strong></span> <span class='ocrx_word' id='word_1_134' title='bbox 1747 2021 1925 2088; x_wconf 85' lang='lat' dir='ltr'><strong>vices,</strong></span> 
     </span>
    </p>
   </div>
   <div class='ocr_carea' id='block_1_23' title="bbox 266 2107 1929 2180">
    <p class='ocr_par' dir='ltr' id='par_1_23' title="bbox 266 2107 1929 2180">
     <span class='ocr_line' id='line_1_23' title="bbox 266 2107 1929 2180; baseline -0.001 -14"><span class='ocrx_word' id='word_1_135' title='bbox 266 2108 486 2166; x_wconf 88' lang='lat' dir='ltr'><strong>Debent</strong></span> <span class='ocrx_word' id='word_1_136' title='bbox 517 2109 754 2180; x_wconf 87' lang='lat' dir='ltr'><strong>strategi</strong></span> <span class='ocrx_word' id='word_1_137' title='bbox 777 2107 1119 2165; x_wconf 86' lang='lat' dir='ltr'><strong>mandatum</strong></span> <span class='ocrx_word' id='word_1_138' title='bbox 1152 2109 1212 2164; x_wconf 90' lang='lat' dir='ltr'><strong>in</strong></span> <span class='ocrx_word' id='word_1_139' title='bbox 1246 2109 1516 2164; x_wconf 82' lang='lat' dir='ltr'><strong>subditos</strong></span> <span class='ocrx_word' id='word_1_140' title='bbox 1541 2109 1655 2164; x_wconf 90' lang='lat' dir='ltr'><strong>sibi</strong></span> <span class='ocrx_word' id='word_1_141' title='bbox 1677 2113 1929 2165; x_wconf 87' lang='lat' dir='ltr'><strong>turmar-</strong></span> 
     </span>
    </p>
   </div>
   <div class='ocr_carea' id='block_1_24' title="bbox 265 2197 1928 2269">
    <p class='ocr_par' dir='ltr' id='par_1_24' title="bbox 265 2197 1928 2269">
     <span class='ocr_line' id='line_1_24' title="bbox 265 2197 1928 2269; baseline -0.001 -14"><span class='ocrx_word' id='word_1_142' title='bbox 265 2198 432 2266; x_wconf 90' lang='lat' dir='ltr'><strong>chas,</strong></span> <span class='ocrx_word' id='word_1_143' title='bbox 491 2202 549 2255; x_wconf 90' lang='lat' dir='ltr'><strong>et</strong></span> <span class='ocrx_word' id='word_1_144' title='bbox 605 2197 666 2252; x_wconf 92' lang='lat' dir='ltr'><strong>bi</strong></span> <span class='ocrx_word' id='word_1_145' title='bbox 730 2198 798 2252; x_wconf 81' lang='lat' dir='ltr'><strong>in</strong></span> <span class='ocrx_word' id='word_1_146' title='bbox 849 2197 1118 2252; x_wconf 89' lang='lat' dir='ltr'><strong>sublitos</strong></span> <span class='ocrx_word' id='word_1_147' title='bbox 1180 2197 1293 2252; x_wconf 86' lang='lat' dir='ltr'><strong>sibi</strong></span> <span class='ocrx_word' id='word_1_148' title='bbox 1389 2198 1928 2269; x_wconf 88' lang='lat' dir='ltr'><strong>drungarocomites</strong></span> 
     </span>
    </p>
   </div>
   <div class='ocr_carea' id='block_1_25' title="bbox 271 2285 1933 2358">
    <p class='ocr_par' dir='ltr' id='par_1_25' title="bbox 271 2285 1933 2358">
     <span class='ocr_line' id='line_1_25' title="bbox 271 2285 1933 2358; baseline 0 -16"><span class='ocrx_word' id='word_1_149' title='bbox 271 2287 466 2355; x_wconf 86' lang='lat' dir='ltr'><strong>edere,</strong></span> <span class='ocrx_word' id='word_1_150' title='bbox 500 2291 562 2342; x_wconf 90' lang='lat' dir='ltr'><strong>ut</strong></span> <span class='ocrx_word' id='word_1_151' title='bbox 593 2287 1060 2358; x_wconf 74' lang='lat' dir='ltr'><strong>unumquodque</strong></span> <span class='ocrx_word' id='word_1_152' title='bbox 1084 2285 1338 2342; x_wconf 88' lang='lat' dir='ltr'><strong>bandum</strong></span> <span class='ocrx_word' id='word_1_153' title='bbox 1371 2302 1472 2342; x_wconf 89' lang='lat' dir='ltr'><strong>seu</strong></span> <span class='ocrx_word' id='word_1_154' title='bbox 1505 2285 1782 2342; x_wconf 83' lang='lat' dir='ltr'><strong>vexillum</strong></span> <span class='ocrx_word' id='word_1_155' title='bbox 1832 2290 1933 2342; x_wconf 89' lang='lat' dir='ltr'><strong>aut</strong></span> 
     </span>
    </p>
   </div>
   <div class='ocr_carea' id='block_1_26' title="bbox 278 2374 1930 2433">
    <p class='ocr_par' dir='ltr' id='par_1_26' title="bbox 278 2374 1930 2433">
     <span class='ocr_line' id='line_1_26' title="bbox 278 2374 1930 2433; baseline -0.001 -1"><span class='ocrx_word' id='word_1_156' title='bbox 278 2375 487 2433; x_wconf 86' lang='lat' dir='ltr'><strong>cohors</strong></span> <span class='ocrx_word' id='word_1_157' title='bbox 507 2374 714 2431; x_wconf 81' lang='lat' dir='ltr'><strong>habeat</strong></span> <span class='ocrx_word' id='word_1_158' title='bbox 747 2391 920 2431; x_wconf 86' lang='lat' dir='ltr'><strong>suum</strong></span> <span class='ocrx_word' id='word_1_159' title='bbox 941 2376 1382 2432; x_wconf 89' lang='lat' dir='ltr'><strong>comodromum</strong></span> <span class='ocrx_word' id='word_1_160' title='bbox 1415 2392 1514 2431; x_wconf 90' lang='lat' dir='ltr'><strong>seu</strong></span> <span class='ocrx_word' id='word_1_161' title='bbox 1557 2376 1787 2431; x_wconf 86' lang='lat' dir='ltr'><strong>fabrum</strong></span> <span class='ocrx_word' id='word_1_162' title='bbox 1815 2377 1930 2432; x_wconf 84' lang='lat' dir='ltr'><strong>ler-</strong></span> 
     </span>
    </p>
   </div>
   <div class='ocr_carea' id='block_1_27' title="bbox 1957 1886 2005 1951">
    <p class='ocr_par' dir='ltr' id='par_1_27' title="bbox 1957 1886 2005 1951">
     <span class='ocr_line' id='line_1_27' title="bbox 1957 1886 2005 1951; baseline 0 0"><span class='ocrx_word' id='word_1_163' title='bbox 1957 1886 2005 1951; x_wconf 93' lang='lat' dir='ltr'><strong>B</strong></span> 
     </span>
    </p>
   </div>
   <div class='ocr_carea' id='block_1_28' title="bbox 2027 577 3686 655">
    <p class='ocr_par' dir='ltr' id='par_1_28' title="bbox 2027 577 3686 655">
     <span class='ocr_line' id='line_1_28' title="bbox 2027 577 3686 655; baseline -0.002 -19"><span class='ocrx_word' id='word_1_164' title='bbox 2027 582 2203 637; x_wconf 75' lang='grc' dir='ltr'>ὅτιτὸ</span> <span class='ocrx_word' id='word_1_165' title='bbox 2234 580 2467 637; x_wconf 86' lang='grc' dir='ltr'>παλαιὸν</span> <span class='ocrx_word' id='word_1_166' title='bbox 2515 579 2686 642; x_wconf 78' lang='grc' dir='ltr'>τύπος</span> <span class='ocrx_word' id='word_1_167' title='bbox 2730 582 2820 650; x_wconf 72' lang='grc' dir='ltr'>ἦν,</span> <span class='ocrx_word' id='word_1_168' title='bbox 2872 580 2938 635; x_wconf 85' lang='grc' dir='ltr'>τὰ</span> <span class='ocrx_word' id='word_1_169' title='bbox 2987 578 3196 652; x_wconf 70' lang='grc' dir='ltr'><strong>θέματα</strong></span> <span class='ocrx_word' id='word_1_170' title='bbox 3236 577 3550 655; x_wconf 71' lang='grc' dir='ltr'>ῥογεῦεσθαι</span> <span class='ocrx_word' id='word_1_171' title='bbox 3581 598 3686 633; x_wconf 66' lang='grc' dir='ltr'><strong>και</strong></span> 
     </span>
    </p>
   </div>
   <div class='ocr_carea' id='block_1_29' title="bbox 2025 667 3688 744">
    <p class='ocr_par' dir='ltr' id='par_1_29' title="bbox 2025 667 3688 744">
     <span class='ocr_line' id='line_1_29' title="bbox 2025 667 3688 744; baseline -0.001 -18"><span class='ocrx_word' id='word_1_172' title='bbox 2025 671 2093 726; x_wconf 77' lang='grc' dir='ltr'>τὰ</span> <span class='ocrx_word' id='word_1_173' title='bbox 2120 670 2351 742; x_wconf 68' lang='grc' dir='ltr'>τέσσαρα</span> <span class='ocrx_word' id='word_1_174' title='bbox 2407 667 2523 740; x_wconf 76' lang='grc' dir='ltr'>ἔτη,</span> <span class='ocrx_word' id='word_1_175' title='bbox 2574 669 2740 726; x_wconf 75' lang='grc' dir='ltr'>οἱονεὶ</span> <span class='ocrx_word' id='word_1_176' title='bbox 2787 675 2868 743; x_wconf 75' lang='grc' dir='ltr'>τῷ</span> <span class='ocrx_word' id='word_1_177' title='bbox 2915 674 3088 744; x_wconf 86' lang='grc' dir='ltr'>καιρῷ</span> <span class='ocrx_word' id='word_1_178' title='bbox 3135 671 3314 742; x_wconf 77' lang='grc' dir='ltr'>τούτῳ</span> <span class='ocrx_word' id='word_1_179' title='bbox 3367 669 3394 723; x_wconf 89' lang='lat'><strong>6</strong></span> <span class='ocrx_word' id='word_1_180' title='bbox 3457 669 3688 724; x_wconf 82' lang='grc' dir='ltr'>’Λνατο-</span> 
     </span>
    </p>
   </div>
   <div class='ocr_carea' id='block_1_30' title="bbox 2028 755 3688 834">
    <p class='ocr_par' dir='ltr' id='par_1_30' title="bbox 2028 755 3688 834">
     <span class='ocr_line' id='line_1_30' title="bbox 2028 755 3688 834; baseline 0.008 -17"><span class='ocrx_word' id='word_1_181' title='bbox 2028 758 2206 830; x_wconf 80' lang='grc' dir='ltr'>λικὸς,</span> <span class='ocrx_word' id='word_1_182' title='bbox 2239 761 2268 815; x_wconf 85' lang='lat'><strong>6</strong></span> <span class='ocrx_word' id='word_1_183' title='bbox 2299 761 2676 834; x_wconf 80' lang='grc' dir='ltr'>Ἀρμενιακὸς,</span> <span class='ocrx_word' id='word_1_184' title='bbox 2711 760 2739 814; x_wconf 80' lang='grc' dir='ltr'>ὂ</span> <span class='ocrx_word' id='word_1_185' title='bbox 2780 761 3086 834; x_wconf 68' lang='grc' dir='ltr'>Θρᾳκήσιος</span> <span class='ocrx_word' id='word_1_186' title='bbox 3129 761 3232 830; x_wconf 84' lang='grc'>(8)⁶</span> <span class='ocrx_word' id='word_1_187' title='bbox 3278 762 3359 830; x_wconf 71' lang='grc' dir='ltr'><strong>τῷ</strong></span> <span class='ocrx_word' id='word_1_188' title='bbox 3411 755 3470 812; x_wconf 62' lang='grc' dir='ltr'><strong>δὲ</strong></span> <span class='ocrx_word' id='word_1_189' title='bbox 3517 759 3688 833; x_wconf 63' lang='grc' dir='ltr'><strong>ἑτέρῳ</strong></span> 
     </span>
    </p>
   </div>
   <div class='ocr_carea' id='block_1_31' title="bbox 2028 845 3682 929">
    <p class='ocr_par' dir='ltr' id='par_1_31' title="bbox 2028 845 3682 929">
     <span class='ocr_line' id='line_1_31' title="bbox 2028 845 3682 929; baseline -0.001 -25"><span class='ocrx_word' id='word_1_190' title='bbox 2028 849 2218 929; x_wconf 78' lang='grc' dir='ltr'>χρόνῳ</span> <span class='ocrx_word' id='word_1_191' title='bbox 2256 850 2283 903; x_wconf 92' lang='lat'><strong>6</strong></span> <span class='ocrx_word' id='word_1_192' title='bbox 2332 849 2671 922; x_wconf 75' lang='grc' dir='ltr'>Ὀψικιανὸς,</span> <span class='ocrx_word' id='word_1_193' title='bbox 2723 850 2751 904; x_wconf 90' lang='lat'><strong>6</strong></span> <span class='ocrx_word' id='word_1_194' title='bbox 2793 847 3219 924; x_wconf 79' lang='grc' dir='ltr'>Βουκελλάριος,</span> <span class='ocrx_word' id='word_1_195' title='bbox 3280 848 3309 902; x_wconf 90' lang='lat'><strong>6</strong></span> <span class='ocrx_word' id='word_1_196' title='bbox 3370 845 3682 921; x_wconf 77' lang='grc' dir='ltr'><strong>Καππάδοξ·</strong></span> 
     </span>
    </p>
   </div>
   <div class='ocr_carea' id='block_1_32' title="bbox 2028 936 3689 1016">
    <p class='ocr_par' dir='ltr' id='par_1_32' title="bbox 2028 936 3689 1016">
     <span class='ocr_line' id='line_1_32' title="bbox 2028 936 3689 1016; baseline -0.001 -20"><span class='ocrx_word' id='word_1_197' title='bbox 2028 945 2109 1012; x_wconf 85' lang='grc' dir='ltr'>τῷ</span> <span class='ocrx_word' id='word_1_198' title='bbox 2154 937 2211 995; x_wconf 74' lang='grc' dir='ltr'><strong>δὲ</strong></span> <span class='ocrx_word' id='word_1_199' title='bbox 2254 937 2413 1012; x_wconf 76' lang='grc' dir='ltr'>ἄλλῳ</span> <span class='ocrx_word' id='word_1_200' title='bbox 2462 938 2649 1016; x_wconf 83' lang='grc' dir='ltr'>χρόνῳ</span> <span class='ocrx_word' id='word_1_201' title='bbox 2699 941 2726 995; x_wconf 97' lang='lat'><strong>6</strong></span> <span class='ocrx_word' id='word_1_202' title='bbox 2771 939 3162 1016; x_wconf 79' lang='grc' dir='ltr'>Χαρσιανίτης,</span> <span class='ocrx_word' id='word_1_203' title='bbox 3208 940 3237 994; x_wconf 96' lang='lat'><strong>6</strong></span> <span class='ocrx_word' id='word_1_204' title='bbox 3290 936 3624 1011; x_wconf 80' lang='grc' dir='ltr'>Κολωνείας,</span> <span class='ocrx_word' id='word_1_205' title='bbox 3657 941 3689 995; x_wconf 89' lang='lat'><strong>6</strong></span> 
     </span>
    </p>
   </div>
   <div class='ocr_carea' id='block_1_33' title="bbox 2030 1026 3689 1107">
    <p class='ocr_par' dir='ltr' id='par_1_33' title="bbox 2030 1026 3689 1107">
     <span class='ocr_line' id='line_1_33' title="bbox 2030 1026 3689 1107; baseline 0.001 -25"><span class='ocrx_word' id='word_1_206' title='bbox 2030 1026 2447 1107; x_wconf 68' lang='grc' dir='ltr'>Παφλαγωνίας’</span> <span class='ocrx_word' id='word_1_207' title='bbox 2498 1027 2588 1083; x_wconf 86' lang='grc' dir='ltr'><strong>καὶ</strong></span> <span class='ocrx_word' id='word_1_208' title='bbox 2637 1027 2800 1084; x_wconf 88' lang='grc' dir='ltr'>παλιν</span> <span class='ocrx_word' id='word_1_209' title='bbox 2858 1033 2938 1100; x_wconf 80' lang='grc' dir='ltr'><strong>τῷ</strong></span> <span class='ocrx_word' id='word_1_210' title='bbox 3003 1027 3169 1103; x_wconf 69' lang='grc' dir='ltr'><strong>δτὲρῳ</strong></span> <span class='ocrx_word' id='word_1_211' title='bbox 3219 1028 3247 1082; x_wconf 92' lang='lat'><strong>6</strong></span> <span class='ocrx_word' id='word_1_212' title='bbox 3295 1034 3395 1097; x_wconf 78' lang='grc' dir='ltr'><strong>τῆς</strong></span> <span class='ocrx_word' id='word_1_213' title='bbox 3444 1028 3689 1103; x_wconf 64' lang='grc' dir='ltr'>Θράκης,</span> 
     </span>
    </p>
   </div>
   <div class='ocr_carea' id='block_1_34' title="bbox 2032 1114 3693 1192">
    <p class='ocr_par' dir='ltr' id='par_1_34' title="bbox 2032 1114 3693 1192">
     <span class='ocr_line' id='line_1_34' title="bbox 2032 1114 3693 1192; baseline 0 -18"><span class='ocrx_word' id='word_1_214' title='bbox 2032 1119 2061 1174; x_wconf 90' lang='lat'><strong>6</strong></span> <span class='ocrx_word' id='word_1_215' title='bbox 2092 1114 2457 1185; x_wconf 80' lang='grc' dir='ltr'><strong>Μακεδονίας,</strong></span> <span class='ocrx_word' id='word_1_216' title='bbox 2507 1117 2536 1172; x_wconf 91' lang='lat'><strong>6</strong></span> <span class='ocrx_word' id='word_1_217' title='bbox 2580 1115 2846 1180; x_wconf 85' lang='grc' dir='ltr'>Χαλδίας.</span> <span class='ocrx_word' id='word_1_218' title='bbox 2898 1119 2995 1173; x_wconf 71' lang='grc' dir='ltr'><strong>Καὶ</strong></span> <span class='ocrx_word' id='word_1_219' title='bbox 3044 1121 3150 1173; x_wconf 83' lang='grc' dir='ltr'>τῶν</span> <span class='ocrx_word' id='word_1_220' title='bbox 3200 1114 3244 1172; x_wconf 71' lang='grc' dir='ltr'><strong>δ’</strong></span> <span class='ocrx_word' id='word_1_221' title='bbox 3291 1116 3505 1192; x_wconf 85' lang='grc' dir='ltr'>χρόνων</span> <span class='ocrx_word' id='word_1_222' title='bbox 3539 1115 3693 1174; x_wconf 85' lang='grc' dir='ltr'>διελ-</span> 
     </span>
    </p>
   </div>
   <div class='ocr_carea' id='block_1_35' title="bbox 2030 1204 3697 1283">
    <p class='ocr_par' dir='ltr' id='par_1_35' title="bbox 2030 1204 3697 1283">
     <span class='ocr_line' id='line_1_35' title="bbox 2030 1204 3697 1283; baseline 0.001 -21"><span class='ocrx_word' id='word_1_223' title='bbox 2030 1207 2258 1276; x_wconf 85' lang='grc' dir='ltr'>θόντων,</span> <span class='ocrx_word' id='word_1_224' title='bbox 2317 1204 2483 1261; x_wconf 75' lang='grc' dir='ltr'>πάλιν</span> <span class='ocrx_word' id='word_1_225' title='bbox 2544 1205 2893 1283; x_wconf 75' lang='grc' dir='ltr'>ἐρῥογεύοντο</span> <span class='ocrx_word' id='word_1_226' title='bbox 2969 1208 3036 1264; x_wconf 73' lang='grc' dir='ltr'>τὰ</span> <span class='ocrx_word' id='word_1_227' title='bbox 3113 1205 3434 1283; x_wconf 75' lang='grc' dir='ltr'>ῥογευθέντα</span> <span class='ocrx_word' id='word_1_228' title='bbox 3489 1207 3697 1280; x_wconf 69' lang='grc' dir='ltr'><strong>θέματα</strong></span> 
     </span>
    </p>
   </div>
   <div class='ocr_carea' id='block_1_36' title="bbox 2029 1296 3696 1374">
    <p class='ocr_par' dir='ltr' id='par_1_36' title="bbox 2029 1296 3696 1374">
     <span class='ocr_line' id='line_1_36' title="bbox 2029 1296 3696 1374; baseline 0.001 -24"><span class='ocrx_word' id='word_1_229' title='bbox 2029 1297 2110 1368; x_wconf 82' lang='grc' dir='ltr'>τῷ</span> <span class='ocrx_word' id='word_1_230' title='bbox 2167 1296 2372 1370; x_wconf 85' lang='grc' dir='ltr'>πρώτῳ</span> <span class='ocrx_word' id='word_1_231' title='bbox 2431 1296 2644 1374; x_wconf 85' lang='grc' dir='ltr'>χρόνῳ.</span> <span class='ocrx_word' id='word_1_232' title='bbox 2705 1296 2856 1365; x_wconf 81' lang='grc' dir='ltr'>Δὲον,</span> <span class='ocrx_word' id='word_1_233' title='bbox 2915 1298 3116 1358; x_wconf 79' lang='grc' dir='ltr'>πάντας</span> <span class='ocrx_word' id='word_1_234' title='bbox 3167 1297 3296 1358; x_wconf 82' lang='grc' dir='ltr'>τοὺς</span> <span class='ocrx_word' id='word_1_235' title='bbox 3351 1297 3696 1372; x_wconf 70' lang='grc' dir='ltr'>στρατηγοὺς</span> 
     </span>
    </p>
   </div>
   <div class='ocr_carea' id='block_1_37' title="bbox 2032 1385 3705 1469">
    <p class='ocr_par' dir='ltr' id='par_1_37' title="bbox 2032 1385 3705 1469">
     <span class='ocr_line' id='line_1_37' title="bbox 2032 1385 3705 1469; baseline -0.001 -25"><span class='ocrx_word' id='word_1_236' title='bbox 2032 1391 2209 1444; x_wconf 81' lang='grc' dir='ltr'>ποιεῖν</span> <span class='ocrx_word' id='word_1_237' title='bbox 2257 1407 2316 1441; x_wconf 87' lang='grc' dir='ltr'><strong>τε</strong></span> <span class='ocrx_word' id='word_1_238' title='bbox 2363 1387 2734 1463; x_wconf 71' lang='grc' dir='ltr'><strong>παραγγελίαν</strong></span> <span class='ocrx_word' id='word_1_239' title='bbox 2797 1387 2872 1450; x_wconf 86' lang='grc' dir='ltr'>εἰς</span> <span class='ocrx_word' id='word_1_240' title='bbox 2921 1385 3048 1448; x_wconf 82' lang='grc' dir='ltr'>τοὺς</span> <span class='ocrx_word' id='word_1_241' title='bbox 3096 1387 3458 1462; x_wconf 78' lang='grc' dir='ltr'>τουρμάρχας</span> <span class='ocrx_word' id='word_1_242' title='bbox 3499 1385 3705 1469; x_wconf 62' lang='grc' dir='ltr'>αὐτῶν,</span> 
     </span>
    </p>
   </div>
   <div class='ocr_carea' id='block_1_38' title="bbox 2032 1473 3711 1554">
    <p class='ocr_par' dir='ltr' id='par_1_38' title="bbox 2032 1473 3711 1554">
     <span class='ocr_line' id='line_1_38' title="bbox 2032 1473 3711 1554; baseline 0 -22"><span class='ocrx_word' id='word_1_243' title='bbox 2032 1474 2270 1532; x_wconf 68' lang='grc' dir='ltr'>κάκεῖνοι</span> <span class='ocrx_word' id='word_1_244' title='bbox 2316 1475 2391 1540; x_wconf 79' lang='grc' dir='ltr'><strong>εἷς</strong></span> <span class='ocrx_word' id='word_1_245' title='bbox 2438 1477 2568 1542; x_wconf 33' lang='grc' dir='ltr'>τοὺς,</span> <span class='ocrx_word' id='word_1_246' title='bbox 2633 1473 3221 1554; x_wconf 84' lang='grc' dir='ltr'>δρουγγαροκόμητας,</span> <span class='ocrx_word' id='word_1_247' title='bbox 3294 1476 3384 1530; x_wconf 80' lang='grc' dir='ltr'>ἳνα</span> <span class='ocrx_word' id='word_1_248' title='bbox 3449 1476 3524 1532; x_wconf 76' lang='grc' dir='ltr'><strong>ἐνὶ</strong></span> <span class='ocrx_word' id='word_1_249' title='bbox 3575 1477 3711 1532; x_wconf 71' lang='grc' dir='ltr'>ἑκά-</span> 
     </span>
    </p>
   </div>
   <div class='ocr_carea' id='block_1_39' title="bbox 2037 1560 3706 1645">
    <p class='ocr_par' dir='ltr' id='par_1_39' title="bbox 2037 1560 3706 1645">
     <span class='ocr_line' id='line_1_39' title="bbox 2037 1560 3706 1645; baseline 0.001 -24"><span class='ocrx_word' id='word_1_250' title='bbox 2037 1588 2146 1641; x_wconf 84' lang='grc' dir='ltr'>στῳ</span> <span class='ocrx_word' id='word_1_251' title='bbox 2196 1567 2378 1640; x_wconf 80' lang='grc' dir='ltr'>βάντῳ</span> <span class='ocrx_word' id='word_1_252' title='bbox 2426 1560 2601 1645; x_wconf 78' lang='grc' dir='ltr'>ἔχωσι</span> <span class='ocrx_word' id='word_1_253' title='bbox 2662 1568 2754 1622; x_wconf 86' lang='grc' dir='ltr'><strong>τὸν</strong></span> <span class='ocrx_word' id='word_1_254' title='bbox 2824 1564 3186 1641; x_wconf 82' lang='grc' dir='ltr'>κομοδρόμον</span> <span class='ocrx_word' id='word_1_255' title='bbox 3240 1565 3436 1637; x_wconf 71' lang='grc' dir='ltr'>αὐτῶν,</span> <span class='ocrx_word' id='word_1_256' title='bbox 3487 1567 3706 1640; x_wconf 82' lang='grc' dir='ltr'>ὁμοίως</span> 
     </span>
    </p>
   </div>
   <div class='ocr_carea' id='block_1_40' title="bbox 2036 1651 3709 1732">
    <p class='ocr_par' dir='ltr' id='par_1_40' title="bbox 2036 1651 3709 1732">
     <span class='ocr_line' id='line_1_40' title="bbox 2036 1651 3709 1732; baseline 0.002 -23"><span class='ocrx_word' id='word_1_257' title='bbox 2036 1656 2127 1710; x_wconf 85' lang='grc' dir='ltr'><strong>καὶ</strong></span> <span class='ocrx_word' id='word_1_258' title='bbox 2183 1655 2532 1732; x_wconf 76' lang='grc' dir='ltr'>τζαγγάριον·</span> <span class='ocrx_word' id='word_1_259' title='bbox 2605 1656 2698 1710; x_wconf 69' lang='grc' dir='ltr'><strong>καὶ</strong></span> <span class='ocrx_word' id='word_1_260' title='bbox 2755 1656 2894 1712; x_wconf 81' lang='grc' dir='ltr'>κατᾶ</span> <span class='ocrx_word' id='word_1_261' title='bbox 2954 1657 3151 1730; x_wconf 77' lang='grc' dir='ltr'>βάντον</span> <span class='ocrx_word' id='word_1_262' title='bbox 3202 1651 3374 1731; x_wconf 79' lang='grc' dir='ltr'>ἔχωσι</span> <span class='ocrx_word' id='word_1_263' title='bbox 3424 1657 3562 1732; x_wconf 88' lang='grc' dir='ltr'>πρὸς</span> <span class='ocrx_word' id='word_1_264' title='bbox 3612 1652 3709 1712; x_wconf 76' lang='grc' dir='ltr'><strong>ἕνα</strong></span> 
     </span>
    </p>
   </div>
   <div class='ocr_carea' id='block_1_41' title="bbox 2038 1741 3706 1820">
    <p class='ocr_par' dir='ltr' id='par_1_41' title="bbox 2038 1741 3706 1820">
     <span class='ocr_line' id='line_1_41' title="bbox 2038 1741 3706 1820; baseline 0.001 -20"><span class='ocrx_word' id='word_1_265' title='bbox 2038 1746 2200 1800; x_wconf 83' lang='grc' dir='ltr'>ἀσκὸν</span> <span class='ocrx_word' id='word_1_266' title='bbox 2255 1746 2458 1819; x_wconf 78' lang='grc' dir='ltr'><strong>βόειον,</strong></span> <span class='ocrx_word' id='word_1_267' title='bbox 2506 1744 2597 1800; x_wconf 84' lang='grc' dir='ltr'><strong>καὶ</strong></span> <span class='ocrx_word' id='word_1_268' title='bbox 2645 1745 2746 1800; x_wconf 72' lang='grc' dir='ltr'>ἀνὰ</span> <span class='ocrx_word' id='word_1_269' title='bbox 2795 1741 2892 1800; x_wconf 80' lang='grc' dir='ltr'><strong>δύο</strong></span> <span class='ocrx_word' id='word_1_270' title='bbox 2941 1745 3121 1800; x_wconf 79' lang='grc' dir='ltr'>ἀσκῶν</span> <span class='ocrx_word' id='word_1_271' title='bbox 3169 1744 3405 1800; x_wconf 82' lang='grc' dir='ltr'>ἀπισίων</span> <span class='ocrx_word' id='word_1_272' title='bbox 3455 1747 3593 1820; x_wconf 88' lang='grc' dir='ltr'>πρὸς</span> <span class='ocrx_word' id='word_1_273' title='bbox 3639 1747 3706 1802; x_wconf 90' lang='grc' dir='ltr'><strong>τὸ</strong></span> 
     </span>
    </p>
   </div>
   <div class='ocr_carea' id='block_1_42' title="bbox 2040 1832 3707 1910">
    <p class='ocr_par' dir='ltr' id='par_1_42' title="bbox 2040 1832 3707 1910">
     <span class='ocr_line' id='line_1_42' title="bbox 2040 1832 3707 1910; baseline 0.001 -20"><span class='ocrx_word' id='word_1_274' title='bbox 2040 1832 2284 1896; x_wconf 78' lang='grc' dir='ltr'><strong>εὐκόλως</strong></span> <span class='ocrx_word' id='word_1_275' title='bbox 2333 1833 2590 1908; x_wconf 79' lang='grc' dir='ltr'>διαπερᾷν</span> <span class='ocrx_word' id='word_1_276' title='bbox 2651 1834 2847 1897; x_wconf 80' lang='grc' dir='ltr'>αὐτοὺς</span> <span class='ocrx_word' id='word_1_277' title='bbox 2913 1835 3042 1897; x_wconf 77' lang='grc' dir='ltr'>τοὺς</span> <span class='ocrx_word' id='word_1_278' title='bbox 3112 1835 3297 1910; x_wconf 83' lang='grc' dir='ltr'><strong>βαθεῖς</strong></span> <span class='ocrx_word' id='word_1_279' title='bbox 3351 1835 3442 1890; x_wconf 83' lang='grc' dir='ltr'><strong>καὶ</strong></span> <span class='ocrx_word' id='word_1_280' title='bbox 3502 1835 3707 1892; x_wconf 85' lang='grc' dir='ltr'>δυσκό-</span> 
     </span>
    </p>
   </div>
   <div class='ocr_carea' id='block_1_43' title="bbox 2038 1920 3704 2001">
    <p class='ocr_par' dir='ltr' id='par_1_43' title="bbox 2038 1920 3704 2001">
     <span class='ocr_line' id='line_1_43' title="bbox 2038 1920 3704 2001; baseline 0.002 -22"><span class='ocrx_word' id='word_1_281' title='bbox 2038 1924 2169 1985; x_wconf 81' lang='grc' dir='ltr'>λους</span> <span class='ocrx_word' id='word_1_282' title='bbox 2209 1924 2516 1997; x_wconf 71' lang='grc' dir='ltr'>ποταμούς.</span> <span class='ocrx_word' id='word_1_283' title='bbox 2577 1920 2751 2001; x_wconf 75' lang='grc' dir='ltr'>ἔχωσι</span> <span class='ocrx_word' id='word_1_284' title='bbox 2806 1921 2862 1979; x_wconf 70' lang='grc' dir='ltr'><strong>δὲ</strong></span> <span class='ocrx_word' id='word_1_285' title='bbox 2916 1924 3004 1979; x_wconf 79' lang='grc' dir='ltr'>καὶ</span> <span class='ocrx_word' id='word_1_286' title='bbox 3063 1924 3129 1980; x_wconf 74' lang='grc' dir='ltr'><strong>τὰ</strong></span> <span class='ocrx_word' id='word_1_287' title='bbox 3184 1921 3462 2000; x_wconf 83' lang='grc' dir='ltr'>ἐργαλεῖα,</span> <span class='ocrx_word' id='word_1_288' title='bbox 3524 1925 3704 1983; x_wconf 75' lang='grc' dir='ltr'>αὐτῶν</span> 
     </span>
    </p>
   </div>
   <div class='ocr_carea' id='block_1_44' title="bbox 2036 2010 3703 2090">
    <p class='ocr_par' dir='ltr' id='par_1_44' title="bbox 2036 2010 3703 2090">
     <span class='ocr_line' id='line_1_44' title="bbox 2036 2010 3703 2090; baseline 0.001 -21"><span class='ocrx_word' id='word_1_289' title='bbox 2036 2010 2368 2082; x_wconf 79' lang='grc' dir='ltr'>ἀνελλιπῶς,</span> <span class='ocrx_word' id='word_1_290' title='bbox 2419 2015 2590 2088; x_wconf 78' lang='grc' dir='ltr'>ἤγουν</span> <span class='ocrx_word' id='word_1_291' title='bbox 2643 2012 2916 2088; x_wconf 75' lang='grc' dir='ltr'>ὰξινάριον</span> <span class='ocrx_word' id='word_1_292' title='bbox 2964 2013 3045 2084; x_wconf 79' lang='grc' dir='ltr'><strong>ἓν,</strong></span> <span class='ocrx_word' id='word_1_293' title='bbox 3099 2015 3390 2088; x_wconf 79' lang='grc' dir='ltr'>σκεπάριον</span> <span class='ocrx_word' id='word_1_294' title='bbox 3451 2015 3516 2087; x_wconf 82' lang='grc' dir='ltr'>α’,</span> <span class='ocrx_word' id='word_1_295' title='bbox 3570 2036 3703 2090; x_wconf 83' lang='grc' dir='ltr'>σμι-</span> 
     </span>
    </p>
   </div>
   <div class='ocr_carea' id='block_1_45' title="bbox 2039 2101 3700 2183">
    <p class='ocr_par' dir='ltr' id='par_1_45' title="bbox 2039 2101 3700 2183">
     <span class='ocr_line' id='line_1_45' title="bbox 2039 2101 3700 2183; baseline 0 -21"><span class='ocrx_word' id='word_1_296' title='bbox 2039 2106 2228 2182; x_wconf 88' lang='grc' dir='ltr'>λαριον</span> <span class='ocrx_word' id='word_1_297' title='bbox 2284 2107 2328 2160; x_wconf 86' lang='grc' dir='ltr'><strong>α’</strong></span> <span class='ocrx_word' id='word_1_298' title='bbox 2379 2105 2515 2180; x_wconf 81' lang='grc' dir='ltr'>μετὰ</span> <span class='ocrx_word' id='word_1_299' title='bbox 2565 2108 2662 2160; x_wconf 82' lang='grc' dir='ltr'>τοῦ</span> <span class='ocrx_word' id='word_1_300' title='bbox 2720 2101 3062 2183; x_wconf 75' lang='grc' dir='ltr'>ξυλοσφύρου</span> <span class='ocrx_word' id='word_1_301' title='bbox 3113 2106 3298 2160; x_wconf 79' lang='grc' dir='ltr'>αὐτοῦ’</span> <span class='ocrx_word' id='word_1_302' title='bbox 3365 2107 3468 2176; x_wconf 82' lang='grc' dir='ltr'>τήν</span> <span class='ocrx_word' id='word_1_303' title='bbox 3531 2106 3700 2178; x_wconf 78' lang='grc' dir='ltr'>αὐτὴν</span> 
     </span>
    </p>
   </div>
   <div class='ocr_carea' id='block_1_46' title="bbox 2037 2191 3702 2272">
    <p class='ocr_par' dir='ltr' id='par_1_46' title="bbox 2037 2191 3702 2272">
     <span class='ocr_line' id='line_1_46' title="bbox 2037 2191 3702 2272; baseline 0.001 -22"><span class='ocrx_word' id='word_1_304' title='bbox 2037 2193 2408 2271; x_wconf 77' lang='grc' dir='ltr'><strong>παραγγελίαν</strong></span> <span class='ocrx_word' id='word_1_305' title='bbox 2463 2199 2639 2250; x_wconf 73' lang='grc' dir='ltr'>ποιεῖν</span> <span class='ocrx_word' id='word_1_306' title='bbox 2689 2195 2779 2249; x_wconf 74' lang='grc' dir='ltr'><strong>καὶ</strong></span> <span class='ocrx_word' id='word_1_307' title='bbox 2830 2194 2859 2249; x_wconf 90' lang='lat'><strong>6</strong></span> <span class='ocrx_word' id='word_1_308' title='bbox 2911 2191 3235 2269; x_wconf 81' lang='grc' dir='ltr'>δομὲστικος</span> <span class='ocrx_word' id='word_1_309' title='bbox 3297 2198 3404 2250; x_wconf 82' lang='grc' dir='ltr'>τῶν</span> <span class='ocrx_word' id='word_1_310' title='bbox 3474 2194 3702 2272; x_wconf 80' lang='grc' dir='ltr'>σχολῶν</span> 
     </span>
    </p>
   </div>
   <div class='ocr_carea' id='block_1_47' title="bbox 2036 2281 3706 2363">
    <p class='ocr_par' dir='ltr' id='par_1_47' title="bbox 2036 2281 3706 2363">
     <span class='ocr_line' id='line_1_47' title="bbox 2036 2281 3706 2363; baseline 0.001 -23"><span class='ocrx_word' id='word_1_311' title='bbox 2036 2285 2125 2340; x_wconf 83' lang='grc' dir='ltr'><strong>καὶ</strong></span> <span class='ocrx_word' id='word_1_312' title='bbox 2182 2285 2261 2347; x_wconf 79' lang='grc' dir='ltr'><strong>εἷς</strong></span> <span class='ocrx_word' id='word_1_313' title='bbox 2308 2285 2403 2340; x_wconf 85' lang='grc' dir='ltr'>τὸν</span> <span class='ocrx_word' id='word_1_314' title='bbox 2455 2284 2852 2358; x_wconf 81' lang='grc' dir='ltr'>τοποτηρητήν</span> <span class='ocrx_word' id='word_1_315' title='bbox 2896 2288 3004 2339; x_wconf 79' lang='grc' dir='ltr'>τῶν</span> <span class='ocrx_word' id='word_1_316' title='bbox 3057 2281 3310 2363; x_wconf 78' lang='grc' dir='ltr'>σχολῶν,</span> <span class='ocrx_word' id='word_1_317' title='bbox 3354 2281 3448 2340; x_wconf 73' lang='grc' dir='ltr'><strong>ἵνα</strong></span> <span class='ocrx_word' id='word_1_318' title='bbox 3502 2286 3593 2340; x_wconf 78' lang='grc' dir='ltr'>καὶ</span> <span class='ocrx_word' id='word_1_319' title='bbox 3651 2286 3706 2341; x_wconf 70' lang='grc' dir='ltr'>οἱ</span> 
     </span>
    </p>
   </div>
   <div class='ocr_carea' id='block_1_48' title="bbox 2038 2373 3709 2451">
    <p class='ocr_par' dir='ltr' id='par_1_48' title="bbox 2038 2373 3709 2451">
     <span class='ocr_line' id='line_1_48' title="bbox 2038 2373 3709 2451; baseline -0.001 -18"><span class='ocrx_word' id='word_1_320' title='bbox 2038 2377 2280 2451; x_wconf 81' lang='grc' dir='ltr'>κόμητες</span> <span class='ocrx_word' id='word_1_321' title='bbox 2337 2376 2474 2431; x_wconf 85' lang='grc' dir='ltr'>κατὰ</span> <span class='ocrx_word' id='word_1_322' title='bbox 2535 2374 2658 2450; x_wconf 80' lang='grc' dir='ltr'>μίαν</span> <span class='ocrx_word' id='word_1_323' title='bbox 2709 2373 2924 2451; x_wconf 70' lang='grc' dir='ltr'>σχολὴν</span> <span class='ocrx_word' id='word_1_324' title='bbox 2981 2377 3082 2445; x_wconf 76' lang='grc' dir='ltr'>τὴν</span> <span class='ocrx_word' id='word_1_325' title='bbox 3142 2375 3314 2444; x_wconf 79' lang='grc' dir='ltr'>αὐτὴν</span> <span class='ocrx_word' id='word_1_326' title='bbox 3376 2373 3709 2442; x_wconf 80' lang='grc' dir='ltr'>ἀκολουθίαν</span> 
     </span>
    </p>
   </div>
   <div class='ocr_carea' id='block_1_49' title="bbox 269 2459 1926 2540">
    <p class='ocr_par' dir='ltr' id='par_1_49' title="bbox 269 2464 1926 2537">
     <span class='ocr_line' id='line_1_49' title="bbox 269 2464 1926 2537; baseline 0.001 -15"><span class='ocrx_word' id='word_1_327' title='bbox 269 2465 516 2532; x_wconf 87' lang='lat' dir='ltr'><strong>rarium,</strong></span> <span class='ocrx_word' id='word_1_328' title='bbox 543 2471 952 2522; x_wconf 88' lang='lat' dir='ltr'><strong>utetsutorem</strong></span> <span class='ocrx_word' id='word_1_329' title='bbox 979 2464 1753 2537; x_wconf 81' lang='lat' dir='ltr'><strong>calcearium,singu|osque</strong></span> <span class='ocrx_word' id='word_1_330' title='bbox 1778 2473 1926 2522; x_wconf 87' lang='lat' dir='ltr'><strong>utres</strong></span> 
     </span>
    </p>
   </div>
   <div class='ocr_carea' id='block_1_50' title="bbox 2044 2459 3708 2540">
    <p class='ocr_par' dir='ltr' id='par_1_50' title="bbox 2044 2459 3708 2540">
     <span class='ocr_line' id='line_1_50' title="bbox 2044 2459 3708 2540; baseline 0.001 -21"><span class='ocrx_word' id='word_1_331' title='bbox 2044 2461 2266 2540; x_wconf 81' lang='grc' dir='ltr'>ἔχωσιν.</span> <span class='ocrx_word' id='word_1_332' title='bbox 2303 2464 2546 2537; x_wconf 84' lang='grc' dir='ltr'>Ὁμοίως</span> <span class='ocrx_word' id='word_1_333' title='bbox 2591 2464 2682 2519; x_wconf 84' lang='grc' dir='ltr'>καὶ</span> <span class='ocrx_word' id='word_1_334' title='bbox 2734 2465 2762 2519; x_wconf 90' lang='lat'><strong>6</strong></span> <span class='ocrx_word' id='word_1_335' title='bbox 2811 2459 3122 2534; x_wconf 77' lang='grc' dir='ltr'>ἐξκούὸιτος</span> <span class='ocrx_word' id='word_1_336' title='bbox 3171 2463 3249 2527; x_wconf 83' lang='grc' dir='ltr'><strong>είς</strong></span> <span class='ocrx_word' id='word_1_337' title='bbox 3290 2462 3416 2527; x_wconf 80' lang='grc' dir='ltr'>τοὺς</span> <span class='ocrx_word' id='word_1_338' title='bbox 3464 2460 3708 2539; x_wconf 78' lang='grc' dir='ltr'>σκρίϐω-</span> 
     </span>
    </p>
   </div>
   <div class='ocr_carea' id='block_1_51' title="bbox 269 2553 1926 2629">
    <p class='ocr_par' dir='ltr' id='par_1_51' title="bbox 269 2556 1926 2629">
     <span class='ocr_line' id='line_1_51' title="bbox 269 2556 1926 2629; baseline -0.001 -16"><span class='ocrx_word' id='word_1_339' title='bbox 269 2557 543 2628; x_wconf 89' lang='lat' dir='ltr'><strong>bovillos,</strong></span> <span class='ocrx_word' id='word_1_340' title='bbox 566 2561 625 2613; x_wconf 89' lang='lat' dir='ltr'><strong>et</strong></span> <span class='ocrx_word' id='word_1_341' title='bbox 657 2557 826 2613; x_wconf 87' lang='lat' dir='ltr'><strong>binos</strong></span> <span class='ocrx_word' id='word_1_342' title='bbox 853 2561 1015 2614; x_wconf 89' lang='lat' dir='ltr'><strong>utres</strong></span> <span class='ocrx_word' id='word_1_343' title='bbox 1035 2574 1102 2613; x_wconf 87' lang='lat' dir='ltr'><strong>ex</strong></span> <span class='ocrx_word' id='word_1_344' title='bbox 1127 2557 1308 2626; x_wconf 88' lang='lat' dir='ltr'><strong>aluta,</strong></span> <span class='ocrx_word' id='word_1_345' title='bbox 1331 2573 1442 2629; x_wconf 91' lang='lat' dir='ltr'><strong>quo</strong></span> <span class='ocrx_word' id='word_1_346' title='bbox 1465 2556 1673 2613; x_wconf 85' lang='lat' dir='ltr'><strong>ﬂuvios</strong></span> <span class='ocrx_word' id='word_1_347' title='bbox 1696 2558 1926 2627; x_wconf 85' lang='lat' dir='ltr'><strong>profun-</strong></span> 
     </span>
    </p>
   </div>
   <div class='ocr_carea' id='block_1_52' title="bbox 2044 2553 3700 2629">
    <p class='ocr_par' dir='ltr' id='par_1_52' title="bbox 2044 2553 3700 2629">
     <span class='ocr_line' id='line_1_52' title="bbox 2044 2553 3700 2629; baseline 0 -21"><span class='ocrx_word' id='word_1_348' title='bbox 2044 2574 2132 2618; x_wconf 87' lang='grc' dir='ltr'>νας</span> <span class='ocrx_word' id='word_1_349' title='bbox 2181 2553 2345 2609; x_wconf 76' lang='grc' dir='ltr'>αὐτοῦ</span> <span class='ocrx_word' id='word_1_350' title='bbox 2405 2555 2628 2625; x_wconf 72' lang='grc' dir='ltr'>ποιήσει</span> <span class='ocrx_word' id='word_1_351' title='bbox 2694 2556 2794 2624; x_wconf 81' lang='grc' dir='ltr'><strong>τήν</strong></span> <span class='ocrx_word' id='word_1_352' title='bbox 2844 2553 3016 2623; x_wconf 73' lang='grc' dir='ltr'><strong>αὐτὴν</strong></span> <span class='ocrx_word' id='word_1_353' title='bbox 3077 2553 3466 2629; x_wconf 74' lang='grc' dir='ltr'><strong>παραγγελίαν,</strong></span> <span class='ocrx_word' id='word_1_354' title='bbox 3521 2554 3610 2608; x_wconf 76' lang='grc' dir='ltr'>καὶ</span> <span class='ocrx_word' id='word_1_355' title='bbox 3672 2554 3700 2608; x_wconf 87' lang='lat'><strong>6</strong></span> 
     </span>
    </p>
   </div>
   <div class='ocr_carea' id='block_1_53' title="bbox 271 2640 1926 2720">
    <p class='ocr_par' dir='ltr' id='par_1_53' title="bbox 271 2645 1926 2718">
     <span class='ocr_line' id='line_1_53' title="bbox 271 2645 1926 2718; baseline 0.001 -15"><span class='ocrx_word' id='word_1_356' title='bbox 271 2648 378 2703; x_wconf 89' lang='lat' dir='ltr'><strong>dos</strong></span> <span class='ocrx_word' id='word_1_357' title='bbox 430 2652 486 2702; x_wconf 89' lang='lat' dir='ltr'><strong>et</strong></span> <span class='ocrx_word' id='word_1_358' title='bbox 532 2647 776 2717; x_wconf 88' lang='lat' dir='ltr'><strong>trajectu</strong></span> <span class='ocrx_word' id='word_1_359' title='bbox 809 2646 1081 2702; x_wconf 80' lang='lat' dir='ltr'><strong>difﬁciles</strong></span> <span class='ocrx_word' id='word_1_360' title='bbox 1115 2645 1279 2703; x_wconf 83' lang='lat' dir='ltr'><strong>facile</strong></span> <span class='ocrx_word' id='word_1_361' title='bbox 1310 2646 1607 2718; x_wconf 85' lang='lat' dir='ltr'><strong>trajiciant</strong></span> <span class='ocrx_word' id='word_1_362' title='bbox 1637 2663 1651 2714; x_wconf 93' lang='lat'><strong>;</strong></span> <span class='ocrx_word' id='word_1_363' title='bbox 1689 2647 1828 2702; x_wconf 90' lang='lat' dir='ltr'><strong>item</strong></span> <span class='ocrx_word' id='word_1_364' title='bbox 1869 2652 1926 2704; x_wconf 88' lang='lat' dir='ltr'><strong>ul</strong></span> 
     </span>
    </p>
   </div>
   <div class='ocr_carea' id='block_1_54' title="bbox 2044 2640 3701 2720">
    <p class='ocr_par' dir='ltr' id='par_1_54' title="bbox 2044 2640 3701 2720">
     <span class='ocr_line' id='line_1_54' title="bbox 2044 2640 3701 2720; baseline -0.001 -22"><span class='ocrx_word' id='word_1_365' title='bbox 2044 2640 2408 2720; x_wconf 79' lang='grc' dir='ltr'>δρουγγάριος</span> <span class='ocrx_word' id='word_1_366' title='bbox 2453 2648 2554 2713; x_wconf 83' lang='grc' dir='ltr'>τῆς</span> <span class='ocrx_word' id='word_1_367' title='bbox 2609 2642 2814 2719; x_wconf 86' lang='grc' dir='ltr'><strong>βίγλης</strong></span> <span class='ocrx_word' id='word_1_368' title='bbox 2859 2643 2935 2706; x_wconf 80' lang='grc' dir='ltr'><strong>εἰς</strong></span> <span class='ocrx_word' id='word_1_369' title='bbox 2984 2642 3112 2706; x_wconf 77' lang='grc' dir='ltr'>τοὺς</span> <span class='ocrx_word' id='word_1_370' title='bbox 3163 2643 3408 2717; x_wconf 81' lang='grc' dir='ltr'>κόμητας</span> <span class='ocrx_word' id='word_1_371' title='bbox 3444 2646 3541 2698; x_wconf 74' lang='grc' dir='ltr'><strong>τοῦ</strong></span> <span class='ocrx_word' id='word_1_372' title='bbox 3573 2642 3701 2718; x_wconf 81' lang='grc' dir='ltr'>ἄρι-</span> 
     </span>
    </p>
   </div>
   <div class='ocr_carea' id='block_1_55' title="bbox 268 2729 1926 2809">
    <p class='ocr_par' dir='ltr' id='par_1_55' title="bbox 268 2736 1926 2809">
     <span class='ocr_line' id='line_1_55' title="bbox 268 2736 1926 2809; baseline -0.001 -16"><span class='ocrx_word' id='word_1_373' title='bbox 268 2751 452 2809; x_wconf 87' lang='lat' dir='ltr'><strong>penes</strong></span> <span class='ocrx_word' id='word_1_374' title='bbox 500 2753 563 2791; x_wconf 88' lang='lat' dir='ltr'><strong>se</strong></span> <span class='ocrx_word' id='word_1_375' title='bbox 615 2752 918 2807; x_wconf 88' lang='lat' dir='ltr'><strong>nunquam</strong></span> <span class='ocrx_word' id='word_1_376' title='bbox 963 2752 1078 2793; x_wconf 88' lang='lat' dir='ltr'><strong>non</strong></span> <span class='ocrx_word' id='word_1_377' title='bbox 1121 2736 1376 2792; x_wconf 89' lang='lat' dir='ltr'><strong>habeant</strong></span> <span class='ocrx_word' id='word_1_378' title='bbox 1405 2736 1797 2792; x_wconf 87' lang='lat' dir='ltr'><strong>instrumenta</strong></span> <span class='ocrx_word' id='word_1_379' title='bbox 1828 2753 1926 2793; x_wconf 79' lang='lat' dir='ltr'><strong>sua</strong></span> 
     </span>
    </p>
   </div>
   <div class='ocr_carea' id='block_1_56' title="bbox 2044 2729 3703 2809">
    <p class='ocr_par' dir='ltr' id='par_1_56' title="bbox 2044 2729 3703 2808">
     <span class='ocr_line' id='line_1_56' title="bbox 2044 2729 3703 2808; baseline -0.001 -19"><span class='ocrx_word' id='word_1_380' title='bbox 2044 2735 2208 2806; x_wconf 76' lang='grc' dir='ltr'><strong>θμοῦ,</strong></span> <span class='ocrx_word' id='word_1_381' title='bbox 2238 2733 2329 2788; x_wconf 82' lang='grc' dir='ltr'><strong>καὶ</strong></span> <span class='ocrx_word' id='word_1_382' title='bbox 2388 2733 2416 2788; x_wconf 89' lang='lat'><strong>6</strong></span> <span class='ocrx_word' id='word_1_383' title='bbox 2465 2733 2719 2796; x_wconf 77' lang='grc' dir='ltr'>ίκανάτος</span> <span class='ocrx_word' id='word_1_384' title='bbox 2765 2732 2842 2796; x_wconf 78' lang='grc' dir='ltr'><strong>εἷς</strong></span> <span class='ocrx_word' id='word_1_385' title='bbox 2889 2737 3015 2796; x_wconf 84' lang='grc' dir='ltr'>τοὺς</span> <span class='ocrx_word' id='word_1_386' title='bbox 3047 2729 3299 2808; x_wconf 83' lang='grc' dir='ltr'>κόμητας</span> <span class='ocrx_word' id='word_1_387' title='bbox 3331 2732 3498 2789; x_wconf 77' lang='grc' dir='ltr'>αὐτοῦ</span> <span class='ocrx_word' id='word_1_388' title='bbox 3527 2730 3703 2808; x_wconf 67' lang='grc' dir='ltr'>ἒχίτω</span> 
     </span>
    </p>
   </div>
   <div class='ocr_carea' id='block_1_57' title="bbox 271 2819 1926 2898">
    <p class='ocr_par' dir='ltr' id='par_1_57' title="bbox 271 2824 1926 2898">
     <span class='ocr_line' id='line_1_57' title="bbox 271 2824 1926 2898; baseline 0 -16"><span class='ocrx_word' id='word_1_389' title='bbox 271 2828 492 2898; x_wconf 84' lang='lat' dir='ltr'><strong>absque</strong></span> <span class='ocrx_word' id='word_1_390' title='bbox 523 2824 708 2881; x_wconf 90' lang='lat' dir='ltr'><strong>ullius</strong></span> <span class='ocrx_word' id='word_1_391' title='bbox 740 2825 995 2893; x_wconf 83' lang='lat' dir='ltr'><strong>defectu,</strong></span> <span class='ocrx_word' id='word_1_392' title='bbox 1029 2841 1262 2882; x_wconf 88' lang='lat' dir='ltr'><strong>secures</strong></span> <span class='ocrx_word' id='word_1_393' title='bbox 1294 2834 1433 2897; x_wconf 91' lang='lat' dir='ltr'><strong>puta</strong></span> <span class='ocrx_word' id='word_1_394' title='bbox 1456 2825 1720 2898; x_wconf 88' lang='lat' dir='ltr'><strong>singulas</strong></span> <span class='ocrx_word' id='word_1_395' title='bbox 1752 2831 1808 2882; x_wconf 89' lang='lat' dir='ltr'><strong>et</strong></span> <span class='ocrx_word' id='word_1_396' title='bbox 1837 2826 1926 2882; x_wconf 91' lang='lat' dir='ltr'><strong>do-</strong></span> 
     </span>
    </p>
   </div>
   <div class='ocr_carea' id='block_1_58' title="bbox 2044 2819 2578 2898">
    <p class='ocr_par' dir='ltr' id='par_1_58' title="bbox 2044 2819 2578 2898">
     <span class='ocr_line' id='line_1_58' title="bbox 2044 2819 2578 2898; baseline 0.002 -20"><span class='ocrx_word' id='word_1_397' title='bbox 2044 2822 2109 2878; x_wconf 72' lang='grc' dir='ltr'>τὰ</span> <span class='ocrx_word' id='word_1_398' title='bbox 2133 2819 2266 2878; x_wconf 75' lang='grc' dir='ltr'>αὒτὰ</span> <span class='ocrx_word' id='word_1_399' title='bbox 2300 2822 2578 2898; x_wconf 79' lang='grc' dir='ltr'>ἐργαλεῖα,</span> 
     </span>
    </p>
   </div>
   <div class='ocr_carea' id='block_1_59' title="bbox 265 2916 3694 2992">
    <p class='ocr_par' dir='ltr' id='par_1_59' title="bbox 265 2916 3694 2992">
     <span class='ocr_line' id='line_1_59' title="bbox 265 2916 3694 2992; baseline 0 -19"><span class='ocrx_word' id='word_1_400' title='bbox 265 2916 458 2974; x_wconf 85' lang='lat' dir='ltr'><strong>labras</strong></span> <span class='ocrx_word' id='word_1_401' title='bbox 499 2916 763 2989; x_wconf 88' lang='lat' dir='ltr'><strong>singulas</strong></span> <span class='ocrx_word' id='word_1_402' title='bbox 793 2924 850 2973; x_wconf 90' lang='lat' dir='ltr'><strong>et</strong></span> <span class='ocrx_word' id='word_1_403' title='bbox 896 2917 1115 2975; x_wconf 88' lang='lat' dir='ltr'><strong>cultros</strong></span> <span class='ocrx_word' id='word_1_404' title='bbox 1146 2935 1356 2974; x_wconf 89' lang='lat' dir='ltr'><strong>curvos</strong></span> <span class='ocrx_word' id='word_1_405' title='bbox 1385 2918 1744 2991; x_wconf 87' lang='lat' dir='ltr'><strong>scalptorioe</strong></span> <span class='ocrx_word' id='word_1_406' title='bbox 1791 2917 2054 2990; x_wconf 86' lang='lat' dir='ltr'><strong>singulas</strong></span> <span class='ocrx_word' id='word_1_407' title='bbox 2083 2927 2136 2974; x_wconf 90' lang='lat' dir='ltr'><strong>et</strong></span> <span class='ocrx_word' id='word_1_408' title='bbox 2168 2918 2358 2973; x_wconf 83' lang='lat' dir='ltr'><strong>clavas</strong></span> <span class='ocrx_word' id='word_1_409' title='bbox 2388 2917 2631 2990; x_wconf 87' lang='lat' dir='ltr'><strong>ligneas.</strong></span> <span class='ocrx_word' id='word_1_410' title='bbox 2663 2917 3055 2975; x_wconf 91' lang='lat' dir='ltr'><strong>Domesticum</strong></span> <span class='ocrx_word' id='word_1_411' title='bbox 3088 2934 3320 2992; x_wconf 85' lang='lat' dir='ltr'><strong>quoque</strong></span> <span class='ocrx_word' id='word_1_412' title='bbox 3349 2917 3694 2975; x_wconf 87' lang='lat' dir='ltr'><strong>scholarum</strong></span> 
     </span>
    </p>
   </div>
   <div class='ocr_carea' id='block_1_60' title="bbox 268 3006 3702 3080">
    <p class='ocr_par' dir='ltr' id='par_1_60' title="bbox 268 3006 3702 3080">
     <span class='ocr_line' id='line_1_60' title="bbox 268 3006 3702 3080; baseline -0 -14"><span class='ocrx_word' id='word_1_413' title='bbox 268 3011 496 3080; x_wconf 86' lang='lat' dir='ltr'><strong>Oportet</strong></span> <span class='ocrx_word' id='word_1_414' title='bbox 549 3007 767 3064; x_wconf 90' lang='lat' dir='ltr'><strong>vicario</strong></span> <span class='ocrx_word' id='word_1_415' title='bbox 825 3006 1160 3065; x_wconf 88' lang='lat' dir='ltr'><strong>scholarum</strong></span> <span class='ocrx_word' id='word_1_416' title='bbox 1209 3009 1511 3079; x_wconf 88' lang='lat' dir='ltr'><strong>imperare,</strong></span> <span class='ocrx_word' id='word_1_417' title='bbox 1565 3012 1630 3063; x_wconf 91' lang='lat' dir='ltr'><strong>ut</strong></span> <span class='ocrx_word' id='word_1_418' title='bbox 1662 3018 1824 3065; x_wconf 86' lang='lat' dir='ltr'><strong>curet</strong></span> <span class='ocrx_word' id='word_1_419' title='bbox 1873 3009 1948 3064; x_wconf 92' lang='lat' dir='ltr'><strong>ab</strong></span> <span class='ocrx_word' id='word_1_420' title='bbox 2007 3009 2474 3080; x_wconf 73' lang='lat' dir='ltr'><strong>uniuscujusque</strong></span> <span class='ocrx_word' id='word_1_421' title='bbox 2512 3008 2730 3066; x_wconf 65' lang='lat' dir='ltr'><strong>schola;</strong></span> <span class='ocrx_word' id='word_1_422' title='bbox 2777 3009 2990 3066; x_wconf 89' lang='lat' dir='ltr'><strong>comite</strong></span> <span class='ocrx_word' id='word_1_423' title='bbox 3038 3009 3160 3066; x_wconf 69' lang='lat' dir='ltr'><strong>haec</strong></span> <span class='ocrx_word' id='word_1_424' title='bbox 3213 3011 3337 3080; x_wconf 83' lang='lat' dir='ltr'><strong>ipsa</strong></span> <span class='ocrx_word' id='word_1_425' title='bbox 3382 3009 3442 3066; x_wconf 94' lang='lat' dir='ltr'><strong>in</strong></span> <span class='ocrx_word' id='word_1_426' title='bbox 3495 3007 3702 3066; x_wconf 83' lang='lat' dir='ltr'><strong>schola</strong></span> 
     </span>
    </p>
   </div>
   <div class='ocr_carea' id='block_1_61' title="bbox 266 3098 3700 3173">
    <p class='ocr_par' dir='ltr' id='par_1_61' title="bbox 266 3098 3700 3173">
     <span class='ocr_line' id='line_1_61' title="bbox 266 3098 3700 3173; baseline 0 -18"><span class='ocrx_word' id='word_1_427' title='bbox 266 3115 376 3155; x_wconf 88' lang='lat' dir='ltr'><strong>sua</strong></span> <span class='ocrx_word' id='word_1_428' title='bbox 407 3103 677 3171; x_wconf 90' lang='lat' dir='ltr'><strong>prompta</strong></span> <span class='ocrx_word' id='word_1_429' title='bbox 706 3103 762 3154; x_wconf 90' lang='lat' dir='ltr'><strong>et</strong></span> <span class='ocrx_word' id='word_1_430' title='bbox 793 3104 998 3171; x_wconf 85' lang='lat' dir='ltr'><strong>parata</strong></span> <span class='ocrx_word' id='word_1_431' title='bbox 1027 3099 1250 3155; x_wconf 88' lang='lat' dir='ltr'><strong>haberi.</strong></span> <span class='ocrx_word' id='word_1_432' title='bbox 1287 3102 1564 3156; x_wconf 80' lang='lat' dir='ltr'><strong>Mandata</strong></span> <span class='ocrx_word' id='word_1_433' title='bbox 1592 3101 1796 3156; x_wconf 89' lang='lat' dir='ltr'><strong>eadem</strong></span> <span class='ocrx_word' id='word_1_434' title='bbox 1827 3100 1961 3156; x_wconf 92' lang='lat' dir='ltr'><strong>edet</strong></span> <span class='ocrx_word' id='word_1_435' title='bbox 1989 3098 2302 3154; x_wconf 86' lang='lat' dir='ltr'><strong>excubitus</strong></span> <span class='ocrx_word' id='word_1_436' title='bbox 2331 3099 2389 3154; x_wconf 91' lang='lat' dir='ltr'><strong>in</strong></span> <span class='ocrx_word' id='word_1_437' title='bbox 2423 3116 2560 3156; x_wconf 91' lang='lat' dir='ltr'><strong>suos</strong></span> <span class='ocrx_word' id='word_1_438' title='bbox 2583 3099 2904 3169; x_wconf 87' lang='lat' dir='ltr'><strong>scribones,</strong></span> <span class='ocrx_word' id='word_1_439' title='bbox 2928 3099 3361 3173; x_wconf 87' lang='lat' dir='ltr'><strong>etdrungarius</strong></span> <span class='ocrx_word' id='word_1_440' title='bbox 3407 3100 3616 3173; x_wconf 62' lang='lat' dir='ltr'><strong>vigiliae</strong></span> <span class='ocrx_word' id='word_1_441' title='bbox 3637 3099 3700 3156; x_wconf 93' lang='lat' dir='ltr'><strong>in</strong></span> 
     </span>
    </p>
   </div>
   <div class='ocr_carea' id='block_1_62' title="bbox 269 3188 1989 3256">
    <p class='ocr_par' dir='ltr' id='par_1_62' title="bbox 269 3188 1989 3256">
     <span class='ocr_line' id='line_1_62' title="bbox 269 3188 1989 3256; baseline 0 -12"><span class='ocrx_word' id='word_1_442' title='bbox 269 3188 513 3244; x_wconf 89' lang='lat' dir='ltr'><strong>comites</strong></span> <span class='ocrx_word' id='word_1_443' title='bbox 542 3188 802 3256; x_wconf 87' lang='lat' dir='ltr'><strong>arithmi,</strong></span> <span class='ocrx_word' id='word_1_444' title='bbox 832 3194 889 3244; x_wconf 89' lang='lat' dir='ltr'><strong>et</strong></span> <span class='ocrx_word' id='word_1_445' title='bbox 917 3188 1229 3244; x_wconf 87' lang='lat' dir='ltr'><strong>bicanatus</strong></span> <span class='ocrx_word' id='word_1_446' title='bbox 1258 3188 1319 3243; x_wconf 91' lang='lat' dir='ltr'><strong>in</strong></span> <span class='ocrx_word' id='word_1_447' title='bbox 1341 3189 1586 3244; x_wconf 88' lang='lat' dir='ltr'><strong>comites</strong></span> <span class='ocrx_word' id='word_1_448' title='bbox 1617 3189 1707 3243; x_wconf 89' lang='lat' dir='ltr'><strong>sui</strong></span> <span class='ocrx_word' id='word_1_449' title='bbox 1741 3188 1989 3244; x_wconf 88' lang='lat' dir='ltr'><strong>ordinis.</strong></span> 
     </span>
    </p>
   </div>
   <div class='ocr_carea' id='block_1_63' title="bbox 269 3273 1926 3350">
    <p class='ocr_par' dir='ltr' id='par_1_63' title="bbox 269 3277 1926 3350">
     <span class='ocr_line' id='line_1_63' title="bbox 269 3277 1926 3350; baseline -0.001 -15"><span class='ocrx_word' id='word_1_450' title='bbox 269 3277 644 3341; x_wconf 73' lang='lat' dir='ltr'><strong>Obseruantia,</strong></span> <span class='ocrx_word' id='word_1_451' title='bbox 707 3277 923 3350; x_wconf 81' lang='lat' dir='ltr'><strong>quando</strong></span> <span class='ocrx_word' id='word_1_452' title='bbox 979 3279 1294 3350; x_wconf 77' lang='lat' dir='ltr'><strong>imperator</strong></span> <span class='ocrx_word' id='word_1_453' title='bbox 1350 3277 1418 3333; x_wconf 89' lang='lat' dir='ltr'><strong>ab</strong></span> <span class='ocrx_word' id='word_1_454' title='bbox 1477 3277 1732 3346; x_wconf 70' lang='lat' dir='ltr'><strong>expedito</strong></span> <span class='ocrx_word' id='word_1_455' title='bbox 1827 3292 1926 3334; x_wconf 70' lang='lat' dir='ltr'><strong>seu</strong></span> 
     </span>
    </p>
   </div>
   <div class='ocr_carea' id='block_1_64' title="bbox 2044 3273 3264 3350">
    <p class='ocr_par' dir='ltr' id='par_1_64' title="bbox 2044 3273 3264 3350">
     <span class='ocr_line' id='line_1_64' title="bbox 2044 3273 3264 3350; baseline 0 -18"><span class='ocrx_word' id='word_1_456' title='bbox 2044 3275 2181 3332; x_wconf 83' lang='grc' dir='ltr'><strong>Ὅσα</strong></span> <span class='ocrx_word' id='word_1_457' title='bbox 2212 3273 2295 3330; x_wconf 71' lang='grc' dir='ltr'><strong>δεῖ</strong></span> <span class='ocrx_word' id='word_1_458' title='bbox 2320 3276 2586 3350; x_wconf 74' lang='grc' dir='ltr'>γίνεσθαι,</span> <span class='ocrx_word' id='word_1_459' title='bbox 2616 3275 2744 3350; x_wconf 71' lang='grc' dir='ltr'>’όταν</span> <span class='ocrx_word' id='word_1_460' title='bbox 2768 3273 2891 3350; x_wconf 13' lang='grc' dir='ltr'>γέταν</span> <span class='ocrx_word' id='word_1_461' title='bbox 2920 3273 3198 3350; x_wconf 66' lang='grc' dir='ltr'>ἆξπεδίτου</span> 
     </span>
    </p>
   </div>
   <div class='ocr_carea' id='block_1_65' title="bbox 337 3349 1922 3420">
    <p class='ocr_par' dir='ltr' id='par_1_65' title="bbox 337 3349 1922 3420">
     <span class='ocr_line' id='line_1_65' title="bbox 337 3349 1922 3420; baseline 0.001 -15"><span class='ocrx_word' id='word_1_462' title='bbox 337 3350 680 3419; x_wconf 69' lang='lat' dir='ltr'><strong>expeditione</strong></span> <span class='ocrx_word' id='word_1_463' title='bbox 720 3349 982 3415; x_wconf 81' lang='lat' dir='ltr'><strong>militari,</strong></span> <span class='ocrx_word' id='word_1_464' title='bbox 1022 3349 1202 3405; x_wconf 82' lang='lat' dir='ltr'><strong>aliove</strong></span> <span class='ocrx_word' id='word_1_465' title='bbox 1235 3351 1397 3420; x_wconf 84' lang='lat' dir='ltr'><strong>longo</strong></span> <span class='ocrx_word' id='word_1_466' title='bbox 1426 3359 1476 3405; x_wconf 80' lang='lat' dir='ltr'><strong>et</strong></span> <span class='ocrx_word' id='word_1_467' title='bbox 1512 3351 1781 3406; x_wconf 83' lang='lat' dir='ltr'><strong>diuturno</strong></span> <span class='ocrx_word' id='word_1_468' title='bbox 1822 3353 1922 3406; x_wconf 78' lang='lat' dir='ltr'><strong>iti-</strong></span> 
     </span>
    </p>
   </div>
   <div class='ocr_carea' id='block_1_66' title="bbox 336 3421 1142 3476">
    <p class='ocr_par' dir='ltr' id='par_1_66' title="bbox 336 3421 1142 3476">
     <span class='ocr_line' id='line_1_66' title="bbox 336 3421 1142 3476; baseline 0.002 -2"><span class='ocrx_word' id='word_1_469' title='bbox 336 3437 470 3476; x_wconf 80' lang='lat' dir='ltr'><strong>nere</strong></span> <span class='ocrx_word' id='word_1_470' title='bbox 501 3423 559 3476; x_wconf 78' lang='lat' dir='ltr'><strong>in</strong></span> <span class='ocrx_word' id='word_1_471' title='bbox 592 3421 788 3475; x_wconf 82' lang='lat' dir='ltr'><strong>urbem</strong></span> <span class='ocrx_word' id='word_1_472' title='bbox 817 3424 1142 3476; x_wconf 78' lang='lat' dir='ltr'><strong>revertatur.</strong></span> 
     </span>
    </p>
   </div>
   <div class='ocr_carea' id='block_1_67' title="bbox 337 3506 1906 3578">
    <p class='ocr_par' dir='ltr' id='par_1_67' title="bbox 337 3506 1906 3578">
     <span class='ocr_line' id='line_1_67' title="bbox 337 3506 1906 3578; baseline 0.003 -16"><span class='ocrx_word' id='word_1_473' title='bbox 337 3507 638 3563; x_wconf 82' lang='lat' dir='ltr'><strong>Redeunte</strong></span> <span class='ocrx_word' id='word_1_474' title='bbox 669 3507 1041 3578; x_wconf 88' lang='lat' dir='ltr'><strong>imperatore,</strong></span> <span class='ocrx_word' id='word_1_475' title='bbox 1076 3512 1224 3564; x_wconf 82' lang='lat' dir='ltr'><strong>nunt</strong></span> <span class='ocrx_word' id='word_1_476' title='bbox 1253 3506 1453 3564; x_wconf 87' lang='lat' dir='ltr'><strong>eadem</strong></span> <span class='ocrx_word' id='word_1_477' title='bbox 1477 3510 1674 3565; x_wconf 83' lang='lat' dir='ltr'><strong>omnia</strong></span> <span class='ocrx_word' id='word_1_478' title='bbox 1701 3510 1906 3566; x_wconf 79' lang='lat' dir='ltr'><strong>eodem</strong></span> 
     </span>
    </p>
   </div>
   <div class='ocr_carea' id='block_1_68' title="bbox 250 3595 1903 3669">
    <p class='ocr_par' dir='ltr' id='par_1_68' title="bbox 250 3595 1903 3669">
     <span class='ocr_line' id='line_1_68' title="bbox 250 3595 1903 3669; baseline 0.003 -19"><span class='ocrx_word' id='word_1_479' title='bbox 250 3603 470 3663; x_wconf 87' lang='lat' dir='ltr'><strong>tenore,</strong></span> <span class='ocrx_word' id='word_1_480' title='bbox 502 3611 632 3667; x_wconf 77' lang='lat' dir='ltr'><strong>quas</strong></span> <span class='ocrx_word' id='word_1_481' title='bbox 664 3595 810 3662; x_wconf 81' lang='lat' dir='ltr'><strong>ﬁeri,</strong></span> <span class='ocrx_word' id='word_1_482' title='bbox 842 3613 908 3651; x_wconf 90' lang='lat' dir='ltr'><strong>eo</strong></span> <span class='ocrx_word' id='word_1_483' title='bbox 937 3599 1209 3661; x_wconf 79' lang='lat' dir='ltr'><strong>abeunte,</strong></span> <span class='ocrx_word' id='word_1_484' title='bbox 1243 3597 1501 3653; x_wconf 76' lang='lat' dir='ltr'><strong>diximus</strong></span> <span class='ocrx_word' id='word_1_485' title='bbox 1543 3597 1604 3654; x_wconf 87' lang='lat' dir='ltr'><strong>in</strong></span> <span class='ocrx_word' id='word_1_486' title='bbox 1642 3601 1903 3669; x_wconf 83' lang='lat' dir='ltr'><strong>superio-</strong></span> 
     </span>
    </p>
   </div>
   <div class='ocr_carea' id='block_1_69' title="bbox 246 3682 1903 3756">
    <p class='ocr_par' dir='ltr' id='par_1_69' title="bbox 246 3682 1903 3756">
     <span class='ocr_line' id='line_1_69' title="bbox 246 3682 1903 3756; baseline 0.003 -17"><span class='ocrx_word' id='word_1_487' title='bbox 246 3683 430 3740; x_wconf 83' lang='lat' dir='ltr'><strong>ribus.</strong></span> <span class='ocrx_word' id='word_1_488' title='bbox 469 3682 573 3739; x_wconf 86' lang='lat' dir='ltr'><strong>Ubi</strong></span> <span class='ocrx_word' id='word_1_489' title='bbox 600 3695 795 3739; x_wconf 86' lang='lat' dir='ltr'><strong>autem</strong></span> <span class='ocrx_word' id='word_1_490' title='bbox 828 3685 897 3739; x_wconf 83' lang='lat' dir='ltr'><strong>ad</strong></span> <span class='ocrx_word' id='word_1_491' title='bbox 931 3683 1474 3756; x_wconf 67' lang='lat' dir='ltr'><strong>Cinstantinopolin</strong></span> <span class='ocrx_word' id='word_1_492' title='bbox 1507 3689 1769 3755; x_wconf 81' lang='lat' dir='ltr'><strong>accessit,</strong></span> <span class='ocrx_word' id='word_1_493' title='bbox 1803 3704 1903 3744; x_wconf 93' lang='lat' dir='ltr'><strong>oc-</strong></span> 
     </span>
    </p>
   </div>
   <div class='ocr_carea' id='block_1_70' title="bbox 246 3773 1902 3846">
    <p class='ocr_par' dir='ltr' id='par_1_70' title="bbox 246 3773 1902 3846">
     <span class='ocr_line' id='line_1_70' title="bbox 246 3773 1902 3846; baseline 0.002 -17"><span class='ocrx_word' id='word_1_494' title='bbox 246 3779 492 3829; x_wconf 86' lang='lat' dir='ltr'><strong>currunt</strong></span> <span class='ocrx_word' id='word_1_495' title='bbox 547 3774 657 3845; x_wconf 69' lang='lat' dir='ltr'><strong>ipsi</strong></span> <span class='ocrx_word' id='word_1_496' title='bbox 718 3789 1006 3844; x_wconf 89' lang='lat' dir='ltr'><strong>proceres,</strong></span> <span class='ocrx_word' id='word_1_497' title='bbox 1041 3773 1140 3845; x_wconf 86' lang='lat' dir='ltr'><strong>qui</strong></span> <span class='ocrx_word' id='word_1_498' title='bbox 1198 3775 1356 3830; x_wconf 82' lang='lat' dir='ltr'><strong>domi</strong></span> <span class='ocrx_word' id='word_1_499' title='bbox 1418 3781 1773 3846; x_wconf 65' lang='lat' dir='ltr'><strong>manserant,</strong></span> <span class='ocrx_word' id='word_1_500' title='bbox 1846 3777 1902 3832; x_wconf 89' lang='lat' dir='ltr'><strong>in</strong></span> 
     </span>
    </p>
   </div>
   <div class='ocr_carea' id='block_1_71' title="bbox 249 3861 1912 3936">
    <p class='ocr_par' dir='ltr' id='par_1_71' title="bbox 249 3861 1912 3936">
     <span class='ocr_line' id='line_1_71' title="bbox 249 3861 1912 3936; baseline 0.001 -17"><span class='ocrx_word' id='word_1_501' title='bbox 249 3861 480 3935; x_wconf 75' lang='lat' dir='ltr'><strong>Rhegio</strong></span> <span class='ocrx_word' id='word_1_502' title='bbox 519 3862 781 3936; x_wconf 84' lang='lat' dir='ltr'><strong>[navali].</strong></span> <span class='ocrx_word' id='word_1_503' title='bbox 817 3863 880 3918; x_wconf 84' lang='lat' dir='ltr'><strong>Et</strong></span> <span class='ocrx_word' id='word_1_504' title='bbox 921 3863 1201 3919; x_wconf 86' lang='lat' dir='ltr'><strong>tribunus</strong></span> <span class='ocrx_word' id='word_1_505' title='bbox 1247 3863 1483 3933; x_wconf 79' lang='lat' dir='ltr'><strong>quidem</strong></span> <span class='ocrx_word' id='word_1_506' title='bbox 1528 3866 1912 3934; x_wconf 66' lang='lat' dir='ltr'><strong>praesentalis,</strong></span> 
     </span>
    </p>
   </div>
   <div class='ocr_carea' id='block_1_72' title="bbox 261 3952 1916 4022">
    <p class='ocr_par' dir='ltr' id='par_1_72' title="bbox 261 3952 1916 4022">
     <span class='ocr_line' id='line_1_72' title="bbox 261 3952 1916 4022; baseline 0.003 -16"><span class='ocrx_word' id='word_1_507' title='bbox 261 3954 359 4022; x_wconf 91' lang='lat' dir='ltr'><strong>qui</strong></span> <span class='ocrx_word' id='word_1_508' title='bbox 403 3958 764 4009; x_wconf 87' lang='lat' dir='ltr'><strong>remanserat</strong></span> <span class='ocrx_word' id='word_1_509' title='bbox 799 3952 858 4008; x_wconf 88' lang='lat' dir='ltr'><strong>in</strong></span> <span class='ocrx_word' id='word_1_510' title='bbox 893 3954 1052 4021; x_wconf 89' lang='lat' dir='ltr'><strong>urbe,</strong></span> <span class='ocrx_word' id='word_1_511' title='bbox 1085 3953 1474 4009; x_wconf 71' lang='lat' dir='ltr'><strong>custodiendas</strong></span> <span class='ocrx_word' id='word_1_512' title='bbox 1509 3954 1665 4010; x_wconf 86' lang='lat' dir='ltr'><strong>illius</strong></span> <span class='ocrx_word' id='word_1_513' title='bbox 1717 3971 1916 4021; x_wconf 87' lang='lat' dir='ltr'><strong>causa,</strong></span> 
     </span>
    </p>
   </div>
   <div class='ocr_carea' id='block_1_73' title="bbox 259 4041 1916 4114">
    <p class='ocr_par' dir='ltr' id='par_1_73' title="bbox 259 4041 1916 4114">
     <span class='ocr_line' id='line_1_73' title="bbox 259 4041 1916 4114; baseline 0.003 -18"><span class='ocrx_word' id='word_1_514' title='bbox 259 4041 512 4096; x_wconf 91' lang='lat' dir='ltr'><strong>occurrit</strong></span> <span class='ocrx_word' id='word_1_515' title='bbox 559 4041 671 4112; x_wconf 88' lang='lat' dir='ltr'><strong>ipsi</strong></span> <span class='ocrx_word' id='word_1_516' title='bbox 703 4042 762 4097; x_wconf 94' lang='lat' dir='ltr'><strong>in</strong></span> <span class='ocrx_word' id='word_1_517' title='bbox 797 4043 1015 4098; x_wconf 76' lang='lat' dir='ltr'><strong>mantia</strong></span> <span class='ocrx_word' id='word_1_518' title='bbox 1062 4059 1164 4098; x_wconf 89' lang='lat' dir='ltr'><strong>seu</strong></span> <span class='ocrx_word' id='word_1_519' title='bbox 1217 4059 1358 4114; x_wconf 90' lang='lat' dir='ltr'><strong>sago</strong></span> <span class='ocrx_word' id='word_1_520' title='bbox 1391 4060 1579 4108; x_wconf 86' lang='lat' dir='ltr'><strong>russo,</strong></span> <span class='ocrx_word' id='word_1_521' title='bbox 1613 4046 1812 4100; x_wconf 89' lang='lat' dir='ltr'><strong>statim</strong></span> <span class='ocrx_word' id='word_1_522' title='bbox 1848 4061 1916 4101; x_wconf 88' lang='lat' dir='ltr'><strong>ex</strong></span> 
     </span>
    </p>
   </div>
   <div class='ocr_carea' id='block_1_74' title="bbox 258 4130 1912 4204">
    <p class='ocr_par' dir='ltr' id='par_1_74' title="bbox 258 4130 1912 4204">
     <span class='ocr_line' id='line_1_74' title="bbox 258 4130 1912 4204; baseline 0.003 -19"><span class='ocrx_word' id='word_1_523' title='bbox 258 4145 372 4201; x_wconf 90' lang='lat' dir='ltr'><strong>quo</strong></span> <span class='ocrx_word' id='word_1_524' title='bbox 405 4130 578 4186; x_wconf 90' lang='lat' dir='ltr'><strong>modo</strong></span> <span class='ocrx_word' id='word_1_525' title='bbox 609 4131 927 4202; x_wconf 89' lang='lat' dir='ltr'><strong>imperator</strong></span> <span class='ocrx_word' id='word_1_526' title='bbox 956 4131 1110 4202; x_wconf 90' lang='lat' dir='ltr'><strong>apud</strong></span> <span class='ocrx_word' id='word_1_527' title='bbox 1144 4131 1432 4204; x_wconf 82' lang='lat' dir='ltr'><strong>Rhegium</strong></span> <span class='ocrx_word' id='word_1_528' title='bbox 1467 4133 1672 4204; x_wconf 91' lang='lat' dir='ltr'><strong>pedem</strong></span> <span class='ocrx_word' id='word_1_529' title='bbox 1719 4151 1749 4189; x_wconf 93' lang='lat' dir='ltr'><strong>e</strong></span> <span class='ocrx_word' id='word_1_530' title='bbox 1783 4136 1912 4190; x_wconf 89' lang='lat' dir='ltr'><strong>navi</strong></span> 
     </span>
    </p>
   </div>
   <div class='ocr_carea' id='block_1_75' title="bbox 2481 3273 3704 3369">
    <p class='ocr_par' dir='ltr' id='par_1_75' title="bbox 2481 3273 3704 3369">
     <span class='ocr_line' id='line_1_75' title="bbox 2481 3273 3704 3369; baseline -0.003 -35"><span class='ocrx_word' id='word_1_531' title='bbox 2763 3273 2891 3369; x_wconf 69' lang='grc' dir='ltr'><strong>ιἐταν</strong></span> <span class='ocrx_word' id='word_1_532' title='bbox 2920 3273 3198 3369; x_wconf 55' lang='grc' dir='ltr'>ἆξπξδίέου</span> <span class='ocrx_word' id='word_1_533' title='bbox 3224 3277 3264 3369; x_wconf 61' lang='grc' dir='ltr'>ᾗ</span> <span class='ocrx_word' id='word_1_534' title='bbox 3300 3281 3510 3369; x_wconf 61' lang='grc' dir='ltr'>μακρᾶς</span> <span class='ocrx_word' id='word_1_535' title='bbox 3541 3273 3704 3333; x_wconf 85' lang='grc' dir='ltr'>ὁδοι-</span> 
     </span>
    </p>
   </div>
   <div class='ocr_carea' id='block_1_76' title="bbox 2361 3346 3374 3427">
    <p class='ocr_par' dir='ltr' id='par_1_76' title="bbox 2361 3346 3374 3427">
     <span class='ocr_line' id='line_1_76' title="bbox 2361 3346 3374 3427; baseline 0.003 -26"><span class='ocrx_word' id='word_1_536' title='bbox 2361 3347 2579 3422; x_wconf 83' lang='grc' dir='ltr'>πορίας,</span> <span class='ocrx_word' id='word_1_537' title='bbox 2619 3346 2976 3427; x_wconf 67' lang='grc' dir='ltr'><strong>ἐπανέρχεται</strong></span> <span class='ocrx_word' id='word_1_538' title='bbox 3018 3349 3046 3404; x_wconf 92' lang='lat'><strong>6</strong></span> <span class='ocrx_word' id='word_1_539' title='bbox 3095 3346 3374 3424; x_wconf 75' lang='grc' dir='ltr'>βασιλεύς.</span> 
     </span>
    </p>
   </div>
   <div class='ocr_carea' id='block_1_77' title="bbox 2120 3514 3710 3590">
    <p class='ocr_par' dir='ltr' id='par_1_77' title="bbox 2120 3514 3710 3590">
     <span class='ocr_line' id='line_1_77' title="bbox 2120 3514 3710 3590; baseline -0.001 -21"><span class='ocrx_word' id='word_1_540' title='bbox 2120 3514 2604 3588; x_wconf 76' lang='grc' dir='ltr'>Ἐπανερχομὲνου</span> <span class='ocrx_word' id='word_1_541' title='bbox 2668 3517 2768 3569; x_wconf 75' lang='grc' dir='ltr'>τοῦ</span> <span class='ocrx_word' id='word_1_542' title='bbox 2829 3514 3123 3590; x_wconf 76' lang='grc' dir='ltr'>βασιλέως,</span> <span class='ocrx_word' id='word_1_543' title='bbox 3197 3514 3265 3570; x_wconf 77' lang='grc' dir='ltr'><strong>τὰ</strong></span> <span class='ocrx_word' id='word_1_544' title='bbox 3331 3514 3465 3570; x_wconf 74' lang='grc' dir='ltr'><strong>αὐτὰ</strong></span> <span class='ocrx_word' id='word_1_545' title='bbox 3531 3514 3710 3571; x_wconf 78' lang='grc' dir='ltr'>πάντα</span> 
     </span>
    </p>
   </div>
   <div class='ocr_carea' id='block_1_78' title="bbox 2041 3600 3712 3677">
    <p class='ocr_par' dir='ltr' id='par_1_78' title="bbox 2041 3600 3712 3677">
     <span class='ocr_line' id='line_1_78' title="bbox 2041 3600 3712 3677; baseline 0.002 -23"><span class='ocrx_word' id='word_1_546' title='bbox 2041 3601 2249 3676; x_wconf 84' lang='grc' dir='ltr'>γίνεται</span> <span class='ocrx_word' id='word_1_547' title='bbox 2279 3603 2416 3658; x_wconf 82' lang='grc' dir='ltr'><strong>κατᾶ</strong></span> <span class='ocrx_word' id='word_1_548' title='bbox 2454 3604 2552 3672; x_wconf 80' lang='grc' dir='ltr'><strong>τήν</strong></span> <span class='ocrx_word' id='word_1_549' title='bbox 2585 3600 2733 3661; x_wconf 79' lang='grc' dir='ltr'>ὁδὸν.</span> <span class='ocrx_word' id='word_1_550' title='bbox 2767 3604 2866 3659; x_wconf 78' lang='grc' dir='ltr'>ὅσα</span> <span class='ocrx_word' id='word_1_551' title='bbox 2915 3603 2970 3659; x_wconf 77' lang='grc' dir='ltr'><strong>ἐν</strong></span> <span class='ocrx_word' id='word_1_552' title='bbox 3004 3609 3082 3677; x_wconf 86' lang='grc' dir='ltr'>τῷ</span> <span class='ocrx_word' id='word_1_553' title='bbox 3111 3603 3326 3660; x_wconf 70' lang='grc' dir='ltr'>ἀπιέναι</span> <span class='ocrx_word' id='word_1_554' title='bbox 3357 3603 3520 3661; x_wconf 75' lang='grc' dir='ltr'>αὐτὸν</span> <span class='ocrx_word' id='word_1_555' title='bbox 3551 3603 3712 3676; x_wconf 82' lang='grc' dir='ltr'>είρή-</span> 
     </span>
    </p>
   </div>
   <div class='ocr_carea' id='block_1_79' title="bbox 2039 3689 3708 3769">
    <p class='ocr_par' dir='ltr' id='par_1_79' title="bbox 2039 3689 3708 3769">
     <span class='ocr_line' id='line_1_79' title="bbox 2039 3689 3708 3769; baseline 0.002 -25"><span class='ocrx_word' id='word_1_556' title='bbox 2039 3710 2229 3762; x_wconf 81' lang='grc' dir='ltr'>καμεν.</span> <span class='ocrx_word' id='word_1_557' title='bbox 2295 3691 2590 3767; x_wconf 79' lang='grc' dir='ltr'>Γινομὲνου</span> <span class='ocrx_word' id='word_1_558' title='bbox 2671 3695 2840 3749; x_wconf 78' lang='grc' dir='ltr'>αὐτοῦ</span> <span class='ocrx_word' id='word_1_559' title='bbox 2907 3693 3030 3769; x_wconf 81' lang='grc' dir='ltr'>περὶ</span> <span class='ocrx_word' id='word_1_560' title='bbox 3100 3689 3708 3762; x_wconf 80' lang='grc' dir='ltr'>Κωνσταντινούπολιν,</span> 
     </span>
    </p>
   </div>
   <div class='ocr_carea' id='block_1_80' title="bbox 2048 3779 3706 3862">
    <p class='ocr_par' dir='ltr' id='par_1_80' title="bbox 2048 3779 3706 3862">
     <span class='ocr_line' id='line_1_80' title="bbox 2048 3779 3706 3862; baseline 0.001 -28"><span class='ocrx_word' id='word_1_561' title='bbox 2048 3779 2099 3834; x_wconf 78' lang='grc' dir='ltr'>οἱ</span> <span class='ocrx_word' id='word_1_562' title='bbox 2132 3779 2524 3852; x_wconf 74' lang='grc' dir='ltr'><strong>ἂπομείναντες</strong></span> <span class='ocrx_word' id='word_1_563' title='bbox 2573 3782 2836 3862; x_wconf 81' lang='grc' dir='ltr'>ἄρχοντες</span> <span class='ocrx_word' id='word_1_564' title='bbox 2883 3784 3208 3840; x_wconf 78' lang='grc' dir='ltr'>ἆπαντοῦσιν</span> <span class='ocrx_word' id='word_1_565' title='bbox 3255 3783 3308 3840; x_wconf 69' lang='grc' dir='ltr'><strong>ἰν</strong></span> <span class='ocrx_word' id='word_1_566' title='bbox 3350 3788 3432 3856; x_wconf 77' lang='grc' dir='ltr'>τῷ</span> <span class='ocrx_word' id='word_1_567' title='bbox 3473 3781 3706 3859; x_wconf 78' lang='grc' dir='ltr'><strong>Ῥηγίῳ·</strong></span> 
     </span>
    </p>
   </div>
   <div class='ocr_carea' id='block_1_81' title="bbox 2027 3865 3708 3947">
    <p class='ocr_par' dir='ltr' id='par_1_81' title="bbox 2027 3865 3708 3947">
     <span class='ocr_line' id='line_1_81' title="bbox 2027 3865 3708 3947; baseline 0.002 -25"><span class='ocrx_word' id='word_1_568' title='bbox 2027 3865 2154 3923; x_wconf 81' lang='grc' dir='ltr'>ἀλλ’</span> <span class='ocrx_word' id='word_1_569' title='bbox 2191 3869 2220 3923; x_wconf 89' lang='lat'><strong>6</strong></span> <span class='ocrx_word' id='word_1_570' title='bbox 2255 3869 2352 3943; x_wconf 73' lang='grc' dir='ltr'><strong>μὲν</strong></span> <span class='ocrx_word' id='word_1_571' title='bbox 2412 3865 2706 3945; x_wconf 79' lang='grc' dir='ltr'>τριϐοὖνος</span> <span class='ocrx_word' id='word_1_572' title='bbox 2765 3873 3183 3947; x_wconf 78' lang='grc' dir='ltr'>πραισιντάλιος</span> <span class='ocrx_word' id='word_1_573' title='bbox 3215 3873 3244 3928; x_wconf 94' lang='lat'><strong>6</strong></span> <span class='ocrx_word' id='word_1_574' title='bbox 3277 3871 3577 3946; x_wconf 82' lang='grc' dir='ltr'>ἀπομείνας</span> <span class='ocrx_word' id='word_1_575' title='bbox 3624 3870 3708 3935; x_wconf 71' lang='grc' dir='ltr'><strong>είς</strong></span> 
     </span>
    </p>
   </div>
   <div class='ocr_carea' id='block_1_82' title="bbox 2035 3959 3695 4037">
    <p class='ocr_par' dir='ltr' id='par_1_82' title="bbox 2035 3959 3695 4037">
     <span class='ocr_line' id='line_1_82' title="bbox 2035 3959 3695 4037; baseline 0.002 -26"><span class='ocrx_word' id='word_1_576' title='bbox 2035 3959 2435 4032; x_wconf 72' lang='grc' dir='ltr'>παραφυλακήν</span> <span class='ocrx_word' id='word_1_577' title='bbox 2489 3968 2593 4030; x_wconf 84' lang='grc' dir='ltr'><strong>τῆς</strong></span> <span class='ocrx_word' id='word_1_578' title='bbox 2669 3962 2889 4025; x_wconf 82' lang='grc' dir='ltr'>πόλεως</span> <span class='ocrx_word' id='word_1_579' title='bbox 2965 3963 3176 4035; x_wconf 83' lang='grc' dir='ltr'>ἀπαντᾷ</span> <span class='ocrx_word' id='word_1_580' title='bbox 3246 3963 3379 4037; x_wconf 81' lang='grc' dir='ltr'><strong>μετᾶ</strong></span> <span class='ocrx_word' id='word_1_581' title='bbox 3439 3963 3695 4035; x_wconf 81' lang='grc' dir='ltr'>μαντίου,</span> 
     </span>
    </p>
   </div>
   <div class='ocr_carea' id='block_1_83' title="bbox 2030 4043 3706 4125">
    <p class='ocr_par' dir='ltr' id='par_1_83' title="bbox 2030 4043 3706 4125">
     <span class='ocr_line' id='line_1_83' title="bbox 2030 4043 3706 4125; baseline 0.004 -25"><span class='ocrx_word' id='word_1_582' title='bbox 2030 4043 2161 4114; x_wconf 75' lang='grc' dir='ltr'>ἤτοι</span> <span class='ocrx_word' id='word_1_583' title='bbox 2209 4046 2400 4121; x_wconf 81' lang='grc' dir='ltr'>σαγίου</span> <span class='ocrx_word' id='word_1_584' title='bbox 2447 4052 2525 4123; x_wconf 88' lang='lat'><strong>(9)</strong></span> <span class='ocrx_word' id='word_1_585' title='bbox 2576 4049 2829 4124; x_wconf 83' lang='grc' dir='ltr'>ῥουσέου,</span> <span class='ocrx_word' id='word_1_586' title='bbox 2879 4052 3038 4114; x_wconf 79' lang='grc' dir='ltr'>εὐθὺς</span> <span class='ocrx_word' id='word_1_587' title='bbox 3088 4053 3221 4125; x_wconf 80' lang='grc' dir='ltr'><strong>μετὰ</strong></span> <span class='ocrx_word' id='word_1_588' title='bbox 3252 4053 3324 4108; x_wconf 69' lang='grc' dir='ltr'>τὸ</span> <span class='ocrx_word' id='word_1_589' title='bbox 3343 4047 3550 4108; x_wconf 74' lang='grc' dir='ltr'>κατάϐα</span> <span class='ocrx_word' id='word_1_590' title='bbox 3580 4053 3706 4122; x_wconf 82' lang='lat'><strong>(10)</strong></span> 
     </span>
    </p>
   </div>
   <div class='ocr_carea' id='block_1_84' title="bbox 2046 4136 3701 4216">
    <p class='ocr_par' dir='ltr' id='par_1_84' title="bbox 2046 4136 3701 4216">
     <span class='ocr_line' id='line_1_84' title="bbox 2046 4136 3701 4216; baseline 0.003 -26"><span class='ocrx_word' id='word_1_591' title='bbox 2046 4139 2143 4190; x_wconf 79' lang='grc' dir='ltr'>τοῦ</span> <span class='ocrx_word' id='word_1_592' title='bbox 2171 4136 2424 4214; x_wconf 73' lang='grc' dir='ltr'>Ῥηγίου,</span> <span class='ocrx_word' id='word_1_593' title='bbox 2455 4138 2545 4193; x_wconf 85' lang='grc' dir='ltr'>καὶ</span> <span class='ocrx_word' id='word_1_594' title='bbox 2574 4142 2883 4214; x_wconf 76' lang='grc' dir='ltr'>καθήμενος</span> <span class='ocrx_word' id='word_1_595' title='bbox 2931 4142 2960 4196; x_wconf 90' lang='lat'><strong>6</strong></span> <span class='ocrx_word' id='word_1_596' title='bbox 3012 4140 3271 4216; x_wconf 81' lang='grc' dir='ltr'>βασιλεὺς</span> <span class='ocrx_word' id='word_1_597' title='bbox 3300 4140 3377 4205; x_wconf 72' lang='grc' dir='ltr'><strong>εἷς</strong></span> <span class='ocrx_word' id='word_1_598' title='bbox 3403 4143 3495 4197; x_wconf 86' lang='grc' dir='ltr'>τὸν</span> <span class='ocrx_word' id='word_1_599' title='bbox 3524 4137 3701 4196; x_wconf 65' lang='grc' dir='ltr'>ἵππον</span> 
     </span>
    </p>
   </div>
   <div class='ocr_carea' id='block_1_85' title="bbox 1310 4256 2646 4324">
    <p class='ocr_par' dir='ltr' id='par_1_85' title="bbox 1310 4256 2646 4324">
     <span class='ocr_line' id='line_1_85' title="bbox 1310 4256 2646 4324; baseline 0.007 -11"><span class='ocrx_word' id='word_1_600' title='bbox 1310 4256 1516 4314; x_wconf 85' lang='lat' dir='ltr'><strong>JOAN.</strong></span> <span class='ocrx_word' id='word_1_601' title='bbox 1549 4257 1689 4315; x_wconf 84' lang='lat' dir='ltr'><strong>JAC.</strong></span> <span class='ocrx_word' id='word_1_602' title='bbox 1733 4259 1998 4319; x_wconf 78' lang='lat' dir='ltr'><strong>REISKII</strong></span> <span class='ocrx_word' id='word_1_603' title='bbox 2047 4261 2646 4324; x_wconf 82' lang='lat' dir='ltr'><strong>COMMENTARIUS.</strong></span> 
     </span>
    </p>
   </div>
   <div class='ocr_carea' id='block_1_86' title="bbox 336 4357 1936 4442">
    <p class='ocr_par' dir='ltr' id='par_1_86' title="bbox 336 4357 1936 4442">
     <span class='ocr_line' id='line_1_86' title="bbox 336 4357 1936 4442; baseline 0.001 -28"><span class='ocrx_word' id='word_1_604' title='bbox 336 4359 552 4442; x_wconf 49' lang='lat' dir='ltr'><strong>(_8)&#39;Est</strong></span> <span class='ocrx_word' id='word_1_605' title='bbox 580 4358 888 4442; x_wconf 62' lang='lat' dir='ltr'><strong>prefectus</strong></span> <span class='ocrx_word' id='word_1_606' title='bbox 943 4357 1664 4441; x_wconf 75' lang='lat' dir='ltr'><strong>thematiThracesiorum</strong></span> <span class='ocrx_word' id='word_1_607' title='bbox 1711 4375 1824 4442; x_wconf 82' lang='lat' dir='ltr'><strong>seu_</strong></span> <span class='ocrx_word' id='word_1_608' title='bbox 1849 4376 1936 4418; x_wconf 83' lang='lat' dir='ltr'><strong>ve-</strong></span> 
     </span>
    </p>
   </div>
   <div class='ocr_carea' id='block_1_87' title="bbox 2046 4367 3705 4440">
    <p class='ocr_par' dir='ltr' id='par_1_87' title="bbox 2046 4367 3705 4440">
     <span class='ocr_line' id='line_1_87' title="bbox 2046 4367 3705 4440; baseline 0.002 -18"><span class='ocrx_word' id='word_1_609' title='bbox 2046 4367 2338 4440; x_wconf 80' lang='lat' dir='ltr'><strong>Barthius,</strong></span> <span class='ocrx_word' id='word_1_610' title='bbox 2363 4369 2598 4440; x_wconf 90' lang='lat' dir='ltr'><strong>quando</strong></span> <span class='ocrx_word' id='word_1_611' title='bbox 2624 4373 2812 4425; x_wconf 90' lang='lat' dir='ltr'><strong>locum</strong></span> <span class='ocrx_word' id='word_1_612' title='bbox 2834 4367 3007 4440; x_wconf 87' lang='lat' dir='ltr'><strong>illum</strong></span> <span class='ocrx_word' id='word_1_613' title='bbox 3031 4367 3328 4426; x_wconf 88' lang='lat' dir='ltr'><strong>sollicitat.</strong></span> <span class='ocrx_word' id='word_1_614' title='bbox 3360 4371 3577 4426; x_wconf 89' lang='lat' dir='ltr'><strong>Thema</strong></span> <span class='ocrx_word' id='word_1_615' title='bbox 3598 4385 3705 4426; x_wconf 83' lang='lat' dir='ltr'><strong>seu</strong></span> 
     </span>
    </p>
   </div>
   <div class='ocr_carea' id='block_1_88' title="bbox 265 4430 3704 4501">
    <p class='ocr_par' dir='ltr' id='par_1_88' title="bbox 265 4430 3704 4501">
     <span class='ocr_line' id='line_1_88' title="bbox 265 4430 3704 4501; baseline -0 -7"><span class='ocrx_word' id='word_1_616' title='bbox 265 4430 372 4484; x_wconf 67' lang='lat' dir='ltr'><strong>teri</strong></span> <span class='ocrx_word' id='word_1_617' title='bbox 430 4430 604 4487; x_wconf 63' lang='grc' dir='ltr'><strong>Ῑοῑιίθὲ</strong></span> <span class='ocrx_word' id='word_1_618' title='bbox 649 4433 740 4486; x_wconf 74' lang='grc' dir='ltr'><strong>νει</strong></span> <span class='ocrx_word' id='word_1_619' title='bbox 789 4430 943 4486; x_wconf 63' lang='grc' dir='ltr'>Αείιε</span> <span class='ocrx_word' id='word_1_620' title='bbox 987 4431 1221 4495; x_wconf 68' lang='lat' dir='ltr'><strong>Minori.</strong></span> <span class='ocrx_word' id='word_1_621' title='bbox 1276 4445 1458 4501; x_wconf 66' lang='grc' dir='ltr'><strong>θφίίυθ</strong></span> <span class='ocrx_word' id='word_1_622' title='bbox 1515 4446 1632 4487; x_wconf 65' lang='lat' dir='ltr'><strong>non</strong></span> <span class='ocrx_word' id='word_1_623' title='bbox 1682 4433 1934 4488; x_wconf 71' lang='grc' dir='ltr'><strong>οοηῖυη-</strong></span> <span class='ocrx_word' id='word_1_624' title='bbox 1967 4481 2010 4501; x_wconf 69' lang='grc' dir='ltr'>η</span> <span class='ocrx_word' id='word_1_625' title='bbox 2045 4438 2193 4497; x_wconf 64' lang='lat' dir='ltr'><strong>legio</strong></span> <span class='ocrx_word' id='word_1_626' title='bbox 2225 4430 2668 4498; x_wconf 67' lang='lat' dir='ltr'><strong>Threcesiorum</strong></span> <span class='ocrx_word' id='word_1_627' title='bbox 2711 4441 2799 4496; x_wconf 89' lang='lat' dir='ltr'><strong>vel</strong></span> <span class='ocrx_word' id='word_1_628' title='bbox 2831 4439 3357 4498; x_wconf 89' lang='lat' dir='ltr'><strong>Thracesionorum</strong></span> <span class='ocrx_word' id='word_1_629' title='bbox 3389 4449 3512 4498; x_wconf 88' lang='lat' dir='ltr'><strong>erat</strong></span> <span class='ocrx_word' id='word_1_630' title='bbox 3542 4440 3704 4495; x_wconf 79' lang='grc' dir='ltr'>ἱππι-</span> 
     </span>
    </p>
   </div>
   <div class='ocr_carea' id='block_1_89' title="bbox 271 4481 3707 4586">
    <p class='ocr_par' dir='ltr' id='par_1_89' title="bbox 271 4481 3707 4586">
     <span class='ocr_line' id='line_1_89' title="bbox 271 4481 3707 4586; baseline 0.003 -28"><span class='ocrx_word' id='word_1_631' title='bbox 271 4481 672 4586; x_wconf 60' lang='grc' dir='ltr'><strong>δξέίισῑιξιῖεξηις</strong></span> <span class='ocrx_word' id='word_1_632' title='bbox 693 4481 1453 4586; x_wconf 49' lang='grc' dir='ltr'><strong>ιεςίιςξεὶιῑοῑέέςζδρξκῖςξ</strong></span> <span class='ocrx_word' id='word_1_633' title='bbox 1484 4481 1932 4586; x_wconf 45' lang='lat' dir='ltr'><strong>saxeam-</strong></span> <span class='ocrx_word' id='word_1_634' title='bbox 1966 4481 2013 4543; x_wconf 75' lang='grc' dir='ltr'>ι)</span> <span class='ocrx_word' id='word_1_635' title='bbox 2042 4481 2192 4586; x_wconf 59' lang='grc' dir='ltr'>ςδςιν</span> <span class='ocrx_word' id='word_1_636' title='bbox 2235 4481 2700 4582; x_wconf 60' lang='grc' dir='ltr'><strong>ὶέίῗῖέῖὶἶὲεῖῗὲ,</strong></span> <span class='ocrx_word' id='word_1_637' title='bbox 2720 4481 3512 4586; x_wconf 56' lang='grc' dir='ltr'><strong>’ἕξιῑιῆὲέ””ἷί›ἷ“”ῥῗὲἐὲῶ“ίέ“</strong></span> <span class='ocrx_word' id='word_1_638' title='bbox 3547 4481 3707 4586; x_wconf 68' lang='grc' dir='ltr'><strong>’ζέέί</strong></span> 
     </span>
    </p>
   </div>
   <div class='ocr_carea' id='block_1_90' title="bbox 267 4572 1934 4646">
    <p class='ocr_par' dir='ltr' id='par_1_90' title="bbox 267 4572 1934 4646">
     <span class='ocr_line' id='line_1_90' title="bbox 267 4572 1934 4646; baseline 0.003 -20"><span class='ocrx_word' id='word_1_639' title='bbox 267 4572 588 4646; x_wconf 68' lang='lat' dir='ltr'><strong>cie_vulgo</strong></span> <span class='ocrx_word' id='word_1_640' title='bbox 619 4576 703 4630; x_wconf 84' lang='lat' dir='ltr'><strong>sic</strong></span> <span class='ocrx_word' id='word_1_641' title='bbox 749 4572 1101 4646; x_wconf 12' lang='lat' dir='ltr'><strong>dictaeiggvid.</strong></span> <span class='ocrx_word' id='word_1_642' title='bbox 1135 4572 1439 4628; x_wconf 83' lang='lat' dir='ltr'><strong>Constant.</strong></span> <span class='ocrx_word' id='word_1_643' title='bbox 1493 4575 1566 4646; x_wconf 86' lang='lat' dir='ltr'><strong>de</strong></span> <span class='ocrx_word' id='word_1_644' title='bbox 1597 4572 1839 4631; x_wconf 74' lang='lat' dir='ltr'><strong>thémat.</strong></span> <span class='ocrx_word' id='word_1_645' title='bbox 1876 4593 1934 4646; x_wconf 88' lang='lat' dir='ltr'><strong>p.</strong></span> 
     </span>
    </p>
   </div>
   <div class='ocr_carea' id='block_1_91' title="bbox 267 4643 1937 4716">
    <p class='ocr_par' dir='ltr' id='par_1_91' title="bbox 267 4643 1937 4716">
     <span class='ocr_line' id='line_1_91' title="bbox 267 4643 1937 4716; baseline 0.002 -18"><span class='ocrx_word' id='word_1_646' title='bbox 267 4644 322 4700; x_wconf 90' lang='lat'><strong>7.</strong></span> <span class='ocrx_word' id='word_1_647' title='bbox 372 4643 639 4712; x_wconf 62' lang='lat' dir='ltr'><strong>Fabella,</strong></span> <span class='ocrx_word' id='word_1_648' title='bbox 689 4662 868 4716; x_wconf 89' lang='lat' dir='ltr'><strong>quam</strong></span> <span class='ocrx_word' id='word_1_649' title='bbox 903 4643 980 4701; x_wconf 91' lang='lat' dir='ltr'><strong>ibi</strong></span> <span class='ocrx_word' id='word_1_650' title='bbox 1015 4646 1265 4713; x_wconf 86' lang='lat' dir='ltr'><strong>infcrcit,</strong></span> <span class='ocrx_word' id='word_1_651' title='bbox 1300 4661 1416 4699; x_wconf 92' lang='lat' dir='ltr'><strong>non</strong></span> <span class='ocrx_word' id='word_1_652' title='bbox 1467 4645 1592 4716; x_wconf 81' lang='lat' dir='ltr'><strong>sine</strong></span> <span class='ocrx_word' id='word_1_653' title='bbox 1624 4647 1798 4715; x_wconf 90' lang='lat' dir='ltr'><strong>nugis</strong></span> <span class='ocrx_word' id='word_1_654' title='bbox 1834 4643 1937 4716; x_wconf 80' lang='lat' dir='ltr'><strong>pro</strong></span> 
     </span>
    </p>
   </div>
   <div class='ocr_carea' id='block_1_92' title="bbox 271 4715 1938 4781">
    <p class='ocr_par' dir='ltr' id='par_1_92' title="bbox 271 4715 1938 4781">
     <span class='ocr_line' id='line_1_92' title="bbox 271 4715 1938 4781; baseline 0.001 -9"><span class='ocrx_word' id='word_1_655' title='bbox 271 4732 434 4772; x_wconf 90' lang='lat' dir='ltr'><strong>more</strong></span> <span class='ocrx_word' id='word_1_656' title='bbox 461 4718 634 4774; x_wconf 81' lang='lat' dir='ltr'><strong>istius</strong></span> <span class='ocrx_word' id='word_1_657' title='bbox 664 4715 862 4774; x_wconf 71' lang='lat' dir='ltr'><strong>saeculi</strong></span> <span class='ocrx_word' id='word_1_658' title='bbox 891 4715 1097 4781; x_wconf 89' lang='lat' dir='ltr'><strong>relata,</strong></span> <span class='ocrx_word' id='word_1_659' title='bbox 1129 4721 1425 4771; x_wconf 86' lang='lat' dir='ltr'><strong>auctorem</strong></span> <span class='ocrx_word' id='word_1_660' title='bbox 1446 4719 1450 4722; x_wconf 80' lang='grc'><em>’</em></span> <span class='ocrx_word' id='word_1_661' title='bbox 1471 4715 1647 4772; x_wconf 90' lang='lat' dir='ltr'><strong>habet</strong></span> <span class='ocrx_word' id='word_1_662' title='bbox 1677 4715 1938 4773; x_wconf 84' lang='lat' dir='ltr'><strong>Herodo-</strong></span> 
     </span>
    </p>
   </div>
   <div class='ocr_carea' id='block_1_93' title="bbox 270 4787 1935 4859">
    <p class='ocr_par' dir='ltr' id='par_1_93' title="bbox 270 4787 1935 4859">
     <span class='ocr_line' id='line_1_93' title="bbox 270 4787 1935 4859; baseline 0.001 -17"><span class='ocrx_word' id='word_1_663' title='bbox 270 4795 414 4845; x_wconf 86' lang='lat' dir='ltr'><strong>tum.</strong></span> <span class='ocrx_word' id='word_1_664' title='bbox 446 4792 491 4845; x_wconf 89' lang='lat' dir='ltr'><strong>A</strong></span> <span class='ocrx_word' id='word_1_665' title='bbox 517 4789 843 4845; x_wconf 89' lang='lat' dir='ltr'><strong>Thracibus</strong></span> <span class='ocrx_word' id='word_1_666' title='bbox 889 4787 1182 4858; x_wconf 88' lang='lat' dir='ltr'><strong>appellata</strong></span> <span class='ocrx_word' id='word_1_667' title='bbox 1211 4792 1301 4842; x_wconf 92' lang='lat' dir='ltr'><strong>est</strong></span> <span class='ocrx_word' id='word_1_668' title='bbox 1351 4803 1417 4843; x_wconf 83' lang='lat' dir='ltr'><strong>ea</strong></span> <span class='ocrx_word' id='word_1_669' title='bbox 1449 4789 1630 4859; x_wconf 86' lang='lat' dir='ltr'><strong>regio,</strong></span> <span class='ocrx_word' id='word_1_670' title='bbox 1655 4787 1753 4858; x_wconf 91' lang='lat' dir='ltr'><strong>qui</strong></span> <span class='ocrx_word' id='word_1_671' title='bbox 1805 4805 1935 4844; x_wconf 88' lang='lat' dir='ltr'><strong>eam</strong></span> 
     </span>
    </p>
   </div>
   <div class='ocr_carea' id='block_1_94' title="bbox 271 4858 1938 4930">
    <p class='ocr_par' dir='ltr' id='par_1_94' title="bbox 271 4858 1938 4930">
     <span class='ocr_line' id='line_1_94' title="bbox 271 4858 1938 4930; baseline 0.001 -17"><span class='ocrx_word' id='word_1_672' title='bbox 271 4860 636 4927; x_wconf 83' lang='lat' dir='ltr'><strong>sequioribus</strong></span> <span class='ocrx_word' id='word_1_673' title='bbox 681 4861 1044 4930; x_wconf 88' lang='lat' dir='ltr'><strong>temporibus</strong></span> <span class='ocrx_word' id='word_1_674' title='bbox 1084 4863 1449 4930; x_wconf 88' lang='lat' dir='ltr'><strong>occuparunt</strong></span> <span class='ocrx_word' id='word_1_675' title='bbox 1484 4858 1584 4930; x_wconf 83' lang='lat' dir='ltr'><strong>vel</strong></span> <span class='ocrx_word' id='word_1_676' title='bbox 1629 4859 1824 4930; x_wconf 82' lang='lat' dir='ltr'><strong>potius</strong></span> <span class='ocrx_word' id='word_1_677' title='bbox 1864 4861 1938 4915; x_wconf 86' lang='lat' dir='ltr'><strong>ab</strong></span> 
     </span>
    </p>
   </div>
   <div class='ocr_carea' id='block_1_95' title="bbox 272 4929 1939 5002">
    <p class='ocr_par' dir='ltr' id='par_1_95' title="bbox 272 4929 1939 5002">
     <span class='ocr_line' id='line_1_95' title="bbox 272 4929 1939 5002; baseline 0.002 -18"><span class='ocrx_word' id='word_1_678' title='bbox 272 4930 432 5002; x_wconf 79' lang='lat' dir='ltr'><strong>omni</strong></span> <span class='ocrx_word' id='word_1_679' title='bbox 463 4948 578 4988; x_wconf 68' lang='lat' dir='ltr'><strong>evo</strong></span> <span class='ocrx_word' id='word_1_680' title='bbox 612 4933 967 5000; x_wconf 89' lang='lat' dir='ltr'><strong>habuerunt,</strong></span> <span class='ocrx_word' id='word_1_681' title='bbox 996 4932 1083 4986; x_wconf 91' lang='lat' dir='ltr'><strong>vel</strong></span> <span class='ocrx_word' id='word_1_682' title='bbox 1119 4929 1431 5002; x_wconf 78' lang='lat' dir='ltr'><strong>antequam</strong></span> <span class='ocrx_word' id='word_1_683' title='bbox 1468 4929 1646 4986; x_wconf 70' lang='lat' dir='ltr'><strong>Graeci</strong></span> <span class='ocrx_word' id='word_1_684' title='bbox 1679 4930 1939 4988; x_wconf 87' lang='lat' dir='ltr'><strong>colonias</strong></span> 
     </span>
    </p>
   </div>
   <div class='ocr_carea' id='block_1_96' title="bbox 273 5000 1938 5073">
    <p class='ocr_par' dir='ltr' id='par_1_96' title="bbox 273 5000 1938 5073">
     <span class='ocr_line' id='line_1_96' title="bbox 273 5000 1938 5073; baseline 0.003 -20"><span class='ocrx_word' id='word_1_685' title='bbox 273 5000 418 5073; x_wconf 55' lang='lat' dir='ltr'><strong>illuc</strong></span> <span class='ocrx_word' id='word_1_686' title='bbox 435 5003 730 5073; x_wconf 82' lang='lat' dir='ltr'><strong>ducerent.</strong></span> <span class='ocrx_word' id='word_1_687' title='bbox 755 5004 1218 5060; x_wconf 86' lang='lat' dir='ltr'><strong>Protendebatur</strong></span> <span class='ocrx_word' id='word_1_688' title='bbox 1232 5000 1417 5073; x_wconf 81' lang='lat' dir='ltr'><strong>usque</strong></span> <span class='ocrx_word' id='word_1_689' title='bbox 1438 5007 1505 5056; x_wconf 89' lang='lat' dir='ltr'><strong>ad</strong></span> <span class='ocrx_word' id='word_1_690' title='bbox 1531 5003 1746 5058; x_wconf 88' lang='lat' dir='ltr'><strong>ostium</strong></span> <span class='ocrx_word' id='word_1_691' title='bbox 1768 5003 1938 5058; x_wconf 86' lang='lat' dir='ltr'><strong>Ponti</strong></span> 
     </span>
    </p>
   </div>
   <div class='ocr_carea' id='block_1_97' title="bbox 275 5069 1940 5146">
    <p class='ocr_par' dir='ltr' id='par_1_97' title="bbox 275 5069 1940 5146">
     <span class='ocr_line' id='line_1_97' title="bbox 275 5069 1940 5146; baseline 0.004 -22"><span class='ocrx_word' id='word_1_692' title='bbox 275 5069 790 5146; x_wconf 82' lang='lat' dir='ltr'><strong>Euxini,_adeoque</strong></span> <span class='ocrx_word' id='word_1_693' title='bbox 812 5078 990 5146; x_wconf 81' lang='lat' dir='ltr'><strong>etiam</strong></span> <span class='ocrx_word' id='word_1_694' title='bbox 1019 5069 1338 5145; x_wconf 81' lang='lat' dir='ltr'><strong>Trojanum</strong></span> <span class='ocrx_word' id='word_1_695' title='bbox 1374 5089 1579 5143; x_wconf 86' lang='lat' dir='ltr'><strong>agrum</strong></span> <span class='ocrx_word' id='word_1_696' title='bbox 1613 5075 1671 5129; x_wconf 92' lang='lat' dir='ltr'><strong>in</strong></span> <span class='ocrx_word' id='word_1_697' title='bbox 1707 5092 1768 5130; x_wconf 86' lang='lat' dir='ltr'><strong>se</strong></span> <span class='ocrx_word' id='word_1_698' title='bbox 1786 5091 1940 5130; x_wconf 88' lang='lat' dir='ltr'><strong>com-</strong></span> 
     </span>
    </p>
   </div>
   <div class='ocr_carea' id='block_1_98' title="bbox 276 5142 1936 5218">
    <p class='ocr_par' dir='ltr' id='par_1_98' title="bbox 276 5142 1936 5218">
     <span class='ocr_line' id='line_1_98' title="bbox 276 5142 1936 5218; baseline 0.005 -24"><span class='ocrx_word' id='word_1_699' title='bbox 276 5142 809 5218; x_wconf 52' lang='lat' dir='ltr'><strong>prehendebathd</strong></span> <span class='ocrx_word' id='word_1_700' title='bbox 844 5142 1203 5218; x_wconf 80' lang='lat' dir='ltr'><strong>Hellesponti</strong></span> <span class='ocrx_word' id='word_1_701' title='bbox 1229 5142 1550 5218; x_wconf 8' lang='lat' dir='ltr'><strong>putremque</strong></span> <span class='ocrx_word' id='word_1_702' title='bbox 1579 5162 1736 5201; x_wconf 84' lang='lat' dir='ltr'><strong>oram</strong></span> <span class='ocrx_word' id='word_1_703' title='bbox 1771 5147 1936 5202; x_wconf 88' lang='lat' dir='ltr'><strong>babi-</strong></span> 
     </span>
    </p>
   </div>
   <div class='ocr_carea' id='block_1_99' title="bbox 275 5213 1938 5286">
    <p class='ocr_par' dir='ltr' id='par_1_99' title="bbox 275 5213 1938 5286">
     <span class='ocr_line' id='line_1_99' title="bbox 275 5213 1938 5286; baseline 0.005 -21"><span class='ocrx_word' id='word_1_704' title='bbox 275 5213 483 5286; x_wconf 63' lang='lat' dir='ltr'><strong>tabant</strong></span> <span class='ocrx_word' id='word_1_705' title='bbox 534 5217 940 5272; x_wconf 86' lang='lat' dir='ltr'><strong>vetustissimis</strong></span> <span class='ocrx_word' id='word_1_706' title='bbox 970 5213 1334 5286; x_wconf 84' lang='lat' dir='ltr'><strong>temporibus</strong></span> <span class='ocrx_word' id='word_1_707' title='bbox 1368 5213 1642 5282; x_wconf 79' lang='lat' dir='ltr'><strong>Thraces,</strong></span> <span class='ocrx_word' id='word_1_708' title='bbox 1684 5234 1938 5285; x_wconf 88' lang='lat' dir='ltr'><strong>quorum</strong></span> 
     </span>
    </p>
   </div>
   <div class='ocr_carea' id='block_1_100' title="bbox 277 5284 1937 5366">
    <p class='ocr_par' dir='ltr' id='par_1_100' title="bbox 277 5284 1937 5366">
     <span class='ocr_line' id='line_1_100' title="bbox 277 5284 1937 5366; baseline 0.003 -28"><span class='ocrx_word' id='word_1_709' title='bbox 277 5284 552 5366; x_wconf 68' lang='lat' dir='ltr'><strong>Europaei</strong></span> <span class='ocrx_word' id='word_1_710' title='bbox 593 5304 764 5342; x_wconf 89' lang='lat' dir='ltr'><strong>suum</strong></span> <span class='ocrx_word' id='word_1_711' title='bbox 818 5284 1379 5366; x_wconf 83' lang='lat' dir='ltr'><strong>nomen__nunquam</strong></span> <span class='ocrx_word' id='word_1_712' title='bbox 1433 5305 1547 5344; x_wconf 92' lang='lat' dir='ltr'><strong>non</strong></span> <span class='ocrx_word' id='word_1_713' title='bbox 1609 5284 1937 5366; x_wconf 82' lang='lat' dir='ltr'><strong>servarunt,</strong></span> 
     </span>
    </p>
   </div>
   <div class='ocr_carea' id='block_1_101' title="bbox 281 5359 1936 5432">
    <p class='ocr_par' dir='ltr' id='par_1_101' title="bbox 281 5359 1936 5432">
     <span class='ocr_line' id='line_1_101' title="bbox 281 5359 1936 5432; baseline 0.004 -22"><span class='ocrx_word' id='word_1_714' title='bbox 281 5359 557 5432; x_wconf 50' lang='lat' dir='ltr'><strong>asiastici</strong></span> <span class='ocrx_word' id='word_1_715' title='bbox 602 5366 795 5432; x_wconf 85' lang='lat' dir='ltr'><strong>autem</strong></span> <span class='ocrx_word' id='word_1_716' title='bbox 831 5376 935 5431; x_wconf 91' lang='lat' dir='ltr'><strong>pro</strong></span> <span class='ocrx_word' id='word_1_717' title='bbox 985 5362 1181 5431; x_wconf 88' lang='lat' dir='ltr'><strong>aliquo</strong></span> <span class='ocrx_word' id='word_1_718' title='bbox 1225 5359 1493 5430; x_wconf 74' lang='lat' dir='ltr'><strong>tempore</strong></span> <span class='ocrx_word' id='word_1_719' title='bbox 1535 5363 1936 5432; x_wconf 75' lang='lat' dir='ltr'><strong>perdiderunt,</strong></span> 
     </span>
    </p>
   </div>
   <div class='ocr_carea' id='block_1_102' title="bbox 278 5427 1937 5502">
    <p class='ocr_par' dir='ltr' id='par_1_102' title="bbox 278 5427 1937 5502">
     <span class='ocr_line' id='line_1_102' title="bbox 278 5427 1937 5502; baseline 0.004 -20"><span class='ocrx_word' id='word_1_720' title='bbox 278 5427 466 5502; x_wconf 86' lang='lat' dir='ltr'><strong>donec</strong></span> <span class='ocrx_word' id='word_1_721' title='bbox 515 5430 598 5486; x_wconf 84' lang='lat' dir='ltr'><strong>sic</strong></span> <span class='ocrx_word' id='word_1_722' title='bbox 651 5427 876 5487; x_wconf 72' lang='lat' dir='ltr'><strong>volo-nte</strong></span> <span class='ocrx_word' id='word_1_723' title='bbox 909 5427 1101 5488; x_wconf 84' lang='lat' dir='ltr'><strong>nescio</strong></span> <span class='ocrx_word' id='word_1_724' title='bbox 1135 5449 1254 5502; x_wconf 89' lang='lat' dir='ltr'><strong>qua</strong></span> <span class='ocrx_word' id='word_1_725' title='bbox 1285 5427 1514 5486; x_wconf 77' lang='lat' dir='ltr'><strong>fortuna</strong></span> <span class='ocrx_word' id='word_1_726' title='bbox 1536 5427 1937 5488; x_wconf 62' lang='lat' dir='ltr'><strong>revivisceret.</strong></span> 
     </span>
    </p>
   </div>
   <div class='ocr_carea' id='block_1_103' title="bbox 278 5501 1940 5574">
    <p class='ocr_par' dir='ltr' id='par_1_103' title="bbox 278 5501 1940 5574">
     <span class='ocr_line' id='line_1_103' title="bbox 278 5501 1940 5574; baseline 0.002 -18"><span class='ocrx_word' id='word_1_727' title='bbox 278 5501 555 5572; x_wconf 85' lang='lat' dir='ltr'><strong>Adeoque</strong></span> <span class='ocrx_word' id='word_1_728' title='bbox 585 5508 741 5558; x_wconf 87' lang='lat' dir='ltr'><strong>recte</strong></span> <span class='ocrx_word' id='word_1_729' title='bbox 771 5503 1095 5558; x_wconf 87' lang='lat' dir='ltr'><strong>Guilelmus</strong></span> <span class='ocrx_word' id='word_1_730' title='bbox 1125 5501 1278 5559; x_wconf 84' lang='lat' dir='ltr'><strong>Brito</strong></span> <span class='ocrx_word' id='word_1_731' title='bbox 1301 5503 1546 5574; x_wconf 84' lang='lat' dir='ltr'><strong>Philipp.</strong></span> <span class='ocrx_word' id='word_1_732' title='bbox 1577 5503 1618 5566; x_wconf 87' lang='grc' dir='ltr'>Ι,</span> <span class='ocrx_word' id='word_1_733' title='bbox 1641 5520 1689 5560; x_wconf 90' lang='lat' dir='ltr'><strong>v.</strong></span> <span class='ocrx_word' id='word_1_734' title='bbox 1722 5502 1940 5570; x_wconf 83' lang='grc' dir='ltr'>10,Ηο-</span> 
     </span>
    </p>
   </div>
   <div class='ocr_carea' id='block_1_104' title="bbox 278 5574 1938 5646">
    <p class='ocr_par' dir='ltr' id='par_1_104' title="bbox 278 5574 1938 5646">
     <span class='ocr_line' id='line_1_104' title="bbox 278 5574 1938 5646; baseline 0.002 -19"><span class='ocrx_word' id='word_1_735' title='bbox 278 5587 507 5646; x_wconf 57' lang='grc' dir='ltr'>ιῃοῐῂυιη</span> <span class='ocrx_word' id='word_1_736' title='bbox 544 5574 882 5630; x_wconf 87' lang='lat' dir='ltr'><strong>describens</strong></span> <span class='ocrx_word' id='word_1_737' title='bbox 922 5577 1003 5630; x_wconf 90' lang='lat' dir='ltr'><strong>ait</strong></span> <span class='ocrx_word' id='word_1_738' title='bbox 1035 5593 1048 5630; x_wconf 94' lang='lat'>:</span> <span class='ocrx_word' id='word_1_739' title='bbox 1084 5575 1191 5642; x_wconf 82' lang='lat' dir='ltr'><strong>Qui</strong></span> <span class='ocrx_word' id='word_1_740' title='bbox 1217 5582 1512 5646; x_wconf 51' lang='lat' dir='ltr'><strong>supposuit</strong></span> <span class='ocrx_word' id='word_1_741' title='bbox 1545 5577 1832 5630; x_wconf 80' lang='lat' dir='ltr'><strong>Thraciam</strong></span> <span class='ocrx_word' id='word_1_742' title='bbox 1855 5577 1938 5630; x_wconf 54' lang='lat' dir='ltr'><strong>vi.</strong></span> 
     </span>
    </p>
   </div>
   <div class='ocr_carea' id='block_1_105' title="bbox 275 5645 1942 5719">
    <p class='ocr_par' dir='ltr' id='par_1_105' title="bbox 275 5645 1942 5719">
     <span class='ocr_line' id='line_1_105' title="bbox 275 5645 1942 5719; baseline 0 -19"><span class='ocrx_word' id='word_1_743' title='bbox 275 5645 518 5719; x_wconf 74' lang='lat' dir='ltr'><strong>claribus</strong></span> <span class='ocrx_word' id='word_1_744' title='bbox 548 5646 734 5719; x_wconf 71' lang='lat' dir='ltr'><strong>Argis,</strong></span> <span class='ocrx_word' id='word_1_745' title='bbox 758 5647 813 5703; x_wconf 87' lang='lat' dir='ltr'><strong>id</strong></span> <span class='ocrx_word' id='word_1_746' title='bbox 843 5653 955 5719; x_wconf 83' lang='lat' dir='ltr'><strong>est,</strong></span> <span class='ocrx_word' id='word_1_747' title='bbox 977 5648 1150 5719; x_wconf 85' lang='lat' dir='ltr'><strong>cujus</strong></span> <span class='ocrx_word' id='word_1_748' title='bbox 1181 5645 1441 5702; x_wconf 85' lang='lat' dir='ltr'><strong>carmina</strong></span> <span class='ocrx_word' id='word_1_749' title='bbox 1471 5653 1755 5703; x_wconf 85' lang='lat' dir='ltr'><strong>vastatum</strong></span> <span class='ocrx_word' id='word_1_750' title='bbox 1791 5646 1942 5702; x_wconf 71' lang='lat' dir='ltr'><strong>Grae-</strong></span> 
     </span>
    </p>
   </div>
   <div class='ocr_carea' id='block_1_106' title="bbox 274 5717 1941 5792">
    <p class='ocr_par' dir='ltr' id='par_1_106' title="bbox 274 5717 1941 5792">
     <span class='ocr_line' id='line_1_106' title="bbox 274 5717 1941 5792; baseline 0.002 -21"><span class='ocrx_word' id='word_1_751' title='bbox 274 5717 360 5772; x_wconf 89' lang='lat' dir='ltr'><strong>cis</strong></span> <span class='ocrx_word' id='word_1_752' title='bbox 410 5722 589 5774; x_wconf 82' lang='lat' dir='ltr'><strong>armis</strong></span> <span class='ocrx_word' id='word_1_753' title='bbox 630 5717 850 5792; x_wconf 32' lang='lat' dir='ltr'><strong>‘agrum</strong></span> <span class='ocrx_word' id='word_1_754' title='bbox 902 5718 1223 5791; x_wconf 84' lang='lat' dir='ltr'><strong>Trojanum</strong></span> <span class='ocrx_word' id='word_1_755' title='bbox 1279 5723 1538 5783; x_wconf 84' lang='lat' dir='ltr'><strong>narrant,</strong></span> <span class='ocrx_word' id='word_1_756' title='bbox 1599 5719 1941 5791; x_wconf 77' lang='lat' dir='ltr'><strong>falliturque</strong></span> 
     </span>
    </p>
   </div>
   <div class='ocr_carea' id='block_1_107' title="bbox 2045 4583 3704 4656">
    <p class='ocr_par' dir='ltr' id='par_1_107' title="bbox 2045 4583 3704 4656">
     <span class='ocr_line' id='line_1_107' title="bbox 2045 4583 3704 4656; baseline 0.001 -17"><span class='ocrx_word' id='word_1_757' title='bbox 2045 4584 2209 4656; x_wconf 83' lang='lat' dir='ltr'><strong>bant,</strong></span> <span class='ocrx_word' id='word_1_758' title='bbox 2259 4591 2335 4656; x_wconf 12' lang='lat' dir='ltr'><strong>fut</strong></span> <span class='ocrx_word' id='word_1_759' title='bbox 2374 4585 2673 4655; x_wconf 88' lang='lat' dir='ltr'><strong>colligitur</strong></span> <span class='ocrx_word' id='word_1_760' title='bbox 2708 4600 2752 4656; x_wconf 12' lang='lat' dir='ltr'><strong>re</strong></span> <span class='ocrx_word' id='word_1_761' title='bbox 2775 4583 3081 4656; x_wconf 80' lang='lat' dir='ltr'><strong>Constant.</strong></span> <span class='ocrx_word' id='word_1_762' title='bbox 3116 4585 3188 4641; x_wconf 91' lang='lat' dir='ltr'><strong>de</strong></span> <span class='ocrx_word' id='word_1_763' title='bbox 3226 4583 3470 4641; x_wconf 76' lang='lat' dir='ltr'><strong>theruat.</strong></span> <span class='ocrx_word' id='word_1_764' title='bbox 3519 4601 3573 4656; x_wconf 94' lang='lat' dir='ltr'><strong>p.</strong></span> <span class='ocrx_word' id='word_1_765' title='bbox 3608 4583 3704 4640; x_wconf 54' lang='lat'><strong>‘18.</strong></span> 
     </span>
    </p>
   </div>
   <div class='ocr_carea' id='block_1_108' title="bbox 2118 4652 3708 4728">
    <p class='ocr_par' dir='ltr' id='par_1_108' title="bbox 2118 4652 3708 4728">
     <span class='ocr_line' id='line_1_108' title="bbox 2118 4652 3708 4728; baseline 0.001 -19"><span class='ocrx_word' id='word_1_766' title='bbox 2118 4654 2408 4728; x_wconf 21' lang='lat' dir='ltr'><strong>(9)”Sitne</strong></span> <span class='ocrx_word' id='word_1_767' title='bbox 2461 4652 2552 4710; x_wconf 80' lang='lat' dir='ltr'><strong>hic</strong></span> <span class='ocrx_word' id='word_1_768' title='bbox 2610 4655 2720 4710; x_wconf 86' lang='lat' dir='ltr'><strong>loci</strong></span> <span class='ocrx_word' id='word_1_769' title='bbox 2754 4652 2890 4728; x_wconf 67' lang='grc' dir='ltr'>ἤτοι</span> <span class='ocrx_word' id='word_1_770' title='bbox 2939 4657 3223 4728; x_wconf 78' lang='lat' dir='ltr'><strong>particula</strong></span> <span class='ocrx_word' id='word_1_771' title='bbox 3267 4652 3708 4728; x_wconf 77' lang='lat' dir='ltr'><strong>interpretativa</strong></span> 
     </span>
    </p>
   </div>
   <div class='ocr_carea' id='block_1_109' title="bbox 2049 4726 3708 4798">
    <p class='ocr_par' dir='ltr' id='par_1_109' title="bbox 2049 4726 3708 4798">
     <span class='ocr_line' id='line_1_109' title="bbox 2049 4726 3708 4798; baseline 0.001 -16"><span class='ocrx_word' id='word_1_772' title='bbox 2049 4742 2120 4782; x_wconf 85' lang='lat' dir='ltr'><strong>an</strong></span> <span class='ocrx_word' id='word_1_773' title='bbox 2154 4726 2538 4798; x_wconf 15' lang='lat' dir='ltr'><strong>idisjunctiva,</strong></span> <span class='ocrx_word' id='word_1_774' title='bbox 2585 4743 2700 4783; x_wconf 90' lang='lat' dir='ltr'><strong>non</strong></span> <span class='ocrx_word' id='word_1_775' title='bbox 2750 4726 2967 4798; x_wconf 66' lang='lat' dir='ltr'><strong>liquet.</strong></span> <span class='ocrx_word' id='word_1_776' title='bbox 2998 4727 3240 4783; x_wconf 88' lang='lat' dir='ltr'><strong>Videtur</strong></span> <span class='ocrx_word' id='word_1_777' title='bbox 3295 4726 3489 4798; x_wconf 85' lang='lat' dir='ltr'><strong>tamen</strong></span> <span class='ocrx_word' id='word_1_778' title='bbox 3544 4727 3708 4798; x_wconf 85' lang='lat' dir='ltr'><strong>prius</strong></span> 
     </span>
    </p>
   </div>
   <div class='ocr_carea' id='block_1_110' title="bbox 2048 4797 3698 4872">
    <p class='ocr_par' dir='ltr' id='par_1_110' title="bbox 2048 4797 3698 4872">
     <span class='ocr_line' id='line_1_110' title="bbox 2048 4797 3698 4872; baseline 0.001 -21"><span class='ocrx_word' id='word_1_779' title='bbox 2048 4797 2264 4872; x_wconf 79' lang='lat' dir='ltr'><strong>potius.</strong></span> <span class='ocrx_word' id='word_1_780' title='bbox 2297 4801 2420 4862; x_wconf 89' lang='lat' dir='ltr'><strong>Quo</strong></span> <span class='ocrx_word' id='word_1_781' title='bbox 2451 4799 2709 4872; x_wconf 81' lang='lat' dir='ltr'><strong>admisso</strong></span> <span class='ocrx_word' id='word_1_782' title='bbox 2743 4797 2925 4872; x_wconf 70' lang='lat' dir='ltr'><strong>fuerit</strong></span> <span class='ocrx_word' id='word_1_783' title='bbox 2957 4797 3111 4872; x_wconf 86' lang='lat' dir='ltr'><strong>idem</strong></span> <span class='ocrx_word' id='word_1_784' title='bbox 3148 4797 3367 4870; x_wconf 81' lang='grc' dir='ltr'>μαντίον</span> <span class='ocrx_word' id='word_1_785' title='bbox 3397 4806 3454 4855; x_wconf 88' lang='lat' dir='ltr'><strong>et</strong></span> <span class='ocrx_word' id='word_1_786' title='bbox 3483 4797 3698 4872; x_wconf 80' lang='grc' dir='ltr'>σαγίον.</span> 
     </span>
    </p>
   </div>
   <div class='ocr_carea' id='block_1_111' title="bbox 2049 4869 3698 4943">
    <p class='ocr_par' dir='ltr' id='par_1_111' title="bbox 2049 4869 3698 4943">
     <span class='ocr_line' id='line_1_111' title="bbox 2049 4869 3698 4943; baseline 0.001 -18"><span class='ocrx_word' id='word_1_787' title='bbox 2049 4869 2200 4943; x_wconf 77' lang='lat' dir='ltr'><strong>Sane</strong></span> <span class='ocrx_word' id='word_1_788' title='bbox 2231 4886 2346 4925; x_wconf 88' lang='lat' dir='ltr'><strong>nou</strong></span> <span class='ocrx_word' id='word_1_789' title='bbox 2379 4871 2629 4943; x_wconf 78' lang='lat' dir='ltr'><strong>multum</strong></span> <span class='ocrx_word' id='word_1_790' title='bbox 2650 4870 2879 4926; x_wconf 89' lang='lat' dir='ltr'><strong>diversa</strong></span> <span class='ocrx_word' id='word_1_791' title='bbox 2903 4870 3084 4926; x_wconf 86' lang='lat' dir='ltr'><strong>fuisse</strong></span> <span class='ocrx_word' id='word_1_792' title='bbox 3114 4869 3380 4928; x_wconf 88' lang='lat' dir='ltr'><strong>mantum</strong></span> <span class='ocrx_word' id='word_1_793' title='bbox 3411 4877 3468 4928; x_wconf 90' lang='lat' dir='ltr'><strong>et</strong></span> <span class='ocrx_word' id='word_1_794' title='bbox 3488 4869 3698 4943; x_wconf 84' lang='lat' dir='ltr'><strong>sagum</strong></span> 
     </span>
    </p>
   </div>
   <div class='ocr_carea' id='block_1_112' title="bbox 2049 4939 3699 5014">
    <p class='ocr_par' dir='ltr' id='par_1_112' title="bbox 2049 4939 3699 5014">
     <span class='ocr_line' id='line_1_112' title="bbox 2049 4939 3699 5014; baseline 0.003 -21"><span class='ocrx_word' id='word_1_795' title='bbox 2049 4939 2220 5014; x_wconf 64' lang='lat' dir='ltr'><strong>credo</strong></span> <span class='ocrx_word' id='word_1_796' title='bbox 2269 4955 2338 4996; x_wconf 84' lang='lat' dir='ltr'><strong>ex</strong></span> <span class='ocrx_word' id='word_1_797' title='bbox 2387 4940 2792 5014; x_wconf 8' lang='lat' dir='ltr'><strong>iispconstare,</strong></span> <span class='ocrx_word' id='word_1_798' title='bbox 2827 4957 2981 5014; x_wconf 12' lang='lat' dir='ltr'><strong>ique</strong></span> <span class='ocrx_word' id='word_1_799' title='bbox 3029 4943 3100 4997; x_wconf 90' lang='lat' dir='ltr'><strong>ad</strong></span> <span class='ocrx_word' id='word_1_800' title='bbox 3152 4961 3204 5013; x_wconf 92' lang='lat' dir='ltr'><strong>p.</strong></span> <span class='ocrx_word' id='word_1_801' title='bbox 3236 4945 3345 4999; x_wconf 87' lang='lat'><strong>255</strong></span> <span class='ocrx_word' id='word_1_802' title='bbox 3380 4939 3699 5014; x_wconf 74' lang='lat' dir='ltr'><strong>disputavi.</strong></span> 
     </span>
    </p>
   </div>
   <div class='ocr_carea' id='block_1_113' title="bbox 2049 5011 3698 5086">
    <p class='ocr_par' dir='ltr' id='par_1_113' title="bbox 2049 5011 3698 5086">
     <span class='ocr_line' id='line_1_113' title="bbox 2049 5011 3698 5086; baseline 0.001 -18"><span class='ocrx_word' id='word_1_803' title='bbox 2049 5011 2327 5086; x_wconf 58' lang='lat' dir='ltr'><strong>Praeterea</strong></span> <span class='ocrx_word' id='word_1_804' title='bbox 2377 5012 2578 5067; x_wconf 90' lang='lat' dir='ltr'><strong>malim</strong></span> <span class='ocrx_word' id='word_1_805' title='bbox 2613 5014 2670 5069; x_wconf 88' lang='lat' dir='ltr'><strong>in</strong></span> <span class='ocrx_word' id='word_1_806' title='bbox 2716 5011 2938 5086; x_wconf 50' lang='lat' dir='ltr'><strong>Latinis</strong></span> <span class='ocrx_word' id='word_1_807' title='bbox 2964 5028 3092 5068; x_wconf 84' lang='lat' dir='ltr'><strong>cum</strong></span> <span class='ocrx_word' id='word_1_808' title='bbox 3139 5011 3390 5086; x_wconf 81' lang='lat' dir='ltr'><strong>supponi</strong></span> <span class='ocrx_word' id='word_1_809' title='bbox 3426 5011 3530 5086; x_wconf 81' lang='lat' dir='ltr'><strong>pro</strong></span> <span class='ocrx_word' id='word_1_810' title='bbox 3587 5014 3649 5068; x_wconf 79' lang='lat' dir='ltr'><strong>in</strong></span> <span class='ocrx_word' id='word_1_811' title='bbox 3684 5031 3698 5069; x_wconf 90' lang='lat'><strong><em>:</em></strong></span> 
     </span>
    </p>
   </div>
   <div class='ocr_carea' id='block_1_114' title="bbox 2048 5083 3706 5157">
    <p class='ocr_par' dir='ltr' id='par_1_114' title="bbox 2048 5083 3706 5157">
     <span class='ocr_line' id='line_1_114' title="bbox 2048 5083 3706 5157; baseline 0.002 -20"><span class='ocrx_word' id='word_1_812' title='bbox 2048 5083 2372 5138; x_wconf 73' lang='lat' dir='ltr'><strong>adorantem</strong></span> <span class='ocrx_word' id='word_1_813' title='bbox 2417 5100 2541 5139; x_wconf 84' lang='lat' dir='ltr'><strong>cum</strong></span> <span class='ocrx_word' id='word_1_814' title='bbox 2569 5100 2727 5157; x_wconf 81' lang='lat' dir='ltr'><strong>sago.</strong></span> <span class='ocrx_word' id='word_1_815' title='bbox 2775 5083 2876 5138; x_wconf 91' lang='lat' dir='ltr'><strong>Est</strong></span> <span class='ocrx_word' id='word_1_816' title='bbox 2913 5089 3108 5157; x_wconf 83' lang='lat' dir='ltr'><strong>autem</strong></span> <span class='ocrx_word' id='word_1_817' title='bbox 3149 5083 3389 5143; x_wconf 71' lang='lat' dir='ltr'><strong>adorare</strong></span> <span class='ocrx_word' id='word_1_818' title='bbox 3415 5083 3540 5142; x_wconf 74' lang='lat' dir='ltr'><strong>cum</strong></span> <span class='ocrx_word' id='word_1_819' title='bbox 3569 5101 3706 5154; x_wconf 77' lang='lat' dir='ltr'><strong>sago</strong></span> 
     </span>
    </p>
   </div>
   <div class='ocr_carea' id='block_1_115' title="bbox 2049 5156 3703 5230">
    <p class='ocr_par' dir='ltr' id='par_1_115' title="bbox 2049 5156 3703 5230">
     <span class='ocr_line' id='line_1_115' title="bbox 2049 5156 3703 5230; baseline 0.002 -21"><span class='ocrx_word' id='word_1_820' title='bbox 2049 5156 2679 5230; x_wconf 76' lang='lat' dir='ltr'><strong>motitatlonequadan.</strong></span> <span class='ocrx_word' id='word_1_821' title='bbox 2715 5157 2832 5230; x_wconf 76' lang='lat' dir='ltr'><strong>sagi</strong></span> <span class='ocrx_word' id='word_1_822' title='bbox 2861 5157 2914 5210; x_wconf 93' lang='lat' dir='ltr'><strong>in</strong></span> <span class='ocrx_word' id='word_1_823' title='bbox 2932 5156 3174 5227; x_wconf 72' lang='lat' dir='ltr'><strong>figuram</strong></span> <span class='ocrx_word' id='word_1_824' title='bbox 3195 5157 3454 5230; x_wconf 88' lang='lat' dir='ltr'><strong>aliquam</strong></span> <span class='ocrx_word' id='word_1_825' title='bbox 3479 5165 3703 5213; x_wconf 87' lang='lat' dir='ltr'><strong>certam</strong></span> 
     </span>
    </p>
   </div>
   <div class='ocr_carea' id='block_1_116' title="bbox 2051 5226 3702 5299">
    <p class='ocr_par' dir='ltr' id='par_1_116' title="bbox 2051 5226 3702 5299">
     <span class='ocr_line' id='line_1_116' title="bbox 2051 5226 3702 5299; baseline 0.002 -18"><span class='ocrx_word' id='word_1_826' title='bbox 2051 5226 2461 5299; x_wconf 10' lang='lat' dir='ltr'><strong>subimissionis</strong></span> <span class='ocrx_word' id='word_1_827' title='bbox 2489 5227 2732 5299; x_wconf 88' lang='lat' dir='ltr'><strong>dignum</strong></span> <span class='ocrx_word' id='word_1_828' title='bbox 2769 5226 3076 5295; x_wconf 32' lang='lat' dir='ltr'><strong>facere,’ut</strong></span> <span class='ocrx_word' id='word_1_829' title='bbox 3106 5245 3208 5284; x_wconf 87' lang='lat' dir='ltr'><strong>nos</strong></span> <span class='ocrx_word' id='word_1_830' title='bbox 3241 5226 3410 5285; x_wconf 78' lang='lat' dir='ltr'><strong>hodie</strong></span> <span class='ocrx_word' id='word_1_831' title='bbox 3450 5235 3612 5285; x_wconf 91' lang='lat' dir='ltr'><strong>motu</strong></span> <span class='ocrx_word' id='word_1_832' title='bbox 3644 5233 3702 5285; x_wconf 88' lang='lat' dir='ltr'><strong>et</strong></span> 
     </span>
    </p>
   </div>
   <div class='ocr_carea' id='block_1_117' title="bbox 2051 5298 3700 5373">
    <p class='ocr_par' dir='ltr' id='par_1_117' title="bbox 2051 5298 3700 5373">
     <span class='ocr_line' id='line_1_117' title="bbox 2051 5298 3700 5373; baseline 0.004 -22"><span class='ocrx_word' id='word_1_833' title='bbox 2051 5298 2241 5373; x_wconf 68' lang='lat' dir='ltr'><strong>positu</strong></span> <span class='ocrx_word' id='word_1_834' title='bbox 2277 5300 2530 5373; x_wconf 77' lang='lat' dir='ltr'><strong>quodam</strong></span> <span class='ocrx_word' id='word_1_835' title='bbox 2558 5298 2697 5370; x_wconf 81' lang='lat' dir='ltr'><strong>pilei</strong></span> <span class='ocrx_word' id='word_1_836' title='bbox 2727 5301 3026 5361; x_wconf 77' lang='lat' dir='ltr'><strong>solemus:</strong></span> <span class='ocrx_word' id='word_1_837' title='bbox 3068 5302 3366 5373; x_wconf 74' lang='lat' dir='ltr'><strong>vid._dicta</strong></span> <span class='ocrx_word' id='word_1_838' title='bbox 3387 5303 3455 5356; x_wconf 88' lang='lat' dir='ltr'><strong>ad</strong></span> <span class='ocrx_word' id='word_1_839' title='bbox 3488 5317 3619 5373; x_wconf 89' lang='lat' dir='ltr'><strong>pag.</strong></span> <span class='ocrx_word' id='word_1_840' title='bbox 3642 5300 3700 5358; x_wconf 92' lang='lat'><strong>8.</strong></span> 
     </span>
    </p>
   </div>
   <div class='ocr_carea' id='block_1_118' title="bbox 2123 5315 3708 5441">
    <p class='ocr_par' dir='ltr' id='par_1_118' title="bbox 2123 5315 3708 5441">
     <span class='ocr_line' id='line_1_118' title="bbox 2123 5315 3700 5373; baseline 0.003 -21"><span class='ocrx_word' id='word_1_841' title='bbox 2123 5315 2241 5352; x_wconf 65' lang='lat' dir='ltr'><strong>situ</strong></span> <span class='ocrx_word' id='word_1_842' title='bbox 2321 5315 2530 5354; x_wconf 88' lang='lat' dir='ltr'><strong>uooam</strong></span> <span class='ocrx_word' id='word_1_843' title='bbox 2564 5315 2697 5370; x_wconf 83' lang='lat' dir='ltr'><strong>pllel</strong></span> <span class='ocrx_word' id='word_1_844' title='bbox 2727 5315 3026 5361; x_wconf 72' lang='lat' dir='ltr'><strong>sonemus:</strong></span> <span class='ocrx_word' id='word_1_845' title='bbox 3068 5315 3180 5357; x_wconf 80' lang='lat' dir='ltr'><strong>vlo.</strong></span> <span class='ocrx_word' id='word_1_846' title='bbox 3215 5315 3366 5356; x_wconf 84' lang='lat' dir='ltr'><strong>mcta</strong></span> <span class='ocrx_word' id='word_1_847' title='bbox 3387 5315 3455 5356; x_wconf 83' lang='lat' dir='ltr'><strong>ad</strong></span> <span class='ocrx_word' id='word_1_848' title='bbox 3488 5317 3619 5373; x_wconf 90' lang='lat' dir='ltr'><strong>pag.</strong></span> <span class='ocrx_word' id='word_1_849' title='bbox 3642 5315 3700 5358; x_wconf 79' lang='grc' dir='ltr'><strong>δ.</strong></span> 
     </span>
     <span class='ocr_line' id='line_1_119' title="bbox 2123 5315 3708 5441; baseline 0.002 -19"><span class='ocrx_word' id='word_1_850' title='bbox 2123 5369 2238 5441; x_wconf 85' lang='grc'><strong>(10)</strong></span> <span class='ocrx_word' id='word_1_851' title='bbox 2277 5315 2378 5426; x_wconf 57' lang='lat' dir='ltr'><strong>get</strong></span> <span class='ocrx_word' id='word_1_852' title='bbox 2430 5376 2697 5427; x_wconf 85' lang='lat' dir='ltr'><strong>truncata</strong></span> <span class='ocrx_word' id='word_1_853' title='bbox 2752 5387 2860 5427; x_wconf 90' lang='lat' dir='ltr'><strong>vox</strong></span> <span class='ocrx_word' id='word_1_854' title='bbox 2921 5388 3023 5440; x_wconf 84' lang='lat' dir='ltr'><strong>pro</strong></span> <span class='ocrx_word' id='word_1_855' title='bbox 3073 5365 3369 5433; x_wconf 79' lang='grc' dir='ltr'>κατάϐασις</span> <span class='ocrx_word' id='word_1_856' title='bbox 3410 5373 3498 5428; x_wconf 87' lang='lat' dir='ltr'><strong>vel</strong></span> <span class='ocrx_word' id='word_1_857' title='bbox 3545 5390 3708 5426; x_wconf 64' lang='lat' dir='ltr'><strong>nata-</strong></span> 
     </span>
    </p>
   </div>
   <div class='ocr_carea' id='block_1_119' title="bbox 2051 5432 3706 5515">
    <p class='ocr_par' dir='ltr' id='par_1_119' title="bbox 2051 5432 3706 5515">
     <span class='ocr_line' id='line_1_120' title="bbox 2051 5432 3706 5515; baseline 0.003 -24"><span class='ocrx_word' id='word_1_858' title='bbox 2051 5432 2308 5515; x_wconf 65' lang='grc' dir='ltr'>ξάσιμίον,</span> <span class='ocrx_word' id='word_1_859' title='bbox 2341 5444 2492 5512; x_wconf 91' lang='lat' dir='ltr'><strong>quod</strong></span> <span class='ocrx_word' id='word_1_860' title='bbox 2553 5444 2718 5515; x_wconf 78' lang='lat' dir='ltr'><strong>novis</strong></span> <span class='ocrx_word' id='word_1_861' title='bbox 2738 5432 2962 5515; x_wconf 60' lang='lat' dir='ltr'><strong>graecis</strong></span> <span class='ocrx_word' id='word_1_862' title='bbox 3009 5444 3164 5500; x_wconf 90' lang='lat' dir='ltr'><strong>idem</strong></span> <span class='ocrx_word' id='word_1_863' title='bbox 3206 5457 3286 5501; x_wconf 85' lang='lat' dir='ltr'><strong>est</strong></span> <span class='ocrx_word' id='word_1_864' title='bbox 3319 5432 3493 5515; x_wconf 84' lang='lat' dir='ltr'><strong>atque</strong></span> <span class='ocrx_word' id='word_1_865' title='bbox 3537 5462 3706 5497; x_wconf 84' lang='grc' dir='ltr'>κατα-</span> 
     </span>
    </p>
   </div>
   <div class='ocr_carea' id='block_1_120' title="bbox 2051 5505 3706 5588">
    <p class='ocr_par' dir='ltr' id='par_1_120' title="bbox 2051 5505 3706 5588">
     <span class='ocr_line' id='line_1_121' title="bbox 2051 5505 3706 5588; baseline 0.005 -24"><span class='ocrx_word' id='word_1_866' title='bbox 2051 5505 2236 5588; x_wconf 55' lang='grc' dir='ltr'><strong>ϐοωπιςι</strong></span> <span class='ocrx_word' id='word_1_867' title='bbox 2262 5505 2382 5588; x_wconf 53' lang='lat' dir='ltr'><strong>Pari</strong></span> <span class='ocrx_word' id='word_1_868' title='bbox 2436 5518 2596 5571; x_wconf 84' lang='lat' dir='ltr'><strong>modo</strong></span> <span class='ocrx_word' id='word_1_869' title='bbox 2635 5508 2798 5568; x_wconf 79' lang='grc' dir='ltr'>ὃιάϐα</span> <span class='ocrx_word' id='word_1_870' title='bbox 2827 5515 3130 5588; x_wconf 55' lang='grc' dir='ltr'><strong>όὶουῃιμ,</strong></span> <span class='ocrx_word' id='word_1_871' title='bbox 3186 5505 3500 5588; x_wconf 28' lang='grc' dir='ltr'><strong>θυμοειὸεο</strong></span> <span class='ocrx_word' id='word_1_872' title='bbox 3531 5517 3589 5570; x_wconf 92' lang='lat' dir='ltr'><strong>h.</strong></span> <span class='ocrx_word' id='word_1_873' title='bbox 3623 5515 3706 5586; x_wconf 85' lang='lat' dir='ltr'><strong>v.)</strong></span> 
     </span>
    </p>
   </div>
   <div class='ocr_carea' id='block_1_121' title="bbox 2051 5577 3708 5660">
    <p class='ocr_par' dir='ltr' id='par_1_121' title="bbox 2051 5577 3708 5660">
     <span class='ocr_line' id='line_1_122' title="bbox 2051 5577 3708 5660; baseline 0.004 -21"><span class='ocrx_word' id='word_1_874' title='bbox 2051 5600 2154 5654; x_wconf 80' lang='lat' dir='ltr'><strong>pro</strong></span> <span class='ocrx_word' id='word_1_875' title='bbox 2214 5577 2491 5660; x_wconf 71' lang='grc' dir='ltr'>διάϐασις,</span> <span class='ocrx_word' id='word_1_876' title='bbox 2543 5590 2830 5660; x_wconf 54' lang='lat' dir='ltr'><strong>transitus,</strong></span> <span class='ocrx_word' id='word_1_877' title='bbox 2877 5593 2936 5642; x_wconf 80' lang='lat' dir='ltr'><strong>et</strong></span> <span class='ocrx_word' id='word_1_878' title='bbox 2971 5577 3102 5642; x_wconf 76' lang='grc' dir='ltr'><strong>ἒκϐα</strong></span> <span class='ocrx_word' id='word_1_879' title='bbox 3157 5587 3240 5644; x_wconf 84' lang='lat' dir='ltr'><strong>vel</strong></span> <span class='ocrx_word' id='word_1_880' title='bbox 3275 5577 3463 5660; x_wconf 57' lang='grc' dir='ltr'>ἔμπαῖ</span> <span class='ocrx_word' id='word_1_881' title='bbox 3502 5577 3708 5660; x_wconf 49' lang='lat' dir='ltr'><strong>ian-0i;</strong></span> 
     </span>
    </p>
   </div>
   <div class='ocr_carea' id='block_1_122' title="bbox 2052 5650 3707 5729">
    <p class='ocr_par' dir='ltr' id='par_1_122' title="bbox 2052 5650 3707 5729">
     <span class='ocr_line' id='line_1_123' title="bbox 2052 5650 3707 5729; baseline 0.003 -17"><span class='ocrx_word' id='word_1_882' title='bbox 2052 5650 2137 5713; x_wconf 68' lang='lat' dir='ltr'><strong>ius</strong></span> <span class='ocrx_word' id='word_1_883' title='bbox 2173 5674 2269 5725; x_wconf 90' lang='lat' dir='ltr'><strong>;v.</strong></span> <span class='ocrx_word' id='word_1_884' title='bbox 2330 5663 2416 5714; x_wconf 79' lang='lat' dir='ltr'><strong>Du</strong></span> <span class='ocrx_word' id='word_1_885' title='bbox 2466 5659 2654 5725; x_wconf 75' lang='lat' dir='ltr'><strong>Cange</strong></span> <span class='ocrx_word' id='word_1_886' title='bbox 2683 5675 2736 5714; x_wconf 84' lang='grc' dir='ltr'>ν.</span> <span class='ocrx_word' id='word_1_887' title='bbox 2794 5650 2963 5729; x_wconf 73' lang='grc' dir='ltr'><strong>ἔμπα.</strong></span> <span class='ocrx_word' id='word_1_888' title='bbox 3021 5666 3108 5718; x_wconf 80' lang='lat' dir='ltr'><strong>Ita</strong></span> <span class='ocrx_word' id='word_1_889' title='bbox 3166 5650 3355 5717; x_wconf 78' lang='lat' dir='ltr'><strong>Latini</strong></span> <span class='ocrx_word' id='word_1_890' title='bbox 3385 5650 3563 5717; x_wconf 84' lang='lat' dir='ltr'><strong>medii</strong></span> <span class='ocrx_word' id='word_1_891' title='bbox 3593 5659 3707 5717; x_wconf 56' lang='lat' dir='ltr'><strong>avi</strong></span> 
     </span>
    </p>
   </div>
   <div class='ocr_carea' id='block_1_123' title="bbox 2051 5729 2844 5806">
    <p class='ocr_par' dir='ltr' id='par_1_123' title="bbox 2051 5729 2844 5806">
     <span class='ocr_line' id='line_1_124' title="bbox 2051 5729 2844 5806; baseline 0.003 -21"><span class='ocrx_word' id='word_1_892' title='bbox 2051 5729 2283 5787; x_wconf 81' lang='lat' dir='ltr'><strong>camilla</strong></span> <span class='ocrx_word' id='word_1_893' title='bbox 2313 5746 2418 5806; x_wconf 86' lang='lat' dir='ltr'><strong>pro</strong></span> <span class='ocrx_word' id='word_1_894' title='bbox 2448 5729 2844 5806; x_wconf 80' lang='lat' dir='ltr'><strong>capillacium,</strong></span> 
     </span>
    </p>
   </div>
   <div class='ocr_carea' id='block_1_124' title="bbox 3433 6371 4042 6382">
    <p class='ocr_par' dir='ltr' id='par_1_124' title="bbox 3433 6371 4042 6382">
     <span class='ocr_line' id='line_1_125' title="bbox 3433 6371 4042 6382; baseline 0.003 -6"><span class='ocrx_word' id='word_1_895' title='bbox 3433 6373 3456 6376; x_wconf 95' lang='lat'>_</span> <span class='ocrx_word' id='word_1_896' title='bbox 3561 6371 3588 6376; x_wconf 82' lang='lat'><strong>—..</strong></span> <span class='ocrx_word' id='word_1_897' title='bbox 3666 6371 3690 6376; x_wconf 39' lang='grc' dir='ltr'>ἦ</span> <span class='ocrx_word' id='word_1_898' title='bbox 3778 6373 3804 6378; x_wconf 45' lang='grc' dir='ltr'><strong>Α..</strong></span> <span class='ocrx_word' id='word_1_899' title='bbox 3899 6375 3918 6380; x_wconf 79' lang='lat'>_</span> <span class='ocrx_word' id='word_1_900' title='bbox 4002 6375 4042 6382; x_wconf 45' lang='grc' dir='ltr'><strong>ἢ.</strong></span> 
     </span>
    </p>
   </div>
  </div>
