4052 6352
285 351 392 414 937

881 353 982 412 DE
1024 353 1488 414 CEi-{IMONIIS
1533 353 1768 416 AULZE
1809 354 1906 414 BY

2021 355 2294 414 ΝΤΙΝιΕ
2337 357 2482 418 LIB.
2530 357 2577 418 Ι.
2635 389 2709 404 —-
2753 360 3086 422 APPEND.

3563 363 3682 426 938

282 482 488 561 δέχεται
555 481 742 541 αὐτόν.
803 483 868 542 Ὀ
920 482 978 540 δὲ
1033 492 1328 562 προσκυνεί
1378 487 1514 559 μετά
1561 491 1657 542 τοῦ
1737 486 1906 562 σαγίοι

2035 489 2332 562 prolatum
2365 493 2424 548 in
2447 493 2780 552 continente
2809 497 3112 566 posuerit;
3165 513 3334 570 quem
3367 499 3678 571 imperator

281 574 458 648 μόνον,
491 575 582 629 καὶ
632 573 873 648 ὀψιγεύει
918 573 1070 630 αὐτό.
1112 576 1180 632 Οἱ
1230 573 1288 630 δὲ
1336 581 1576 649 κὸμητες
1620 597 1922 632 κονσιστω-

277 663 446 740 ριανοὶ
499 661 592 718 καὶ
647 658 928 738 τριϐοὖνοι
981 663 1170 726 πάντες
1231 663 1720 744 λευχειμονοῦντες
1784 665 1921 722 κατὰ

274 753 330 808 τὸ
377 753 510 808 αὐτὸ
554 755 752 828 σχῆμα
789 758 1180 828 προσκυνοῦσιν
1250 755 1338 809 καὶ
1372 754 1738 828 ὁψικεόουσιν.
1775 762 1922 830 Παρ-

277 843 474 900 ίσταται
507 842 564 898 δὲ
594 843 778 906 αὐτοῖς
821 842 1182 922 σιλεντιάριος
1221 845 1308 900 καὶ
1347 845 1514 921 λέγει’
1557 871 1582 898 ‹‹
1619 846 1917 922 Φύλαρχος

273 931 586 1008 παρουσίας,
643 935 886 1006 κόμητες
937 936 1310 1009 συστατήριοι,
1354 935 1634 1012 φύλαρχοι
1675 957 1916 1010 πραιτω-

276 1023 408 1099 ρίου,
435 1045 463 1075 ››
513 1023 576 1079 Ὀ
625 1021 684 1077 δὲ
723 1019 966 1098 ἔπαρχος
1013 1030 1110 1093 τῆς
1156 1023 1370 1086 πόλεως
1417 1025 1506 1078 καὶ
1553 1027 1604 1080 οἱ
1667 1026 1914 1080 ὑπατικοὶ

273 1113 378 1186 καὶ,
416 1111 502 1166 ἐὰν
535 1112 754 1187 εὑρεθῇ,
781 1113 874 1168 καὶ
904 1112 1188 1187 πατρίκιος
1245 1112 1454 1188 ἐμπρὸς
1499 1119 1596 1169 τοῦ
1643 1113 1917 1170 παλατίου

269 1197 626 1268 ἵστανται,καὶ
657 1201 732 1262 ὡς
762 1199 1000 1274 κατέλθῃ
1032 1198 1352 1270 τοῦ²ίππου,
1375 1207 1792 1275 προσκυνοῦσιν,
1824 1201 1915 1256 καὶ

273 1289 486 1368 δέχεται
517 1288 713 1352 αὐτοὺς
746 1291 773 1344 ὁ
810 1288 1064 1365 βασιλεὺς
1093 1289 1198 1344 ἀπὸ
1235 1289 1526 1364 στόματος·
1561 1291 1646 1346 ἐὰν
1695 1290 1750 1346 δὲ
1787 1291 1916 1366 βού-

273 1377 455 1436 λονταί
479 1399 618 1442 τινες
644 1383 751 1434 τῶν
783 1379 1070 1454 ἀρχόντων
1085 1379 1176 1435 καὶ
1199 1380 1275 1441 εἰς
1303 1379 1627 1453 Ἡράκλειαν
1659 1379 1912 1436 ἀπελθεῖν

269 1469 420 1524 κάκεῖ
449 1465 692 1538 δέξασθαι
721 1470 812 1523 τὸν
849 1467 1100 1543 βασιλέα,
1131 1471 1220 1524 καὶ
1253 1474 1418 1526 τοῦτο
1469 1469 1670 1541 ἔξεστιν
1704 1471 1910 1534 αὐτοῖς.

265 1559 326 1616 Οἱ
357 1555 416 1613 δὲ
473 1556 864 1636 συγκλητικοὶ,
917 1557 1006 1612 sit:
1061 1563 1200 1632 πεζῇ
1231 1553 1451 1635 ἔρχεται
1493 1561 1520 1614 6
1548 1559 1802 1636 βασιλεὺς
1836 1560 1912 1623 εἷς

261 1648 320 1703 τὸ
343 1642 646 1721 Ἐϐδομον,
677 1645 1002 1702 ἀπαντοῦσιν
1034 1647 1084 1702 ἐν
1117 1651 1185 1722 τῇ
1229 1647 1496 1722 ἐκκλησίᾳ
1524 1653 1632 1704 τῶν
1682 1650 1910 1719 Νηπίων

258 1737 462 1812 ἐμπρὸς
501 1741 598 1792 τοῦ
645 1737 970 1812 μαρτυρίου,
1011 1737 1104 1791 καὶ
1153 1737 1480 1811 κατέρχεται
1541 1739 1569 1792 6
1613 1735 1908 1808 δεσπότης,

257 1826 342 1882 καὶ
393 1822 614 1906 δέχεται
663 1826 861 1888 αὐτοὺς
885 1825 992 1881 ἀπὸ
1034 1826 1330 1900 στόματος,
1361 1827 1450 1882 καὶ
1493 1825 1797 1902 εἰσέρχεται
1829 1828 1906 1890 εἷς

255 1917 314 1971 τὸ
353 1918 650 1991 μαρτύριον
693 1916 782 1971 καὶ
825 1912 1066 1991 εὔχεται,
1097 1921 1202 1971 Καί
1252 1917 1279 1970 6
1315 1919 1406 1989 μὲν
1443 1916 1708 1987 δεσπότης
1731 1917 1900 1990 ἀπέρ-

255 2025 406 2082 χεται
447 2003 521 2068 εἷς
551 2005 612 2060 τὸ
643 2000 943 2078 Ἕϐδομον,
976 2005 1028 2059 οἱ
1058 2002 1116 2060 δὲ
1167 2006 1546 2078 συγκλητικοὶ,
1602 2005 1738 2060 ὅπου
1775 2007 1902 2081 βού-

257 2097 461 2154 λονται.
511 2097 574 2152 Εἰ
635 2095 692 2152 δὲ
749 2098 907 2172 πγόφ
955 2091 1176 2176 ἔρχεται
1226 2098 1255 2151 6
1311 2093 1600 2168 δεσπότης,
1657 2095 1901 2155 ’ἵστανται

253 2188 384 2262 πρὸς
433 2191 514 2260 τῷ
559 2185 822 2263 αἰγιαλῷ,
890 2187 980 2242 καὶ
1038 2185 1245 2258 ἐξιόντα
1293 2186 1450 2242 αὐτὸν
1497 2192 1592 2242 τοῦ
1635 2185 1904 2263 δρόμονος

253 2281 642 2352 προσκυνοῦσιν
686 2278 761 2338 ὼς
793 2277 846 2332 ἐν
898 2275 1470 2334 Κωνσταντινουπό)-.ει
1507 2279 1535 2333 ὁ
1566 2278 1901 2350 ἀπομονεὺς,

259 2368 346 2424 καὶ
378 2365 598 2442 δέχεται
652 2367 849 2428 αὐτοὺς
905 2366 1012 2420 ἀπὸ
1072 2367 1361 2439 στόματος,
1419 2367 1507 2421 καὶ
1559 2368 1901 2441 όψικεύουσιν

266 2459 426 2532 μέχρι
458 2464 560 2528 τῆς
588 2457 819 2532 πόρτης,
851 2456 942 2511 καὶ
966 2456 1076 2510 ἐκεῖ
1099 2457 1232 2529 μετὰ
1261 2479 1370 2512 των
1399 2453 1584 2512 ἄλλων
1619 2457 1900 2534 ἀργόντῶν

261 2549 596 2626 ἀφίστανται.
633 2543 808 2604 Ἀλλᾶ
837 2551 1024 2615 ταῦτα,
1056 2547 1144 2602 ἐὰν
1177 2547 1283 2602 ἀπὸ
1341 2545 1624 2617 ἐξπεδίτου
1684 2545 1901 2625 ἔρχεται

260 2643 294 2709 ἢ
321 2645 528 2715 μακρᾶς
569 2636 906 2712 ὁδοιπορίας·
961 2637 1100 2708 ἐπεὶ,
1143 2638 1231 2694 ἐὰν
1289 2639 1496 2714 ἀπέλθῃ
1545 2639 1650 2702 ἕως
1683 2639 1906 2715 Σαλαμ-

265 2723 442 2802 6ρίας,
469 2729 506 2798 ἢ
534 2725 884 2804 Ἡρακλείας,
913 2728 948 2797 ἢ
981 2727 1162 2802 ἀλίγῳ
1193 2727 1548 2803 πορρωτερω,
1581 2730 1673 2784 καὶ
1711 2727 1900 2806 ὀλίγας

271 2815 478 2888 ἡμέρας
519 2819 740 2891 ποιήσῃ,
773 2817 864 2872 καὶ
922 2815 1078 2880 εὐθὺς
1128 2817 1456 2891 ὑποστρέψῃ,
1506 2819 1644 2872 ὅπου
1683 2819 1903 2874 συνετά-

271 2904 429 2972 ξαντο
459 2906 507 2959 ot
534 2901 812 2980 ἄρχοντες,
839 2905 948 2961 ἐκεῖ
977 2906 1067 2960 καὶ
1100 2905 1352 2984 δέχονται
1403 2905 1583 2964 αὐτόν.
1619 2907 1682 2963 Εἰ
1729 2909 1830 2981 γὰρ
1873 2909 1900 2964 ὁ

261 2991 519 3072 βασιλεὺς
548 2996 606 3051 ἑκ
632 2999 730 3051 τοῦ
751 2990 1028 3069 Ἑϐδόμου
1059 2995 1278 3070 ἐξῆλθεν
1312 2997 1402 3050 καὶ
1427 2995 1502 3060 εἷς
1533 2997 1594 3052 τὸ
1625 2993 1904 3070 Ἕϐδομον

257 3085 602 3162 ὑποστρέφει,
652 3085 768 3141 ἐκεῖ
836 3086 1181 3140 ἁπαντοῦσιν·
1251 3085 1297 3140 εἰ
1361 3082 1419 3140 δὲ
1492 3086 1583 3141 καὶ
1647 3085 1902 3160 βούλεται

251 3172 632 3250 ὁρθοποδῆσαι
693 3174 770 3236 εἰς
825 3175 922 3246 τὴν
975 3173 1162 3244 πόλιν,
1213 3171 1324 3229 ἐκεῖ
1370 3173 1534 3229 πάλιν
1575 3175 1900 3232 ἀπαντοῦσιν

247 3245 422 3336 αὖτῷ,
477 3265 530 3319 o't
581 3261 640 3318 δὲ
697 3262 1056 3340 συγκλητικοὶ
1115 3258 1590 3338 προλαμϐάνουσι.
1651 3264 1754 3320 Καὶ
1816 3245 1976 3320 eide

245 3357 387 3429 πεζῇ
433 3353 743 3430 εῗσέρχεται
797 3355 824 3409 6
875 3352 1150 3429 βασιλεὺς,
1183 3353 1508 3408 ἀπαντῶσιν
1540 3353 1688 3426 αὐτῷ
1745 3352 1796 3408 ἐν
1825 3359 1904 3426 τῷ

245 3443 404 3522 φόρῳ
438 3441 736 3500 Θεοδοσίου
767 3447 848 3516 τῷ
904 3442 1228 3516 καλουμένῳ
1281 3443 1485 3516 ταύρῳ,
1545 3443 1634 3498 καὶ
1674 3442 1908 3519 προσφέ-

246 3553 438 3608 ρουσιν
471 3533 622 3606 αὐτῷ
661 3533 978 3611 στεφάνους,
1012 3531 1102 3588 ἓνα
1140 3533 1236 3606 μὲν
1267 3537 1528 3606 χρυσοῦν,
1591 3531 1796 3594 ἄλλους
1848 3530 1904 3588 δὲ

241 3621 354 3678 ἀπὸ
386 3619 624 3700 δαφνῶν·
659 3623 688 3676 6
730 3619 787 3677 δὲ
833 3622 1092 3698 βασιλεὺς
1144 3618 1486 3676 ἀντιδίδωσιν
1525 3623 1714 3685 αὐτοῖς
1743 3623 1903 3694 νομί·

241 3734 428 3788 σματα
461 3715 594 3786 ὑπὲρ
625 3717 723 3768 τοῦ
757 3717 962 3788 χρυσοῦ
984 3713 1268 3792 στεφάνου,
1303 3709 1438 3768 ὥστε
1461 3713 1537 3784 μὴ
1574 3711 1772 3786 ζημίαν
1808 3713 1901 3766 αὖ·

236 3803 374 3866 τούς
410 3805 724 3876 ὑπομεῖναι.
747 3804 870 3860 Ἐὰν
903 3799 960 3858 δὲ
989 3801 1095 3858 ἀπὸ
1124 3801 1370 3872 Ἀσίας,ἢ
1397 3801 1672 3874 Βιθυνίας,
1702 3803 1736 3872 ἢ
1765 3809 1902 3877 Περ-

241 3897 402 3948 σικοῦ
433 3891 688 3966 πολέμου
717 3890 1074 3967 ἐπανέρχεται
1105 3892 1133 3946 ὁ
1169 3891 1450 3966 βασιλεὺς,
1483 3893 1510 3946 ὁ
1539 3885 1782 3967 ἔπαρχος
1803 3899 1903 3962 τῆς

237 3979 466 4044 πόλεως
487 3981 698 4052 ἀπαντᾷ
727 3979 850 4036 ἔνθα
879 3978 940 4035 ἂν
974 3978 1164 4056 συνίδῃ
1198 3981 1226 4035 6
1262 3979 1516 4055 βασιλεὺς
1553 3979 1902 4058 μεσάλλαγον

237 4079 499 4143 ποιῆσαι,
529 4069 640 4126 εἷ’τε
677 4069 732 4128 ἐν
763 4075 830 4146 τῇ
867 4071 1094 4146 Σατύρῳ
1127 4069 1232 4126 εἷετε
1257 4068 1308 4124 ἐν
1333 4074 1410 4141 τῷ
1449 4069 1906 4144 Ππλεατικῷἧέν

233 4163 632 4236 Ῥοφηνιαναῖς
663 4163 800 4234 (11),
832 4162 866 4230 ἢ
908 4158 960 4215 ἐν
992 4163 1060 4234 τῇ
1099 4158 1308 4234 Ἱερείᾳ·
1362 4156 1472 4214 εἷ’δὶ
1493 4158 1714 4230 θελήσει
1743 4161 1770 4214 6
1805 4161 1904 4232 βα-

235 4249 434 4314 σιλεὺς
460 4249 551 4307 διὰ
594 4255 692 4307 τοῖ’)
741 4250 1078 4330 στρατηγίου
1105 4249 1374 4319 ἀνελθεῖν,
1424 4244 1904 4326 προλαμϐάνουσιν

234 4341 292 4394 οἱ
331 4340 704 4418 συγκλητικοὶ
744 4339 836 4396 τὸν
884 4341 1052 4420 φόρον
1099 4344 1195 4394 τοῦ
1227 4337 1555 4416 στρατηγίου
1588 4341 1718 4412 (12),
1751 4337 1906 4392 κάκεῖ

227 4431 372 4494 τοὺς
433 4432 734 4506 στεφάνους
770 4430 1192 4509 προσφέρουσιν.
1222 4429 1289 4487 Εἰ
1342 4427 1398 4484 δὲ
1447 4427 1606 4500 πλόῳ
1641 4426 1904 4503 βούλεσαι

231 4520 621 4598 ὀρθοποδῆσαι
683 4521 759 4585 εἷς
818 4522 880 4578 τὸ
939 4520 1226 4594 παλάτιον,
1276 4520 1494 4577 ’ίσταται
1545 4518 1753 4593 ἐμπρὸς
1800 4524 1901 4587 τῆς

2031 580 2092 635 in
2131 597 2277 653 equo
2314 584 2600 653 residens,
2650 586 2992 642 adorantem
3038 588 3098 642 in
3140 605 3274 660 sago
3307 590 3674 646 solummodo

2030 669 2252 726 salutat
2279 676 2336 728 et
2356 672 2772 745 obsequentem
2796 675 2966 730 habet
2993 691 3006 730 :
3031 677 3272 732 comites
3302 683 3500 734 autem
3533 696 3673 736 eon-

2031 759 2322 816 sistoriani
2371 767 2427 818 et
2470 763 2686 820 tribuni
2743 782 2946 822 omnes
2998 765 3056 820 in
3106 768 3371 824 candidis
3420 769 3674 826 vestibus

2029 850 2274 906 adorant
2306 853 2508 908 eodem
2542 870 2746 910 omnes
2766 857 2935 910 modo
2957 863 3011 910 et
3037 856 3461 927 obsequuntur,
3494 859 3671 915 silen~

2031 938 2194 996 tiario
2225 947 2466 1009 astante,
2501 944 2602 1014 qui
2634 960 2732 999 eos
2777 960 2845 1000 ex
2895 945 3096 1000 ordine
3141 945 3220 1002 sic
3249 949 3422 1000 citat:
3465 969 3492 997 ‹‹
3527 947 3676 1017 Phy-

2027 1025 2253 1084 larchus
2285 1034 2532 1101 parusim
2567 1056 2590 1086 ι
2647 1033 2726 1104 [id
2767 1042 2856 1090 est
2905 1034 3175 1116 tribunus
3217 1038 3534 1105 praesentire
3575 1041 3676 1092 aut

2029 1121 2412 1192 praesentalis,
2445 1122 2669 1180 scilicet
2715 1125 2988 1195 procedat
3037 1125 3444 1196 imperatorem
3473 1127 3676 1184 adora-

2026 1205 2200 1275 tum],
2235 1209 2360 1262 tum
2383 1229 2412 1258 ‹‹
2437 1208 2690 1264 Comites
2721 1210 3014 1282 systaterii
3039 1231 3068 1259 »
3101 1227 3204 1266 seu
3238 1212 3672 1280 consistoriani,

2027 1295 2309 1351 adorante
2331 1297 2868 1354 scilicetdominum
2897 1317 2912 1368 ;
2936 1302 3172 1356 tandem
3197 1317 3209 1354 :
3237 1324 3264 1350 «
3285 1300 3610 1373 Pbylarchi,
3639 1323 3668 1351 n

2025 1398 2126 1438 seu
2158 1385 2398 1454 tribuni,
2435 1409 2464 1436 ‹‹
2515 1389 2788 1457 praetorii,
2820 1410 2845 1438 ι)
2889 1405 3096 1461 nempe
3144 1389 3402 1445 ofﬁcium
3453 1391 3672 1446 faciant

2023 1474 2218 1528 velim.
2257 1476 2562 1535 Prmfectus
2595 1479 2756 1534 urbis
2787 1487 2976 1536 autem
3018 1485 3076 1536 et
3103 1481 3467 1547 consulares,
3500 1485 3580 1545 et,
3612 1480 3662 1536 si

2025 1563 2123 1633 qui
2155 1564 2330 1620 etiam
2369 1566 2427 1622 in
2462 1567 2602 1622 urbe
2631 1571 2772 1626 tunc
2817 1570 3014 1626 adsint
3054 1571 3306 1642 patricii,
3341 1571 3671 1626 consistunt

2023 1667 2218 1708 coram
2258 1655 2476 1726 palatio
2521 1657 2751 1729 [Rhegii
2802 1659 3052 1730 nempe],
3103 1659 3668 1730 descendentemque

2022 1757 2090 1796 ex
2132 1759 2282 1814 equo
2327 1745 2731 1816 imperatorem
2778 1748 3044 1816 adorant,
3096 1749 3194 1820 qui
3246 1765 3343 1804 eos
3393 1749 3666 1820 benignis

2021 1832 2210 1887 verbis
2261 1833 2502 1890 salutat.
2555 1837 2714 1892 Licet
2760 1855 3008 1909 quoque,
3061 1838 3104 1894 si
3163 1840 3297 1909 quis
3355 1855 3664 1909 procerum

2013 1919 2346 1978 lIeracleam
2387 1924 2548 1980 adire
2597 1925 2796 1996 ibique
2845 1927 3068 1982 cultum
3119 1944 3292 1982 suum
3325 1927 3666 1997 imperatori

2015 2015 2334 2067 monstrare
2355 2012 2510 2069 velit.
2541 2016 2702 2080 Quod
2731 2016 2780 2071 si
2805 2033 2937 2072 vero
2969 2032 3072 2087 per
3101 2018 3498 2072 continentem
3533 2033 3664 2086 pro-

2015 2101 2200 2158 fectus
2249 2103 2568 2176 imperator
2619 2107 2690 2160 ad
2739 2106 3103 2162 Hebdomum
3152 2106 3306 2163 286
3351 2107 3662 2178 appulerit,

2014 2193 2370 2249 conveniunt
2416 2203 2712 2252 senatores
2767 2196 2829 2252 in
2887 2197 3194 2254 ecclesiam
3259 2198 3664 2252 Innocentium

2013 2285 2336 2338 Puerorum
2371 2284 2962 2354 Bethleemiticorum,
2996 2287 3196 2358 ibique
3225 2303 3417 2342 coram
3453 2293 3664 2355 marty-

2015 2387 2111 2426 reo
2141 2371 2268 2442 [seu
2301 2373 2501 2444 tymbo
2532 2373 2766 2432 illorum
2802 2381 3127 2448 martyrum
3159 2378 3456 2432 memoria:
3497 2392 3664 2432 sacro

2013 2458 2126 2528 ipsi
2176 2465 2526 2516 occurrunt:
2567 2479 2714 2532 quos
2752 2463 3066 2534 imperator
3115 2463 3366 2536 benigno
3412 2462 3664 2534 alloquio

2012 2549 2245 2620 excipit,
2287 2567 2468 2621 eoque
2517 2553 2690 2620 facto,
2723 2551 2780 2607 in
2829 2557 3180 2625 martyrequ
3215 2553 3414 2620 intrat,
3447 2557 3505 2607 et
3533 2569 3662 2622 pre-

2013 2654 2107 2693 ces
2139 2639 2210 2694 ad
2248 2641 2424 2696 Deum
2459 2641 2668 2696 fundit.
2718 2641 2788 2696 Et
2814 2641 2938 2712 ipse
2970 2641 3210 2712 quidem
3241 2641 3514 2710 deinceps
3543 2641 3664 2696 abit

2012 2727 2072 2784 in
2117 2729 2478 2785 Hebdomum
2539 2729 2664 2802 [seu
2725 2731 3008 2801 palatium
3067 2730 3322 2786 tribunal
3374 2729 3662 2785 Hebdomi

2013 2819 2300 2890 dictum]:
2335 2821 2610 2876 senatorii
2642 2825 2834 2876 autem
2887 2821 3123 2888 abeunt,
3186 2837 3301 2892 quo
3351 2819 3660 2876 voluerint.

2013 2907 2073 2962 Si
2106 2911 2234 2964 navi
2267 2908 2350 2980 [in
2401 2908 2792 2979 Hebdomum]
2842 2909 3103 2980 appellit,
3157 2915 3312 2964 stant
3355 2909 3412 2964 in
3447 2908 3660 2976 littore,

2013 3005 2072 3054 et
2101 3005 2400 3054 exeuntem
2448 3015 2478 3054 e
2509 3000 2784 3054 dromone
2833 3000 3094 3066 adorant,
3131 3000 3660 3069 quemadmodum,

2015 3088 2112 3159 qui
2155 3087 2212 3142 in
2272 3088 2414 3144 urbe
2472 3089 2772 3156 remansit,
2833 3103 3193 3158 apomoneus
3251 3104 3353 3144 seu
3417 3087 3664 3144 vicarius

2017 3177 2232 3249 regius,
2265 3177 2390 3248 ipsa
2409 3175 2470 3231 in
2494 3176 2635 3231 urbe
2667 3176 2842 3241 facit;
2876 3192 3018 3246 quos
3047 3177 3362 3247 imperator
3387 3175 3664 3231 humanis

2015 3267 2205 3321 verbis
2239 3263 2530 3336 appellat;
2573 3265 2684 3336 ipsi
2735 3269 2928 3320 autem
2973 3281 3144 3337 porro
3191 3265 3456 3338 pergenti
3491 3265 3665 3320 obse-

2017 3363 2280 3427 quuntur
2327 3354 2664 3428 imperatori
2703 3371 2891 3426 usque
2940 3356 3008 3410 ad
3061 3359 3284 3426 portam
3331 3354 3664 3420 tribunalis,

2020 3447 2115 3502 ubi
2146 3461 2276 3500 cum
2309 3444 2532 3501 caeteris
2565 3444 2903 3516 proceribus
2950 3444 3074 3516 [qui
3123 3461 3256 3500 cum
3303 3443 3432 3516 ipso
3464 3445 3535 3499 ab
3569 3460 3665 3500 ex-

2015 3535 2310 3607 peditione
2350 3535 2640 3602 redeunt],
2687 3551 2820 3590 eum
2871 3535 3134 3590 mittunt.
3167 3535 3237 3589 Et
3285 3534 3380 3590 hic
3427 3535 3666 3606 quidem

2015 3629 2246 3680 tenetur
2295 3625 2527 3690 modus,
2580 3625 2814 3695 quando
2863 3623 3140 3679 dominus
3182 3626 3252 3679 ab
3302 3624 3666 3696 expeditione

2015 3721 2114 3768 aut
2142 3711 2348 3768 itinere
2377 3711 2690 3784 longinquo
2725 3711 2891 3767 redit.
2913 3713 3072 3777 Quod
3099 3711 3150 3766 si
3181 3727 3312 3766 vero
3336 3715 3564 3766 tantum
3591 3709 3660 3764 ad

2013 3802 2417 3874 Sclymbriam,
2475 3806 2577 3856 aut
2623 3801 2978 3868 Heracleam,
3027 3805 3130 3855 aut
3179 3798 3352 3870 paulo
3403 3799 3650 3853 ulterius

2014 3891 2340 3958 excesserit,
2382 3895 2440 3945 et
2470 3906 2681 3962 paucos
2729 3889 3138 3944 tantummodo
3185 3887 3305 3942 dies
3345 3888 3426 3942 ibi
3471 3888 3656 3960 egerit

2015 3981 2240 4048 cito-que
2291 3979 2506 4046 redeat,
2551 3981 2869 4033 occurrunt
2919 3977 3028 4049 ipsi
3077 3993 3343 4048 proceres
3401 3976 3480 4030 ibi
3523 3977 3657 4046 loci,

2017 4068 2116 4123 ubi
2147 4067 2198 4122 ei
2233 4067 2352 4122 Vale
2381 4065 2554 4137 paulo
2604 4069 2737 4121 ante
2768 4065 3053 4121 dixerant.
3107 4067 3206 4120 Ex.
3242 4080 3293 4122 ο.
3337 4065 3386 4120 si
3420 4065 3477 4120 in
3509 4065 3658 4121 Heb-

2012 4159 2184 4215 domo
2223 4155 2546 4212 deseruerit
2601 4171 2700 4212 eos
2755 4155 3095 4227 imperator,
3148 4154 3302 4210 redit
3347 4155 3556 4209 iterum
3603 4154 3662 4210 in

2013 4247 2400 4312 Hebdomum,
2449 4245 2710 4314 adeoque
2767 4243 2849 4298 ibi
2906 4261 3138 4315 quoque
3185 4247 3500 4299 occurrunt
3549 4243 3664 4312 ipsi

2015 4351 2303 4408 proceres.
2338 4333 2498 4399 Quod
2534 4333 2582 4388 si
2612 4349 2746 4389 vero
2779 4333 3082 4390 deﬂectere
3131 4333 3383 4388 noluerit
3413 4331 3664 4403 impera-

2011 4434 2122 4496 tor,
2178 4427 2276 4483 sed
2335 4434 2492 4482 recta
2535 4425 2729 4497 potius
2793 4425 2887 4480 via
2961 4424 3020 4479 in
3089 4425 3272 4480 urben
3329 4425 3660 4493 contendat,

2013 4523 2222 4575 coeunt
2253 4515 2488 4587 quidem
2513 4529 2780 4586 proceres
2800 4513 2856 4568 in
2886 4513 3150 4569 eamdem
3171 4513 3396 4568 locum:
3430 4515 3666 4567 aenato-

231 4610 486 4685 οκάλης,
517 4613 608 4668 καὶ
649 4608 775 4676 ἔνθα
816 4609 1036 4688 δέχεται
1075 4612 1211 4667 κατά
1238 4611 1302 4666 τὸ
1349 4609 1469 4674 ἔθος
1515 4610 1608 4665 τὸν
1665 4605 1906 4684 ἔπαρχον

2019 4605 2086 4661 ι·ἱὶ
2118 4609 2315 4660 autem
2346 4603 2408 4658 in
2438 4602 2641 4658 urbem
2693 4605 3049 4674 praevertunt
3105 4601 3398 4656 salutandi
3440 4597 3666 4656 domini

1282 4754 1488 4812 JOAN.
1530 4757 1674 4812 JAC.
1725 4751 1988 4809 REISKII
2027 4745 2628 4806 COMMENTARIUS.

307 4891 429 4962 (11)
459 4888 588 4962 Non
621 4891 760 4962 sunt
789 4887 914 4962 illg
930 4886 1176 4962 thermae
1221 4883 1581 4962 urbants‘sic
1611 4881 1804 4962 diem,
1833 4881 1908 4962 _de

227 4953 466 5034 quibus
497 4961 584 5017 Du
615 4960 812 5034 Congo
840 4958 1200 5034 CPﬁliChﬁrist.
1230 4957 1274 5034 l._
1299 4955 1343 5023 Ι,
1379 4973 1444 5034 p._
1466 4955 1536 5010 93
1551 4956 1731 5034 _:_sed_
1753 4953 1910 5034 pala-

229 5025 388 5090 tium
443 5025 851 5090 suburbanum
901 5031 1218 5087 Asiaticum
1259 5028 1319 5083 in
1360 5025 1641 5082 suburbio
1673 5025 1910 5081 Chalce-

225 5107 496 5162 donensi
528 5105 732 5172 silum,
765 5105 838 5160 de
869 5119 982 5174 quo
1015 5102 1173 5174 idem
1202 5099 1352 5174 1.,1v,
1385 5116 1440 5174 p:
1479 5097 1908 5174 175‘cpnferenf

225 5178 382 5242 dus,
437 5176 538 5233 ubi
598 5166 826 5247 quoque
883 5166 1158 5247 pluribus
1223 5172 1294 5227 de
1353 5166 1768 5247 palatiou'lflptqg
1815 5168 1904 5247 _vel

227 5240 632 5322 tepetaqagit,
677 5240 850 5317 cujus
879 5240 1188 5322 antiqupm
1237 5240 1454 5322 nomen
1498 5240 1908 5322 mibi‘vide‘t‘ur

223 5309 708 5391 fdisse'H‘paiov,
741 5309 1044 5388 (emplum-
1072 5315 1347 5391 Junonis,
1398 5311 1556 5391 quod
1599 5312 1756 5391 idem
1783 5309 1906 5391 Ale-

223 5407 468 5448 manno
501 5382 575 5447 a'd
608 5382 954 5460 Procopium
989 5389 1146 5460 p.780
1177 5382 1626 5460 quoquejgisum
1661 5384 1784 5460 fuit.
1823 5382 1906 5439 De

223 5407 468 5448 manno
501 5405 575 5447 ad
608 5405 954 5460 Procopium
1029 5432 1044 5444 .
1075 5405 1146 5443 δυ
1177 5405 1408 5458 quoque
1435 5405 1626 5440 Visum
1661 5405 1784 5438 ιυιι.
1825 5405 1900 5439 ue

219 5469 442 5537 satyro
493 5467 552 5520 et
593 5405 1076 5537 poleatico_nigil
1117 5455 1611 5537 inyenio._Neq_ue
1663 5455 1900 5510 mirum.

221 5527 478 5592 Dudum
511 5527 670 5592 enim
705 5539 838 5590 ante
889 5531 1342 5588 Constantinum
1376 5527 1899 5600 Porphyrogenne-

216 5613 368 5664 tum
397 5611 672 5664 nostrum
695 5605 992 5662 desierant
1015 5603 1284 5678 quaedam
1313 5599 1522 5678 borum
1551 5599 1902 5678 palatiorum

215 5685 288 5736 et
329 5680 663 5749 nominum,
696 5681 762 5732 ut
789 5671 1168 5749 strategicum
1209 5689 1260 5731 e.
1293 5689 1346 5728 ο.
1380 5671 1710 5749 de_uter_um,
1753 5671 1905 5749 capi-

211 5751 476 5824 lolium,
535 5740 790 5822 satjrus,
838 5740 1216 5821 poleaticum,
1274 5749 1385 5801 etc.
1431 5741 1725 5799 Particula
1778 5740 1900 5798 haec

521 5879 784 5940 PATROL.
833 5878 948 5938 Ga.
995 5875 1178 5938 CXII.

2015 4881 2136 4934 tota
2167 4878 2238 4932 de
2291 4873 2480 4930 reditu
2537 4873 2906 4944 imperatoris
2955 4873 3014 4928 in
3047 4873 3252 4928 urbem
3301 4887 3417 4944 non
3463 4869 3662 4926 saeculi

2019 4948 2256 5011 decimi,
2287 4947 2383 5002 sed
2415 4946 2558 5002 sexti
2589 4943 2712 5011 est;
2747 4963 2862 5001 non
2915 4945 3280 5000 Constantini
3327 4943 3526 5014 hujus,
3561 4944 3664 4998 sed

2017 5019 2170 5077 Petri
2209 5017 2488 5088 Magistri,
2520 5033 2550 5072 e
2572 5019 2744 5088 cujus
2776 5017 2945 5074 toties
2978 5017 3210 5072 laudato
3242 5015 3392 5071 libro
3423 5016 3492 5070 de
3523 5017 3668 5070 Con-

2018 5087 2330 5147 stilutione’
2367 5087 2716 5159 Reipublieaz
2763 5089 2888 5145 haec
2935 5089 3282 5145 verbotenus
3315 5087 3668 5158 transcripta

2017 5165 2283 5228 fuerunt;
2318 5166 2384 5214 ut
2413 5177 2482 5215 ex
2511 5177 2577 5216 eo
2609 5176 2837 5231 quoque
2887 5159 3117 5232 collegi,
3163 5160 3314 5232 quod
3349 5159 3668 5232 imperator

2015 5235 2074 5290 in
2105 5233 2202 5288 SS.
2231 5232 2560 5304 Apostolos,
2595 5230 2709 5288 non
2742 5233 2804 5287 in
2839 5233 2898 5288 S.
2935 5230 3208 5303 Sophiam
3250 5231 3472 5304 ingredi
3507 5230 3668 5304 dica-

2014 5311 2130 5369 tur,
2164 5312 2224 5359 ut
2273 5301 2398 5374 quae
2453 5308 2578 5374 tum
2631 5307 2889 5358 nondum
2941 5301 3161 5358 structa
3207 5308 3380 5358 esset.
3421 5301 3668 5373 [Palatia

2014 5378 2195 5432 Eriaea
2215 5373 2527 5446 Constant.
2551 5373 2906 5446 Porpbyrog.
2939 5379 3253 5444 exstructa,
3287 5375 3500 5445 Script.
3535 5377 3667 5444 post

2011 5447 2350 5514 Theophan.
2387 5463 2441 5516 p.
2474 5445 2634 5516 1181.]

2085 5521 2199 5591 (12)
2261 5514 2842 5591 ῡοεὶῐέηυιυι·”[οῐ·υῐτι
2871 5515 3210 5591 Theodosii,
3259 5517 3414 5588 quod
3464 5514 3520 5570 in
3596 5527 3664 5591 ea

2014 5583 2456 5660 urbis'reginne,
2489 5605 2613 5658 quae
2645 5587 2997 5658 Strategium
3033 5583 3457 5660 appellabatur,
3492 5583 3662 5660 exsti-

2011 5665 2156 5720 tisse
2185 5653 2451 5730 dic‘iturr
2481 5653 2597 5716 vid.
2630 5659 2714 5716 Du
2747 5653 2942 5732 Caﬁge
2984 5653 3090 5716 (ὶΡί
3113 5653 3354 5716 Ὀὺινὶεῒη
3407 5657 3448 5725 Ι,
3482 5673 3536 5726 p.
3569 5653 3658 5710 80.

3256 5861 3336 5920 3O
