4052 6382
287 421 406 483 953

915 423 1017 483 DE
1061 420 1518 483 CERIMONIIS
1560 420 1796 483 AUL/E
1837 415 2324 480 BYZANTlN/E
2368 416 2517 476 LIB.
2563 415 2611 475 Ι.
2658 448 2735 458 -
2780 414 3113 475 APPEND.

3584 416 3703 475 954

286 555 378 611 καὶ
426 553 733 628 καμπάγια,
781 552 872 609 καὶ
928 553 1243 630 στεφθέντες
1309 549 1535 621 διῆλθον
1587 554 1687 621 τήν
1766 547 1932 625 μέσην

2047 566 2224 607 causa
2254 548 2463 617 iuerat,
2495 548 2898 605 subsistebant
2925 547 3036 603 sub
3068 547 3277 604 faustis
3325 547 3699 605 acclamatio-

286 647 384 699 τοῦ
416 644 609 719 φόρου,
660 642 965 715 ἱσταμένων
1003 642 1093 696 καὶ
1142 640 1637 717 προπορευομένων
1693 638 1933 713 ἔμπροσ’

291 742 377 795 θεν
408 729 588 785 αὐτῶν
639 733 751 784 τῶν
812 733 1040 797 σκευῶν,
1101 723 1409 803 λαϐούρων,
1442 726 1636 801 σίγνων
1676 726 1766 781 καὶ
1801 727 1935 800 βάν-

291 817 400 874 δων
431 819 523 873 καὶ
576 822 683 873 τῶν
746 817 999 892 μεγάλων
1053 818 1344 891 σκήπτρων
1404 817 1491 871 καὶ
1540 819 1650 871 τῶν
1680 818 1932 890 χρουσῶν

290 906 636 987 φλαμούλων
691 906 780 963 καὶ
820 911 919 963 τοῦ
964 906 1153 981 τιμίου
1212 909 1445 981 σταυροῦ
1472 903 1569 961 τοῦ
1600 907 1847 981 μεγάλου
1877 925 1936 959 τε

287 999 379 1054 καὶ
402 995 675 1065 διαλίθου,
706 996 797 1051 καὶ
837 994 1144 1060 διελθόντες
1165 997 1267 1065 τὴν
1311 996 1481 1069 μέσην
1529 992 1633 1057 ἕως
1680 998 1779 1049 τοῦ
1841 1015 1936 1067 μι-

291 1086 416 1144 λίου
472 1084 728 1155 εἰσῆλθον
756 1082 862 1151 ,διὰ
902 1089 1000 1141 τοῦ
1045 1080 1289 1157 ἐμϐόλου
1336 1088 1434 1138 τοῦ
1503 1082 1690 1156 μιλίου
1741 1082 1817 1145 εἰς
1873 1082 1935 1137 τὸ

295 1174 630 1251 ὡρολόγιον,
687 1173 777 1229 καί
816 1174 1073 1229 ἀπέθεντο
1126 1175 1190 1229 τὰ
1249 1174 1535 1247 στέμματα
1582 1172 1634 1228 ἐν
1663 1177 1742 1245 τῷ
1786 1168 1936 1227 ἔνδον

286 1273 392 1336 τῆς
444 1266 663 1341 Ὠραίας
721 1263 903 1334 πύλης
938 1262 1292 1339 μητατωρίῳ,
1340 1264 1431 1318 καὶ
1461 1262 1715 1331 εἰσῆλθον
1765 1262 1817 1317 ἐν
1856 1266 1936 1334 τῷ

289 1356 524 1429 νάρθηκι
565 1354 847 1427 εὐξάμενοι
907 1353 1044 1426 μετὰ
1072 1358 1257 1426 κηρῶν
1288 1353 1363 1415 εἰς
1406 1352 1505 1421 τὴν
1570 1351 1738 1425 μέσην
1780 1352 1934 1428 ἁγίαν

286 1440 490 1515 πύλην,
548 1440 949 1503 εἶσοδεύσαντες
1011 1442 1148 1516 μετὰ
1202 1446 1299 1496 τοῦ
1347 1441 1691 1519 πατριάρχου
1739 1442 1829 1497 καὶ
1868 1441 1935 1496 τὰ

288 1532 459 1588 λοιπὰ
487 1538 586 1601 τῆς
618 1531 766 1594 θείας
799 1530 1163 1607 λειτουργίας,
1196 1532 1287 1586 καὶ
1317 1538 1352 1601 ἤ
1386 1530 1596 1596 εἴσοδος
1628 1535 1663 1603 ἡ
1703 1532 1839 1607 πρὸς
1870 1532 1933 1589 τὸ

284 1620 555 1678 παλάτιον
585 1620 939 1691 ἐτελέσθησαν
969 1623 1085 1676 καθ’
1116 1621 1173 1676 ὅν
1207 1621 1409 1695 τρόπον
1438 1621 1489 1677 ἐν
1522 1627 1642 1685 ταῖς
1691 1622 1933 1697 ἐμπράτ-

281 1731 400 1773 τοις
457 1709 863 1785 προελεύσεσιψ
923 1712 1186 1785 προετέθη
1248 1710 1306 1767 δὲ
1352 1714 1443 1768 καὶ
1486 1712 1798 1788 κλητώριον
1846 1712 1934 1786 μέ-

281 1821 469 1877 γιστον
525 1800 581 1856 ἐν
635 1806 714 1873 τῷ
780 1802 1163 1858 Ἰουστινιανοῦ
1219 1800 1503 1876 τρικλίνῳ,
1553 1803 1643 1857 καὶ
1700 1800 1929 1884 εὔφραν-

2048 639 2225 695 nibus
2257 637 2611 709 excipientes
2646 638 2979 709 praefectum
3014 635 3175 693 urbis
3213 641 3271 692 et
3311 653 3697 709 apomoneum

2049 745 2148 785 seu
2189 727 2475 784 vicarium
2516 726 2772 799 regium,
2812 726 2915 796 qui
2957 725 3127 780 humi
3175 726 3543 796 procidentes
3584 728 3699 799 pri-

2045 834 2209 874 mum
2238 817 2580 884 adorabant,
2615 824 2669 873 et
2698 815 2833 872 dein
2864 814 3183 870 oti‘erebant
3212 815 3426 871 seniori
3459 832 3694 873 summo

2044 906 2383 979 imperatori
2432 922 2672 962 auream
2733 920 3010 961 coronam
3070 905 3396 960 secundum
3454 912 3703 963 veterem

2045 997 2224 1053 ritum
2260 996 2521 1067 aliasque
2553 997 2719 1051 lauro
2753 996 2959 1062 factas,
2984 998 3049 1049 ut
3078 993 3331 1050 victoriae
3354 994 3597 1051 indices.
3633 996 3701 1053 Hi

2046 1103 2149 1158 pro
2189 1102 2367 1143 aurea
2413 1102 2630 1142 corona
2672 1100 2946 1140 nummos
2986 1099 3191 1139 aureos
3232 1083 3303 1139 ab
3353 1084 3703 1156 imperatore

2045 1175 2412 1247 accipiebant
2428 1191 2545 1230 non
2569 1181 2795 1229 tantum
2818 1178 3115 1243 aequantes
3142 1176 3199 1229 et
3230 1179 3700 1244 compensantes,

2045 1265 2145 1321 sed
2179 1266 2356 1321 etiam
2385 1264 2731 1321 excedentes
2777 1262 3031 1334 impensi
3073 1262 3202 1318 auri
3251 1262 3523 1334 pretium.
3562 1265 3703 1320 Post

2044 1355 2344 1412 absolutas
2391 1356 2713 1411 factionum
2753 1355 2975 1411 faustas
3018 1352 3472 1410 acclamationes
3519 1354 3701 1411 intra-

2044 1444 2189 1500 bant
2227 1444 2449 1500 domini
2499 1460 2600 1514 per
2640 1460 2884 1516 magnas
2927 1444 3131 1499 Aureae
3172 1447 3350 1514 portae
3389 1443 3603 1513 valvas,
3645 1450 3701 1500 et

2043 1534 2288 1591 abibant
2322 1550 2516 1606 porro,
2558 1533 2757 1605 stipati
2808 1551 2842 1589 a
2880 1533 3241 1604 proceribus,
3278 1533 3350 1588 ad
3392 1533 3601 1605 sigma,
3647 1536 3703 1589 et

2042 1624 2180 1680 dein
2228 1623 2491 1680 conversi
2535 1624 2605 1679 ad
2656 1622 2963 1679 sinistram
3023 1623 3083 1678 in
3145 1622 3575 1692 hexacionium,
3640 1622 3702 1679 in

2040 1711 2447 1782 xerolophum,
2509 1712 2740 1778 bovem,
2791 1711 3149 1784 capitolium,
3210 1711 3700 1785 philadelphium,

2039 1805 2298 1869 taurum,
2330 1800 2681 1873 artopolium
2716 1804 2773 1855 et
2803 1800 3011 1856 torum.
3063 1803 3129 1857 In
3166 1801 3351 1857 forum
3394 1806 3590 1857 autem
3635 1805 3701 1858 ut

286 1890 464 1955 θέντες
516 1887 811 1945 δεδώκασιν
863 1894 1022 1945 πᾶσιν
1063 1894 1180 1952 τοῖς
1218 1894 1319 1957 τῇς
1373 1891 1683 1965 συγκλήτου
1739 1894 1930 1967 βεστο-

358 1981 377 1997 κ
513 1982 525 1997 ,
658 1983 759 1997 ,M.
849 1982 882 1997 ..
963 1979 974 1997 .
1078 1977 1119 1997 α,
1190 1980 1215 1997 ,ι
1370 1982 1383 1997 .
1506 1982 1521 1997 ς
1732 1980 1741 1997 ρ

2044 1898 2338 1962 venerant,
2388 1889 2820 1946 descendebant
2846 1906 2915 1946 ex
2969 1890 3156 1962 equis,
3197 1892 3257 1945 et
3308 1889 3607 1947 intrabant
3636 1890 3697 1947 in

289 1981 622 2057 μιλιαρήσια
653 1983 785 2053 (39).
849 1977 1154 2047 ’1στέονδὲ,
1186 1980 1268 2035 ὅτι
1323 1982 1422 2051 τήν
1465 1982 1562 2054 μὲν
1608 1980 1929 2039 κατάστασιν

281 2078 383 2141 τῆς
442 2069 662 2132 πόλεως
700 2068 791 2125 καὶ
836 2067 1163 2147 φιλοκαλίαν
1221 2073 1561 2144 ἡτοιμάσατο
1604 2073 1633 2127 ὁ
1664 2068 1931 2149 ἔπαρχος,

281 2162 381 2229 τήν
422 2157 481 2215 δὲ
532 2166 636 2229 τῆς
682 2158 1058 2235 προελεύσεως
1088 2159 1234 2230 τάξιν
1268 2159 1357 2213 καὶ
1404 2161 1642 2231 ἀπαντὴν
1674 2169 1773 2232 τῆς
1806 2184 1930 2239 συγ-

285 2248 492 2319 κλήτου
538 2248 627 2303 καί
684 2252 794 2303 τῶν
865 2253 1046 2323 μερῶν
1103 2249 1197 2311 τὰς
1256 2247 1553 2313 ἐπινικίους
1612 2252 1793 2327 φωνὰς
1841 2252 1933 2307 καὶ

280 2335 555 2415 προόδους
612 2337 701 2392 καὶ
759 2341 867 2391 τῶν
896 2334 1081 2416 δοχῶν
1128 2338 1226 2399 τὰς
1287 2340 1610 2403 τοποθεσίας
1643 2342 1671 2395 ὁ
1701 2344 1939 2417 πραιπό-

283 2449 430 2491 σιτος
486 2426 816 2500 διωρίσατο,
882 2426 1300 2502 ὑπουργούντων
1358 2429 1511 2502 αὐτῷ
1565 2434 1663 2485 τοῦ
1714 2452 1768 2487 τε
1833 2438 1933 2502 τῆς

280 2515 657 2578 καταστάσεως
705 2515 797 2571 καὶ
854 2520 961 2570 τῶν
1011 2515 1385 2591 σιλεντιαρίων
1436 2519 1658 2575 καὶτοῦ
1693 2515 1935 2576 κουϐου-

276 2606 469 2666 κλείου
515 2606 740 2669 παντός·
771 2607 830 2664 Ὀ
857 2604 1037 2661 τοίνυν
1100 2606 1451 2681 έναπομείνας
1509 2609 1650 2681 μετὰ
1676 2612 1774 2665 τοῦ
1831 2630 1935 2683 μα-

278 2699 502 2774 γίστρου
533 2696 623 2752 καὶ
671 2698 768 2750 τοῦ
801 2694 1073 2775 ἐπάρχου,
1107 2697 1133 2751 ὁ
1164 2697 1254 2751 καὶ
1287 2693 1489 2752 διέπων
1522 2699 1623 2769 τήν
1663 2696 1724 2753 έκ
1753 2718 1932 2774 προσ-

288 2786 442 2839 diuos
484 2790 576 2840 τοῦ
629 2783 898 2859 βασιλέως
940 2783 1191 2848 δουλείας
1244 2786 1424 2861 ἀρχὴν
1486 2787 1698 2858 Βαάνης
1745 2789 1835 2858 ἦν,
1904 2790 1933 2844 ὁ

300 2874 574 2949 πατρίκιος
622 2875 982 2951 πραιπόσιτος
1037 2878 1126 2931 καὶ
1187 2874 1570 2953 σακελλάριος,
1629 2878 1812 2943 καθὼς
1868 2880 1930 2935 τὸ

296 2962 522 3019 παλαιὸν
576 2965 784 3042 ἐγράτει
823 2970 941 3028 τοῖς
994 2964 1305 3041 βασιλεῦσιν
1362 2961 1504 3038 ἔθος,
1567 2966 1931 3043 ἐξερχομένου

282 3059 380 3110 τοῦ
420 3053 690 3129 βασιλέως
719 3054 809 3111 ἐπὶ
858 3056 1134 3133 φοσσάτου
1185 3058 1275 3112 τὸν
1336 3057 1696 3133 πραιπόσιτον
1728 3064 1928 3133 παρεᾷν

275 3146 377 3214 τήν
440 3145 632 3200 ἑαυτοῦ
689 3144 871 3224 αρχῆς
932 3145 1293 3216 ἐπικράτειαν,
1350 3148 1441 3202 καὶ
1508 3151 1588 3219 τῷ
1648 3148 1931 3224 μαγίστρῳ

276 3236 364 3289 καὶ
410 3239 489 3306 τῷ
550 3233 777 3310 ἐπάρχῳ
819 3235 917 3304 τήν
962 3241 1063 3304 τῆς
1110 3235 1393 3300 πολιτείας
1442 3236 1533 3292 καὶ
1577 3241 1675 3292 τοῦ
1742 3243 1927 3293 κοινοῦ

273 3325 372 3394 τήν
408 3321 706 3394 διοίκησιν,
752 3324 1065 3381 Ἐπανιόντι
1096 3324 1277 3380 τοίνυν
1319 3328 1400 3398 τῷ
1447 3323 1665 3401 βασιλεῖ
1694 3326 1798 3382 ἀπὸ
1826 3333 1925 3383 τοῦ

272 3416 550 3489 (posci-:00
588 3411 906 3487 ἆντικήψεις
959 3411 1335 3469 πλεῖσταικαὶ
1394 3411 1615 3489 δωρεῶν
1682 3418 1926 3492 παροχαὶ

2042 1984 2332 2057 templum
2354 1982 2746 2040 sanctissima:
2769 1982 2869 2039 Dei
2893 1982 3220 2050 Genitricis,
3246 1990 3587 2041 occurrente
3616 1984 3698 2039 ibi

2061 2074 2398 2147 patriarcha
2445 2089 2579 2129 cum
2622 2076 2741 2129 toto
2787 2073 2991 2129 ordine
3040 2072 3263 2144 Magne
3306 2073 3576 2130 Ecclesia
3624 2075 3699 2131 ad

2045 2164 2285 2219 modum
2317 2160 2775 2235 supplicantium
2808 2161 3177 2232 procedente.
3213 2162 3276 2217 In
3309 2162 3422 2218 isto
3480 2162 3699 2234 templo

2046 2252 2441 2309 accendebant
2470 2249 2693 2307 domini
2716 2266 2915 2308 cereos
2938 2267 2971 2307 a
2998 2250 3308 2323 praeposito
3339 2252 3605 2321 traditos,
3645 2260 3701 2309 et

2044 2342 2295 2415 peractis
2339 2341 2629 2415 precibus,
2680 2341 2935 2411 exibant,
2994 2342 3282 2397 exuebant
3328 2341 3697 2411 vestimenta,

2045 2431 2246 2505 qualia
2276 2432 2560 2488 hactenus
2592 2434 2984 2503 gestaverant,
3012 2430 3370 2488 militaribus
3390 2432 3704 2504 imperato-

2043 2524 2209 2580 ribus
2240 2538 2522 2594 congrua,
2554 2527 2612 2578 et
2654 2521 2983 2577 induebant
3019 2526 3224 2577 contra
3260 2520 3542 2577 dibetesia
3590 2521 3700 2577 tri-

2043 2611 2255 2668 blattia
2282 2617 2334 2667 et
2364 2610 2704 2683 chlamydas
2735 2608 3152 2681 aurolintextas
3172 2611 3230 2664 et
3259 2610 3565 2681 campagia
3597 2626 3612 2676 ;
3643 2613 3702 2667 et

2043 2702 2129 2759 sic
2176 2717 2367 2772 porro,
2416 2699 2886 2772 praecedentibus
2933 2713 3126 2755 coram
3148 2698 3295 2770 ipsis
3316 2698 3502 2755 sacris
3522 2699 3698 2766 vasis,

2042 2789 2278 2861 labaris,
2328 2789 2541 2861 signis,
2587 2788 2819 2857 bandis,
2887 2788 3119 2859 magnis
3177 2786 3446 2859 sceptris,
3502 2788 3697 2844 aureis

2044 2877 2303 2935 ﬂamulis
2359 2884 2417 2934 et
2467 2876 2787 2933 venerabili
2855 2891 3050 2941 cruce,
3106 2892 3233 2947 quae
3297 2874 3698 2946 magnitudine

2041 2983 2523 3041 gemmarumque
2546 2981 2790 3023 numero
2810 2964 3168 3037 spectabibia
3187 2967 3297 3028 est,
3321 2964 3561 3035 traiecto
3584 2981 3700 3023 me-

2042 3057 2138 3114 dio
2169 3058 2313 3124 foro,
2348 3056 2739 3129 procedebant
2765 3069 2950 3127 usque
2970 3053 3045 3110 ad
3077 3053 3329 3109 millium
3354 3073 3369 3123 ;
3396 3069 3497 3125 per
3527 3055 3699 3126 cujus

2043 3147 2333 3220 porticum
2365 3144 2612 3215 ingressi
2643 3145 2702 3200 in
2734 3143 3121 3214 horologium,
3156 3143 3519 3214 deponebant
3540 3143 3696 3200 intu-

2041 3238 2129 3293 las
2151 3240 2207 3291 et
2236 3250 2480 3291 coronas
2510 3234 2572 3290 in
2604 3233 2927 3302 metatorio,
2963 3234 3119 3306 quod
3154 3237 3237 3288 est
3268 3232 3425 3287 intra
3454 3231 3695 3289 Formo-

2039 3344 2163 3385 sam
2213 3330 2442 3397 portam
2496 3325 2741 3397 [Magnae
2792 3323 3062 3380 Ecclesiae
3103 3340 3205 3379 seu
3238 3327 3293 3379 Β.
3335 3322 3604 3394 Sophim],
3641 3326 3699 3379 et

2037 3417 2336 3474 intrabant
2392 3415 2452 3471 in
2514 3415 2870 3483 narthecem,
2923 3414 3273 3485 peragebant
3314 3428 3510 3485 preces
3561 3429 3694 3469 cum

1341 3514 1546 3571 JOAN.
1580 3514 1724 3571 JAC.
1758 3515 2023 3574 REISKII
2054 3513 2627 3573 COMMENTARIUS

342 3612 453 3684 (39)
492 3612 625 3667 Vid.
681 3629 864 3685 supra
912 3614 985 3669 ad
1033 3630 1089 3684 p.
1137 3613 1264 3683 267,
1311 3614 1410 3669 ubi
1449 3615 1523 3670 de
1577 3614 1820 3671 vocibus
1849 3617 1921 3671 ad

276 3684 433 3741 hunc
464 3685 707 3741 modum
741 3684 1078 3755 compositis
1108 3687 1181 3741 ab
1213 3686 1525 3757 interprete
1567 3687 1926 3743 resolvendis

273 3762 331 3813 et
364 3772 466 3827 per
495 3758 780 3831 insertum
813 3761 866 3831 et
888 3757 1215 3831 jungendis
1251 3758 1392 3831 dixi.
1444 3758 1746 3831 signiticet
1773 3760 1928 3815 enim

274 3826 441 3901 pestes
460 3831 511 3901 et
538 3826 906 3901 miltiaresial
926 3826 1067 3885 Tam
1094 3830 1469 3901 pervulgatus
1491 3826 1633 3885 olim
1660 3847 1786 3886 mos
1807 3836 1931 3887 erat

271 3900 335 3955 in
392 3900 548 3955 aulis
608 3899 844 3954 Persica
892 3908 946 3955 et
995 3899 1375 3956 orientalibus
1417 3900 1930 3958 Muhammedanis

273 3973 579 4039 omnibus,
611 3970 881 4037 Russica,
924 3971 1268 4027 Christianis
1308 3973 1601 4043 Europaeis
1631 3976 1929 4043 omnibus,

275 4051 332 4099 et
360 4044 553 4099 adhuc
582 4047 675 4098 est
704 4042 764 4098 in
799 4042 1065 4109 Turcica,
1098 4053 1150 4100 et
1181 4049 1299 4099 tam
1349 4042 1681 4116 plenareius
1723 4062 1931 4102 monu-

273 4122 498 4189 menta,
525 4117 584 4169 ut
609 4129 754 4184 pene
777 4131 1279 4189 supervacaneum
1304 4115 1381 4170 sit
1409 4115 1929 4189 degilloiexponere.

278 4187 427 4242 Cum
461 4192 658 4241 tamen
694 4186 864 4242 toties
887 4186 1013 4257 ejus
1044 4186 1103 4242 in
1139 4191 1341 4242 nostro
1374 4187 1571 4243 codice
1597 4186 1933 4245 tiat'mentio

282 4258 553 4331 religioni
580 4258 735 4331 duco
766 4273 899 4312 eum
932 4257 1102 4331 plane
1132 4258 1415 4314 intactum
1454 4259 1765 4331 praeterire.
1806 4260 1935 4316 Jam

279 4329 712 4401 antiquissimis
743 4330 1101 4401 temporibus
1131 4335 1322 4385 vestes
1352 4329 1503 4385 dono
1533 4330 1657 4386 dari
1690 4346 1936 4387 consue-

278 4402 456 4466 visse,
497 4404 741 4472 apparet
792 4417 823 4456 e
870 4401 1113 4457 Diodoro
1163 4401 1378 4465 Siculo,
1420 4402 1478 4457 in
1520 4403 1697 4471 cujus
1736 4402 1775 4457 l.
1816 4420 1934 4471 ιιι,

277 4474 483 4545 Εοιοε.
543 4488 685 4545 p_ag._
714 4472 841 4541 491,
891 4473 1028 4545 edit.
1067 4474 1414 4545 wesseling.
1450 4473 1568 4528 haec
1607 4474 1878 4545 leguntur
1919 4490 1932 4529 :

278 4539 856 4631 ἀσμένωςδεξάμενος
882 4543 973 4597 τὸν
1009 4544 1284 4598 νεανίσκον
1311 4539 1695 4670 ἑᾷεαιῇοοὶὶξ
1721 4545 1937 4618 ﬁlium]

278 4615 488 4670 στολὴν
535 4615 777 4670 περιθεις
827 4613 1119 4670 Βασιλικῆν
1170 4616 1260 4669 καὶ
1345 4635 1460 4670 ωοα
1516 4613 1645 4670 δοὺς
1698 4615 1937 4670 μεγαλο-

277 4613 488 4691 στολήν
526 4614 777 4691 ’περιθεὶς
826 4613 1260 4691 βασιλικῇνηκαὶ
1311 4613 1460 4689 δῶρα
1516 4613 1645 4691 δοὺς
1698 4613 1939 4691 μεγαλοξ

2047 3613 2279 3686 nempe]
2321 3612 2402 3686 si
2441 3612 2550 3686 τῷν
2599 3606 2906 3681 ἀναϐολῶν,
2962 3612 3035 3686 ὧν
3096 3611 3276 3686 εἶχον,
3334 3607 3481 3686 παρὰ
3513 3609 3699 3686 ’βασι-

2045 3682 2203 3745 λέωξ
2258 3682 2683 3761 ξρ-ιλοτιμότερον
2732 3682 3459 3761 μετημφίαστο..”οὴτοηὶο.
3504 3682 3699 3761 Lassi-

2042 3774 2224 3814 nense
2260 3754 2358 3827 ill,
2386 3754 2463 3812 39'
2490 3774 2503 3812 :
2537 3754 2777 3813 Michael
2811 3754 3338 3827 Parapinaciuspro
3358 3756 3536 3827 salute
3564 3754 3693 3809 ani-

2042 3846 2144 3885 mze
2199 3822 2480 3899 suae'per
2534 3838 2869 3900 praeceptum
2924 3822 3173 3900 [sacram
3196 3822 3466 3895 κέλευσιν]
3524 3840 3695 3879 aurea

2044 3902 2197 3957 bulla
2226 3900 2494 3955 bullatum
2523 3900 2833 3965 constituit,
2867 3904 2926 3953 ut
2970 3915 3072 3969 per
3108 3911 3547 3969 unumquemque
3566 3912 3692 3969 gang-

2039 3988 2178 4028 num
2230 3971 2626 4031 monasterium
2652 3967 3065 4043 _[Cassinen:se]
3106 3967 3345 4039 accipiat
3381 3967 3460 4023 de
3480 3967 3693 4043 palatio

2043 4044 2249 4100 CPtani
2272 4043 2496 4119 imperii
2530 4039 2871 4098 auri'tibras
2923 4039 3130 4119 viginti
3157 4046 3397 4119 quatuor
3431 4039 3694 4119 et__pattia

2042 4123 2277 4186 quatuor
2332 4114 2406 4169 ad
2460 4122 2662 4186 nostra
2717 4114 3158 4186 congregationis
3212 4114 3689 4186 sustentationem.

2042 4182 2301 4242 Cail'arus
2332 4185 2540 4240 Annal.
2576 4185 2864 4255 Genuens.
2898 4185 2958 4255 (t.
3000 4183 3074 4239 VI
3114 4184 3326 4254 Script,
3378 4182 3509 4237 Rer.
3559 4182 3688 4255 Ital.

2045 4257 2282 4327 Murat.)
2351 4272 2481 4328 pag.
2518 4256 2646 4321 265,
2685 4254 2785 4325 ait,
2826 4253 2978 4328 anno
3021 4256 3157 4310 1154
3197 4253 3397 4328 pacem
3431 4268 3566 4328 cum
3607 4253 3690 4308 le-

2045 4334 2180 4402 gato
2221 4324 2591 4402 imperatoris
2634 4327 2923 4402 Manuelis
2958 4324 3243 4382 Comnetii
3289 4326 3440 4380 hanc
3486 4324 3690 4381 initam

2048 4399 2247 4466 fuisse,
2279 4403 2344 4455 ut
2372 4399 2624 4470 deinceps
2653 4400 2713 4455 in
2742 4401 3067 4471 perpetuum
3108 4414 3206 4471 per
3251 4410 3692 4471 unumquemque

2048 4488 2261 4529 annum
2281 4475 2540 4527 ducentos
2568 4486 2821 4544 perp‘eros
2842 4470 2903 4527 et
2931 4471 3036 4525 duo
3061 4470 3239 4542 pallia
3268 4485 3302 4524 a
3332 4472 3495 4544 curia
3522 4470 3688 4539 impe-

2049 4548 2250 4601 ratoris
2289 4539 2579 4599 commune
2616 4539 2857 4611 haberet,
2897 4550 2948 4597 et
2988 4539 3212 4611 insuper
3248 4539 3686 4611 archiepiscopus

2046 4633 2148 4688 per
2175 4632 2388 4672 annum
2418 4617 2479 4670 in
2494 4619 2818 4688 perpetuum
2836 4628 3098 4685 perper-os
3115 4614 3410 4684 sexaginta
3447 4616 3682 4688 etunupt

274 4690 466 4761 πρεπῆ
515 4683 850 4741 ἀπέστειλεν.
895 4683 1082 4761 Apud.-
1116 4683 1577 4761 Nostrum-sape
1617 4683 1935 4747 ﬁt'm'entio
1967 4691 2013 4758 D
2039 4683 2282 4761 pallium
2321 4683 2566 4761 haberet,
2603 4683 3265 4761 dictumquecommune;
3285 4700 3457 4739 unum
3495 4683 3689 4761 fundi:

274 4754 533 4833 vestium
564 4761 894 4833 ad_exter_os
937 4754 1089 4833 λόγῳ
1119 4758 1378 4829 ξεναλίων
1421 4754 1758 4833 missarum,
1800 4762 1935 4817 item
1969 4754 2001 4758 ⁷
2039 4754 2251 4833 'cumet
2280 4760 2563 4833 ecclesiam
2592 4758 2653 4813 in
2697 4754 2849 4833 CPtiI
2890 4756 3190 4833 Obtineret
3209 4754 3306 4833 ille
3363 4754 3503 4833 mos
3529 4754 3687 4833 apud

270 4835 397 4917 τοςῐς
426 4830 1117 4917 πρόσευξι,.ρτίορξρίὶξυε
1155 4834 1369 4917 exteris
1408 4832 1501 4917 sui
1527 4832 1687 4914 “juris
1728 4835 1786 4917 et
1824 4833 1939 4887 du-

274 4904 449 4959 cibus
472 4901 835 4975 militaribus
868 4901 1107 4960 alterius
1137 4903 1378 4960 ditionis
1409 4903 1489 4975 ad,
1524 4901 1939 4975 imperatorem

270 4980 537 5031 Graecum
563 4974 951 5042 venientibus,
994 4978 1095 5032 aut
1122 4975 1181 5030 in
1214 4980 1403 5032 castra
1444 4974 1572 5045 ejus
1616 4974 1938 5031 transeun-

274 5049 459 5114 tibus,
504 5045 642 5105 item
675 5046 994 5103 rectoribus
1035 5046 1286 5103 militum
1332 5051 1567 5103 strenue
1624 5063 1686 5103 se
1733 5062 1937 5117 geren-

274 5119 440 5175 tibus
470 5117 680 5175 honori
712 5118 980 5189 datarum
1016 5143 1031 5187 ;
1066 5122 1130 5175 ut
1167 5123 1225 5175 et
1264 5119 1537 5184 vestium,
1580 5118 1934 5189 quibuscum

272 5208 483 5248 recens
553 5189 819 5247 honorati
878 5188 1355 5247 investiebantur.
1425 5188 1820 5256 Luitprandus
1874 5190 1931 5246 in

274 5262 530 5320 historia
576 5262 615 5317 l.
657 5267 1050 5335 vx,_recensegt
1094 5267 1236 5335 quot
1264 5272 1460 5335 vestes
1491 5278 1632 5335 cum
1674 5262 1933 5335 nummis

270 5335 524 5391 solemni
565 5339 704 5391 ante
744 5333 962 5405 festum
1009 5333 1309 5391 Paschalis
1360 5333 1666 5405 largitione
1715 5333 1933 5390 summi

273 5403 962 5480 quiqueiaulazAQPtanaa
1008 5421 1279 5480 proceres
1319 5403 1671 5480 acceperint.
1713 5409 1935 5480 Pachy-

273 5472 463 5551 ﬁterbs
516 5479 641 5551 VII,
881 5472 1295 5551 ὑπερθαυμάτας
1341 5472 1647 5551 τὸνίόίνδρα
1695 5472 1929 5551 πολλοῖς

275 5546 562 5625 δωρεῖται,
622 5545 875 5625 aptum
1076 5544 1166 5625 est
1220 5547 1511 5625 αιξξεὶνωχ]Δ
1545 5544 1654 5625 *τ’ἠν
1682 5618 1693 5625 _
1729 5544 1930 5625 ἐκείνου

272 5616 463 5696 τιμὴν,
494 5616 600 5675 οὔκ
630 5616 896 5696 manus
920 5616 1095 5696 ,ἑιάγον
1131 5616 1388 5696 ἱματᾉίὲυνν
1422 5616 1570 5696 ἀλλᾷ
1608 5618 1705 5696 xei
1737 5623 1929 5696 χρυεΞῷ

273 5688 365 5748 καὶ
402 5688 608 5754 ’ἱπποις
643 5688 806 5748 αὐτὸν
856 5688 1218 5765 δεξιούμενος.
1235 5693 1417 5765 idem
1464 5693 1595 5765 ΧΗ,
1644 5690 1713 5765 ίρ
1733 5688 1931 5765 {-106-

272 5765 692 5853 τονμβσσιλεῦς
752 5757 1171 5853 μετέωέύμὲνίας
1231 5760 1448 5853 δέχεται
1505 5757 1595 5853 καὶ
1655 5757 1928 5853 ἀλλαγαῖς

275 5834 506 5914 ἀγάλλει
551 5842 615 5894 et
684 5834 812 5908 cap.
854 5836 924 5891 29
966 5834 995 5891 ε’
1021 5840 1137 5897 τοῖς
1175 5834 1470 5912 ναυάρχοις
1511 5834 1930 5908 [Januensibus

2048 4848 2158 4888 nos
2191 4830 2362 4903 hodie
2392 4846 2642 4903 quoque,
2676 4830 2790 4903 nisi
2830 4829 3103 4903 vestitum
3153 4832 3401 4903 veterem
3430 4831 3489 4881 et
3518 4825 3687 4903 pallii

2047 4901 2311 4974 gestandi
2342 4897 2563 4958 morem
2595 4897 3034 4974 abjecissemus.
3055 4902 3191 4974 Qum
3212 4900 3367 4974 enim
3412 4897 3686 4974 nationes

2047 4969 2150 5030 aut
2201 4972 2341 5029 olim
2375 4974 2595 5028 dabant
2624 4969 2725 5028 aut
2756 4972 2948 5028 adhuc
2998 4971 3171 5027 hodie
3198 4972 3342 5027 dant
3396 4974 3591 5026 vestes
3624 4969 3687 5026 in

2046 5043 2237 5112 donis,
2262 5060 2464 5100 earum
2485 5044 2638 5100 dona
2658 5044 2992 5100 consistunt
3018 5044 3077 5099 in
3097 5042 3288 5114 palliis
3319 5042 3516 5115 vastis,
3559 5058 3688 5115 qua

2043 5116 2231 5172 cuivis
2261 5120 2496 5171 staturae
2520 5120 2936 5185 congruunt,et
2965 5115 3373 5170 tantummodo
3412 5114 3690 5185 injiciun-

2043 5192 2141 5244 tur
2170 5186 2411 5258 reliquis
2440 5188 2700 5243 veslibus
2729 5203 2946 5257 easque
2976 5192 3312 5259 contegunt.
3345 5186 3463 5242 Nos
3492 5194 3688 5259 autem

2045 5258 2267 5316 strictis
2290 5257 2510 5314 utimur
2546 5258 2710 5314 Tam.
2745 5264 3081 5330 appetentes
3113 5257 3285 5314 hodie
3314 5265 3453 5314 sunt
3480 5257 3689 5314 talium

2046 5331 2331 5388 donorum
2365 5331 2586 5396 Turcis,
2623 5338 2684 5386 ut
2711 5329 2904 5386 vestes
2949 5329 3167 5386 sericas
3205 5331 3398 5386 aureis
3430 5330 3688 5385 muneri-

2045 5404 2155 5459 bus
2203 5402 2672 5474 prteferantquod
2708 5418 2748 5474 ge
2786 5401 3059 5458 Busbekii
3100 5402 3377 5474 Epistolis
3441 5407 3690 5474 constat.

2043 5473 2123 5531 De
2162 5472 2320 5529 more
2349 5472 2723 5543 adhuc'apud
2755 5489 2862 5528 nos
2893 5472 3205 5545 superstite
3233 5481 3287 5528 et
3319 5472 3483 5538 olim,
3508 5472 3569 5545 in
3593 5489 3691 5545 cu-

2041 5548 2126 5602 ria
2156 5550 2277 5601 tam
2311 5545 2649 5617 Byzantina,
2678 5561 2854 5617 quam
2901 5544 3179 5601 Francica
3206 5546 3509 5617 observato
3554 5544 3689 5617 Iibe-

2038 5619 2283 5674 rationes
2311 5611 2388 5690 [id
2418 5611 2766 5690 astutiorées]
2798 5616 3184 5690 distribuendi
3223 5616 3375 5670 inter
3403 5615 3547 5690 aulae
3576 5611 3687 5690 mi-

2041 5691 2280 5760 nistros,
2311 5683 2429 5760 erit
2468 5686 2609 5742 alibi
2671 5683 2881 5760 agendi
2927 5687 3111 5747 locus.
3162 5686 3386 5744 Interea
3438 5683 3558 5742 vid.
3598 5687 3687 5741 Du

2036 5760 2229 5834 Gange
2258 5759 2311 5817 ν.
2344 5759 2637 5818 Liberalia.
