4052 6412
311 413 431 476 959

1397 403 1920 467 CONSTAN'I‘INI
1959 401 2658 467 PORPHYROGENITI

3610 401 3737 463 960

310 545 551 602 ﬂoribus
580 541 770 611 indui,
801 539 1067 598 coronari
1113 543 1172 596 et
1223 537 1528 596 illustrari.
1580 535 1862 592 Militibus
1901 536 1960 593 in

2081 536 2288 609 Καῖσαρ
2310 533 2561 612 ἱφόρεσεν
2599 538 2838 613 χρυσοῦν
2883 531 3164 593 κλιϐάνιον
3212 533 3305 592 σὺν
3359 535 3730 610 μανικελλίων

302 633 604 704 triumpho
636 631 840 688 urbem
872 629 1176 702 ingressis,
1208 628 1558 698 exsurgebat
1589 626 1908 698 imperator
1937 641 1968 682 e

303 727 483 791 certe,
515 722 757 777 indutus
789 719 991 776 tunica
1015 734 1156 774 auro
1190 721 1466 788 pertexta,
1488 717 1643 772 loros
1691 713 1965 783 habente,

305 812 536 886 qualem
569 809 966 878 rhodobotryn
990 809 1117 879 [seu
1141 805 1467 877 rosuveam]
1490 803 1805 876 appellant,
1837 821 1966 877 spa-

303 901 467 958 tham
499 901 572 956 ad
604 900 762 955 latus
795 897 1016 954 habens
1065 913 1096 952 e
1143 895 1378 965 cingulo
1429 895 1877 966 dependentem,
1908 899 1968 950 et

304 994 366 1051 in
398 994 592 1064 capite
613 992 824 1048 tiaram
851 1006 978 1060 seu,
999 995 1064 1044 ut
1085 987 1314 1061 vulgari
1345 1003 1616 1044 sermone
1645 986 1964 1060 appellant,

302 1085 530 1148 tufam;
579 1097 765 1153 eoque
795 1081 852 1136 in
903 1083 1186 1151 apparatu
1236 1077 1616 1133 inscendebat
1653 1077 1712 1132 in
1746 1091 1964 1148 equum

303 1172 644 1238 candidum,
689 1168 783 1224 cui
833 1167 1084 1240 phaleras
1133 1165 1521 1237 stragulisque
1557 1169 1866 1237 gemmatis
1895 1166 1968 1221 de

299 1261 623 1318 cervicibus
669 1267 724 1316 et
761 1260 934 1314 dorso
985 1255 1411 1328 dependebant,
1446 1256 1506 1311 in
1538 1271 1651 1327 quo
1684 1254 1966 1326 provehe-

302 1351 499 1418 batur,
533 1350 735 1405 dextra
768 1363 946 1404 manu
977 1351 1276 1417 sceptrum
1308 1360 1542 1416 gerens.
1567 1345 1676 1409 Qui
1709 1345 1782 1400 ad
1811 1343 1967 1401 latus

301 1439 416 1512 ipsi
447 1437 749 1510 equitabat
779 1436 994 1503 Caesar,
1028 1434 1290 1506 [Alexius
1335 1433 1554 1499 Moseli,
1586 1448 1762 1505 gener
1791 1433 1966 1504 ejus,]

301 1529 483 1585 etiam
515 1528 573 1582 in
607 1543 759 1599 equo
789 1525 1041 1580 candido
1090 1522 1405 1596 gemmatis
1438 1521 1694 1592 phaleris
1724 1520 1965 1589 illustri,

302 1619 540 1692 gerebat
568 1631 811 1688 corpore
857 1614 1100 1670 loricam
1147 1627 1406 1680 auream,
1455 1610 1713 1667 armillas
1761 1626 1968 1667 aureas

301 1707 365 1763 in
398 1705 693 1772 manibus,
727 1703 1068 1776 podopsella
1101 1718 1204 1757 seu
1234 1699 1509 1774 genualia
1542 1716 1717 1756 aurea
1743 1700 1804 1755 in
1835 1716 1966 1755 cru-

305 1797 486 1864 ribus,
519 1794 579 1850 in
609 1792 799 1866 capite
828 1791 1116 1848 cassidem
1145 1806 1279 1847 eum
1318 1788 1548 1862 capitali
1594 1805 1697 1846 seu
1728 1787 1965 1846 redimi-

304 1887 436 1946 culo
467 1902 662 1957 aureo,
718 1885 792 1940 ad
839 1884 994 1939 latus
1053 1882 1346 1954 spatham,
1375 1885 1431 1936 et
1461 1880 1521 1936 in
1551 1881 1752 1937 dextra
1787 1895 1963 1936 manu

304 1977 529 2033 hastam
561 1990 821 2031 auream.
846 1973 932 2028 Ad
955 1972 1227 2045 exiguam
1251 1970 1322 2026 ab
1346 1976 1539 2027 Aurea
1562 1974 1729 2041 porta
1750 1969 1970 2026 distan-

304 2067 450 2124 tiam
474 2064 703 2122 delatus
724 2062 1118 2120 descendebat
1139 2060 1456 2132 imperator
1481 2074 1551 2115 ex
1579 2076 1752 2131 equo,
1789 2059 1971 2130 proci-

303 2155 481 2211 debat
512 2152 700 2223 humi,
737 2151 901 2208 vultu
952 2151 1024 2206 ad
1076 2149 1359 2206 orientem
1410 2163 1712 2214 converso,
1743 2151 1802 2203 et
1827 2147 1969 2203 ado-

306 2243 477 2298 rabat
508 2245 688 2297 Deum
721 2245 830 2297 ter.
853 2239 1076 2296 Deinde
1107 2253 1423 2310 resurgens
1453 2253 1658 2293 rursus
1688 2252 1968 2294 conscen-

308 2331 485 2386 debat
529 2345 770 2402 equum,
825 2333 883 2385 et
941 2327 1025 2383 sic
1082 2327 1320 2383 tandem
1350 2325 1611 2382 intrabat
1640 2326 1703 2381 in
1736 2341 1968 2382 auream

309 2423 564 2492 portam.
603 2418 710 2474 Per
737 2417 905 2488 cujus
953 2431 1196 2489 magnas
1248 2414 1469 2472 medias
1500 2413 1698 2471 valvas
1728 2411 1972 2470 intranti

311 2507 654 2576 efferebant,
689 2505 967 2576 magister
997 2511 1054 2560 et
1082 2505 1292 2577 diepon
1324 2521 1423 2560 seu
1456 2503 1710 2560 vicarius
1743 2502 1970 2576 imperii

303 2595 750 2653 administrator
781 2603 835 2650 et
868 2594 1172 2666 praefectus
1202 2593 1367 2649 urbis
1399 2608 1636 2649 auream
1669 2608 1968 2662 coronam,

309 2685 564 2758 gemmis
593 2688 651 2740 et
681 2683 1010 2756 margaritis
1033 2682 1231 2756 magni
1254 2681 1423 2756 pretii
1457 2686 1760 2744 ornatam;
1793 2697 1970 2754 quam

310 2778 623 2848 acceptans
673 2774 878 2830 dextro
926 2789 1035 2830 suo
1087 2772 1328 2830 brachio
1367 2772 1870 2844 eircumponebat.
1901 2771 1974 2828 Et

311 2865 581 2937 protinus
625 2863 1024 2919 obventabant
1079 2862 1194 2935 ipsi
1250 2861 1532 2919 factiones
1592 2861 1748 2918 haud
1779 2860 1971 2932 aliter,

310 2969 490 3026 quam
521 2952 580 3008 in
613 2951 1083 3023 processionibus
1127 2949 1355 3006 dierum
1407 2951 1686 3006 festorum
1719 2949 1844 3005 ﬁeri
1877 2965 1969 3004 so-

305 3042 410 3110 let,
442 3041 771 3098 accinentes
804 3040 1058 3113 hymnos
1091 3037 1496 3111 triumphales.
1526 3039 1666 3094 Inde
1697 3042 1973 3111 pergente

308 3133 657 3203 imperatore
705 3147 806 3201 per
850 3131 1040 3203 sigma
1095 3138 1151 3186 et
1209 3129 1478 3202 plateam,
1531 3146 1658 3201 qua;
1689 3129 1762 3185 ad
1793 3129 1972 3187 aedem

308 3220 509 3277 Sancti
535 3219 703 3277 Mocii
735 3220 919 3290 ducit,
943 3235 1132 3292 usque
1153 3219 1223 3274 ad
1249 3217 1522 3284 millium,
1545 3218 1972 3276 descendebant

1999 1929 2046 1996 Β

2075 624 2168 681 καὶ
2218 621 2584 699 ποδοψὲλλων
2631 625 2722 679 καὶ
2771 625 2950 680 αὐτῶν
2993 628 3236 701 χρυσῶν,
3283 623 3470 700 βαλὼν
3513 622 3604 680 ἐπὶ
3632 631 3736 695 τῆς

2076 713 2322 792 κεφαλῆς
2369 714 2535 770 αὐτοῦ
2583 715 2674 768 καὶ
2722 711 2916 770 κασίδα
2947 713 3040 769 σὺν
3077 713 3476 789 περικεφαλαίᾳ
3524 717 3734 789 χρυσῇ,

2079 807 2390 878 ζωσάμενος
2447 803 2537 859 καί
2605 803 2853 874 σπαθίον,
2925 799 3116 866 ἐπιϐὰς
3197 804 3285 860 καὶ
3352 804 3514 866 αὑτὸς
3577 801 3734 877 ἵππῳ

2077 896 2288 969 ὁμοίως
2320 895 2501 966 λευκῷ
2541 891 2634 948 σὺν
2664 895 2913 973 χιώματι
2965 890 3242 950 διαλίθου.
3267 889 3502 950 Ἔλαϐεν
3531 891 3591 949 δὶ
3636 894 3732 949 καὶ

2074 989 2142 1058 τῇ
2212 982 2362 1059 χειρὶ
2423 981 2642 1058 λόγχην
2704 986 2932 1058 χρυσᾶν·
2989 985 3184 1058 μικρὸν
3242 981 3300 1039 δὶ
3349 989 3450 1052 τῆς
3518 983 3734 1058 πόρτης

2075 1072 2369 1150 πεφθακὼς
2423 1074 2533 1145 (44)
2572 1067 2776 1143 κατὲϐη
2835 1076 2933 1126 τοῦ
2984 1071 3160 1128 ἵππου
3230 1073 3258 1128 6
3320 1071 3600 1144 βασιλεὺς,
3635 1073 3729 1128 καὶ

2074 1158 2260 1218 ἓπεσεν
2300 1158 2440 1234 πρὸς
2497 1159 2771 1223 ἀνατολὰς
2830 1163 3215 1236 προσκυνήσας
3263 1160 3464 1236 τρίτον.
3495 1161 3610 1218 Εἶθ’
3638 1160 3736 1217 οὕ-

2075 1272 2184 1314 τως
2215 1250 2448 1314 ἀναστᾶς
2479 1244 2647 1320 ἐπέϐη
2696 1253 2776 1322 τῷ
2814 1249 2990 1324 ἳππφ.
3021 1251 3137 1308 -Καὶ
3175 1249 3551 1329 εἰσερχομένῳ
3580 1250 3736 1324 αὐτῷ

2075 1342 2174 1410 τὴν
2227 1337 2475 1416 μεγάλην
2534 1341 2759 1413 Χρυσῆν
2810 1339 3040 1414 πόρταν,
3077 1343 3454 1417 προσήνεγκαν
3503 1339 3655 1414 αύτῷ
3703 1343 3734 1396 6

2080 1431 2380 1505 μάγιστρος
2412 1429 2504 1484 καὶ
2535 1429 2564 1483 6
2621 1425 2822 1485 διέπων
2875 1430 2966 1484 καὶ
2998 1430 3026 1485 6
3074 1425 3318 1507 ἔπαρχος
3374 1436 3476 1500 τῆς
3509 1429 3735 1492 πόλεως

2077 1523 2318 1594 χρυσοῦν
2361 1517 2619 1592 στέφανον
2649 1518 3148 1593 κατεσκευασμένον
3190 1517 3251 1575 ἔκ
3307 1517 3481 1584 λίθων
3524 1518 3733 1592 τιμίων

2075 1608 2164 1664 καί
2201 1609 2496 1684 μαργάρων
2525 1605 2870 1682 πολυτίμων,
2903 1610 2964 1663 ὅν
3002 1609 3092 1664 καὶ
3149 1604 3456 1682 λαϐόμενος
3501 1610 3529 1664 6
3579 1610 3738 1684 Bact-

2077 1697 2228 1767 λεὺς,
2275 1697 2525 1777 ἐφόρεσεν
2573 1697 2732 1754 αὐτὸν
2781 1696 2869 1754 ἐπὶ
2924 1702 3030 1753 τοῦ
3077 1695 3254 1772 δεξιοῦ
3290 1697 3608 1774 βραχίονος,
3639 1698 3735 1754 καὶ

2076 1787 2229 1850 εὐθὺς
2273 1788 2340 1843 τὰ
2372 1787 2512 1863 μέρη
2561 1787 2726 1843 αὐτὸν
2773 1787 3086 1859 ὺπήντησαν
3137 1787 3488 1863 ἐμπράττως,
3531 1789 3607 1851 ὡς
3639 1787 3734 1844 ἰπὶ

2075 1877 2406 1951 ὲορτασίμου
2472 1877 2796 1952 προκένσου,
2867 1876 3240 1956 εὐφημοῦντες
3309 1877 3568 1934 ἆπινίκια.
3633 1878 3736 1936 Καὶ

2077 1963 2358 2028 διοδεύσας
2408 1966 2514 2020 ἀπὸ
2572 1971 2681 2021 τῶν
2727 1964 2897 2021 ἐκεῖσε
2931 1963 3020 2020 διὰ
3066 1970 3163 2021 τοῦ
3195 1965 3458 2040 σίγματος
3505 1968 3734 2038 καὶτῆς

2075 2059 2213 2130 πρὸς
2234 2059 2328 2114 τὸν
2362 2060 2550 2134 ’Δγιον
2602 2059 2825 2117 Μώκιον
2859 2057 3025 2133 μέχρι
3054 2062 3150 2114 τοῦ
3180 2056 3394 2131 μιλίου.
3426 2061 3516 2116 Ἑν
3556 2061 3602 2132 ᾧ
3636 2082 3736 2134 μισ

2078 2147 2186 2220 λίῳ
2241 2143 2518 2218 ἂπὲϐησαν
2548 2153 2655 2203 τῶν
2686 2146 2880 2204 ἵππων
2934 2149 2986 2202 οἱ
3031 2154 3132 2218 τῆς
3165 2147 3481 2224 συγκλήτου
3510 2149 3600 2204 καὶ
3633 2170 3734 2206 πε-

2081 2237 2323 2308 ζεύοντες
2366 2234 2690 2314 δηρίγευσαν
2730 2235 3034 2312 ἔμπροσθεν
3105 2241 3204 2293 τοῦ
3277 2237 3546 2314 βασιλέως
3631 2236 3740 2303 ἕως

2077 2331 2175 2382 τοῦ
2207 2325 2438 2405 φρέατος
2465 2333 2567 2396 τῆς
2597 2327 2785 2403 Ἀγίας
2816 2327 3044 2406 Σοφίας.
3077 2325 3232 2397 Πλὴν
3271 2327 3366 2382 οὖν
3406 2329 3458 2382 ο¹ι
3490 2328 3594 2384 ἀπὸ
3626 2334 3738 2385 τῶν

2081 2411 2182 2486 ἔξω
2232 2417 2663 2480 συνεισελθόντες
2710 2420 2791 2488 τῷ
2841 2415 3062 2489 βασιλεῖ
3103 2415 3155 2471 ἐν
3199 2419 3270 2490 τῇ
3338 2415 3524 2483 πόλει,
3592 2418 3738 2490 μετά

2084 2508 2304 2580 χρυσῶν
2347 2499 2644 2560 κλιϐανίῶν
2713 2507 2805 2560 καὶ
2855 2505 3100 2570 σπαθίων
3149 2504 3239 2562 καὶ
3290 2507 3581 2581 κονταρίων
3616 2505 3727 2560 sla-

2079 2593 2255 2664 ἦλθον
2285 2589 2537 2672 ἔφιπποι,
2572 2593 2721 2665 τάξις
2753 2595 2950 2666 ἑκάστη
2984 2591 3095 2667 ίδίᾳ
3131 2595 3222 2665 καὶ
3251 2594 3443 2671 χωρίς’
3475 2589 3723 2668 ἔμπροσ-

2081 2685 2167 2740 θεν
2209 2688 2306 2740 τοῦ
2340 2683 2614 2758 βασιλέως
2645 2685 2695 2739 οἱ
2727 2685 3079 2760 πραιπόσιτοι
3120 2684 3209 2740 καὶ
3241 2684 3301 2741 τὸ
3322 2678 3728 2755 κουϐούκλειον,

2081 2767 2536 2850 χρυσοκλίόανοι·
2587 2769 2807 2829 ὄπισθεν
2858 2772 2917 2830 δὲ
2965 2775 3040 2837 ὡς
3090 2775 3196 2830 ἀπὸ
3265 2775 3495 2850 ὀργυιῶν
3576 2775 3737 2831 πὲντε

2080 2863 2562 2938 πρωτοσπαθάριοι
2633 2863 2890 2940 εὐνοῦχοι
2955 2865 3090 2938 μετὰ
3165 2867 3384 2939 χρυσῶν
3435 2858 3740 2920 κλιϐανίων

2081 2953 2170 3007 καὶ
2223 2947 2668 3011 σπαθοϐακλίων.
2725 2953 2817 3011 Ἔν
2853 2951 2910 3008 δὲ
2965 2956 3035 3020 τῆ
3096 2951 3283 3028 χαλκῇ
3322 2957 3422 3008 τοῦ
3460 2951 3740 3010 παλατίου

2080 3038 2208 3114 ἔστη
2263 3039 2568 3118 ἔμπροσθεν
2616 3049 2719 3113 τῆς
2768 3041 2952 3114 πύλης
2993 3041 3298 3100 πούλπιτον
3345 3045 3484 3117 (45),
3540 3042 3632 3098 καὶ
3664 3044 3745 3106 εἷς

2078 3133 2142 3190 τὸ
2167 3129 2222 3188 ἓν
2277 3133 2440 3208 μὲρος
2483 3132 2546 3188 τὸ
2575 3137 2815 3210 χρυσοῦν
2867 3128 3089 3208 ὄργανον
3139 3134 3204 3189 τὸ
3243 3131 3538 3208 λεγόμενον
3580 3151 3743 3205 πρω-

2079 3223 2348 3294 τόθαυμα,
2372 3220 2446 3283 εἷς
2479 3217 2538 3277 δὲ
2567 3223 2629 3276 τὸ
2658 3219 2780 3296 ἔτερ
2793 3243 2852 3277 ον
2907 3221 3070 3298 μέρος
3101 3224 3315 3293 σέντζον
3372 3225 3618 3298 χρυσοῦν
3645 3224 3740 3278 καί

306 3314 613 3367 senatores
642 3309 702 3364 in
733 3307 918 3364 millio
951 3324 1020 3364 ex
1049 3307 1233 3379 equis,
1265 3310 1323 3363 et
1352 3306 1746 3380 procedebant
1775 3323 1969 3365 coram

2085 3309 2354 3384 διάλιθον,
2399 3312 2562 3386 μέσον
2618 3310 2677 3368 δὲ
2733 3313 2946 3368 τούτων
2993 3313 3022 3369 6
3083 3316 3321 3390 χρυσοῦς
3373 3313 3599 3387 σταυρὸς
3645 3311 3742 3367 καὶ

301 3397 430 3469 ipso
490 3399 551 3454 in
609 3397 856 3468 pedibus
896 3397 966 3452 ad
1024 3411 1212 3468 usque
1263 3402 1505 3468 puteum
1533 3395 1621 3452 vel
1655 3396 1966 3454 cisternam

308 3486 614 3543 lustralem
647 3486 868 3540 Sanclaa
899 3483 1145 3557 Sophias.
1179 3487 1253 3540 At
1303 3485 1406 3556 qui
1456 3500 1591 3540 cum
1621 3483 1972 3557 imperatore

307 3576 370 3631 in
432 3574 636 3630 urbem
695 3589 725 3629 e
783 3575 994 3630 castris
1045 3579 1104 3631 et
1159 3573 1528 3645 expeditione
1567 3575 1854 3644 redibant,
1889 3574 1972 3630 illi

305 3664 498 3721 aureis
527 3679 662 3719 cum
696 3662 894 3720 loricis
944 3668 1003 3719 et
1046 3663 1276 3735 spathis
1326 3667 1384 3719 et
1430 3663 1622 3720 contis
1654 3681 1754 3720 seu
1792 3664 1973 3721 hastis

305 3753 608 3810 intrabant
638 3752 888 3825 equites,
922 3753 1078 3810 292
1102 3753 1243 3810 ordo
1270 3753 1521 3826 quisque
1563 3752 1831 3821 seorsim,
1864 3753 1973 3809 hoc

307 3844 532 3901 ordine.
564 3846 765 3900 Coram
816 3843 1173 3916 imperatore
1222 3842 1626 3916 praecedebant
1673 3841 1971 3916 praepositi

304 3939 364 3990 et
419 3935 489 3990 ad
549 3933 890 3990 cubiculum
949 3933 1309 4005 pertinentes
1377 3934 1434 3988 in
1495 3933 1689 3990 aureis
1735 3932 1970 4002 loricis;

310 4039 459 4094 pone
489 4038 586 4078 eos
616 4026 809 4078 autem
859 4027 917 4078 et
965 4037 1114 4093 pone
1164 4022 1575 4096 imperatorem
1608 4023 1680 4079 ad
1714 4023 1972 4095 quinque

303 4113 487 4169 ferme
507 4127 815 4184 orgyarum
846 4112 1181 4168 distantiam
1207 4111 1662 4184 protospatharii
1693 4111 1970 4183 eunuchi,

303 4201 504 4258 itidem
527 4217 660 4258 eum
691 4201 888 4258 aureis
918 4200 1118 4258 loricis
1147 4206 1204 4259 et
1252 4200 1695 4273 spathobacliis.
1732 4199 1804 4258 Ut
1833 4219 1971 4275 ergo

305 4292 367 4347 in
397 4308 466 4348 ea
495 4291 867 4364 processione
897 4300 1236 4360 provenerat
1265 4291 1582 4363 imperator
1626 4290 1702 4347 ad
1748 4291 1810 4349 S.
1862 4292 1972 4348 Sa-

307 4381 531 4454 phiam,
563 4381 956 4439 descendebat
985 4397 1053 4438 ex
1104 4397 1277 4454 equo,
1307 4381 1563 4437 intrabat
1591 4381 1648 4436 in
1681 4383 1970 4455 templum

307 4486 411 4544 per
441 4486 634 4529 aream
667 4469 853 4529 sancti
885 4469 1066 4544 putei,
1100 4469 1348 4528 faciebat
1401 4469 1481 4526 ibi
1522 4486 1742 4543 preces,
1775 4471 1972 4528 factis-

2082 3398 2327 3464 διάλιθος
2376 3400 2403 3455 6
2439 3399 2630 3476 μέγας·
2678 3402 2736 3459 Ὀ
2790 3399 2846 3456 δὲ
2883 3399 3139 3476 βασιλεὺς
3182 3395 3394 3466 ἀποϐάς
3424 3405 3521 3458 τοῦ
3555 3398 3737 3456 ἵππου

2082 3488 2333 3559 εἰσῆλθεν
2367 3486 2455 3546 διὰ
2483 3495 2582 3545 τοῦ
2619 3489 2851 3569 φρέατος
2899 3489 2977 3552 εἰς
3024 3491 3125 3560 τὴν
3167 3489 3352 3565 Ἀγὶαν
3383 3489 3607 3567 Σοφίαν,
3642 3489 3740 3545 καὶ

2083 3577 2372 3652 εὐξάμενος
2431 3577 2650 3648 ἐξῆλθεν
2705 3577 2873 3634 πάλιν
2933 3576 3022 3633 διὰ
3047 3586 3150 3648 τῆς
3194 3579 3364 3648 αὐτῆς
3392 3577 3600 3650 πύλης,
3642 3576 3739 3634 καί

2081 3668 2320 3739 πεζεύων
2388 3668 2554 3738 ἦλθεν
2621 3667 2674 3724 ἐν
2733 3673 2802 3743 τῇ
2866 3666 3080 3743 Χαλκῆ,
3140 3667 3230 3724 καὶ
3299 3667 3537 3724 ἀνελθὼν
3616 3671 3735 3740 (46)

2081 3758 2542 3838 κατεσφραγίσατο
2592 3757 2681 3814 ἐπὶ
2729 3762 2826 3814 τοῦ
2894 3760 3136 3829 σὲντζου,
3195 3759 3286 3814 καὶ
3367 3755 3590 3834 ἔκραξαν
3674 3759 3750 3813 τὰ

2086 3849 2248 3921 μέρη’
2306 3872 2334 3899 ‹‹
2397 3847 2495 3910 Εἷς
2539 3846 2694 3923 ἅγιος
2742 3851 2880 3922 (47).
2925 3872 2952 3900 »
3000 3850 3106 3904 Καὶ
3145 3847 3390 3916 καθίσας,
3432 3849 3742 3925 προσήνεγ-

2081 3958 2178 3992 καν
2233 3937 2380 4010 αύτῷ
2425 3938 2489 3992 τὸ
2545 3937 2867 4011 πολίτευμα
2925 3945 3025 4007 τῆς
3073 3935 3294 4001 πόλεως
3325 3943 3568 4014 χρυσοῦς
3613 3938 3755 4014 βραο

2083 4025 2343 4102 χιόλους,
2383 4025 2474 4080 καὶ
2529 4021 2714 4081 λαϐὼν
2742 4027 2976 4089 τούτους
3017 4028 3045 4083 6
3081 4024 3336 4102 βασιλεὺς
3369 4027 3618 4106 ἑφόρεσεν
3651 4024 3751 4081 ἐπὶ

2081 4119 2189 4170 τῶν
2234 4115 2544 4192 βραχιόνων
2596 4115 2784 4186 αὐτοῦ,
2843 4119 2934 4172 καὶ
2995 4113 3291 4187 ἀπεδέξατο
3327 4115 3524 4177 αὐτοὺς
3570 4113 3750 4190 εὔχα-

2085 4210 2307 4280 ριστῶν,
2359 4202 2763 4282 δημηγορήσας
2815 4205 2907 4283 ἀφ’
2956 4206 3151 4260 ἑαυτοῦ
3208 4205 3275 4259 τὰ
3329 4205 3454 4280 περὶ
3497 4212 3597 4274 τῆς
3626 4203 3749 4260 ἐπι-

2080 4292 2279 4369 τυχίας
2335 4298 2432 4350 τοῦ
2475 4293 2748 4368 πολέμου.
2805 4295 2907 4350 Καὶ
2964 4297 3158 4358 πάντες
3231 4293 3513 4356 ἒπινικὶως
3575 4292 3748 4349 αὐτὸν

2083 4381 2218 4461 εὔφη
2233 4405 2432 4457 μησαν·
2467 4385 2700 4449 ἀναστὰς
2749 4383 2808 4440 δὶ
2849 4388 2948 4440 τοῦ
3001 4386 3222 4456 σέντζου
3252 4378 3420 4454 ἑπέὄη
3451 4388 3533 4457 τῷ
3555 4381 3742 4456 ἵππῳ,

2083 4472 2174 4527 καὶ
2216 4469 2411 4542 διῆλθε
2442 4470 2531 4528 διά
2563 4495 2620 4530 τε
2649 4477 2759 4529 τῶν
2791 4468 3125 4530 διαϐατικῶν
3158 4477 3255 4530 τοῦ
3285 4473 3597 4548 Ἀχιλλέως
3647 4472 3747 4527 καὶ

1361 4586 1564 4643 JOAN.
1603 4587 1750 4644 JAC.
1794 4589 2058 4648 BEISKII
2098 4589 2692 4648 COMMENTARIUS.

376 4695 494 4774 (ili)
525 4695 626 4753 Est
680 4712 882 4774 parum
940 4697 1099 4774 ultra
1159 4697 1383 4774 partem
1406 4703 1640 4774 euectus.
1690 4696 1968 4774 Eamdem

2082 4699 2196 4774 [loc
2223 4703 2312 4756 est
2343 4699 2484 4757 illud
2503 4698 2830 4774 inapépupbv
2863 4701 3220 4774 προσκήνιον..
3262 4699 3752 4774 quod_m_em_orat

309 4766 547 4839 quidem
567 4766 940 4835 sententiam,
961 4767 1062 4824 sed
1077 4766 1350 4838 ambigue
1370 4768 1430 4824 in
1453 4766 1670 4839 Lalinis
1690 4769 1970 4838 expressi.

310 4837 462 4896 Illud
495 4838 767 4908 alterum,
800 4845 866 4896 ut
895 4839 1136 4906 clarius,
1169 4837 1417 4910 supponi
1462 4837 1684 4896 malim.

382 4911 498 4985 (45)
529 4912 675 4985 ante
709 4911 987 4985 palatium
1019 4915 1141 4968 erat
1171 4911 1466 4985 pulpitum
1497 4926 1600 4966 seu
1633 4915 1971 4985 suggestus,

313 4981 738 5057 etiam__Zosim'i
762 4986 891 5056 jam
923 4981 1204 5057 tempore,
1255 4981 1356 5053 qui
1408 4981 1449 5039 l.
1499 4999 1573 5049 iv,
1606 4999 1656 5038 c.
1689 4981 1836 5052 6“,’τὸ
1867 4983 1974 5057 πρὸ

313 5048 620 5128 si.QO
653 5048 808 5128 βῆμτα
836 5048 1113 5128 appellit-

387 5121 499 5199 (46)
533 5121 747 5198 Nempe
777 5128 836 5182 in
873 5121 1188 5198 pulpitum,
1215 5127 1374 5199 quod
1405 5141 1603 5199 coram
1652 5126 1850 5199 cbalce
1881 5142 1976 5184 ex-

313 5196 604 5271 structum
636 5196 760 5271 erat
788 5201 846 5252 et
867 5196 923 5252 in
950 5196 1430 5271 thronum'super
1453 5198 1566 5254 isto
1597 5198 1824 5271 pulpito
1855 5199 1976 5256 col-

315 5265 597 5344 locatum.
648 5267 750 5323 Est
791 5273 979 5344 autem
1030 5265 1344 5344 pulpitum'
1375 5270 1556 5338 idem,
1598 5265 1760 5344 quod
1797 5270 1973 5344 βῆμα,

315 5341 628 5414 suggestus
653 5339 973 5414 excelsus,e
996 5339 1111 5413 quo
1135 5339 1514 5414 magistratus
1537 5339 1639 5396 aut
1659 5339 1976 5414 imperator

314 5406 788 5486 verbafaciebat.
822 5406 1134 5486 Latini'me
1160 5406 1355 5469 lii'sevi
1383 5406 1977 5486 arengariam'gappel-

315 5479 518 5556 labant
548 5480 620 5536 ab
651 5483 964 5556 arengando
1007 5499 1110 5556 seu
1155 5479 1713 5556 perorandorluogo
1743 5479 1976 5542 diaanzi

313 5551 368 5626 al
398 5553 652 5622 palam,
682 5551 835 5622 dove,
864 5555 1093 5626 quando
1141 5551 1366 5612 éntrava
1398 5558 1453 5612 la
1483 5551 1765 5626 Signo'ria,
1797 5559 1839 5612 il
1870 5559 1974 5615 Po-

311 5623 664 5701 desta‘rsaljito
708 5628 765 5680 in
815 5623 1090 5701 ὺίροησία,
1139 5629 1235 5701 aha
1281 5633 1393 5685 cosi
1437 5629 1486 5682 si
1531 5623 1819 5684 Chiamaua
1847 5630 1975 5701 quat

307 5693 532 5772 putpilo
553 5696 612 5772 di
633 5693 903 5772 pergama
934 5693 1170 5772 djenl'ret
1195 5701 1365 5772 quale
1388 5715 1665 5772 arengava
1711 5716 1741 5756 e
1787 5693 1977 5772 facetia

314 5766 410 5823 un’
439 5766 759 5827 orazio‘na'
782 5769 909 5830 Vid.
961 5770 1046 5826 Du
1098 5766 1291 5841 Gange
1339 5771 1426 5826 Gl.
1461 5766 1606 5826 Lfv.
1639 5766 1972 5843 Arenyaria.

2084 4770 2318 4847 Nicetes
2341 4767 2606 4847 μεθ-203
2627 4789 2645 4847 ἓ
2665 4767 3010 4847 Ὀβασιλεὺς
3029 4767 3370 4847 τραπόμενος
3401 4768 3477 4832 εἰς
3505 4767 3746 4847 ξστίασιν

2083 4845 2257 4917 πᾶσαν
2310 4839 2447 4895 τῶν⁷
2476 4839 2937 4917 ἆᾼρχαίωνςάνῆκε
2978 4839 3160 4917 πύλην
3193 4839 3410 4917 αὔλειον
3443 4841 3532 4896 καὶ
3552 4841 3753 4917 λιπαρά-

2085 4915 2243 5003 θυρον
2270 4903 2659 5003 ,προσκηνςοη
2717 4903 3038 5000 ὥστε-’τοὺς
3061 4903 3473 5003 Αβουλομέιίους
3524 4903 3746 4968 εἰσιέναι

2084 4985 2173 5060 καὶ
2207 4985 2426 5048 θεᾶσθαι
2455 4985 2616 5042 αὐτὸν
2639 4989 3028 5060 τροπαιοῦχον.
3059 4985 3506 5060 Οὸιδαῐηςριίιιζξρ
3537 5000 3747 5057 regum

2085 5057 2450 5132 Persicorum
2483 5075 2612 5116 esse
2656 5056 2772 5132 tale
2819 5056 3136 5132 pulpitum,
3170 5056 3400 5132 asylum
3431 5056 3574 5132 illuc
3603 5056 3750 5112 con-

2086 5129 2470 5203 fugientibus,
2496 5131 2738 5187 memini
2757 5128 3262 5203 ap‘ud'Sansonum
3280 5129 3497 5203 legere.
3531 5128 3598 5184 Et
3617 5144 3747 5184 mo-

2085 5199 2211 5275 rem
2223 5199 2406 5257 fuisse
2419 5199 2754 5259 Latinorum
2767 5199 2992 5275 quoque
3005 5202 3177 5275 medii
3191 5200 3294 5260 aevi
3309 5199 3533 5275 pulpita
3545 5215 3748 5275 coram

2086 5271 2307 5346 foribus
2356 5275 2564 5331 aedium
2596 5271 2841 5331 suarum
2889 5271 3174 5343 struendi,
3207 5271 3363 5346 patet
3391 5271 3423 5329 e
3451 5272 3746 5346 Chronico

2085 5343 2454 5418 Laurisham.
2509 5363 2662 5402 anno
2718 5347 2862 5404 948:
2915 5343 3254 5418 paradisum
3286 5350 3464 5402 totum
3518 5343 3746 5418 plumbo

2083 5415 2386 5542 goaperalit,
2434 5419 2656 5491 pulpita
2702 5425 2832 5476 ante
2875 5415 3065 5489 porta:
3100 5416 3346 5490 ejusdem
3370 5415 3623 5490 paradisi
3648 5418 3746 5486 fa-

2119 5503 2296 5542 rzcam
2324 5530 2338 5542 .

2119 5497 2338 5544 rtcavu.

2153 5559 2268 5630 (47)
2301 5560 2385 5616 Ila
2413 5560 2558 5617 mihi
2597 5563 2762 5620 visus
2811 5562 2890 5618 fui
2941 5561 3002 5617 in
3043 5560 3397 5618 membranis
3429 5560 3743 5630 reperisse.

2085 5631 2146 5686 In
2181 5633 2576 5707 superioribus
2605 5650 2757 5707 saepe
2795 5638 2885 5690 est
2928 5634 3018 5707 si;
3055 5633 3234 5707 ἅγιος,
3273 5649 3328 5689 es
3373 5641 3618 5707 sanctus,
3651 5631 3745 5707 vel

2081 5702 2449 5778 venerabilis,
2479 5706 2631 5776 quod
2684 5702 2830 5778 forte
2879 5702 3344 5775 przsferéndum;
3391 5702 3546 5778 ἅγιος
3578 5703 3742 5761 enim

2083 5783 2168 5831 est
2198 5774 2405 5834 titulus
2437 5774 2776 5850 imperatori
2805 5774 3160 5850 competens.
