4052 6386
310 375 429 437 965
441 431 443 433 .

342 505 415 582 γ’.

471 504 610 561 Ὀσα
667 499 750 558 δεῖ
804 499 1266 578 παραφυλάττειν,
1321 505 1423 557 τοῦ
1497 498 1765 578 βασιλέως
1824 519 1964 576 προ-

454 587 806 666 ϐαλλομένου
909 589 1238 664 δομέστικον
1357 595 1468 647 τῶν
1579 589 1823 669 σχολῶν,
1925 586 1962 658 ἢ

457 681 819 759 στρατηγοὺς,
876 682 912 752 ἢ
973 677 1333 757 δρουγγάριον
1403 684 1514 735 τῶν
1590 677 1874 752 πλοΐμων,
1927 676 1962 746 ἢ

454 769 836 845 σακελλάριον,
939 769 975 840 ἢ
1049 774 1148 825 τοῦ
1222 768 1539 838 σακελλίου,
1617 766 1654 838 ἤ
1733 764 1970 829 λοιποὺς

455 859 862 939 όφφικιαλίους.

346 965 412 1024 δ’.
447 968 590 1024 ’Όσα
665 963 750 1022 δεῖ
822 963 1264 1045 παραφυλάττειν
1320 964 1409 1020 ἐπὶ
1468 967 1772 1040 προαγωγῇ
1850 962 1972 1041 ῥαί-

347 1166 384 1220 ε’

345 1365 410 1426 ς’.

403 2973 417 2991 Ι

460 1075 692 1131 κτωρος.

443 1166 583 1223 Ὅσα
659 1160 741 1220 δεῖ
812 1161 1254 1243 παραφυλάττειν
1327 1161 1416 1218 ἐπὶ
1499 1167 1800 1240 προαγωγῇ
1877 1183 1971 1216 συ-

460 1251 679 1328 γχὲλου.
1851 1266 1861 1275 “

446 1363 586 1420 ’Ὀσα
661 1357 744 1416 δεῖ
814 1359 1278 1438 παραφυλάττειν,
1357 1361 1432 1421 ὡς
1505 1361 1571 1416 τὰ
1642 1365 1734 1416 νῦν
1803 1359 1977 1415 ἐπιτε-

460 1457 638 1507 λεῖται
690 1453 726 1521 ἡ
794 1454 895 1506 τοῦ
971 1449 1120 1524 ἁγίου
1178 1450 1269 1505 καὶ
1330 1449 1573 1527 μεγάλου
1631 1448 1973 1508 Κωνσταντί-

457 1562 554 1596 νου
632 1539 848 1610 ἐτήσιος
929 1541 1143 1614 μνήμῃ,
1217 1539 1308 1594 καὶ
1399 1541 1466 1594 τὰ
1549 1537 1791 1617 ἐγκαίνια
1865 1541 1973 1594 τῶν

459 1628 785 1706 ἱδρυνθὲνων
842 1628 1044 1704 τιμίων
1111 1634 1357 1704 σταυρῶν
1419 1627 1470 1684 ἐν
1545 1634 1624 1701 τῷ
1698 1627 1803 1702 νέῳ
1875 1649 1979 1684 πα-

463 1718 642 1792 λατίῳ
713 1722 812 1774 τοῦ
889 1720 1081 1776 Βόνου.

383 1829 588 1886 ’.“Ὀσα
665 1825 747 1882 δεῖ
819 1825 1258 1902 παραφυλάττειν
1351 1824 1403 1880 ἐν
1494 1828 1563 1899 τῇ
1639 1826 1802 1900 ἑορτῇ
1878 1825 1972 1880 καὶ

464 1915 784 1993 προελεύσει
857 1920 966 1971 τῶν
1039 1915 1207 1992 ἆγίων
1281 1917 1520 1971 πάντων.

412 2068 428 2083 .
460 2026 599 2084 Ὀσα
658 2021 742 2080 δεῖ
813 2021 1252 2103 παραφυλάττειν
1318 2027 1388 2096 τῇ
1445 2023 1637 2098 πρώτῃ
1713 2027 1812 2078 τοῦ
1879 2023 1993 2080 Ai».

465 2115 702 2192 γούστου
781 2114 979 2187 μηνὸς,
1062 2117 1160 2169 τοῦ
1249 2113 1439 2187 τιμίου
1535 2113 1627 2170 καὶ
1703 2117 1980 2184 ζωοποιοῦ

465 2208 701 2281 σταυροῦ
775 2202 1160 2280 ἐξερχομένου.

409 2357 424 2372 .
457 2314 600 2370 Ὅσα
669 2309 750 2367 δεῖ
807 2310 1245 2392 παραφυλάττειν
1289 2315 1359 2387 τῇ
1417 2313 1579 2388 ἑορτῇ
1635 2318 1734 2382 τῆς
1775 2315 1980 2386 κοιμὴ-

464 2423 604 2465 σεως
648 2407 750 2471 τῆς
810 2399 1108 2478 ὑπεραγίας
1172 2401 1440 2458 Θεοτόκου
1515 2400 1567 2457 ἂν
1643 2399 1984 2478 Βλαχέρναις

469 2491 604 2564 μηνὶ
659 2487 962 2564 Αὐγούστῳ
997 2491 1074 2549 ιε’.
1385 2521 1390 2524 ·

398 2642 412 2657 .
444 2599 585 2656 Ὅσα
688 2594 772 2653 δεῖ
869 2596 1306 2676 παραφυλάττειν
1387 2603 1459 2675 τῇ
1561 2597 1783 2674 δευτέρᾳ
1883 2605 1984 2668 τῆς

470 2689 698 2764 πρώτης
772 2682 1104 2762 ἑϐδομάδος,
1180 2692 1278 2744 τοῦ
1379 2687 1649 2765 βασιλέως
1723 2685 1986 2762 δημηγο-

484 2782 698 2852 ροῦντος
791 2775 880 2833 ἐπὶ
971 2781 1070 2834 τοῦ
1162 2775 1433 2834 σιλεντίου
1541 2783 1643 2849 τῆς
1748 2776 1983 2852 μανναό-

490 2886 600 2941 ρας.

464 2973 593 3032 Ὀσα
665 2969 749 3030 δεῖ
819 2971 1280 3054 παραφυλάττειν,
1355 2977 1467 3030 τῶν
1540 2973 1741 3047 τιμίων
1819 2993 1986 3030 σταυ-

478 3067 583 3140 ρῶν
660 3061 978 3137 μελλόντων
1050 3063 1244 3136 ἐξιέναι
1337 3065 1408 3136 τῇ
1507 3062 1644 3139 μέσῃ
1721 3057 1987 3136 ἐϐδομάδι

475 3153 576 3223 τῆς
650 3150 805 3230 ἁγίας
881 3155 950 3226 μ’·

1132 371 1236 431 DE
1279 369 1749 433 CERIMONIIS
1795 364 2032 431 ΑΠΙδῶ
2073 366 2557 430 ΒῩΖΑΝΤῐΝιΕ
2600 369 2752 430 LIB.
2802 371 2879 431 II.

2073 500 2128 558 3.
2207 500 2574 569 Observanda,
2605 502 2823 574 quando
2853 504 3154 574 imperator
3177 503 3536 562 domesticum
3565 507 3729 565 scho-

3610 375 3730 435 966

2143 589 2329 645 larum
2358 598 2455 645 aut
2502 593 2766 661 strategos
2795 598 2893 646 aut
2937 590 3311 661 drungarium
3355 595 3580 663 classis,
3631 604 3731 652 aut

2149 679 2634 746 sacellarium,aut
2663 678 2898 736 sacellio
2919 683 3239 752 praelectum
3263 684 3574 756 reliquosve
3601 685 3729 757 ofﬂ-

2151 767 2319 823 ciales
2345 775 2516 824 creat.

2079 967 2133 1024 4.
2215 968 2574 1026 Observanda
2603 969 2666 1024 in
2695 971 3038 1042 promotione
3067 972 3314 1029 rectoris.

2080 1164 2136 1221 5.
2213 1164 2561 1223 Observanda
2592 1166 2653 1222 in
2679 1168 3027 1240 promotione
3054 1168 3312 1241 syncelli.

2081 1361 2137 1416 6.
2215 1362 2559 1418 Observanda
2589 1363 2651 1418 in
2680 1380 2891 1432 annua,
2923 1367 3103 1436 qualis
3132 1381 3276 1421 nunc
3302 1365 3622 1438 peragitur,
3643 1382 3734 1424 ce-

2157 1451 2463 1510 lebratione
2488 1456 2781 1511 memoria?
2821 1456 3004 1510 sancti
3029 1459 3086 1510 et
3132 1455 3328 1525 magni
3359 1455 3736 1523 Constantini,

2157 1544 2206 1595 et
2235 1542 2297 1596 in
2325 1543 2594 1599 encaeniis
2622 1547 2945 1599 sanctarum
2973 1545 3222 1600 crucium
3261 1546 3320 1600 in
3349 1561 3488 1602 novo
3514 1544 3739 1618 palatio

2159 1631 2301 1686 Boni
2323 1631 2594 1700 ﬁxarum.

2083 1832 2138 1885 7.
2218 1831 2565 1889 Observanda
2597 1835 2659 1890 in
2707 1837 2846 1904 festo
2885 1834 3048 1907 eique
3092 1834 3352 1905 adiuncta
3395 1837 3742 1906 processione

2157 1925 2471 1978 sanctorum
2500 1925 2774 1979 omnium.

2085 2028 2141 2084 8.
2218 2028 2568 2084 Observanda
2599 2030 2870 2087 Kalendis
2903 2031 3150 2102 Augusti,
3193 2031 3409 2104 quando
3457 2032 3741 2090 venerabi-

2161 2117 2232 2173 lis
2259 2123 2312 2174 et
2340 2117 2561 2189 vivi/ica
2589 2135 2730 2175 crux
2757 2121 2959 2191 prodit.

2090 2295 2145 2351 9.
2225 2296 2579 2353 Observanda
2610 2299 2830 2368 infesto
2860 2299 3215 2356 dormitionis
3235 2302 3594 2357 sanctissima:
3628 2301 3746 2357 Dei-

2161 2401 2320 2459 parae
2365 2387 2423 2442 in
2457 2386 2788 2444 Blachernis
2833 2391 3037 2446 mensis
3080 2391 3307 2462 Augusti
3355 2390 3453 2447 die
3502 2389 3744 2447 decimo-

2164 2479 2375 2548 quinto.

2095 2584 2182 2638 10.
2260 2584 2608 2640 Observanda
2639 2579 2696 2640 in
2727 2585 2871 2655 [cria
2903 2586 3140 2641 secunda
3185 2590 3516 2658 septimana
3541 2589 3747 2659 prima?

2165 2673 2394 2744 (sancta
2441 2673 2938 2746 quadragesimae),
2969 2675 3187 2746 quando
3227 2678 3536 2747 imperator
3583 2675 3644 2730 in
3673 2678 3750 2732 si-

2167 2761 2336 2817 lentio
2364 2777 2461 2817 seu
2496 2769 2767 2818 conventu
2791 2777 3081 2834 procerum
3111 2763 3174 2818 in
3222 2780 3537 2834 magnaura
3577 2765 3744 2819 verba

2165 2853 2319 2922 facit.

2097 2958 2184 3014 11.
2260 2957 2642 3026 Obseruantia,
2691 2959 2912 3030 quando
2953 2967 3162 3016 sancta:
3207 2974 3404 3016 cruces
3452 2960 3514 3014 in
3563 2959 3748 3016 media

2166 3050 2472 3120 septimana
2504 3052 2878 3105 tessaracostae
2903 3065 3001 3105 seu
3030 3049 3473 3120 quadragesimae
3503 3048 3747 3105 circum-

2168 3137 2406 3208 ferendz
2437 3137 2498 3194 in
2531 3137 2752 3209 publica
2783 3143 2936 3194 sunt.

338 3261 429 3337 ιβ’.
458 3261 599 3318 Ὀσα
637 3258 720 3316 δεῖ
756 3259 1218 3338 παραφυλάττειν,
1259 3263 1371 3317 τῶν
1409 3258 1684 3316 δεσποτῶν
1723 3259 1987 3316 ἀπιόντων

2146 3248 2186 3300 3.
2267 3245 2636 3312 Observanda,
2669 3244 2885 3317 quando
2917 3247 3144 3302 Domini
3182 3246 3355 3302 totum
3384 3245 3455 3302 ad
3485 3247 3747 3302 Blacher-

330 3440 422 3516 ιγ’.

471 3347 774 3414 λούσασθαι
832 3347 886 3404 ἐν
938 3345 1300 3429 Βλαχέρναις.

455 3441 598 3496 ⁹Ὀσα
673 3435 756 3494 δεῖ
828 3437 1265 3517 παραφυλάττειν
1345 3438 1434 3494 ἐπὶ
1498 3443 1716 3519 παγανῇ
1795 3446 1993 3516 Κυρια-

471 3549 567 3620 κῇ,
643 3546 679 3615 ἤ
758 3545 809 3600 ἐν
899 3543 1051 3620 ἄλλῃ
1139 3550 1297 3622 κοινῇ
1385 3546 1588 3623 ἡμέρᾳ,
1670 3545 1990 3622 μελλόντων

472 3638 584 3691 τῶν
627 3631 904 3690 δεσποτῶν
939 3634 1157 3691 ἀπιέναι
1197 3635 1272 3698 εἰς
1301 3635 1430 3698 τοὺς
1461 3635 1686 3714 Ἃγίόυς
1727 3637 1995 3693 ’Λποστό-

477 3724 613 3786 λους
654 3722 762 3781 ε’ἰτε
800 3724 878 3787 εἷς
916 3721 1096 3799 ἕτερον
1138 3726 1266 3781 ναὸν
1306 3722 1573 3799 εὔξασθαι.

339 3899 429 3961 ιδ’.
460 3903 601 3962 Ὅσα
688 3900 769 3958 δεῖ
852 3901 1290 3983 παραφυλάττειν
1357 3902 1446 3960 ἒπὶ
1513 3905 1828 3984 χειροτονίᾳ
1891 3926 1994 3962 πα-

488 3992 756 4068 τριάρχου
809 3993 1456 4058 Κωνσταντινουπόλεως.

455 4082 597 4140 ’Όσα
662 4078 744 4137 δεῖ
810 4084 920 4156 (54)
994 4083 1451 4163 παραφυλάττειν,
1528 4080 1706 4159 δοχῆς
1772 4085 1996 4160 γινομὲο

484 4191 585 4242 νης
640 4169 696 4226 ἐν
753 4175 832 4244 τῷ
891 4170 1116 4248 μεγάλῳ
1171 4171 1438 4247 τρικλίνῳ
1494 4179 1595 4243 τῆς
1666 4174 1994 4248 μανναόρας,

479 4267 591 4318 τῶν
670 4261 946 4319 δεσποτῶν
1017 4267 1396 4338 καθεζομένων
1469 4263 1558 4321 ἒπὶ
1642 4270 1738 4321 τοῦ
1814 4265 1998 4321 Σολο-

483 4352 753 4426 μωντείου
829 4353 1047 4429 θρόνου.
1125 4355 1255 4430 Περὶ
1309 4357 1409 4424 τῆς
1468 4351 1646 4429 δοχῆς
1704 4363 1803 4426 τῆς
1843 4376 1998 4431 γενο-

483 4442 652 4516 μένης
709 4440 764 4497 ἐν
820 4447 900 4514 τῷ
955 4443 1106 4516 αὗτῷ
1181 4441 1442 4519 τρικλίνῳ
1517 4441 1605 4499 ἐπὶ
1666 4445 1999 4501 Κωνσταντί-

478 4551 576 4586 νου
631 4531 723 4586 καὶ
779 4535 1066 4605 Ῥωμανοῧ
1120 4530 1206 4587 ἐπὶ
1263 4535 1331 4606 τῇ
1388 4533 1661 4607 παρουσίᾳ
1705 4539 1815 4589 τῶν
1853 4533 2000 4609 παρᾶ

479 4625 580 4678 τοῦ
655 4620 936 4696 ἀμεριμνῆ
1033 4621 1138 4676 ἀπὸ
1234 4623 1451 4697 Ταρσοῦ
1527 4620 1798 4686 ἐλθόντων
1872 4623 1998 4698 πρὲ-

477 4705 658 4767 σόεων
733 4711 857 4786 περὶ
921 4715 1019 4766 τοῦ
1093 4709 1362 4787 άλλαγίου
1435 4713 1522 4768 καὶ
1600 4719 1700 4782 τῆς
1752 4713 1994 4787 εἰρήνης,

483 4800 618 4875 μηνὶ
662 4799 827 4874 Μαΐῳ
891 4799 975 4857 λα’
1049 4803 1234 4878 ἡμέρᾳ
1306 4803 1352 4858 α’
1427 4799 1729 4859 ἶνδιχτιῶνι
1799 4801 1860 4857 δ’·
1904 4807 1994 4860 Ἐν

479 4890 528 4963 ᾧ
604 4890 695 4946 καὶ
773 4891 895 4968 περὶ
970 4898 1070 4962 τῆς
1142 4895 1249 4948 τῶν
1325 4893 1585 4949 Ἰσπανῶν
1655 4890 1831 4973 δοχῆς
1901 4895 1992 4950 καὶ

479 4980 743 5054 περὶτοῦ
798 4980 1084 5058 γεγονότος
1151 4981 1274 5038 τότε
1339 4979 1732 5059 ἱπποδρομίου.
1801 4983 1994 5038 Ὡσαύ-

476 5091 590 5133 τως
665 5070 756 5126 καὶ
823 5071 948 5143 περὶ
1015 5078 1116 5142 τῆς
1185 5072 1382 5148 ἑορτῆς
1444 5074 1543 5143 τῆς
1615 5077 1713 5129 τοῦ
1789 5073 1993 5150 Κυρίου

479 5160 963 5238 μεταμορφώσεως
1034 5159 1124 5215 καὶ
1198 5168 1300 5231 τῆς
1365 5165 1464 5217 τοῦ
1545 5159 1815 5235 Δελεμίκη
1903 5160 1994 5217 δο-

473 5249 610 5323 χῆςο
649 5249 771 5305 Ἔτι
838 5257 940 5319 τῆς
1006 5251 1276 5324 ἡγεμόνος
1339 5249 1429 5306 καὶ
1496 5257 1595 5321 τῆς
1662 5249 1994 5328 ἄρχοντίσης

475 5333 689 5413 Ἔλγας
791 5342 901 5393 τῶν
989 5339 1148 5402 Ῥῶς.
1239 5339 1478 5402 Ὀποίως
1570 5344 1738 5397 ταῦτα
1822 5341 1994 5398 πάντα

471 5423 851 5499 δτῑλὲσθησαν.

2168 3351 2270 3390 nas
2299 3340 2456 3391 eunt.

2103 3439 2188 3494 13.
2269 3437 2624 3495 Observanda
2653 3439 2714 3494 in
2743 3455 2964 3510 pagana
2995 3437 3281 3494 Dominica
3313 3438 3393 3511 [id
3421 3443 3503 3494 est
3533 3437 3656 3507 tati,
3685 3439 3750 3494 in

2170 3543 2336 3599 quam
2364 3544 2628 3596 magnum
2675 3528 2884 3600 festum
2913 3530 3010 3583 aut
3037 3529 3307 3599 processio
3335 3527 3595 3585 solemnis
3639 3544 3752 3585 non

2171 3615 2415 3686 incidit,]
2447 3616 2621 3672 aliove
2649 3615 2738 3671 die
2764 3617 3025 3687 profesto,
3074 3617 3379 3672 volentibus
3407 3615 3649 3673 dominis
3681 3615 3754 3673 ad

2171 3703 2397 3760 Sanctos
2427 3705 2705 3777 Apostotos
2737 3704 2956 3761 aliudve
2983 3706 3249 3777 templum
3294 3705 3595 3762 devotionis
3623 3723 3754 3775 gra-

2172 3797 2259 3851 tia
2290 3795 2394 3852 ire.

2105 3903 2191 3958 14.
2271 3902 2624 3958 Observanda
2673 3903 2734 3957 in
2767 3902 3025 3958 electione
3070 3900 3408 3973 patriarchae
3433 3899 3749 3958 Constanti-

2174 3993 2502 4064 nopotitani.

2105 4083 2377 4141 29415.
2430 4079 2788 4138 Observanda
2827 4081 2888 4136 in
2933 4082 3254 4151 exceptione
3299 4080 3391 4136 vel
3433 4081 3754 4152 audientia,

2175 4187 2301 4246 quae
2329 4173 2496 4228 datur
2527 4174 2585 4227 in
2610 4187 2810 4241 magno
2853 4170 3101 4226 triclinio
3130 4186 3478 4243 magnaurse,
3519 4172 3757 4228 dominis

2175 4265 2373 4318 throno
2414 4262 2737 4319 Salomoneo
2785 4261 3187 4318 insidentibus.
3239 4264 3300 4318 In
3349 4264 3526 4334 specie
3571 4279 3759 4335 excep-

2179 4355 2324 4410 tione
2372 4352 2500 4418 itla,
2531 4368 2656 4408 cum
2705 4351 3093 4407 Constantinus
3133 4359 3184 4406 et
3230 4353 3506 4407 Romanus
3555 4351 3756 4423 legatos

2179 4445 2534 4511 Amerimnae,
2568 4443 2666 4514 qui
2696 4442 2858 4497 Tarso
2884 4443 3390 4512 permutandorum
3412 4441 3758 4512 captivorum

2177 4538 2229 4589 et
2258 4531 2646 4589 constituendae
2674 4533 2826 4602 pacis
2854 4530 3039 4601 gratia
3066 4530 3127 4585 in
3155 4530 3345 4586 urbem
3393 4530 3754 4596 advenerant,

2177 4624 2268 4680 die
2297 4621 2431 4679 Maii
2471 4621 2750 4693 trigesimo
2776 4622 2979 4691 primo,
3008 4618 3156 4687 feria
3181 4619 3368 4691 prima
3395 4635 3493 4676 seu
3540 4620 3637 4676 die
3665 4620 3754 4675 tu-

2177 4729 2290 4780 nw,
2348 4711 2648 4768 indictione
2696 4720 2893 4781 quarta
2930 4719 3284 4780 exceperunt.
3327 4708 3529 4764 Eodem
3579 4709 3759 4780 capite

2177 4817 2389 4875 quoque
2418 4803 2606 4871 agitur
2633 4799 2698 4855 de
2743 4798 3078 4853 admissione
3112 4797 3483 4869 Hispanorum
3513 4804 3562 4852 et
3610 4797 3754 4853 edito

2177 4897 2294 4947 tum
2326 4890 2450 4946 ludo
2471 4888 2710 4962 equestri
2731 4888 2915 4944 curuli
2933 4903 2954 4949 ;
2974 4888 3104 4943 item
3136 4887 3199 4942 de
3222 4890 3358 4951 [esto
3386 4885 3757 4956 transﬁgura-

2176 4983 2345 5038 tionis
2373 4978 2643 5046 Domini;
2685 4994 2784 5034 nec
2813 4993 2921 5033 non
2966 4978 3033 5032 de
3079 4976 3414 5032 admissione
3457 4977 3755 5038 Detemici;

2176 5073 2396 5126 tandem
2425 5080 2477 5125 et
2517 5069 2582 5124 de
2619 5067 2926 5138 receptione
2956 5064 3134 5136 Elgaz,
3165 5081 3290 5136 (μω
3336 5064 3449 5136 fuit
3495 5066 3758 5136 hegemon

2174 5177 2271 5217 seu
2300 5159 2518 5214 ducissa
2546 5165 2598 5212 et
2646 5156 2981 5229 principissa
3026 5157 3350 5212 Russorum.
3385 5155 3521 5224 Quae
3567 5171 3756 5212 omnes

2174 5249 2245 5305 ad
2274 5248 2602 5320 colloquium
2634 5248 2981 5318 imperatoris
3012 5245 3393 5313 admissiones,
3435 5248 3755 5315 exponitur,

2177 5337 2382 5411 quibus
2411 5352 2536 5392 cum
2565 5334 2883 5393 cerimoniis
2906 5335 3261 5404 contigerint.

1366 5579 1571 5639 JOAN.
1609 5582 1757 5639 JAC.
1791 5582 2054 5642 REISKII
2093 5578 2697 5640 COMMENTARIUS.

397 5721 522 5800 (54)
550 5719 784 5781 Titulus
812 5722 993 5799 hujus
1022 5724 1234 5800 capitis
1265 5726 1326 5783 in
1358 5726 1486 5801 ipso
1517 5727 1708 5787 medio
1737 5744 1911 5804 Opere
1942 5730 2016 5789 ab
2049 5729 2157 5788 hoc
2186 5726 2394 5800 variat,
2428 5726 2526 5783 ubi
2556 5721 2806 5783 conferri
2836 5727 3043 5798 potest.
