4052 6360
302 379 424 442 969

371 605 536 660 τάτου
564 598 936 674 πατριάρχου.

303 697 410 754 λθ’.
444 695 570 769 Περὶ
605 696 702 748 106
727 687 1100 767 πατριάρχου,
1135 686 1220 742 ὅτι
1264 685 1328 741 τὸ
1370 682 1602 742 παλαιὸν
1655 679 1794 739 ἴδιον
1847 682 1960 758 εἶχε

371 783 754 860 πραιπῦσιτον.

304 882 374 951 μ’.
413 875 541 950 Περέ
601 875 696 926 106
749 869 858 925 τίνι
914 867 1105 944 τρόπῳ
1147 863 1216 940 τῇ
1258 865 1390 942 ἁγίᾳ
1435 861 1528 919 καὶ
1579 861 1794 938 μεγάλῃ
1847 868 1955 916 Κυ-

373 971 536 1043 ριακῇ
599 967 700 1020 106
766 961 964 1040 Πάσχα
1029 953 1458 1034 περιϐάλλονται
1552 956 1681 1020 τοὺς
1737 953 1954 1026 λώρους

373 1063 404 1116 ὅ
441 1081 500 1116 τε
568 1054 824 1135 βασιλεὺς
891 1055 985 1110 καὶ
1050 1053 1104 1108 οἱ
1165 1051 1458 1128 μάγιστροι
1515 1047 1606 1104 καὶ
1660 1047 1954 1112 ἀνθύπατοι

370 1150 462 1206 καὶ
492 1147 792 1222 πατρίκιοι.

303 1243 401 1316 μί’.
461 1239 542 1295 Τὰ
601 1236 654 1292 ἐν
701 1239 780 1308 τῷ
843 1237 957 1305 ναῷ
1013 1237 1112 1302 τῆς
1181 1229 1471 1304 ὑπεραγίας
1527 1225 1801 1282 Θεοτόκου
1857 1227 1956 1278 106

376 1329 563 1404 Φάρου
593 1325 818 1397 κείμενα
856 1321 1018 1391 σκεύη
1061 1321 1153 1376 καὶ
1213 1317 1402 1390 λοιπὰ,
1461 1316 1552 1373 καὶ
1607 1316 1675 1372 τὰ
1731 1315 1806 1377 εἷς
1861 1313 1954 1368 τὸν

374 1419 527 1494 ’ἅγιον
561 1415 824 1492 Στέφανον
858 1411 910 1467 ἐν
942 1414 1010 1484 τῇ
1035 1410 1238 1484 Δάφνῃ,

303 1509 412 1582 μα’.
445 1512 580 1560 ’Ὀσα
611 1501 732 1574 εἴδη
765 1507 874 1557 τῶν
906 1497 1256 1572 ἀλλαξίμων.

309 1599 424 1674 μβ’.
475 1594 808 1668 Ὑπόμνημα
871 1593 986 1663 (57)
1061 1588 1113 1644 ἐν
1178 1588 1436 1661 συντόμῳ
1509 1589 1617 1642 τῶν
1701 1584 1958 1661 βασιλευ-

374 1686 580 1744 σάντων
663 1680 932 1760 βασιλέων
1007 1677 1059 1736 ἐν
1154 1675 1286 1752 τῇδε
1375 1681 1444 1751 τῇ
1544 1675 1759 1753 μεγάλῃ
1864 1675 1954 1730 καὶ

373 1775 742 1852 εὖτυχεστάτῃ
849 1765 1424 1827 Κωνσταντινουπόλει
1517 1765 1624 1820 ἀπὸ
1725 1769 1824 1820 τοῦ
1870 1784 1958 1837 με·

369 1867 550 1943 γάλου
647 1862 736 1918 καὶ
813 1857 1196 1916 εὐσεϐεστάτου
1271 1858 1362 1912 καὶ
1437 1856 1593 1934 ἁγίου
1667 1863 1956 1914 Κωνσταν-

369 1957 546 2014 τίνυυ.

301 2049 415 2124 μγ’.
451 2045 584 2116 Περὶ
619 2047 726 2100 τῶν
783 2040 968 2118 τάφων
1028 2042 1141 2113 (58)
1200 2044 1312 2095 τῶν
1375 2035 1644 2112 βασιλέων
1701 2041 1808 2092 τῶν
1863 2033 1953 2092 ὅν.

368 2158 482 2194 των
547 2133 600 2190 ἐν
663 2137 744 2206 τῷ
807 2137 921 2204 ναῷ
985 2135 1094 2186 τῶν
1170 2129 1374 2204 Ἁγίων
1463 2127 1812 2185 Ἀποστόλων
1899 2127 1950 2183 ἐν

367 2231 449 2299 τῷ
519 2225 690 2300 ἡρῴῳ
755 2225 852 2277 106
917 2219 1074 2296 ἀγίου
1139 2219 1231 2273 καὶ
1304 2217 1545 2292 μεγάλου
1610 2217 1956 2274 Κωνσταντί-

365 2336 486 2372 νου·
565 2315 752 2388 ἡρῷον
829 2315 926 2365 106
1005 2307 1250 2386 μεγάλου
1354 2310 1756 2364 Ἰουστινιανοῦ.
1835 2308 1952 2364 Εὐ-

369 2406 562 2479 φημία
676 2403 780 2458 ὑπὸ
879 2405 988 2455 τῶν
1091 2396 1498 2474 στρατοπέδων,
1601 2398 1759 2468 νίκης
1862 2397 1954 2452 καὶ

384 2469 394 2487 ⁸
435 2469 470 2479 τ’
1159 2469 1166 2474 ’
1407 2483 1447 2502 Μ
1860 2485 1874 2506 ν
1930 2488 1943 2504 ι

369 2489 660 2568 θριάμϐων
729 2487 1036 2566 ἀγομένων.
1099 2486 1316 2560 (Ἰστέον
1403 2505 1480 2558 οε,
1563 2487 1646 2540 ὁτι
1713 2488 1747 2555 ἡ
1817 2507 1952 2556 αυτη

371 2581 620 2660 εὐφημία
695 2577 876 2650 ᾅδεται
937 2577 1027 2632 καὶ
1095 2578 1242 2649 παρὰ
1327 2579 1423 2630 106
1517 2573 1716 2630 λοιποῦ
1791 2596 1955 2650 στρα-

369 2667 624 2738 τοπέδου,
702 2667 860 2738 ἡνίκα
959 2665 1256 2743 φιλοτιμίᾳ
1341 2685 1448 2736 τις,
1543 2665 1579 2734 ἤ
1678 2669 1954 2738 μαϊουμᾶς

383 2762 526 2835 παρὰ
593 2762 692 2814 106
783 2754 1050 2832 βασιλέως
1143 2755 1330 2817 αὐτοῖς
1423 2756 1794 2829 παρασχεοῇ.)
1893 2756 1954 2812 Ἠ

392 2849 530 2922 παρᾶ
581 2853 681 2904 τῶν
745 2843 968 2922 Σάρδων
1027 2842 1268 2918 ᾆδομένη
1327 2842 1570 2922 εὐφημία
1623 2847 1740 2904 τοῖς
1803 2845 1956 2919 βασι-

389 2939 582 2996 λεῦσιν.

310 3027 416 3102 μδ’.
457 3029 524 3084 Ἠ
569 3028 834 3104 γενομένη
886 3024 1162 3099 ἐξόπλισις
1217 3025 1308 3080 καὶ
1362 3021 1542 3095 ἔξοδος
1581 3025 1672 3080 καὶ
1731 3025 1793 3080 τὸ
1852 3045 1956 3080 πο-

377 3117 470 3173 σὺν
527 3125 630 3187 τῆς
699 3116 868 3194 ρόγας
931 3116 1024 3170 καὶ
1089 3119 1188 3170 106
1256 3113 1392 3170 λαοὺ
1458 3117 1555 3169 106
1623 3113 1957 3170 ἀποσταλέν-

370 3229 466 3271 τος
539 3206 680 3262 κατὰ
752 3212 855 3275 τῆς
930 3202 1221 3259 θεολέστου
1309 3205 1535 3278 Κρήτης
1635 3203 1770 3275 μετὰ
1859 3207 1957 3258 106

373 3296 669 3372 πατρικίου
746 3290 1006 3368 Ἦμερίου
1080 3291 1170 3347 καὶ
1254 3289 1549 3365 λογοθέτου
1640 3292 1737 3346 106
1831 3288 1958 3366 δρό-

375 3407 486 3460 μου
584 3383 674 3440 ἰπὶ
777 3381 1010 3442 Λέοντος
1110 3383 1207 3436 106
1300 3377 1668 3458 φιλοχρίστου
1763 3377 1960 3435 δεσπό-

363 3497 463 3532 του
474 3521 486 3533 .

296 3573 398 3642 με’.
459 3565 528 3622 Ἥ
570 3562 711 3620 κατᾶ
764 3569 866 3631 τῆς
932 3561 1104 3630 αὐτῆς
1174 3556 1461 3615 θεολὲστου
1519 3561 1736 3634 Κρήτης
1800 3579 1960 3636 γενο-

371 3653 511 3730 μένη
581 3649 897 3727 ἐριστρατεία
957 3650 1048 3705 καὶ
1115 3645 1296 3721 ἔξοδος
1383 3645 1472 3704 ἐπὶ
1547 3648 1956 3706 Κωνσταντίνου

379 3747 470 3801 καὶ
521 3745 810 3818 Ῥωμανοῦ
866 3746 974 3798 τῶν
1055 3741 1590 3816 Πορφυρογεννήτων
1649 3740 1724 3802 εἰς
1785 3737 1958 3796 ἰνδικ-

371 3836 532 3891 τίονα
563 3835 624 3904 ζ’.
1465 3825 1480 3832 ’

302 3927 420 4000 μςᾌ
470 3925 570 3985 Οἷς
613 3921 824 4003 ὀφείλει
891 3922 919 3977 ὁ
991 3919 1246 3998 βασιλεὺς
1315 3919 1544 3995 ὀνόμασι
1610 3925 1774 3995 τιμᾷν
1839 3927 1956 3984 τοῖς

385 4018 704 4092 μεγιστᾶσιν
742 4011 834 4068 καὶ
871 4012 1113 4085 πρώτοις
1151 4015 1260 4066 τῶν
1301 4009 1494 4066 ἐθνῶν.

311 4111 420 4180 μζ.
462 4104 530 4162 Οἱ
578 4107 684 4158 τῶν
733 4101 840 4156 ἀπὸ
897 4098 1172 4177 διαφόρων
1227 4097 1396 4164 ἐθνῶν
1452 4097 1769 4174 ἐρχομένων
1829 4101 1956 4176 πρέ-

379 4189 554 4249 σϐεων
585 4192 722 4266 πρὸς
753 4191 843 4245 τὸν
879 4187 1106 4264 βασιλέα
1147 4189 1517 4264 χαιρετισμοί.

305 4285 404 4358 μή
471 4283 552 4341 Τὰ
610 4279 743 4336 ἅκτα
801 4284 906 4336 τῶν
987 4277 1064 4343 εἷς
1135 4275 1262 4340 τοὺς
1337 4276 1580 4343 ἐθνικοὺς
1651 4282 1956 4355 γενομένων

373 4371 721 4448 ἐπιγραφῶν.

307 4464 420 4537 μθ’.
481 4461 638 4520 Εἰσὶν
701 4461 768 4516 τὰ
823 4460 1100 4517 ἐκτεθέντα
1158 4457 1400 4515 δίδοσθαι
1453 4461 1600 4535 παρὰ
1654 4464 1760 4517 τῶν
1821 4462 1964 4539 ὄφει.

375 4551 596 4608 λόντων
674 4551 940 4622 τιμᾶσθαι
1017 4551 1130 4623 (59)
1215 4545 1268 4603 ἕν
1361 4569 1419 4605 τε
1509 4549 1778 4622 ἀξιώμασι
1872 4553 1960 4606 καὶ

377 4639 686 4718 ὀφφικίοις.
765 4641 954 4704 Καθὼς
1053 4639 1306 4714 ὑπῆρχον
1391 4635 1480 4693 ἐπὶ
1557 4637 1787 4702 Λέοντος
1863 4644 1961 4696 106

377 4733 752 4809 ιριλοχρίστου
785 4727 1070 4787 δεσπότου.

299 4832 366 4878 ν’.
411 4822 560 4880 Εἰσὶν
603 4823 660 4876 αἱ
704 4821 840 4877 κατὰ
877 4821 1044 4876 τύπον
1103 4819 1262 4898 ῥόγαι
1317 4826 1426 4876 τῶν
1484 4825 1807 4897 στρατηγῶν
1873 4821 1962 4877 καὶ

375 4915 853 4990 κλεισουραρχῶν,
911 4913 1093 4977 καθὼς
1149 4910 1506 4990 ἐρῥογεῦοντο
1563 4911 1652 4968 ἐπὶ
1735 4912 1960 4977 Λέοντος

377 5008 476 5060 106
515 5001 884 5082 φιλοχρίστου
926 4998 1210 5060 δεσπότου.

1146 367 1252 430 DE
1296 363 1750 430 CERIMONIIS
1792 365 2027 429 AULJE
2071 368 2548 432 BYZANTINIE
2586 371 2738 433 LIB.
2785 373 2862 434 Il.

303 515 414 586 λη’.
459 507 587 587 Περί
626 513 728 578 τῆς
783 503 1135 584 χειροτονίας
1191 499 1575 580 Θεοφυλάκτου
1631 502 1729 555 106
1786 500 1962 576 ἁγιω-

3598 377 3718 440 9ῗο

2068 504 2158 560 38.
2183 506 2258 562 De
2275 505 2535 564 electione
2566 506 2976 580 Theophylacti,
2999 509 3341 570 sanctissimi
3355 513 3717 586 patriarchae.

2070 688 2160 743 39.
2195 687 2350 756 Quod
2380 689 2699 759 patriarcha
2741 704 2904 744 suum
2933 689 3244 762 antiquitus
3291 692 3542 752 habuerit
3569 713 3720 769 prm-

2131 775 2399 848 positum.

2063 864 2150 920 40.
2186 864 2456 933 Quomodo
2491 870 2544 921 et
2575 881 2748 937 quare
2779 868 2842 922 in
2869 872 3058 924 sancta
3087 872 3142 924 et
3169 885 3375 939 magna
3423 873 3715 932 Dominica

2135 953 2424 1010 Paschalis
2449 955 2707 1011 dominus
2727 961 2778 1011 et
2799 957 3065 1026 magistri
3091 964 3259 1030 atque
3284 963 3644 1032 proconsules
3664 967 3717 1020 et

2133 1044 2366 1113 patricii
2395 1045 2540 1102 loros
2571 1045 2831 1102 induant.

2065 1227 2172 1282 40⁸.
2227 1227 2299 1282 De
2356 1227 2508 1284 vasis
2562 1237 2616 1284 et
2645 1229 2904 1300 reliquiis
2948 1231 3008 1284 in
3048 1231 3415 1290 sanctissimae
3461 1234 3720 1308 θείμαν-ευ

2137 1314 2311 1370 Phari
2358 1317 2557 1387 templo
2603 1316 2858 1372 conditis.
2889 1319 3024 1373 Item
3061 1318 3128 1376 de
3163 1319 3303 1391 illis,
3335 1336 3456 1394 qua:
3495 1323 3554 1380 in
3600 1323 3721 1382 aede

2138 1403 2192 1459 S.
2223 1405 2496 1475 Stephani
2524 1405 2774 1478 Daphnes
2801 1409 3002 1478 iacent.

2065 1495 2155 1550 41.
2188 1495 2263 1551 De
2293 1496 2465 1552 variis
2493 1499 2788 1567 generibus
2817 1501 3259 1558 mutatoriorum.

2065 1583 2154 1639 42.
2191 1583 2479 1640 Indiculus
2519 1587 2950 1659 imperatorum,
2980 1591 3075 1662 qui
3101 1607 3139 1647 a
3169 1607 3370 1666 magno
3395 1595 3644 1666 piissimo
3669 1599 3722 1652 et

2133 1677 2323 1728 sancto
2356 1672 2716 1732 Constantino
2738 1676 2866 1732 inde
2888 1679 2947 1733 in
2969 1678 3072 1734 hac
3089 1697 3294 1753 magna
3319 1685 3370 1739 et
3387 1683 3720 1756 felicissima

2141 1761 2618 1835 ConstantinOpoti
2640 1765 2830 1822 aulam
2860 1769 3178 1825 tenuerunt.

2063 2033 2153 2090 43.
2187 2039 2263 2092 De
2313 2033 2578 2105 sepulcris
2625 2035 3048 2108 imperatorum,
3097 2053 3223 2110 quae
3263 2047 3390 2098 sunt
3421 2043 3485 2099 in
3514 2047 3718 2118 tempto

2135 2125 2231 2183 SS.
2264 2126 2660 2196 Apostolorum.
2721 2129 2961 2184 Iteroum
3016 2127 3074 2186 S.
3117 2139 3170 2187 et
3209 2131 3274 2186 Μ.
3351 2134 3715 2206 Constantini,

2135 2217 2362 2272 heroum
2405 2215 2716 2271 Justim'ani
2758 2215 2824 2272 ll.
2862 2221 3023 2275 Laeta
3065 2222 3117 2276 et
3161 2221 3486 2292 honoriﬁca
3527 2226 3716 2283 accla-

2135 2307 2406 2362 mationes
2433 2313 2598 2376 atque
2629 2306 3030 2364 bonedictiones
3057 2312 3410 2368 exercituum
3439 2315 3498 2369 in
3519 2315 3718 2371 trium-

2129 2396 2258 2466 phis
2340 2393 2404 2450 ob
2484 2395 2660 2451 hostes
2740 2395 2977 2454 devictos
3055 2402 3314 2470 peractis.
3387 2402 3719 2474 (Tenendum

2127 2483 2350 2541 easdem
2394 2485 2668 2552 formulas
2715 2501 2923 2558 quoque
2949 2503 2984 2542 a
3013 2491 3122 2545 toto
3169 2493 3418 2548 exercitu
3469 2497 3716 2562 cantari,

2136 2573 2356 2644 quando
2397 2575 2698 2644 imperator
2735 2575 2874 2647 ipsis
2902 2580 3224 2635 munusculi
3251 2581 3494 2650 gratuiti
3521 2599 3716 2656 eroga-

2137 2665 2342 2719 tionem
2369 2673 2463 2718 aut
2489 2664 2790 2735 majumam
2841 2669 3116 2741 praestat.)
3161 2669 3366 2728 Fausta
3410 2671 3714 2730 Sardorum

2136 2768 2269 2823 ergo
2293 2754 2652 2825 imperatores
2675 2753 3022 2812 acclamatio.

2065 3025 2153 3080 44.
2190 3025 2260 3080 De
2289 3031 2600 3094 armatura,
2630 3026 2890 3096 impensis
2920 3029 2979 3082 in
3008 3042 3130 3084 eam
3165 3030 3332 3100 factis
3379 3047 3718 3107 numeroque

2137 3129 2290 3182 rogae
2340 3130 2436 3169 seu
2483 3115 2886 3185 stipendiorum
2931 3121 2984 3172 et
3028 3119 3220 3190 populi
3263 3123 3418 3176 missi
3461 3122 3720 3182 adversus

2140 3205 2376 3271 Cretam,
2410 3219 2574 3275 quam
2630 3205 2770 3262 Deus
2821 3207 3042 3278 perdat,
3072 3208 3207 3264 duce
3253 3209 3442 3266 classis
3477 3213 3718 3270 Himerio

2137 3295 2370 3363 patricio
2399 3298 2454 3349 et
2491 3294 2762 3365 logotheta
2817 3295 3018 3365 dromi,
3050 3299 3150 3354 sub
3206 3301 3386 3358 Leone
3440 3302 3717 3361 Christum

2139 3390 2360 3439 amante
2388 3381 2630 3443 domino.

2065 3568 2155 3625 45.
2200 3569 2273 3623 De
2329 3567 2690 3639 expeditione
2741 3570 3008 3630 adversus
3061 3575 3311 3633 eamdem
3363 3579 3722 3640 maledictam

2138 3657 2398 3714 instituta
2450 3659 2552 3714 sub
2603 3659 2967 3722 Constantino
3007 3667 3061 3720 et
3099 3667 3342 3726 Romano
3395 3671 3716 3745 Porphyro-

2136 3747 2356 3820 genitis,
2391 3747 2590 3808 indict.
2619 3767 2726 3811 vn.

2067 3929 2154 3984 46.
2215 3930 2422 3998 Quibus
2472 3929 2936 4002 appellationibus
2993 3935 3296 4008 imperator
3335 3947 3623 4017 magnates
3665 3956 3716 4006 et

2133 4018 2400 4089 primates
2428 4018 2671 4075 aliarum
2701 4023 2951 4090 gentium
2980 4023 3254 4086 honorare
3281 4029 3456 4090 debet.

2066 4107 2221 4163 296
2271 4109 2359 4164 47.
2399 4109 2694 4177 Formulae,
2736 4111 2934 4182 quibus
2961 4129 2998 4169 a
3035 4119 3204 4172 variis
3245 4121 3502 4190 gentibus
3539 4125 3715 4184 adve-

2138 4198 2348 4253 nientes
2377 4197 2548 4266 legati
2573 4199 2961 4270 imperatorem
2992 4205 3259 4266 salutant.

2069 4285 2158 4342 48.
2208 4287 2475 4342 Formulse
2524 4285 2821 4344 titulorum
2871 4295 3044 4350 sacris
3107 4293 3310 4355 litteris
3354 4301 3430 4358 ad
3473 4303 3720 4364 aliarum

2139 4377 2388 4448 gentium
2409 4377 2690 4447 principes
2721 4377 3109 4442 inscribendas.

2071 4465 2158 4520 49.
2193 4465 2492 4559 Expositio
2522 4475 2670 4522 taxa
2707 4485 2810 4559 seu
2847 4475 3174 4532 statulorum
3201 4478 3564 4556 tributorum,
3595 4504 3721 4559 qua

2138 4555 2371 4626 pendere
2403 4555 2596 4612 debent
2638 4557 2718 4612 ad
2755 4561 3043 4618 aziomata
3081 4580 3178 4622 seu
3215 4555 3622 4643 dignitates,iet
3647 4579 3724 4634 ad

2141 4643 2321 4713 o/ﬁcia
2344 4659 2435 4700 seu
2456 4645 2770 4715 functiones
2793 4651 3074 4720 palatinas
3097 4659 3360 4728 promoti,
3384 4661 3578 4733 qualis
3603 4675 3724 4724 erat

2142 4736 2380 4796 tempore
2409 4737 2620 4807 Leonis,
2650 4736 2928 4796 Christum
2957 4745 3198 4802 amantis
3224 4747 3458 4809 domini.

2069 4819 2160 4878 50.
2195 4823 2476 4894 Expositio
2507 4843 2768 4897 rogaram
2794 4847 2892 4888 seu
2921 4836 3341 4913 stipendiorum,
3359 4860 3485 4916 qua
3512 4851 3726 4907 statuta

2142 4931 2212 4973 ea:
2240 4919 2482 4986 formula
2510 4921 2776 4994 strategis
2796 4931 2850 4980 et
2867 4925 3254 4990 clcisurarchis
3281 4935 3566 4997 dabantur
3596 4949 3728 5001 tem-

2142 5021 2276 5077 pore
2305 5008 2500 5065 Leonis
2529 5011 2794 5078 eiusdem.

1345 5166 1542 5224 JOAN.
1585 5167 1735 5227 JAC.
1782 5169 2045 5228 REISKII
2093 5167 2690 5233 COMMENTARIUS.

382 5321 494 5392 (57)
533 5321 752 5396 Totum
789 5320 906 5396 _hoo
943 5323 1120 5396 caput
1144 5319 1532 5396 _deest._Q_uod
1566 5319 1966 5396 suspiciqnern

305 5391 504 5450 mavet
533 5393 608 5447 ab
637 5391 881 5447 homine
913 5391 1030 5448 non
1060 5392 1298 5447 indocto
1331 5393 1514 5447 fuisse
1545 5391 1830 5464 ablatum,
1867 5393 1968 5464 qui

303 5465 798 5520 membranarum
843 5481 1085 5520 suarum
1119 5479 1310 5518 veram
1344 5469 1574 5518 aetatem
1605 5463 1850 5518 voluerit
1881 5463 1971 5519 ce-

309 5537 455 5592 lare.
499 5535 874 5592 Constitisset
919 5536 1076 5590 enim
1127 5535 1234 5591 hoc
1272 5551 1342 5590 ex
1379 5535 1594 5602 indice,
1633 5551 1748 5590 non
1797 5551 1970 5590 avum

311 5609 790 5680 Constantinum,
817 5607 1025 5680 Leonis
1043 5607 1250 5680 ﬁlium,
1272 5611 1374 5663 sed
1407 5611 1700 5680 nepotem,
1725 5605 1974 5664 Romani

311 5680 532 5746 ﬁlium,
561 5679 674 5736 hoc
703 5695 852 5750 opus
884 5679 1240 5750 condidisse.

387 5751 504 5824 (58)
537 5749 788 5806 Exhibui
821 5749 1058 5808 titulum
1093 5750 1268 5820 hunc,
1291 5749 1520 5822 qualem
1543 5749 1755 5808 inveni.
1781 5749 1974 5806 Alium

601 5879 864 5940 ΡΑτιιοι.
911 5881 1028 5940 Gn.
1074 5879 1259 5942 CXII.

2077 5323 3124 5420 εξΞιειφιθξξέρριλθεερξρερηιμίαν
3149 5339 3288 5420 ure
3311 5346 3522 5420 munit
3544 5351 3732 5420 Maius

2080 5397 2602 5492 οΕΗξΙΑ-Ιῖεᾙῐυξεξυὴι
2842 5397 3042 5462 Graeca
3083 5417 3121 5466 ι.
3155 5412 3245 5468 Vl.

2079 5467 2391 5592 ggitionem
2425 5470 2634 5529 horum
2667 5474 2972 5533 titulorum
3004 5497 3136 5538 cum
3172 5467 3732 5560 ndei’éa'ééﬁiﬁﬁi

2180 5556 2279 5592 Im.

2082 5555 2279 5596 VBIIm.
3537 5555 3553 5560 ν
3759 5571 3764 5575 ,

2081 5611 2440 5741 Μάῐὲρᾶί
2485 5619 2744 5688 promoti.
2778 5619 3052 5684 Strictius
3081 5625 3157 5684 ad
3185 5625 3440 5690 litteram
3485 5636 3575 5690 est
3602 5649 3730 5706 pro-

3331 5905 3408 5966 31
