4052 6358
1494 355 2016 420 CONSTANTINI
2061 355 2752 420 PORPHYROGENITI
3736 364 3853 427 976

422 500 556 572 quis
586 496 765 571 capiti
794 496 949 554 male
968 497 1174 554 aﬁ'ecto
1197 494 1510 567 medelam,
1532 510 1709 568 quam
1734 497 1949 568 potest,
1972 509 2060 550 om

2204 492 2375 567 ταύτῃ
2436 490 2869 569 βασιλικωτέραν
2920 494 3011 549 καὶ
3074 490 3453 570 φοδερωτέραν
3496 493 3853 553 ἀποδεικνύν-

416 605 554 646 nem
585 604 701 644 non
730 586 956 656 atterat,
988 591 1178 642 totum
1210 601 1425 657 corpus
1448 585 1507 641 in
1529 584 1739 641 excidii
1763 581 2060 654 periculun

2194 600 2302 646 τες’
2357 587 2438 655 τῷ
2485 580 2543 637 δὲ
2610 588 2969 657 συγκλητικῷ
3017 580 3357 661 πληρώματι
3417 585 3507 639 καὶ
3563 586 3725 642 παντί
3773 595 3854 663 τῷ

423 677 691 749 coujicit:
721 676 801 731 ita
824 677 1000 731 etiam
1025 676 1292 748 quisquis
1319 678 1649 731 communis
1674 674 1853 745 hujus
1876 680 2060 729 nostra

2200 672 2429 743 ὑπηκόῳ
2459 672 2548 727 τὸν
2586 672 2724 746 μετὰ
2778 679 2879 742 τῆς
2927 672 3173 743 εὐταξίας
3215 673 3334 748 βίον
3377 675 3469 729 καὶ
3499 676 3599 746 τήν
3649 674 3852 754 διαγω-

425 783 623 825 rerum
655 765 912 823 civilium
935 766 1381 837 gubernationis
1407 781 1617 835 corpus
1635 766 1714 819 ita
1738 762 2001 834 negligit,
2027 779 2058 816 u

2197 762 2300 835 γῆν
2333 763 2608 833 νὲμοντες,
2651 762 2738 837 ὑφ’
2779 762 2847 831 ἧς
2888 762 3204 837 σεμνότεροί
3249 784 3308 819 τε
3337 766 3428 819 καὶ
3477 771 3853 842 κοσμιῶτεροι

421 858 550 930 ejus
578 855 953 913 eminentiori
976 865 1147 926 atque
1166 854 1490 926 capitaliori
1516 858 1664 926 parti
1688 853 1993 924 aegrotanti
2019 867 2060 906 ea

2194 852 2579 923 καθιστάμενοι
2613 852 2747 906 εἶναι
2785 850 2845 906 ἂν
2897 851 2988 906 καὶ
3048 849 3363 925 βασιλεῦσιν
3414 851 3724 929 ἐπέραστοι,
3764 858 3850 912 αἱ·

415 949 637 1015 omnia,
669 961 797 1018 quas
828 944 1034 999 vitium
1076 959 1283 999 sanare
1323 948 1382 998 et
1421 943 1814 1015 integritatem
1845 957 2055 997 conser

2194 936 2411 1010 δέσιμοί
2448 960 2508 994 τε
2576 938 2853 1011 ἀλληλοις
2881 941 2972 995 καὶ
3003 940 3163 995 παντὶ
3213 938 3351 1005 ἔθνει
3400 944 3707 1017 θαυμαστοί
3754 945 3851 1002 καὶ

413 1052 548 1094 vare
578 1033 794 1101 valent,
827 1049 944 1090 non
972 1032 1243 1105 applicet,
1267 1032 1696 1102 deﬂuviumque
1721 1030 2007 1087 minantia
2023 1036 2080 1086 et
2193 1026 2492 1104 περίδοξοι.

413 1128 488 1185 ob
519 1127 822 1183 turbatum
853 1124 1118 1180 ordinem
1152 1123 1408 1179 resoluta
1439 1123 1754 1195 pendentia
1786 1138 1901 1179 non
1930 1125 2102 1192 cogat
2141 1126 2199 1177 et
2229 1123 2607 1196 compingat:
2643 1123 2740 1180 ille
2773 1140 2899 1180 meo
2931 1125 3413 1198 quidemjudicio
3434 1125 3717 1200 populum
3752 1130 3853 1187 de-

412 1218 607 1275 struit.
640 1215 822 1271 Primi
854 1230 961 1271 nos
992 1214 1185 1286 itaque
1215 1213 1286 1268 ad
1320 1213 1471 1269 hanc
1506 1219 1787 1269 tentatam
1820 1212 2108 1268 hactenus
2138 1212 2362 1268 nemini
2394 1219 2619 1285 partem
2650 1215 2779 1286 ejus
2811 1215 3156 1287 disciplinae,
3189 1234 3318 1289 quae
3350 1218 3422 1274 de
3452 1218 3680 1275 vicibus
3712 1237 3850 1278 mu-

415 1310 649 1378 niisque
678 1303 940 1361 civilium
972 1303 1249 1358 ordinum
1283 1304 1482 1370 tradit,
1515 1319 1622 1359 nos
1653 1303 2038 1371 accinximus,
2070 1319 2138 1358 ea
2161 1304 2383 1359 ratione
2417 1305 2662 1375 imperio
2690 1305 2926 1377 quidem
2950 1324 3015 1363 eo
3039 1306 3172 1379 plus
3191 1309 3518 1379 majestatis
3536 1318 3589 1366 et
3607 1312 3850 1369 terroris

422 362 544 424 975

414 1394 670 1453 addituri
718 1419 736 1463 ;

789 1394 1078 1450 senatorio
1119 1397 1314 1448 autem
1355 1393 1534 1447 εωιυὶ
1571 1393 1793 1463 totique
1825 1392 1885 1446 in
1926 1395 2264 1448 universum
2315 1395 2540 1464 parenti
2591 1394 2954 1451 multitudini
3008 1400 3138 1452 vita
3182 1402 3354 1468 atque
3398 1402 3851 1459 consuetudinis

416 1488 635 1540 mutuas
674 1482 735 1538 in
773 1483 982 1538 decoro
1030 1481 1235 1537 ordine
1277 1484 1449 1553 atque
1485 1480 1902 1553 tranquillitate
1943 1481 2329 1554 transigenda
2372 1484 2597 1555 copiam
2637 1484 2866 1551 facturi,
2912 1500 3026 1557 quo
3066 1485 3506 1557 spectabiliores
3545 1486 3850 1548 honestio-

414 1587 623 1645 resque
673 1571 907 1639 redditi,
951 1568 1286 1642 principum
1332 1585 1570 1626 suorum
1610 1585 1867 1627 amorem
1907 1569 2237 1643 civiumque
2276 1575 2335 1628 et
2376 1572 2691 1643 aequalium
2737 1574 3167 1632 venerationem
3218 1580 3574 1649 mereantur,
3627 1580 3846 1638 exteris

411 1666 609 1719 autem
646 1660 710 1718 in
739 1675 837 1718 ore
867 1666 1042 1732 atque
1071 1658 1461 1716 admiratione
1490 1659 1625 1715 sint.

858 1776 1013 1834 290
1043 1774 1276 1832 CAPUT
1308 1774 1617 1831 PRIMUM.

413 1887 783 1955 Obseruantia,
833 1885 1053 1957 quando
1094 1883 1374 1957 palatium
1425 1882 1667 1957 quotidie
1716 1899 1835 1939 sese
1882 1883 2075 1940 reclu-

480 1959 585 2023 dit,
630 1966 683 2015 et
716 1955 990 2029 processio
1029 1955 1093 2011 in
1138 1955 1416 2025 palatium
1456 1955 1644 2012 diebus
1678 1958 1943 2026 pro/estis
1980 1970 2077 2012 seu

478 2031 818 2105 quotidiana
846 2028 1088 2085 orditur.
2000 2050 2005 2057 ο

483 2137 619 2194 Post
644 2135 987 2192 absolutum
1019 2134 1283 2190 orthrum
1313 2149 1416 2189 seu
1459 2132 1716 2190 ofﬁcium
1757 2135 2075 2190 matutina-

410 2241 546 2284 rum
576 2223 880 2281 descendit
907 2222 1291 2279 heteriarcha
1319 2206 1701 2279 cumxcaaleris
1727 2224 2072 2295 magistrati-

412 2315 527 2373 bus
556 2312 806 2370 heterias
835 2315 892 2368 et
919 2327 1054 2367 cum
1084 2311 1349 2383 ejusdem
1383 2310 1776 2368 bebdomariis
1808 2314 1929 2385 [seu
1973 2328 2075 2383 per

408 2411 554 2470 llam
584 2410 988 2483 septimanam
1019 2409 1243 2465 servitii
1276 2408 1432 2466 vices
1478 2404 1885 2481 obeuntibus],
1920 2416 1987 2466 ut
2015 2415 2074 2467 et

409 2501 617 2575 papias
645 2514 773 2557 cum
805 2496 1195 2555 bebdomariis
1222 2497 1620 2555 dietariorum
1651 2498 1761 2571 [vel
1794 2500 2068 2571 septima-

410 2590 593 2649 nariis
614 2586 980 2662 atriensium]
996 2587 1323 2659 horumque
1349 2588 1704 2659 primicerio,
1720 2597 1775 2645 et
1799 2590 2069 2661 aperiunt

411 2685 642 2754 portam
674 2678 994 2735 eburneam
1038 2694 1053 2747 ;
1085 2680 1143 2733 et
1171 2677 1394 2734 intrant
1437 2676 1910 2749 parhebdomarii
1944 2680 1963 2751 ἶ
1968 2695 2067 2736 seu

410 2768 612 2828 vicarii
674 2766 1242 2840 septimanariorum]
1302 2767 1575 2836 hetaerias,
1627 2775 1683 2824 et
1741 2771 2068 2825 ascendunt

410 2875 517 2933 per
563 2856 881 2924 cochleam,
931 2861 989 2913 et
1029 2856 1393 2913 descendunt
1427 2873 1533 2929 per
1571 2857 1897 2927 cochleam,
1939 2874 2065 2931 quae

409 2949 571 3006 ducit
600 2949 673 3005 ad
707 2952 932 3020 portam
963 2951 1237 3017 ganotam
1269 2948 1398 3019 [seu
1430 2946 1608 3019 polita
1640 2947 1860 3003 lamina
1910 2964 2065 3004 mar-

408 3055 608 3096 morea
636 3038 1069 3109 incrustatam],
1101 3052 1205 3108 per
1224 3052 1401 3108 quam
1425 3038 1621 3092 aditus
1642 3038 1711 3091 ad
1735 3036 2061 3093 lausiacum

404 3132 582 3201 patet.
600 3127 669 3184 Et
690 3143 791 3199 per
810 3127 962 3183 hanc
984 3130 1213 3198 portam
1237 3125 1459 3181 intrant
1479 3126 1536 3181 in
1552 3126 1898 3184 lausiacum.
1913 3128 2058 3184 Tum

400 3218 657 3275 induunt
677 3215 1057 3273 hetariarcha
1078 3220 1254 3287 atque
1286 3216 1482 3287 papias
1504 3232 1612 3271 sua
1634 3219 2055 3289 searamangia,

401 3313 868 3381 prastereuntque
917 3320 1052 3361 cum
1093 3304 1371 3360 diastariis
1425 3304 1959 3377 chrysotriclinlum
1999 3315 2057 3364 et

399 3394 793 3465 horologium,
823 3399 879 3450 et
908 3394 1184 3465 aperiunt
1216 3399 1464 3463 portam,
1498 3410 1625 3465 qua:
1656 3411 1725 3450 ex
1758 3395 2055 3469 horologio

400 3483 463 3541 in
478 3483 805 3539 lausiacum
827 3483 1007 3538 ducit.
1035 3482 1247 3539 Deinde
1266 3483 1538 3554 aperiunt
1558 3500 1692 3539 cum
1719 3486 2056 3557 maglabitis

398 3580 451 3628 et
480 3571 977 3642 parhebdomariis
1008 3571 1257 3627 hetaerias
1286 3570 1606 3627 Justiniani
1638 3573 1958 3629 triclinium
1997 3580 2055 3631 et

397 3661 555 3735 scyla
569 3669 625 3717 et
645 3664 895 3733 portam,
921 3676 1050 3732 qua:
1072 3660 1131 3716 in
1155 3662 1374 3716 circum
1399 3665 1575 3731 patet.
1609 3662 1674 3716 Et
1696 3662 1775 3717 ibi
1813 3664 2051 3735 quidem

395 3750 456 3808 in
487 3749 662 3823 scylis
690 3749 967 3805 sinuntur
997 3765 1297 3806 remanere
1335 3754 1507 3821 atque
1548 3749 1819 3816 residere,
1848 3754 1948 3822 qui
1981 3754 2053 3809 ad

393 3839 648 3898 mediam
671 3838 965 3895 hetariam
985 3838 1294 3911 pertinent.
1321 3838 1708 3895 Hetariarcha
1727 3856 1859 3896 vero
1882 3846 2052 3914 atque

391 3929 599 4001 papias
628 3933 689 3986 et
716 3928 816 4002 qui
845 3928 916 3984 ad
937 3944 1215 4000 magnam
1241 3927 1535 3983 hetmriam
1560 3928 1852 4000 pertinent
1874 3937 2050 4003 atque

394 4019 642 4076 dimtarii
680 4023 1077 4077 revertuntur.
1121 4019 1515 4075 Βοιωτίδι-σιω
1551 4020 1787 4091 quidem
1831 4022 2050 4077 residet

2097 1779 2145 1847 B

2613 1781 3013 1838 ΚΕΦΑΛΑΙΟΝ
3092 1783 3385 1838 ΠΡΩΤΟΝ.

2259 1887 2398 1969 ’ξΟσρι
2451 1881 2535 1939 δεῖ
2579 1884 3017 1969 παραφυλάττειν
3099 1891 3233 1969 καθ’.
3302 1888 3532 1962 ἑκαστην
3593 1892 3838 1969 ἡμέραν,

2256 1956 2572 2041 ᾀνοίγοντος
2635 1956 2751 2041 τοῦς
2798 1957 3069 2041 παλατίου
3146 1961 3236 2015 καὶ
3300 1964 3399 2030 τῆς
3458 1956 3840 2041 καθημερινῆς

2258 2028 2557 2102 ἱσταμένης
2585 2028 2987 2103 προελεύσεως.

2259 2134 2411 2190 Μετᾶ
2439 2137 2539 2205 τήν
2572 2140 2669 2191 τοῦ
2701 2132 2902 2212 ὄρθρου
2934 2137 3202 2193 ἀπόλυσιν
3236 2140 3559 2216 κατέρχεται
3602 2145 3632 2198 6
3689 2145 3838 2203 ἑται-

2184 2222 2447 2299 ρειάρχης
2484 2225 2617 2297 μετὰ
2671 2230 2781 2280 τῶν
2838 2226 3119 2302 ἀρχόντων
3167 2235 3268 2297 τῆς
3300 2229 3564 2303 ἑταιρείας
3597 2233 3689 2288 καὶ
3731 2240 3838 2291 τῶν

2180 2318 2280 2380 τῆς
2315 2312 2581 2386 ἑταιρείας
2634 2310 3003 2389 ἐϐδομαρίων,
3034 2316 3244 2389 ὁμοίως
3283 2317 3373 2372 καὶ
3401 2319 3430 2374 6
3460 2322 3667 2386 παπίας
3700 2326 3835 2397 μετὰ

2181 2404 2289 2454 τῶν
2353 2398 2691 2478 ἐδὸομαρίων
2750 2402 3067 2480 ὃιαιταρίων
3123 2406 3215 2462 καὶ
3286 2412 3385 2461 τοῦ
3466 2414 3833 2487 πριμικηρίον

2182 2489 2379 2555 αὐτῶν,
2443 2490 2532 2545 καὶ
2591 2490 2901 2567 ἀνοίγουσιν
2947 2495 3046 2564 τήν
3097 2492 3469 2575 ἐλεφαντίνην,
3509 2498 3597 2553 καὶ
3654 2500 3828 2575 εἰσέρ-

2180 2597 2372 2653 χονται
2404 2581 2456 2635 οἱ
2504 2577 2940 2657 παρεϐδομάριοι
2970 2590 3070 2654 τῆς
3116 2585 3404 2661 ἑταιρείας,
3433 2588 3520 2641 καὶ
3555 2586 3821 2663 ἀνερχον-

2176 2687 2266 2721 ται
2299 2665 2389 2723 διὰ
2414 2673 2511 2723 τοῦ
2541 2667 2802 2745 κοχλιυῦ,
2837 2672 2921 2727 καὶ
2956 2672 3314 2749 κατέρχονται
3343 2679 3439 2730 τοῦ
3469 2674 3702 2751 κοχλιοῦ
3721 2681 3819 2732 τοῦ

2176 2758 2513 2832 κατάγοντος
2564 2759 2640 2822 εἷς
2697 2762 2796 2829 τήν
2846 2764 3098 2837 γανωτὴν
3145 2761 3328 2833 πύλην
3382 2766 3478 2833 τήν
3509 2764 3825 2842 εἲσάγουσαν

2177 2843 2253 2906 είς
2311 2847 2403 2901 τὸν
2466 2847 2784 2919 λαυσιακὸν,
2816 2849 2909 2903 καὶ
2965 2847 3035 2904 δι’
3085 2849 3252 2921 αὐτῆς
3281 2858 3384 2921 τῆς
3417 2853 3602 2924 πύλης
3651 2854 3829 2931 sintp-

2176 2953 2367 3010 χονται
2401 2937 2477 3000 εἷς
2534 2939 2626 2993 τὸν
2686 2939 3000 2997 λαυσιακόν.
3038 2944 3099 2999 Ὀ
3150 2939 3207 2997 δὲ
3239 2943 3631 3020 ἒταιρειάρχης
3691 2946 3831 3019 μετὰ

2170 3028 2267 3079 τοῦ
2325 3026 2529 3081 παπίου
2588 3026 2952 3084 ἀλλάσσουσιν
3010 3030 3078 3085 τὰ
3133 3031 3337 3088 ἑαυτῶν
3418 3035 3823 3111 σκαραμάγγια,

2171 3112 2262 3167 καὶ
2292 3115 2429 3186 μετὰ
2459 3113 2771 3191 διαιταρίων
2811 3116 3121 3196 διέρχονται
3153 3117 3243 3176 διὰ
3299 3125 3397 3177 τοῦ
3427 3123 3824 3200 χρυσοτρικλί-

2170 3224 2265 3259 νου
2299 3207 2386 3260 καὶ
2416 3211 2515 3262 τοῦ
2545 3208 2885 3285 ὡρολογίου,
2916 3211 3006 3266 καὶ
3044 3211 3357 3288 ἂνοίγουσιν
3396 3214 3498 3283 τήν
3531 3215 3827 3290 ὲξάγουσον

2163 3293 2346 3364 πύλην
2393 3298 2499 3353 ἀπὸ
2548 3302 2646 3354 τοῦ
2694 3298 3003 3377 ὡρολογίου
3059 3301 3135 3363 εἰς
3187 3302 3277 3358 τὸν
3330 3302 3648 3364 λαυσιακόν.
3690 3306 3821 3371 Eia"

2163 3383 2337 3445 οὕτως
2373 3386 2508 3458 μετᾶ
2572 3392 2679 3442 τῶν
2745 3386 3101 3465 μαγλαόιτῶν
3155 3393 3243 3447 καὶ
3292 3396 3401 3447 τῶν
3457 3390 3823 3471 παρεϐδομα-

2164 3473 2294 3545 ρίων
2350 3481 2450 3545 τῆς
2519 3476 2785 3553 ἑταιρείας
2814 3478 3092 3553 ἀνοίγουσι
3129 3481 3225 3537 τὸν
3277 3482 3663 3539 Ἰουστινιανοῦ
3691 3485 3827 3560 τρί-

2160 3561 2346 3619 κλινον
2373 3565 2462 3619 καὶ
2493 3565 2559 3622 τὰ
2591 3567 2764 3623 σκύλα
2790 3568 2883 3624 καὶ
2911 3571 3009 3638 τήν
3052 3569 3342 3648 ὲξάγουσαν
3372 3571 3450 3636 εἷς
3495 3572 3589 3629 τὸν
3647 3574 3827 3631 ἱππό-

2160 3648 2367 3725 δρομον
2400 3653 2607 3725 πύλην,
2639 3658 2728 3711 καὶ
2760 3658 2812 3711 ci
2855 3658 2950 3731 μὶν
2982 3660 3079 3728 τῆς
3115 3661 3284 3732 μέσης
3314 3661 3580 3735 ἑταιρείας
3614 3660 3825 3721 ἑῶν-ται

2159 3743 2474 3811 καθέζεσθαι
2528 3745 2603 3807 είς
2633 3749 2700 3802 τὰ
2765 3746 2938 3803 σκύΛα
2994 3750 3037 3807 ⁴.
3083 3750 3143 3807 Ὀ
3175 3747 3233 3805 δὲ
3289 3750 3681 3831 ἕταιρειάρχης
3718 3757 3827 3811 καὶ

2159 3835 2187 3889 6
2237 3833 2444 3894 παπίας
2493 3837 2581 3889 καὶ
2632 3837 2685 3889 οἱ
2734 3842 2833 3905 τῆς
2886 3836 3133 3914 μεγᾶλης
3181 3838 3449 3914 ἑταιρείας
3501 3842 3638 3915 μετᾶ
3699 3850 3829 3900 τῶν

2159 3920 2475 3997 διαιταρίων
2532 3924 2984 4002 ὑποστρέφουσιν,
3025 3928 3115 3982 καὶ
3174 3929 3202 3983 6
3263 3930 3359 4002 μὲν
3416 3928 3825 4009 ἑταιρειάρχης

2155 4012 2453 4087 ἐρχόμενος
2482 4016 2758 4083 καθέζεται
2792 4015 2868 4077 εἰς
2897 4016 2988 4072 τὸν
3023 4014 3319 4073 λαυσιακὸν
3359 4020 3465 4094 πρὸ
3504 4027 3605 4089 τῆς
3662 4038 3825 4097 ’χαλε

388 4109 450 4167 in
495 4106 749 4165 lausiaco
788 4118 919 4165 ante
958 4116 1183 4181 portam
1229 4124 1474 4178 mneam,
1517 4125 1645 4181 qua:
1685 4108 1746 4165 in
1787 4110 2045 4166 culinam

2180 4108 2256 4171 ιῆς
2288 4102 2470 4173 πύλης
2520 4110 2621 4172 τῆς
2679 4102 3006 4179 ἀνοιγούσης
3038 4106 3113 4170 εἷς
3159 4107 3224 4162 τὸ
3259 4113 3590 4182 μαγειρεῖον.
3645 4112 3705 4169 Ὀ
3762 4111 3825 4170 δὲ

386 4199 568 4256 ducit.
602 4199 807 4271 Papias
837 4204 1032 4255 autem
1064 4199 1244 4255 intrat
1274 4200 1331 4254 in
1363 4199 1895 4271 chrysotriclinium
1934 4200 2051 4257 cla-

2180 4190 2353 4246 :amia:
2385 4192 2693 4267 εἰσέρχεται
2742 4193 2818 4255 εἷς
2867 4194 2958 4249 τὸν
2992 4196 3464 4272 χρυσοτρίκλινον,
3504 4199 3822 4274 καὶτίθησι

385 4303 606 4360 vasque
639 4288 877 4361 deponit
918 4288 977 4342 in
1021 4304 1283 4357 scamno,
1319 4290 1472 4360 quod
1505 4291 1619 4343 stat
1666 4288 1819 4343 intra
1848 4287 2042 4344 velum

2184 4281 2217 4334 ἃ
2253 4279 2467 4336 κλειδία
2497 4282 2572 4343 εἷς
2628 4284 2689 4336 τὸ
2742 4283 2982 4358 σκάμνον
3032 4286 3097 4340 τὸ
3156 4286 3445 4359 ἱστάμενον
3494 4282 3644 4343 ἔνδον
3694 4288 3821 4349 ’τοῦ

382 4393 627 4434 camarae
656 4378 745 4435 vel
775 4377 1018 4434 fornicis
1047 4378 1119 4433 ad
1150 4377 1509 4433 occidentem
1542 4377 1862 4448 spectantis
1891 4377 2042 4433 sini-

2180 4370 2331 4439 ιγςλου
2387 4377 2487 4441 τῆς
2526 4374 2663 4446 πρὸς
2717 4370 2867 4428 δύσιν
2927 4376 3213 4450 ἀριστερᾶς
3265 4377 3535 4452 καμάρας.
3585 4377 3690 4434 Δύο
3757 4379 3821 4436 δὲ

381 4469 540 4525 sine.
567 4468 690 4524 Duo
713 4472 909 4524 autem
933 4465 1174 4523 dimtarii
1195 4482 1464 4537 unusque
1482 4466 1799 4537 maglabita
1818 4467 2038 4523 abeun-

2188 4462 2446 4535 ιαιτάριοι
2507 4461 2641 4535 μετά
2696 4459 3041 4538 μαγλαϐίτου
3102 4466 3457 4541 ἀπέρχονται,
3507 4466 3598 4523 καὶ
3646 4468 3819 4527 ἀνοί-

378 4562 468 4615 tes
506 4556 669 4615 illinc
709 4556 983 4628 aperiunt
1023 4555 1368 4613 secretarias
1407 4563 1463 4611 et
1501 4561 1751 4627 portam,
1796 4571 1923 4625 quas
1967 4557 2037 4612 ad

2183 4570 2331 4607 ουσιν
2370 4552 2434 4605 τά
2480 4572 2538 4605 τε
2597 4551 2932 4627 ἀσηκρητεῖα
2974 4553 3068 4608 καὶ
3109 4556 3209 4624 τήν
3258 4554 3554 4632 ἐξάγουσαν
3607 4558 3685 4620 εἰς
3746 4564 3817 4618 τὸ

374 4647 599 4705 idicum
631 4660 736 4703 seu
768 4644 976 4702 ﬁscum
1008 4644 1230 4700 domini
1275 4644 1623 4715 peculiarem
1657 4645 1837 4699 ducit.
1881 4643 2035 4700 Heb-

2180 4637 2346 4695 ίδικὸν
2396 4640 2600 4711 πύλην·
2646 4641 2697 4695 o't
2741 4639 2796 4697 δὲ
2823 4646 2921 4698 τοῦ
2962 4647 3228 4706 κοιτῶνος
3258 4640 3582 4721 ὲϐδομάριοι
3607 4646 3817 4724 dipon-

376 4734 623 4794 domarii
654 4739 850 4791 autem
883 4734 1128 4791 ccetonis
1159 4738 1463 4801 acceptum
1489 4749 1522 4787 a
1549 4733 1824 4788 vestiario
1845 4748 2033 4791 scara-

2183 4751 2227 4783 ιν
2259 4727 2365 4784 ἆπὸ
2411 4734 2509 4783 τοῦ
2541 4729 2871 4805 ,βεστιαρίου
2916 4731 2979 4786 τὸ
3025 4736 3122 4786 τοῦ
3168 4731 3439 4808 βασιλέως
3472 4739 3815 4815 σκαραμςὶγ..

376 4824 680 4897 mangium
734 4824 1100 4896 imperatoris
1145 4823 1449 4893 deponunt
1478 4822 1538 4876 in
1581 4838 1836 4889 scamno,
1875 4824 2030 4893 quod

2182 4839 2280 4887 ιον,
2329 4819 2420 4873 καὶ
2469 4817 2831 4897 ἀποφέροντες
2877 4820 3112 4876 τιθέασιν
3162 4822 3293 4878 αὐτὸ
3347 4823 3425 4886 εἷς
3454 4825 3516 4879 τὸ
3550 4827 3810 4901 σκάμνον

374 4916 467 4967 est
494 4918 657 4970 extra
684 4918 915 4985 portam
955 4921 1284 4983 argenteam
1322 4911 1557 4968 catonis
1584 4910 1770 4981 illam,
1802 4927 1927 4983 quas
1969 4912 2028 4968 in

2180 4908 2202 4963 ὸ
2233 4904 2334 4978 ἔξω
2362 4912 2470 4962 τῶν
2510 4908 2761 4983 ἀργυρῶν
2797 4909 2984 4965 πυλῶν
3037 4915 3134 4967 τοῦ
3185 4918 3447 4975 κοιτῶνος
3477 4914 3808 4989 ἱστάμενον,

376 4997 905 5068 chrysotriclinium
987 5002 1201 5058 educit.
1283 5005 1537 5057 Decursa
1605 5000 1789 5072 prima
1862 5001 2027 5067 hora,

2180 4996 2396 5067 ηλονότι
2458 5002 2565 5053 τῶν
2622 4997 2921 5073 ἐξαγόντων
2979 5001 3055 5064 είς
3130 5003 3223 5058 τὸν
3303 5004 3803 5082 χρυσοτρίκλινον.

372 5087 533 5142 venit
560 5088 960 5147 diastariorum
991 5089 1384 5162 primicerius,
1416 5094 1474 5148 et
1505 5105 1640 5147 cum
1662 5090 1821 5147 clave
1844 5091 2027 5148 obicis

2180 5085 2243 5143 ἰαὶ
2291 5094 2394 5157 τῆς
2427 5088 2652 5163 πρώτης
2703 5087 2848 5163 ὧρας
2897 5089 3315 5167 πληρουμένης,
3358 5091 3580 5171 ἔρχεται
3621 5097 3650 5150 ὁ
3682 5099 3806 5155 τῶν

1747 5245 1982 5304 VARI/E
2023 5243 2328 5301 LECTION
2337 5245 2440 5300 ES.

435 5369 461 5403 ⁴
491 5369 708 5444 ΣΧΟΛ,
741 5370 964 5444 Ἰστέον,
995 5373 1078 5429 ὅτι
1107 5379 1206 5446 τῆς
1241 5373 1490 5454 μεγάλης
1522 5373 1791 5450 ἑταιρείας
1811 5369 2138 5448 ἐϐδομάριοι
2175 5368 2368 5429 ἐῶνται
2398 5373 2709 5445 καθέζεσθαι
2753 5377 2841 5436 ἐπὶ
2875 5385 2973 5437 τοῦ
3005 5381 3226 5458 ῥαφείου
3257 5385 3388 5460 (66).

1412 5532 1610 5591 JOAN.
1652 5531 1797 5590 JAC.
1841 5532 2108 5589 REISKII
2146 5531 2723 5593 COMMENTARIUS.

429 5675 558 5761 (66)_
586 5674 649 5761 I_d
696 5680 791 5761 est
827 5673 1073 5753 ραιρείου.
1122 5678 1270 5761 Puto
1300 5679 1503 5761 locum
1546 5680 1751 5748 fuisse,
1796 5678 1893 5736 ubi
1939 5685 2189 5737 sartorcs
2230 5678 2563 5754 imperiales
2606 5684 2903 5743 ofﬁcinam
2943 5685 3258 5761 habebant,
3302 5690 3398 5748 ubi
3440 5694 3629 5748 vestes
3674 5707 3800 5749 au-

356 5745 481 5806 lica
513 5755 565 5803 et
594 5745 847 5805 donariaé
877 5745 1410 5807 cbnsarciebantur.
