4052 6402
281 365 400 429 979

1330 358 1873 435 'CONSTANTINI
1916 368 2634 432 PORPHYROGENITI
3576 373 3699 432 980

289 518 525 576 quoque
563 516 754 560 coram
795 516 863 559 eo
918 503 1269 576 praecedens,
1331 505 1601 580 introque
1660 506 1823 563 ducit
1877 506 1974 573 in,

2082 502 2344 578 ,ογοθέτου
2383 502 2723 567 εἰσελθόντος
2771 499 2826 557 ἔν
2842 499 2935 557 δον
2972 498 3069 557 τοῖ’»
3103 498 3303 577 βήλου,
3352 499 3536 557 πίπτει
3602 499 3702 556 έπ-

282 589 843 661 chrysotriclinium.
878 592 1003 660 Quo
1034 592 1334 664 ingressus
1362 595 1655 668 logotheta
1683 594 1933 668 procidit

2083 591 2286 670 ὃάφους
2351 595 2686 667 προσκυνῶν,
2743 591 2834 646 καὶ
2888 590 3082 653 εὐθέως
3122 590 3403 667 ἀνέρχεται
3434 590 3572 665 πρὸς
3612 590 3705 645 τὸν

285 680 451 736 humi
479 680 635 737 intra
654 680 871 754 velum,
904 687 963 739 et
990 685 1195 740 adorat
1243 685 1574 752 dominum,
1617 686 1936 758 statimque

2082 681 2308 740 ιασιλέα.
2340 683 2557 751 Ἱστέον,
2591 681 2697 750 ὅτι,
2728 685 2827 736 τοῦ
2859 678 3150 754 λογοθέτου
3189 679 3553 756 έξερχομένου
3610 680 3701 734 καὶ

283 785 537 844 surgens
566 771 789 829 accedit
817 773 892 828 ad
944 789 1103 830 eum.
1160 774 1531 845 Tenendum,
1579 773 1937 847 logothetarn

2082 769 2214 826 εάλιν
2265 771 2680 846 εἰσερχομένου,
2735 771 2802 825 οὗ
2832 775 3147 844 προσκυνεῖ.
3199 768 3418 837 Ἰστέον,
3452 768 3536 825 ὅτι
3582 769 3702 824 οἷόν

283 858 686 932 egredientem
718 865 775 917 et
823 877 1029 919 rursus
1074 863 1393 921 intrantem
1436 880 1554 921 non
1620 879 1846 934 rursus,
1878 868 1942 918 ut

2090 881 2170 915 ινα
2191 857 2434 935 ἄρχοντα
2462 860 2497 929 ἢ
2532 857 2898 936 συγκλητικὸν
2931 856 3143 915 κελεύει
3192 859 3221 912 ὁ
3276 857 3535 933 βασιλεὺς
3579 856 3708 912 θεᾶ-

284 948 480 1021 prima
507 948 634 1007 vice
662 949 1003 1023 ingrediens
1049 953 1286 1022 fecerat,
1319 953 1627 1009 dominum
1677 953 1939 1009 adorare.

2086 960 2263 1020 ασθαι,
2294 948 2680 1024 εἰσερχόμενος
2723 948 2750 1003 6
2808 952 3059 1009 τοιοῦτος
3098 946 3283 1003 πίπτει
3314 947 3406 1001 καὶ
3456 966 3701 1020 προσκο-

285 1039 517 1097 Pariter
544 1038 595 1096 si
625 1056 803 1112 quem
834 1042 1173 1100 archontem
1204 1043 1295 1099 vel
1331 1044 1675 1101 honoratum
1732 1042 1943 1116 palati-

2083 1042 2247 1097 εἶκαὶ
2295 1039 2595 1119 ἐξέρχεται.
2662 1039 2726 1097 Εἰ
2787 1037 2844 1095 δὲ
2872 1038 3037 1095 πάλιν
3102 1038 3353 1115 βουληθῇ
3383 1042 3547 1094 τοῦτο
3580 1038 3712 1101 θεά-

291 1144 435 1184 num
490 1132 593 1186 aut
641 1133 700 1185 et
747 1131 1108 1188 senatorium
1150 1132 1345 1189 videre
1393 1133 1558 1206 cupit
1603 1132 1945 1205 imperator,

2084 1142 2240 1194 ασθαι
2271 1130 2300 1184 6
2336 1129 2609 1204 βσσιλεὺς,
2640 1128 2692 1183 ἐν
2724 1127 2803 1200 τῷ
2836 1126 3178 1203 εἷσέρχεσθαι
3204 1131 3399 1183 τοῦτον
3427 1125 3491 1181 οὐ
3540 1145 3716 1200 προσ-

291 1217 628 1291 ingreditur
648 1218 769 1289 ille,
786 1226 1183 1294 consuetoque
1203 1223 1374 1280 modo
1396 1224 1603 1279 adorat
1632 1223 1799 1279 humi
1824 1240 1952 1296 pro.

2082 1224 2220 1275 ,ovs'i.
2250 1218 2470 1288 Ἱστέον,
2502 1217 2585 1273 ὅτι
2643 1216 2695 1272 έν
2735 1222 2856 1281 ταῖς
2900 1216 3170 1293 μεγάλαις
3202 1215 3456 1291 ἡμέραις,
3499 1215 3545 1270 εί
3598 1214 3700 1271 οὒκ

291 1307 514 1379 cidens,
548 1313 607 1366 et
636 1326 843 1368 rursus
873 1312 1010 1369 exit.
1041 1318 1118 1367 At
1145 1312 1198 1369 si
1223 1314 1418 1369 denuo
1440 1313 1952 1384 ﬂagitatusintret,

2083 1310 2244 1377 στινὴ
2278 1307 2567 1381 ἐπείγουσα
2593 1307 2684 1361 γαὶ
2733 1307 3039 1381 συνέχουσα
3071 1304 3292 1361 δουλεία
3321 1306 3397 1366 εἷς
3445 1307 3546 1375 τὴν
3589 1309 3703 1361 τῶν

301 1413 420 1454 non
435 1396 610 1455 iterat
623 1399 1045 1458 adorationem.
1071 1402 1136 1457 In
1161 1401 1402 1472 reliquis
1423 1403 1701 1459 omnibus
1724 1402 1956 1469 diebus,

293 1488 533 1558 quando
564 1504 681 1545 non
724 1494 895 1563 urget
935 1507 1127 1563 neque
1176 1492 1439 1548 continet
1485 1496 1809 1549 necessitas
1858 1508 1959 1547 cu-

296 1576 467 1633 randi
512 1581 570 1634 et
589 1578 936 1649 expediendi
961 1580 1195 1652 publica
1217 1582 1470 1655 negotia,
1499 1582 1719 1638 dantur
1743 1580 1960 1649 missae,

2057 1402 2341 1476 δημοσίων
2373 1401 2708 1477 πραγμάτων
2744 1399 3058 1473 ἀντίληψιν,
3092 1398 3331 1456 δίδονται
3351 1399 3535 1475 μίνσάι
3567 1403 3709 1470 (71),

2057 1490 2203 1566 ὥρας
2260 1492 2453 1566 τρίτης
2502 1489 2919 1565 πληρουμένης.
2972 1490 3189 1560 Ίστέον,
3235 1490 3343 1559 ὅτι,
3401 1497 3503 1559 τῆς
3565 1488 3719 1563 ὥρας

2058 1573 2498 1647 καταλαϐούσης,
2532 1578 2622 1632 ὅτε
2674 1576 2969 1650 μέλλουσιν
3024 1576 3262 1652 γίνεσθαι
3313 1576 3516 1649 μίνσαι,
3563 1574 3719 1650 λέγει

301 1664 450 1722 hora
480 1667 663 1723 tertia
686 1668 871 1725 ﬁnita.
907 1670 1165 1729 Instante
1186 1675 1381 1728 autem
1409 1671 1551 1729 hora
1572 1670 1660 1728 vel
1685 1675 1964 1741 tempore,

2082 1690 2089 1721 ι
2154 1664 2409 1741 βασιλεὺς
2464 1666 2600 1741 πρὸς
2658 1666 2753 1722 τὸν
2801 1667 3025 1721 παπίαν·
3097 1688 3126 1719 α
3178 1664 3441 1734 Ἀπελθε,
3483 1664 3721 1736 ποίησον

305 1771 423 1829 quo
454 1756 647 1814 missa:
659 1758 869 1816 danda
887 1764 1049 1829 sunt,
1065 1760 1145 1816 ait
1173 1760 1494 1835 imperator
1513 1760 1736 1833 papiae:
1771 1782 1799 1811 ‹‹
1825 1760 1956 1826 Abi,

2082 1755 2277 1818 ιίνσας.
2313 1779 2342 1808 ››
2393 1754 2492 1810 Καὶ
2543 1753 2740 1817 εὐθέως
2788 1754 2961 1831 αἶ’ρων
3003 1757 3031 1810 ὁ
3057 1756 3264 1817 παπίας
3296 1755 3402 1810 ἀπὸ
3439 1759 3538 1811 τοῦ
3584 1755 3722 1809 σκά-

301 1847 394 1903 fac
425 1846 661 1904 missas.
695 1870 725 1899 »
774 1848 979 1919 Papias
1008 1848 1193 1923 igitur
1239 1851 1507 1922 protinus
1561 1849 1885 1922 corripiens
1924 1868 1956 1906 a

2082 1866 2203 1900 ινου
2248 1845 2314 1900 τὰ
2353 1842 2589 1914 κλειδία,
2633 1842 2999 1921 ἐξερχόμενος
3057 1848 3238 1900 ταῦτα
3280 1841 3524 1913 διασείει,
3576 1842 3725 1900 ὥστε

300 1953 547 1994 scamno
575 1936 777 1994 claves
792 1938 1113 2011 egreditur,
1135 1955 1353 2013 easque
1384 1943 1762 2013 conquassat,
1786 1944 1845 1996 et
1873 1939 1957 1995 sic

2082 1940 2137 2008 τῇ
2184 1935 2392 1992 τούτων
2452 1933 2705 1991 διασείσει
2770 1936 2976 1991 κτύπον
3031 1934 3434 2007 ἀποτελεῖσθαι,
3482 1934 3572 1992 ’ίνα
3631 1933 3723 1991 διὰ

302 2026 614 2098 strepitum
645 2026 811 2095 facit,
842 2043 874 2084 ο
904 2044 1022 2101 quo
1052 2032 1385 2101 agnoscunt
1401 2045 1633 2099 omnes,
1665 2029 1900 2101 papiam
1929 2044 1962 2085 e

2082 2030 2167 2082 τοῦ
2213 2026 2422 2082 κτύπου
2478 2030 2649 2100 γνῶσι
2712 2027 2927 2092 πάντες,
2988 2022 3295 2102 ἒξέρχεσθαι
3358 2027 3451 2082 τὸν
3511 2025 3723 2082 παπὶαν

301 2115 769 2189 chrysotriclinio
797 2132 1101 2189 egressum
1134 2123 1349 2176 missas
1378 2120 1584 2176 facere.
1617 2118 1961 2176 (.ommuni-

2082 2123 2299 2185 ποιῆσαι
2330 2114 2540 2188 μίνσας.
2574 2113 2794 2185 Ἰστέον,
2826 2115 2909 2170 ’ὁτι
2954 2119 3073 2177 ταῖς
3112 2120 3507 2190 καθημεριναῖς
3539 2116 3567 2170 ὁ
3623 2115 3726 2190 βα-

305 2206 419 2263 bus
439 2222 539 2263 seu
565 2205 837 2278 profestis
859 2206 1067 2264 diebus
1097 2208 1313 2265 residet
1341 2209 1659 2280 imperator
1679 2209 1739 2264 in
1763 2209 1965 2264 dextra

2082 2203 2254 2266 σιλεὺς
2286 2204 2337 2258 ἐν
2381 2207 2463 2276 τῷ
2501 2204 2638 2278 πρὸς
2676 2201 2944 2265 ἀνατολὰς
2979 2200 3140 2276 δεξιῷ
3182 2204 3335 2279 μέρει
3379 2204 3476 2260 τοῦ
3526 2206 3728 2281 θρόνου

308 2301 475 2366 parte
503 2296 724 2365 throni,
753 2313 883 2367 quas
931 2297 1003 2352 ad
1053 2298 1342 2353 orientem
1385 2301 1630 2367 spectat,
1684 2297 1743 2353 in
1793 2314 1967 2353 aurea

310 2400 524 2457 nempe
552 2383 719 2453 sella,
744 2402 871 2456 qua:
901 2384 983 2441 ibi
1014 2390 1150 2455 stat,
1176 2387 1323 2443 80]
1363 2388 1606 2443 indutus
1635 2403 1968 2444 scaraman-

311 2474 407 2545 gio
439 2474 659 2545 absque
691 2489 832 2546 sago
864 2491 1005 2530 auro
1037 2481 1393 2547 praetextato.
1418 2476 1635 2533 Verum
1663 2477 1722 2533 in
1755 2477 1966 2533 diebus

314 2561 639 2619 Dominicis
669 2565 831 2619 sedet
862 2564 921 2619 in
953 2564 1151 2621 throni
1190 2566 1431 2622 sinistra
1476 2570 1640 2636 parte
1688 2565 1749 2621 in
1802 2565 1966 2632 sella,

315 2670 441 2726 quis
470 2653 551 2709 ibi
584 2657 717 2723 stat,
751 2653 986 2711 blatteis
1012 2655 1279 2727 instrata,
1321 2656 1561 2713 indutus
1609 2659 1818 2729 praeter
1852 2657 1969 2712 alia

318 2743 495 2800 etiam
528 2759 666 2814 sago
695 2760 839 2801 auro
895 2743 1307 2820 circumsepto.
1361 2746 1431 2802 Et
1477 2751 1620 2802 tunc
1683 2746 1968 2818 temporis

314 2829 538 2890 intrant
564 2848 682 2890 non
714 2833 1014 2906 logotheta
1043 2836 1292 2908 primus,
1325 2836 1424 2893 sed
1456 2840 1592 2893 ante
1623 2851 1756 2892 eum
1791 2835 1967 2891 mini-

319 2921 449 2990 stri,
483 2922 586 2994 qui
611 2922 683 2979 ad
708 2922 1245 2996 chrysotriclinium
1267 2929 1552 2996 spectant,
1584 2925 1900 2982 introducti
1935 2941 1970 2981 a

317 3012 516 3084 papia,
547 3011 649 3083 qui
676 3027 777 3069 eos
809 3011 965 3069 intra
993 3014 1188 3070 velum
1220 3015 1507 3071 attractile
1529 3014 1588 3069 in
1621 3013 1970 3071 occidentali

316 3098 563 3156 triclinii
593 3105 753 3173 parte
785 3102 1045 3174 pendens
1071 3102 1337 3160 collocat.
1370 3105 1433 3159 In
1478 3103 1681 3159 eadem
1731 3103 1972 3159 sinistra

321 3188 522 3245 throni
564 3193 732 3261 parte
793 3190 1012 3247 residet
1072 3206 1306 3263 quoque
1363 3191 1699 3264 imperator,
1748 3192 1797 3247 si
1848 3192 1972 3247 vult

327 3281 552 3334 exteros
583 3278 867 3349 quosdam
898 3280 969 3335 ad
1004 3294 1067 3335 se
1098 3280 1429 3349 admittere,
1475 3296 1686 3352 sagum
1735 3279 1976 3336 indutus

330 3384 477 3424 auro
509 3367 993 3441 circumseptum,
1028 3370 1464 3427 introeuntibus
1495 3374 1627 3427 ante
1670 3369 1878 3442 legatis
1921 3373 1980 3426 et

330 3456 625 3513 stantibus
656 3457 1110 3530 chrysotriclinii
1144 3459 1431 3517 ministris
1463 3461 1665 3516 eodem
1722 3460 1892 3516 modo
1921 3463 1979 3515 et

331 3543 579 3612 ibidem,
612 3551 790 3617 atque
830 3547 1054 3603 dictum
1103 3552 1207 3603 est.
1258 3549 1474 3605 Diebus
1522 3550 1839 3605 Dominicis
1881 3565 1977 3604 ve-

328 3634 505 3689 niunt
557 3634 824 3705 magistri
870 3641 928 3692 et
977 3637 1203 3709 patricii
1267 3643 1326 3694 et
1381 3638 1661 3695 officiales
1717 3639 1775 3694 in
1819 3638 1976 3711 sagis

331 3724 520 3779 russis
551 3724 620 3780 ad
658 3727 1087 3796 processionem
1119 3728 1200 3799 [id
1233 3732 1318 3784 est
1349 3730 1410 3783 in
1440 3728 1628 3783 aulam
1659 3729 1730 3784 ad
1764 3728 1980 3785 scrinia

334 3816 393 3867 et
420 3814 823 3884 expeditiones
854 3815 1106 3888 quisque
1140 3818 1302 3889 suas]
1328 3835 1342 3885 ;
1384 3818 1590 3874 diebus
1618 3823 1808 3874 autem
1837 3834 1979 3889 pro-

335 3899 505 3956 festis
534 3903 597 3958 in
627 3905 1071 3977 scaramangiis.
1092 3906 1481 3963 Atsivoluerit
1512 3907 1785 3963 dominus
1806 3907 1978 3963 eliam

333 3989 610 4061 profestis
652 3992 959 4065 magistros
1010 3999 1069 4051 et
1113 3995 1388 4068 patricios
1422 3997 1636 4066 videre,
1679 3995 1980 4054 introeunt

335 4079 408 4135 ad
435 4095 569 4137 eum
602 4082 664 4137 in
693 4084 848 4157 sagis
879 4084 1088 4144 russis.
1114 4086 1405 4144 Ofﬁciales
1434 4092 1630 4144 autem
1682 4088 1981 4145 introeunt

342 4168 435 4240 [ad
467 4168 798 4245 dominum]
828 4173 1036 4231 diebus
1066 4176 1302 4248 quidem
1333 4175 1655 4234 Dominicis
1700 4177 1761 4234 in
1795 4176 1979 4233 russis

328 4258 455 4316 suis
485 4259 665 4332 sagis,
690 4262 962 4334 profestis
995 4269 1191 4321 autem
1225 4266 1286 4322 in
1316 4267 1755 4340 scaramangiis.
1774 4266 1835 4323 Si
1867 4282 1977 4323 ex-

329 4347 520 4421 cipere
550 4349 871 4423 imperator
902 4356 1210 4411 extraneos
1253 4356 1542 4427 quosdam
1571 4357 1631 4412 in
1663 4355 1982 4430 chrysotri-

327 4433 509 4494 clinio
538 4438 665 4495 vult
695 4455 886 4513 neque
916 4444 1122 4499 tamen
1155 4444 1331 4517 capiti
1360 4461 1467 4500 suo
1509 4445 1758 4501 infulam
1789 4444 1979 4517 impo-

328 4542 484 4596 nere,
508 4526 705 4586 induit
725 4546 1001 4589 coronam
1024 4547 1175 4601 eam,
1210 4549 1338 4606 quea
1360 4533 1572 4591 dicitur
1592 4533 1977 4601 cesaricium,

2073 2295 2126 2350 έν
2157 2299 2235 2366 τῷ
2282 2293 2454 2349 ἐκεῖσε
2504 2294 2771 2368 ἱσταμένῳ
2819 2299 3011 2371 χρυσῷ
3050 2293 3258 2367 σελλίῳ
3298 2297 3577 2365 καθέζεται
3616 2295 3731 2351 ἀπὸ

2075 2383 2487 2459 σκαραμαγγίου
2547 2380 2671 2438 ἄνευ
2727 2388 2824 2439 τοῦ
2880 2382 3442 2459 ’χρυσοπερικλείστου
3510 2384 3724 2461 σαγίου·

2077 2475 2128 2530 ἐν
2163 2472 2221 2528 δὲ
2275 2477 2394 2533 ταῖς
2426 2476 2719 2547 Κυριακαῖς
2773 2471 2824 2527 έν
2870 2474 2949 2545 τῷ
2998 2474 3265 2549 ἀριστερῴ
3316 2473 3466 2550 μέρει
3496 2479 3590 2528 τοῦ
3624 2475 3725 2529 αὐ-

2074 2567 2171 2619 τυῦ
2231 2562 2422 2637 θρόνου
2471 2559 2524 2615 ἐν
2583 2565 2662 2633 τῷ
2718 2559 2888 2617 ἐκεῖσε
2949 2563 3216 2636 ἱσταμένῳ
3284 2561 3716 2638 βλαττοστρώτῳ

2076 2652 2351 2720 καθέζεται
2403 2648 2630 2723 σελλίῳ,
2678 2646 3153 2727 περιϐεϐλημένος
3183 2651 3274 2707 καὶ
3332 2653 3391 2707 τὸ
3445 2669 3717 2726 χρυσοπε-

2080 2739 2383 2819 ρίκλειστον
2426 2740 2628 2817 σαγίον.
2673 2740 2775 2797 Καὶ
2813 2740 2921 2816 πρὸ
2957 2745 3055 2796 τοῦ
3109 2739 3370 2797 εἰσελθεῖν
3417 2742 3506 2796 τὸν
3545 2738 3726 2816 λογο-

2079 2833 2238 2903 θέτην
2282 2828 2622 2905 εἰσέρχονται
2681 2831 2732 2885 οἱ
2771 2834 2868 2886 τοῦ
2926 2829 3405 2907 χρυσοτρικλίνου’
3439 2829 3637 2907 εἰσάγει
3670 2826 3732 2885 ὂὶ

2075 2916 2305 2980 τούτους
2363 2918 2391 2971 ὁ
2447 2916 2678 2984 παπίας,
2735 2916 2825 2971 καὶ
2873 2914 3120 2974 ἵστανται
3180 2911 3329 2973 ἔνδον
3380 2921 3475 2973 τοῦ
3529 2920 3732 2990 συρτοῦ

2082 3006 2224 3082 πρὸς
2275 3002 2423 3061 δύσιν
2489 3004 2688 3079 βήλου.
2744 3006 2939 3061 Ἰστέον
2987 3006 3095 3079 δτι,
3147 3007 3193 3061 εἱ
3248 3004 3501 3083 βουληθῇ
3542 3003 3736 3061 θεάσα-

2081 3098 2200 3151 σθαι
2259 3095 2288 3150 6
2346 3093 2602 3171 βασιλεὺς
2636 3093 2878 3158 έθνικούς
2906 3117 3075 3167 τινας,
3100 3094 3154 3151 έν
3205 3100 3283 3167 τῷ
3331 3096 3479 3169 αὐτῷ
3517 3096 3738 3173 ἀριστε-

2086 3190 2167 3262 ρῷ
2221 3186 2372 3259 μέρει
2418 3189 2516 3239 τοῦ
2562 3184 2757 3260 θρόνου
2797 3186 3099 3256 καθέζεται,
3139 3182 3613 3262 περιϐεϐλημένος
3645 3189 3741 3243 καὶ

2086 3273 2148 3329 τὸ
2197 3272 2754 3350 χρυσοπερίκλειστον
2810 3274 3015 3351 σαγίον,
3113 3274 3203 3331 καὶ
3278 3276 3743 3352 προεισέρχονται

2086 3363 2292 3437 ὁμοίως
2324 3364 2379 3417 οἱ
2422 3367 2518 3418 τοῦ
2559 3362 3043 3439 χρυσοτρικλίνου,
3093 3365 3184 3420 καὶ
3227 3363 3496 3436 ἵστανται,
3546 3366 3623 3429 ὡς
3658 3365 3743 3422 εἴ·

2086 3474 2268 3531 ρηται.
2328 3450 2524 3511 Ἰστέον
2574 3452 2657 3508 ὅτι
2715 3459 2834 3518 ταῖς
2892 3460 3184 3529 Κυριακαῖς
3233 3453 3286 3511 οἵ
3334 3476 3392 3511 τε
3444 3456 3746 3530 μάγιστροι

2082 3543 2172 3598 καὶ
2203 3543 2485 3619 πατρίκιοι
2524 3544 2612 3597 καὶ
2648 3541 2993 3621 ὁφφικιάλιοι
3040 3543 3175 3617 μετὰ
3207 3542 3412 3599 σαλίων
3443 3545 3579 3619 ῥοῆς
3626 3545 3744 3600 εἰσ-

2084 3634 2341 3709 έρχονται
2410 3634 2485 3696 εἰς
2524 3635 2623 3703 τήν
2665 3633 3009 3708 προέλευσιν,
3064 3640 3181 3697 ταῖς
3229 3632 3285 3690 δέ
3335 3643 3747 3712 καθημεριναῖς

2085 3724 2190 3781 ἀπὸ
2253 3723 2697 3799 σκαραμαγγίων.
2759 3724 2957 3781 Ἱστέον
2985 3723 3090 3796 ⁹ὁτι,
3123 3723 3169 3779 εἰ
3230 3723 3484 3800 βουληθῇ
3517 3727 3545 3782 6
3581 3727 3748 3801 βασι-

2085 3812 2209 3876 λεὺς
2237 3818 2356 3875 ταῖς
2399 3818 2796 3888 καθημεριναῖς
2827 3813 3063 3888 ἡμέραις
3101 3814 3228 3877 τοὺς
3284 3836 3343 3869 τε
3403 3816 3750 3891 μαγίστρους

2083 3905 2175 3958 καὶ
2231 3901 2549 3978 πατρικίους
2606 3904 2915 3970 θεάσασθαι,
2953 3904 3086 3976 μετᾶ
3144 3903 3341 3978 σαγίων
3381 3905 3515 3980 ῥοῆς
3564 3905 3751 3981 εἰσέρο

2087 4011 2280 4067 χον-ται
2347 3991 2423 4054 είς
2464 3991 2556 4047 τὸν
2608 3990 2859 4066 βασιλέα.
2891 3992 2959 4050 Οἱ
3004 3990 3062 4048 δέ
3112 3993 3457 4072 όφφικιάλιοι
3485 3998 3605 4057 ταῖς
3643 3995 3751 4068 μὶν

2087 4084 2383 4156 Κυρὶακαῖς
2445 4079 2580 4154 μετᾶ
2632 4084 2740 4135 τῶν
2792 4080 2970 4136 αὐτῶν
3030 4081 3166 4157 ῥοῇς
3218 4081 3443 4160 σαγίωθ,
3508 4089 3630 4148 ταῖς
3684 4082 3758 4142 δὲ

2084 4173 2482 4245 καθημεριναῖς
2542 4170 2647 4226 ἀπὸ
2705 4172 3151 4248 σκαραμαγγίων.
3210 4174 3407 4231 Ἰστέον
3471 4175 3578 4232 ὅτι.
3642 4171 3759 4230 δο-

2088 4267 2199 4336 χῆς
2230 4260 2282 4316 έν
2322 4265 2403 4333 τῷ
2432 4260 2872 4337 χρυσοτρικλίνῳ
2919 4258 3216 4339 γινομένης
3268 4263 3407 4337 πρὸς
3451 4265 3515 4319 τὸ
3546 4265 3757 4320 θεάσα-

2089 4352 2205 4406 σθαι
2254 4351 2346 4406 τὸν
2409 4349 2638 4426 βασιλέα
2676 4349 2915 4415 ἐθνικοὺς
2949 4372 3121 4425 τινας,
3152 4351 3199 4407 εί
3234 4351 3295 4408 οὐ
3333 4351 3587 4430 βουληθῇ
3622 4373 3756 4410 στε-

2087 4442 2310 4519 φθῆναι,
2363 4434 2759 4516 περιϐάλλεται
2812 4438 2863 4495 ἐν
2934 4444 3004 4515 τῇ
3071 4440 3286 4518 κεφαλῇ
3336 4441 3430 4497 τὸν
3485 4442 3760 4520 στέφανον

2087 4530 2150 4584 τὸ
2185 4525 2478 4604 λεγόμενον
2524 4528 2860 4604 καισαρίκιον
2911 4529 3000 4585 καὶ
3031 4530 3094 4586 τὸ
3126 4529 3197 4585 δι’
3228 4529 3365 4587 ὅλου
3397 4530 3757 4608 χρυσοῦφαν.

327 4632 661 4690 sagumque
682 4622 873 4677 totum
898 4636 1040 4679 auro
1060 4624 1399 4679 contextum
1432 4627 1490 4679 et
1509 4625 1694 4695 quoad
1728 4640 1859 4680 oras
1891 4623 1973 4679 vel

2086 4640 2177 4674 τον
2228 4619 2409 4696 σαγίον
2453 4619 2516 4674 τὸ
2565 4618 2671 4674 ἀπὸ
2732 4616 3026 4694 μαργᾶρων
3085 4620 3462 4701 ἠμφιεσμένον
3511 4620 3565 4677 έν
3622 4629 3758 4688 ταῖς

327 4704 547 4765 limbos
576 4709 915 4783 margaritis
944 4715 1379 4782 praetextatum.
1411 4712 1626 4770 Eodem
1671 4714 1844 4770 modo
1871 4717 1975 4770 Sa-

326 4796 627 4855 racenicos
671 4804 981 4872 magnetes
1042 4800 1303 4858 admittit
1368 4803 1707 4875 imperator,
1763 4804 1979 4876 quibus

327 4887 621 4956 privatum
652 4888 923 4964 indulget
949 4890 1331 4963 colloquium.
1366 4894 1602 4960 Eodem,
1635 4909 1750 4965 quo
1782 4910 1976 4961 mane,

333 4973 451 5031 ritu
481 4979 798 5051 erdineque
819 4997 1056 5054 vespere
1070 4997 1303 5054 quoque
1316 4983 1573 5054 aperitur
1603 4983 1905 5055 palatium,
1926 4992 1981 5039 et

329 5061 392 5117 in
424 5063 569 5121 illud
600 5069 938 5138 proceditur
965 5088 979 5139 ;
1031 5077 1295 5146 excepto,
1328 5073 1483 5143 quod
1516 5089 1686 5129 mane
1739 5073 1975 5145 quidem

328 5166 600 5223 proceres
630 5156 691 5211 in
723 5163 1169 5235 scaramangiis,
1202 5178 1459 5235 vesperae
1489 5171 1681 5219 autem
1740 5163 1800 5219 in
1832 5162 1980 5218 inte-

2088 4707 2294 4784 δρναις.
2326 4710 2525 4766 Ἱστέον
2581 4707 2665 4763 ὅτι
2720 4707 2811 4763 καὶ
2859 4706 3205 4786 εἶδικώτερον
3249 4710 3295 4767 εἷ
3332 4710 3588 4788 βουληθῇ
3617 4734 3756 4769 συν-

2088 4805 2278 4875 τυχεῖν
2328 4799 2355 4853 ὁ
2415 4795 2677 4872 βασιλεὺς
2724 4798 3069 4872 Σαρακηνούς
3115 4806 3460 4878 μεγιστᾶνας,
3482 4807 3561 4876 τῷ
3591 4802 3753 4879 αὐτῷ

2090 4891 2337 4965 σχήματι
2405 4887 2631 4951 τούτους
2691 4889 2811 4963 ὁρᾷ.
2845 4889 3038 4945 Ἱστέον
3078 4889 3162 4945 ὅτί
3212 4894 3350 4948 κατὰ
3421 4913 3591 4949 τυπον
3650 4896 3755 4951 καὶ

2088 4982 2187 5049 τὴν
2233 4977 2380 5051 τάξιν
2436 4979 2533 5049 τῆς
2589 4984 2833 5053 πρωῖνῆς
2871 4981 3069 5055 γίνεται
3103 4983 3137 5051 ἡ
3169 4981 3472 5047 ἀκολουθία
3511 4984 3602 5039 καὶ
3624 4979 3751 5039 δεῖ-

2091 5067 2219 5140 λης,
2253 5068 2569 5144 ἀνοίγοντος
2596 5071 2695 5122 τοῦ
2726 5064 3015 5127 παλατίου.
3057 5070 3176 5147 Χρή
3218 5067 3276 5125 δὲ
3306 5069 3527 5143 εἰδέναι,
3562 5071 3645 5129 ὅτι
3674 5074 3749 5131 τὸ

2093 5157 2189 5235 μὲν
2242 5154 2390 5233 πρωΐ
2436 5157 2633 5221 πάντες
2690 5157 3057 5233 προέρχονται
3122 5158 3228 5215 ἀπὸ
3294 5162 3744 5239 σκαραμαγγίων,

1360 5305 1566 5365 JOAN.
1606 5307 1753 5364 JAC.
1799 5305 2062 5363 REISKII
2105 5302 2709 5362 COMMENTARIUS.

403 5444 515 5526 (ZI)
540 5440 761 5526 Mlvsat.
782 5449 917 5526 Yid.
942 5452 1140 5526 Vales.
1170 5456 1240 5512 ad
1267 5461 1462 5512 Amm.
1490 5450 1739 5512 Marcell.
1769 5471 1825 5526 p.
1859 5448 1986 5512 318.

2096 5452 2215 5528 diei
2252 5452 2737 5528 Iwram_dimissis
2765 5455 3040 5523 omnibus,
3072 5454 3198 5512 dato
3226 5452 3423 5528 signa,
3470 5455 3612 5528 quod
3661 5464 3746 5515 est

333 5519 392 5598 ει
419 5517 709 5592 DUCange
732 5524 1060 5600 Gloss.Lat.
1088 5527 1485 5600 h_.v.,ubinou
1506 5517 1987 5600 preteriitlocum
2093 5523 2212 5600 illis,
2245 5542 2415 5600 usque
2456 5524 2517 5581 in
2560 5527 2754 5600 horam
2791 5543 3003 5583 nonam
3026 5517 3261 5583 'cunclis
3291 5517 3511 5583 ἂάίίιιτὶι
3546 5529 3748 5600 prohi-

331 5586 392 5643 in
425 5607 485 5649 re
503 5586 1464 5682 praesenticapitalemILui'tprandi
1562 5599 1685 5655 465.
1712 5616 1744 5653 a
1764 5598 1981 5655 Histor.

328 5657 423 5716 VI.
456 5681 507 5726 ο.
537 5670 612 5727 9:
643 5668 815 5725 Moris
832 5674 913 5727 est
931 5668 1206 5727 natalium
1225 5670 1325 5727 hoc
1352 5669 1692 5727 (CPtanuml
1722 5678 1843 5727 nos!
1865 5686 1981 5725 ma-

336 5669 423 5716 Vl.
456 5669 612 5727 059:
643 5669 815 5725 Moris
832 5669 913 5727 est
927 5669 1206 5741 palatium
1225 5669 1325 5727 hcc
1352 5669 1692 5743 (CPtanum)
1722 5678 1843 5739 post
1865 5686 1982 5725 ma-

328 5734 575 5801 tutinum
600 5739 923 5799 diluculum
951 5742 1210 5798 omnibus
1237 5746 1443 5814 patere,
1474 5747 1596 5815 post
1615 5741 1980 5800 tertiam‘vero

2095 5598 2239 5653 bere.
2272 5597 2623 5653 Traductum
2656 5599 2713 5653 id
2746 5615 2777 5654 e
2806 5601 2989 5656 veteri
3018 5616 3178 5656 more
3217 5597 3743 5657 consulum'sena-

2092 5674 2217 5726 tum
2235 5669 2343 5726 hac
2366 5670 2619 5726 formula
2633 5670 2967 5741 dimittendi
2993 5671 3180 5728 :Nihil
3199 5687 3289 5729 vos
3310 5687 3618 5740 moramur,
3641 5689 3745 5741 pa-

2090 5744 2200 5817 tre:
2227 5740 2557 5813 conscripti.
2576 5741 2710 5800 Vid.
2729 5740 3007 5815 Scriptor.
3031 5742 3174 5802 Hist.
3203 5745 3351 5818 Aug.
3374 5747 3420 5801 t.
3448 5742 3495 5816 Ι,
3528 5761 3585 5818 p.
3606 5740 3740 5802 330.
