4052 6376
377 387 533 448 1003

1417 367 1953 436 ΟΟΝΒΤΑΝΤΙΝΙ
1997 367 2702 430 PORPHYROGENITI

3621 368 3784 431 10οι

373 537 489 594 quo
521 532 674 574 nunc
715 514 1078 572 celebrantur
1118 519 1233 568 tam
1264 509 1525 568 secunda
1555 507 1700 564 feria
1739 506 2015 561 diacaene-

2139 520 2244 572 μου
2275 501 2362 555 καὶ
2400 501 2432 569 ἡ
2468 499 2712 574 Κυριακὴ
2743 501 2841 553 τοῦ
2903 496 3260 573 Ἀντίπασχα.
3305 496 3677 574 Κατέρχονται
3727 498 3787 556 δὶ

372 591 509 667 simi
539 606 627 664 vel
659 605 1000 677 septimana:
1035 598 1450 666 renovationis,
1481 597 1542 654 id
1569 602 1658 654 est
1695 591 2020 660 Paschalis,

372 713 552 772 quam
583 694 887 752 Dominica
923 689 1289 765 antipasoha,
1335 688 1424 745 vel
1481 704 1604 760 quas
1654 684 1913 758 proxime
1942 681 2023 738 fe-

368 793 526 846 stum
572 783 872 842 Paschatis
927 781 1210 852 sequitur.
1267 777 1638 836 Descendunt
1693 772 1916 831 domini
1956 786 2026 828 ex

367 877 534 950 equis
564 875 626 932 in
655 876 819 946 porta
855 875 1192 928 sanctorum
1223 865 1637 940 Apostolorum
1678 864 1745 919 ad
1788 859 2025 950 horolo-

371 949 535 1039 gium
567 963 831 1035 ejusdem
873 959 1130 1017 ecclesiae
1161 958 1433 1024 ducente,
1474 960 1533 1012 et
1569 953 1727 1023 inde,
1757 949 1958 1024 stipati
1991 965 2026 1004 a

371 1052 639 1112 cubiculo
668 1056 726 1110 et
757 1049 1054 1108 consuetis
1084 1046 1440 1120 proceribus,
1473 1043 1770 1101 declinant
1819 1055 2026 1096 versus

369 1143 1044 1214 dextram,trajectoqne
1094 1138 1370 1195 narthece
1422 1133 1627 1207 templi
1680 1136 2020 1189 sanctorum

369 1235 658 1304 omnium,
687 1229 1089 1289 ascenduntin
1120 1223 1562 1284 catechumenia
1593 1222 1856 1295 ejusdem
1889 1225 2027 1276 tem-

368 1325 472 1398 pli,
504 1328 562 1381 et
589 1323 812 1379 intrant
839 1320 996 1376 intra
1021 1319 1215 1376 velum
1248 1315 1328 1372 ibi
1361 1328 1739 1386 suspensum,
1765 1311 2027 1382 fiuntque

368 1397 596 1480 cetera,
656 1409 1146 1484 quemadmodum
1203 1421 1330 1462 mos
1383 1407 1474 1461 est
1531 1401 1655 1458 ﬁeri
1694 1401 1754 1456 in
1787 1397 2026 1470 reliquis

366 1500 867 1578 processiouibus,
900 1515 1002 1572 per
1032 1513 1179 1570 quas
1209 1493 1432 1552 domini
1465 1492 1536 1548 ad
1586 1493 1823 1548 sanctos
1872 1493 2025 1559 Apo-

371 1590 556 1648 stolos
585 1589 644 1646 in
688 1588 855 1661 equis
886 1586 1198 1642 vehuntur.
1241 1580 1568 1639 Adveniens
1617 1578 1850 1635 interim
1893 1591 2024 1632 eum

365 1681 532 1736 turba
559 1675 986 1751 processionale
1010 1671 1340 1747 patriarcha
1366 1667 1633 1728 consistit
1662 1667 1815 1722 intra
1844 1665 2026 1722 aedem

367 1769 463 1825 SS.
497 1763 900 1840 Apostolorum
933 1767 1097 1819 extra
1117 1758 1412 1817 cancellos
1435 1754 1860 1820 sacriﬁcatorii,
1883 1757 2028 1808 tem-

362 1871 620 1930 poreque
649 1857 976 1927 opportuno
1007 1852 1335 1923 ingruente,
1369 1849 1591 1904 intrant
1622 1843 1919 1918 praepositi
1951 1843 2023 1898 ad
2054 1865 2102 1932 Β

359 1951 681 2021 Augustos,
697 1949 754 2001 et
773 1943 1060 2000 amiciunt
1079 1957 1178 1998 eos
1194 1941 1456 2010 ipsorum
1479 1936 1712 1992 tunicis.
1734 1934 2022 1990 Exeuntes

367 2042 530 2094 extra
574 2033 770 2091 velum
801 2031 1071 2088 dominos
1097 2027 1397 2100 excipiunt
1425 2029 1483 2082 et
1513 2026 1862 2080 venerantur
1893 2036 2019 2075 mu-

363 2124 532 2199 gistri
581 2127 640 2178 et
687 2119 941 2194 patricii,
976 2119 1154 2189 ﬁtque
1183 2117 1263 2174 ibi
1295 2113 1480 2171 docbe
1521 2128 1625 2170 seu
1673 2109 1936 2182 exceptio
1965 2113 2023 2166 et

363 2211 761 2270 consalutatio
783 2209 1154 2265 dominorum
1186 2209 1242 2262 et
1273 2217 1604 2276 procerum,
1626 2217 1742 2272 qua
1773 2206 2021 2272 peracta,

366 2302 578 2359 clamat
616 2297 1088 2366 cerimoniarius,
1129 2302 1272 2351 nutu
1307 2291 1604 2366 prepositi
1637 2287 1971 2346 admonitus
2004 2303 2018 2343 :

371 2413 401 2444 ‹‹
433 2391 730 2448 Celeusate
756 2411 784 2438 »
813 2385 930 2460 [seu
967 2401 981 2441 :
1008 2408 1036 2435 «
1071 2382 1258 2440 velitis
1290 2396 1518 2438 movere
1551 2378 1625 2451 n].
1655 2379 1747 2434 Sic
1778 2377 2021 2433 descen-

363 2483 515 2539 dunt
545 2496 647 2552 per
675 2477 972 2534 cochleam
1006 2479 1063 2531 et
1093 2471 1427 2530 narthecem
1463 2488 1478 2539 ;
1510 2475 1566 2524 et
1595 2467 1961 2540 egredientes
1991 2482 2022 2522 e

362 2569 638 2627 narthece
667 2570 1010 2621 Sanctorum
1044 2561 1308 2619 omnium
1341 2558 1557 2631 excipit
1585 2561 1756 2628 atque
1779 2571 2023 2612 venera-

360 2665 459 2715 tur
489 2657 783 2731 peraticus
815 2654 1026 2710 demus
1056 2652 1184 2723 [seu
1216 2650 1555 2706 suburbana
1583 2664 1614 2702 e
1645 2645 1788 2702 Pera
1824 2643 2020 2716 factio]

360 2747 719 2804 Venetorum
752 2759 882 2800 cum
911 2741 1236 2798 domestico
1258 2739 1590 2795 scholarum
1615 2733 1870 2791 dominis
1887 2735 2021 2789 udo-

361 2842 490 2895 rata
511 2842 668 2892 serta
697 2834 848 2890 rosis
878 2830 1128 2904 implexa
1150 2827 1434 2884 tradente.
1466 2823 1646 2882 Paulo
1677 2822 1842 2880 illinc
1863 2826 2022 2878 ante-

359 2941 537 2999 quam
563 2920 966 2996 ingrediantur
984 2917 1206 2975 domini
1231 2918 1289 2973 in
1313 2913 1702 2986 horologium,
1722 2910 2021 2982 excipiunt

360 3031 460 3071 eos
507 3012 566 3068 in
612 3010 758 3067 atrio
795 3007 1149 3065 demarchus
1188 3009 1543 3062 Venetorum
1585 3017 1720 3058 cum
1771 3000 2019 3057 factione

362 3105 518 3173 alba,
545 3108 699 3160 serta
724 3106 780 3158 et
808 3101 930 3173 ipse
955 3112 1184 3170 quoque
1226 3095 1549 3167 porrigens.
1587 3091 1858 3148 Dominos
1893 3091 2017 3162 jam

363 3193 553 3266 ipsam
590 3189 869 3261 horologii
900 3189 998 3245 SS.
1033 3184 1441 3259 Apostolorum
1475 3186 1702 3254 portam
1736 3181 2019 3236 intrantes

365 3280 580 3353 excipit
609 3279 919 3336 excubitus
949 3279 1068 3348 (seu
1105 3275 1406 3348 praefectus
1435 3271 1863 3331 excubitorum)
1882 3285 2017 3324 cum

367 3375 540 3429 demo
574 3370 824 3442 peratico
856 3368 1256 3433 Prasinorum,
1286 3370 1342 3420 et
1370 3363 1495 3436 ipse
1517 3376 1748 3434 quoque
1770 3359 2018 3416 corollas

365 3460 628 3516 tradens.
663 3463 728 3514 Et
778 3457 1017 3513 tandem
1064 3456 1350 3511 intrantes
1399 3451 1669 3508 dominos
1702 3450 1758 3504 in
1793 3452 2016 3522 portam

362 3548 741 3622 gynaconitas
761 3563 864 3602 seu
887 3543 1152 3602 stationis
1179 3541 1488 3598 mulierum
1520 3541 1578 3596 in
1611 3540 1730 3595 sede
1756 3539 1856 3595 SS.
1876 3539 2019 3610 Apo-

362 3642 670 3709 stolorum,
702 3637 915 3709 excipit
943 3633 1292 3691 demarchus
1324 3629 1692 3686 Prasinorum
1725 3644 1859 3684 cum
1895 3628 2015 3683 fac-

359 3728 518 3785 tione
549 3744 735 3795 russa,
777 3725 1013 3782 tradens
1044 3728 1101 3781 et
1141 3723 1288 3795 ipse,
1313 3737 1440 3792 qua:
1471 3717 1683 3775 ceteri.
1717 3717 1812 3773 Sic
1844 3732 2014 3788 porro

359 3817 542 3875 libere
589 3817 812 3889 absque
852 3814 1274 3886 impedimento
1319 3810 1698 3883 procedentes
1747 3805 2014 3863 dominos

359 3907 578 3979 excipit
625 3904 949 3978 patriarcha
993 3909 1158 3960 extra
1202 3899 1491 3958 cancellos
1545 3897 1730 3954 sancti
1772 3895 2014 3952 bematis

358 3995 473 4065 (vel
501 3994 862 4066 tribunalis),
892 3993 1214 4065 osculoque
1245 3989 1405 4064 pacis
1441 3987 1693 4044 invicem
1726 3987 1883 4052 dato,
1915 3985 2014 4041 in-

358 4089 517 4141 trant
563 4084 741 4141 simul
784 4084 845 4140 in
876 4081 1383 4147 sacrificatorium,
1429 4077 1584 4134 810
1637 4075 1737 4132 ubi
1786 4074 2009 4130 domini

356 4175 632 4245 endytam
683 4190 786 4231 seu
835 4176 1087 4245 tapetem
1132 4169 1297 4226 altari
1348 4167 1660 4224 instratum
1693 4173 1746 4222 et
1777 4181 2007 4222 sacrum

352 4263 734 4334 Evangelium
764 4261 1127 4329 osculantur,
1159 4258 1486 4332 patriarcha
1515 4260 1831 4328 utrumque
1875 4270 2010 4326 pro-

353 4352 631 4408 tendente
659 4355 718 4407 et
762 4350 848 4406 ori
881 4351 1241 4424 admovente.
1274 4345 1494 4402 Exinde
1524 4343 1834 4400 ordiuntur
1861 4359 2009 4414 sup-

352 4439 770 4512 plicabundam
821 4437 1278 4512 processionem,
1323 4434 1474 4492 clero
1519 4436 1761 4489 canente
1809 4431 2002 4488 illud:

352 4553 382 4582 u
415 4530 610 4587 Gloria
637 4531 768 4601 tibi,
798 4529 1027 4590 Christe
1072 4527 1248 4585 Deus.
1281 4548 1309 4578 ››
1362 4524 1595 4581 Domini
1630 4523 1734 4579 hac
1773 4522 1833 4578 in
1875 4537 2006 4593 pro-

2137 590 2189 644 οἱ
2220 585 2477 644 δεσπόται
2527 588 2632 643 ἀπὸ
2680 591 2790 642 τῶν
2830 585 3018 642 Ἱππων
3051 585 3104 643 ἰν
3145 590 3214 654 τῆ
3265 587 3414 662 πύλῃ
3441 591 3551 643 τῶν
3584 589 3790 664 Ἀγίων

2136 677 2491 734 Ἀποστόλων
2544 682 2613 752 τῇ
2671 675 2958 752 εἰσαγούσῃ
2996 678 3134 751 πρὸς
3192 678 3256 732 τὸ
3318 677 3627 752 ὡρολόγιον
3681 686 3786 750 τῆς

2135 766 2304 836 αὐτῆς
2363 765 2678 836 ἐκκλησίας,
2735 767 2980 830 κάκεῖθεν
3041 762 3470 843 δηριγευόμενος
3530 769 3610 840 (8)
3681 768 3787 824 ὑπὸ

2133 860 2235 910 τοῦ
2265 851 2663 911 κουϐουκλείου
2693 854 2783 910 καὶ
2829 860 2940 909 τῶν
2981 855 3031 928 ἒξ
3073 853 3228 918 ἔθους
3265 855 3552 931 ἀρχόντων
3598 855 3792 913 ἑκτεύ-

2136 966 2254 1000 ουσι
2314 943 2479 1016 δεξιὰ,
2537 945 2628 999 καὶ
2695 941 3008 1024 διέρχονται
3066 942 3158 1000 διὰ
3207 949 3306 1000 τοῦ
3343 947 3616 1022 νάρθηκος
3671 951 3784 1002 τῶν

2135 1033 2340 1112 ’Λγίων
2371 1035 2609 1102 πάντων,
2653 1035 2742 1090 καὶ
2789 1033 3108 1114 ἁνὲρχονται
3141 1034 3194 1090 ἓν
3254 1041 3370 1098 τοῖς
3425 1055 3790 1112 κατηχουμε-

2133 1123 2267 1186 νίοις
2294 1131 2394 1193 τῆς
2427 1123 2596 1193 αὐτῆς
2627 1121 2942 1194 ἐκκλησίας,
2982 1124 3074 1179 καὶ
3105 1123 3447 1199 εἰσέρχονται
3480 1119 3632 1181 ἔνδον
3686 1129 3788 1181 τοῦ

2135 1211 2305 1268 ἐκεῖσε
2335 1214 2681 1288 κρεμαμένου
2716 1211 2918 1288 βήλου,
2949 1215 3039 1269 καὶ
3071 1215 3139 1269 τὰ
3176 1215 3301 1284 ἑξῆς
3330 1212 3664 1270 ἐπιτελεῖται
3693 1236 3789 1272 κα-

2135 1303 2242 1364 θὼς
2273 1301 2361 1357 καί
2390 1301 2441 1357 ἐν
2463 1307 2583 1364 ταῖς
2625 1301 2848 1365 λοιπαῖς
2874 1299 3282 1376 προελεύσεσιν,
3312 1301 3363 1358 ἒν
3392 1304 3482 1365 αἷς
3513 1303 3789 1379 ἀπέρχον-

2135 1413 2222 1448 ται
2254 1395 2306 1448 οἱ
2339 1390 2595 1448 δεσπόται
2622 1387 2849 1467 ἔφιπποι
2883 1391 2961 1455 είς
2989 1394 3117 1455 τοὺς
3142 1394 3356 1468 Ἀγίους
3382 1393 3784 1458 Ἀποστόλους.

2134 1486 2197 1542 Ὀ
2229 1483 2286 1540 δὲ
2315 1486 2664 1564 πατριάρχης
2709 1486 2842 1559 μετὰ
2869 1487 2968 1554 τῆς
2997 1484 3160 1555 λιτῆς
3210 1480 3534 1542 καταλαϐὼν
3563 1484 3787 1544 ’ίσταται

2135 1569 2288 1629 ἔνδον
2318 1578 2425 1628 τῶν
2461 1572 2662 1648 Ἀγίων
2694 1572 3055 1630 Ἀποστύλων
3077 1569 3178 1645 ἔξω
3207 1578 3314 1628 τῶν
3346 1572 3648 1651 κιγκλίδων
3687 1580 3790 1632 τοῦ

2135 1663 2544 1738 θυσιαστηρίου,
2576 1665 2664 1718 καὶ
2697 1667 2794 1719 τοῦ
2823 1661 3014 1740 καιροῦ
3052 1658 3480 1732 καταλαϐόντος,
3503 1662 3791 1741 είσὲρχον-

2134 1772 2223 1808 ται
2247 1751 2297 1808 oi
2329 1752 2680 1827 πραιπόσιτοι
2703 1751 2792 1808 καὶ
2815 1748 3213 1828 περιϐάλλουσι
3242 1752 3370 1816 τοὺς
3402 1750 3667 1818 δεσπότας
3689 1754 3788 1820 τὰς

2135 1839 2337 1897 ἰαυτῶν
2386 1839 2675 1916 χλανίδας’
2717 1839 3089 1918 ἒξερχομίνων
3133 1839 3188 1898 δὶ
3217 1846 3324 1898 τῶν
3367 1840 3643 1900 δεσποτῶν
3688 1848 3790 1901 τοῦ

2134 1930 2337 2008 βήλου,
2361 1929 2618 2007 δίχονται
2638 1931 2864 1996 τούτους
2886 1930 2940 1986 ο⁹ί
2967 1953 3024 1988 τε
3043 1934 3337 2009 μάγιστροι
3359 1933 3450 1988 καὶ
3480 1935 3787 2010 πατρίκιοι,

2129 2022 2219 2076 καί
2248 2025 2454 2098 γίνεται
2485 2019 2656 2078 ἐκεῖσε
2687 2019 2858 2098 δοχή,
2887 2021 2977 2077 καὶ
3009 2021 3115 2077 ἀπὸ
3135 2021 3402 2095 νεύματος
3427 2027 3524 2078 τοῦ
3552 2043 3791 2099 πραιπο-

2131 2111 2280 2166 σίτου
2311 2110 2461 2187 λέγει
2484 2112 2513 2166 6
2543 2117 2644 2182 τῆς
2669 2111 3065 2174 καταστάσεως.
3101 2136 3130 2164 ι(
3165 2110 3631 2170 Κὲλεὸσατε.››Καὶ
3658 2135 3788 2172 κατ-

2131 2198 2392 2278 έρχονται
2424 2199 2512 2256 διά
2554 2221 2611 2256 τε
2639 2204 2737 2257 τοῦ
2767 2200 3006 2277 κοχλιοῦ
3035 2202 3123 2256 καὶ
3155 2205 3252 2256 τοῦ
3281 2200 3670 2276 νάρθηκος,καὶ
3693 2203 3788 2260 ἐκ·

2129 2285 2423 2347 ϐαινόντων
2458 2291 2550 2347 τὸν
2622 2293 2866 2368 νάρθηκα
2904 2296 3012 2348 τῶν
3064 2291 3268 2368 ’Δγίων
3301 2289 3654 2350 Ἀποστὸλων
3683 2298 3785 2370 (9),

2132 2376 2348 2455 δὲχεται
2389 2380 2616 2445 τούτους
2646 2382 2674 2436 6
2703 2381 2993 2456 περατικὸς
3030 2377 3208 2455 δῆμος
3236 2385 3346 2436 τῶν
3379 2381 3612 2440 Βενὲτων
3645 2385 3783 2458 μετά

2130 2471 2220 2526 καὶ
2269 2475 2368 2526 τοῦ
2426 2467 2751 2545 δομεστίκου
2806 2476 2915 2527 τῶν
2968 2468 3217 2551 σχολῶν,
3268 2473 3359 2527 καὶ
3390 2470 3701 2528 ἐπιδίδωσιν
3748 2475 3778 2528 6

2131 2557 2460 2634 δομέστικος
2488 2566 2600 2616 τῶν
2639 2559 2862 2636 σχολῶν
2894 2565 3012 2624 τοῖς
3045 2557 3333 2624 δεσπόταις
3364 2563 3426 2616 τὰ
3454 2559 3775 2638 ροδόπλακα

2131 2645 2419 2725 ὀσφράδιτ.
2455 2650 2558 2707 Καὶ
2603 2651 2720 2723 μετ’
2775 2648 2968 2728 ὀλίγον
2999 2650 3106 2725 πρὸ
3152 2654 3251 2705 τοῦ
3301 2648 3557 2715 είσελθεῖν
3597 2648 3673 2712 είς
3705 2652 3772 2707 τὸ

2129 2736 2438 2816 ὡρολόγιον
2485 2736 2702 2813 δέχεται
2761 2738 2838 2804 είς
2892 2739 2956 2794 τὸ
3003 2738 3226 2812 ’ἰξάερον
3259 2739 3287 2793 6
3333 2737 3622 2815 δήμαρχος
3668 2743 3778 2795 τῶν

2131 2828 2364 2884 Βενὲτων
2397 2829 2533 2902 μετὰ
2561 2832 2659 2884 τοῦ
2691 2826 2876 2901 δήμου
2905 2832 3000 2884 τοῦ
3045 2826 3266 2900 λευκοῦ,
3316 2828 3407 2884 καὶ
3465 2829 3626 2893 αὐτὸς
3657 2829 3781 2886 ἔπι-

2131 2913 2314 2982 διδοὺς
2335 2918 2547 2990 ὁμοίως
2577 2921 2694 2979 τοῖς
2745 2913 3054 2980 δεσπόταις.
3088 2919 3188 2973 Καὶ
3227 2916 3507 2974 εἲσιόντων
3534 2922 3643 2974 τῶν
3694 2916 3782 2975 δε.

2132 3011 2346 3061 σποτῶν
2397 3005 2472 3068 εἷς
2529 3008 2630 3076 τὴν
2687 3006 2850 3082 θύραν
2908 3005 2983 3069 ὡς
3037 3007 3174 3082 πρὸς
3212 3007 3277 3062 τὸ
3316 3005 3623 3085 ὡρολόγιον
3669 3013 3781 3065 τῶν

2128 3095 2332 3172 Ἀγίων
2371 3095 2752 3166 Ἀποστόλων,
2785 3093 3001 3171 δέχεται
3053 3097 3082 3152 6
3128 3093 3440 3166 ἐξκούϐιτοι,
3494 3107 3630 3172 μετά
3681 3102 3786 3154 τοῦ

2081 3234 2097 3256 ,
2130 3188 2422 3259 περατικοῦ
2453 3181 2637 3258 δήμου
2695 3189 2803 3240 τῶν
2856 3184 3158 3262 Ιιρασίνων,
3189 3186 3280 3242 καὶ
3342 3183 3632 3244 ἐπιδίδωσι
3685 3190 3779 3246 καὶ

2051 3235 2098 3299 C

2128 3275 2292 3337 αὐτὸς
2339 3273 2566 3348 ὁμοίως.
2619 3274 2718 3329 Καὶ
2775 3272 2944 3329 πάλιν
3001 3275 3278 3332 εἰσιόντων
3324 3281 3432 3332 τῶν
3493 3274 3779 3335 δεσποτῶν

2129 3362 2204 3427 εἷς
2241 3364 2343 3432 τήν
2383 3364 2547 3439 θύραν
2586 3368 2684 3419 τοῦ
2733 3363 3045 3440 γυναικίτου
3093 3369 3200 3420 τῶν
3251 3366 3453 3441 Ἀγίων
3507 3367 3784 3424 ’Δποστό-

2130 3449 2266 3521 λων,
2300 3449 2522 3528 δέχεται
2554 3453 2582 3507 6
2610 3449 2906 3528 δήμαρχος
2935 3457 3042 3508 τῶν
3077 3454 3355 3529 Πρασίνων
3391 3457 3525 3529 μετᾶ
3557 3457 3646 3512 καὶ
3675 3462 3781 3514 τοῦ

2127 3538 2310 3616 δήμου
2337 3547 2436 3598 τοῦ
2467 3543 2712 3620 ῥουσίου,
2735 3543 2825 3598 καὶ
2860 3540 3147 3598 ιπιδίδωσι
3175 3543 3265 3599 καὶ
3315 3545 3478 3608 αὐτὸς
3536 3547 3776 3620 ὁμοίως.

2126 3632 2224 3686 Καὶ
2258 3633 2357 3698 εἶθ’
2392 3631 2568 3695 οὕτως
2605 3632 2940 3708 ἀπέρχονται
2981 3633 3034 3686 ot
3093 3630 3369 3703 δεσπόται,
3402 3637 3489 3690 καὶ
3551 3632 3777 3711 δέχεται

2121 3722 2402 3784 τούτουςὸ
2448 3720 2798 3798 πατριάρχης
2839 3719 2941 3793 ἔξω
2988 3726 3094 3777 τῶν
3144 3721 3440 3800 κιγκλίδων
3483 3729 3582 3780 τοῦ
3616 3725 3778 3802 ἁγίου

2127 3811 2400 3887 βήματος,
2432 3811 2524 3866 καὶ
2583 3811 2906 3881 ἀσπάζονται
2960 3809 3268 3884 ἀλλήλους,
3299 3813 3389 3869 καί
3430 3814 3777 3891 εἰσέρχονται

2122 3901 2236 3974 ἅμα
2265 3900 2341 3962 εἰς
2365 3899 2428 3954 τὸ
2468 3901 2871 3974 θυσιαστήριον,
2902 3900 2993 3955 καὶ
3043 3899 3372 3972 ἀσπᾶζονται
3420 3905 3472 3958 οἱ
3513 3901 3778 3962 δεσπόται

2118 3989 2220 4058 τὴν
2247 3987 2473 4058 ὲνδυτήν
2500 3989 2591 4044 καὶ
2630 3989 2693 4044 τὸ
2749 3989 2906 4064 ἅγιον
2956 3989 3314 4066 Εὐαγγέλιον,
3355 3988 3615 4062 δηλονότι
3663 3994 3775 4052 ὑπὸ

2120 4079 2218 4131 τοῦ
2246 4077 2592 4151 πατριάρχου
2625 4075 3060 4156 προσφερόμενα,
3093 4079 3183 4134 καὶ
3221 4078 3468 4154 αἶ’ρουσιν
3517 4081 3622 4137 ἀπὸ
3657 4085 3775 4138 τῶν

2120 4164 2292 4222 ἐκεῖσε
2320 4165 2420 4235 τὴν
2467 4163 2651 4237 λιτὴν,
2683 4163 2992 4240 ψάλλοντος
3039 4171 3138 4222 τοῦ
3193 4166 3407 4244 κλήρου
3433 4170 3520 4241 τὸ,
3552 4193 3578 4225 ε
3631 4169 3776 4244 Δόξα

2119 4254 2227 4324 σοὶ,
2261 4255 2463 4330 Χριστὶ
2494 4255 2522 4310 6
2563 4255 2716 4318 Θεός.
2752 4277 2777 4309 ι
2819 4259 2938 4312 Τῶν
2977 4253 3035 4312 δὲ
3067 4253 3341 4314 δεσποτῶν
3389 4257 3771 4335 ἐξερχομένων

2114 4344 2179 4399 τὸ
2217 4345 2394 4420 βῆμα,
2445 4339 2782 4418 λαμϐάνουσι
2836 4344 2984 4420 παρά
3019 4350 3128 4402 τῶν
3170 4347 3548 4423 πραιποσίτων
3596 4351 3773 4426 κηρία

2117 4433 2415 4506 λιτανίκια,
2444 4434 2535 4490 καὶ
2595 4435 2707 4508 ἅμα
2734 4439 2833 4491 τοῦ
2876 4437 3223 4513 πατριάρχου
3271 4436 3608 4495 λιτανεύουσι
3665 4440 3772 4515 μί-

2117 4543 2214 4603 χρι
2273 4529 2380 4580 τῶν
2431 4523 2628 4600 Ἀγίων
2686 4526 2922 4595 πάντων,
2981 4525 3072 4582 καὶ
3119 4533 3221 4597 τῆς
3279 4525 3608 4592 ἀκολουθίας
3657 4534 3774 4587 τῶν

349 4621 617 4679 cessione
656 4637 687 4677 e
727 4620 958 4677 bemate
987 4616 1353 4692 egredientes
1383 4613 1682 4686 accipiunt
1711 4629 1744 4667 a
1774 4628 1998 4684 praepo-

2125 4613 2357 4687 ίνοίξεων
2412 4614 2782 4686 τελεσθείσης,
2851 4612 3020 4692 ἤγουν
3090 4621 3197 4673 τῶν
3275 4615 3592 4695 ἑγκαινίων,
3651 4617 3770 4675 εἴσ-

347 4711 476 4769 sitis
493 4726 689 4768 cereos
713 4710 1196 4784 processionales,
1217 4710 1273 4761 et
1293 4704 1397 4773 sic,
1421 4702 1736 4760 comitante
1758 4701 2003 4774 patriar-

346 4801 477 4869 cha,
495 4799 819 4873 procedunt
836 4802 1137 4856 cantantes
1153 4791 1796 4866 Deoquesupplicantes
1819 4805 2004 4861 usque

344 4892 418 4946 ad
448 4892 632 4947 aedem
680 4895 1026 4948 Sanctorum
1064 4885 1330 4944 omnium
1364 4902 1380 4953 ;
1413 4883 1512 4938 ubi
1545 4886 1674 4953 post
1709 4885 2003 4952 peractum

350 4993 628 5034 anmxeon
667 4996 768 5035 seu
801 4979 1192 5053 apertionum,
1232 4975 1345 5044 vel,
1380 4973 1533 5045 quod
1567 4971 1723 5026 idem
1754 4975 1863 5040 est,
1895 4987 2005 5027 en-

351 5065 667 5122 caeniorum
699 5069 978 5132 olﬁcium,
1012 5069 1092 5138 (id
1127 5070 1216 5122 est
1247 5068 1378 5138 post
1408 5064 1596 5118 dictas
1626 5075 1848 5132 preces,
1874 5075 2001 5130 qua:

345 5154 407 5210 in
433 5157 736 5211 annuatim
763 5159 1092 5214 renovanda
1114 5157 1392 5212 dedicata:
1415 5153 1585 5208 istius
1607 5149 1749 5205 aedis
1781 5164 2002 5204 memo-

345 5245 435 5300 ria
454 5242 569 5299 dici
591 5243 799 5314 solent,
818 5252 874 5305 et
895 5264 998 5321 per
1017 5263 1168 5320 quas
1190 5243 1412 5302 nemini
1432 5241 1506 5298 ad
1528 5239 1792 5297 clausam
1817 5238 2001 5294 adem

2116 4698 2362 4758 οδεύουσι
2413 4702 2503 4758 καὶ
2545 4702 2886 4783 εἰσέρχονται
2944 4701 2998 4760 ἕν
3052 4709 3134 4778 τῷ
3197 4706 3429 4783 βήματι,
3488 4707 3668 4771 καθὼς
3727 4710 3766 4779 ἡ

2113 4793 2370 4862 συνήθεια
2400 4787 2539 4866 ἔχει,
2572 4792 2662 4847 καὶ
2714 4793 2820 4849 ἀπὸ
2848 4798 2954 4849 τῶν
2999 4792 3168 4850 ἰιιεῖσε
3213 4792 3302 4850 διὰ
3330 4800 3426 4852 τοῦ
3454 4796 3592 4872 πρὸς
3622 4797 3768 4852 ἀνα-

2111 4879 2283 4950 τολήν
2335 4877 2510 4951 δεξιοῦ
2561 4883 2762 4957 μέρους
2810 4881 3146 4960 εῗσὲρχονται
3209 4885 3262 4940 ἐν
3331 4890 3412 4960 τῷ
3485 4886 3767 4964 εὖκτηρίῳ

2109 4975 2211 5040 τῆς
2244 4968 2414 5040 αὐτῆς
2459 4969 2754 5043 ἐκκλησίας
2810 4977 2907 5030 τοῦ
2963 4973 3123 5050 ἁγίου
3181 4977 3458 5050 μάρτυρος
3501 4977 3764 5048 Λίοντος,

2109 5061 2324 5115 κάκεῖσε
2355 5057 2443 5116 διὰ
2488 5069 2588 5131 τῆς
2619 5061 2846 5136 τρίσσῆς
2890 5065 3026 5138 μετά
3065 5070 3174 5121 τῶν
3232 5071 3417 5140 κηρῶν
3459 5068 3767 5140 προσκυνή-

2112 5169 2248 5211 σεως
2305 5148 2800 5226 ἀπευχαριστοῦσιν
2857 5156 2936 5225 τῷ
2992 5157 3130 5226 Θεῷ,
3163 5153 3251 5210 καὶ
3285 5151 3486 5219 εὐθέως
3514 5155 3764 5233 ἁποχαι-

2111 5237 2383 5312 ρετίζουσι
2430 5239 2524 5296 τὸν
2581 5242 2956 5318 πατριάρχην,
2985 5247 3180 5300 τοῦτον
3222 5243 3608 5319 ἀσπαζόμενοι.
3653 5245 3764 5304 Καὶ

1381 5394 1586 5455 JOAN.
1624 5396 1768 5452 JAC.
1811 5393 2074 5451 REISKII
2113 5394 2697 5455 COMMENTARIUS.

414 5527 494 5603 (8)
523 5527 610 5603 Ita
638 5532 728 5603 est
756 5527 816 5586 in
847 5528 1201 5603 membranis
1217 5543 1333 5603 pro
1352 5519 1806 5603 _§np_zysug5neyoi,
1839 5518 1993 5592 quod

338 5595 728 5674 priséedeutia
755 5604 813 5657 et
828 5601 1148 5674 sequentia
1177 5595 1426 5672 pluralia
1444 5595 1742 5674 ﬂagitant.

411 5673 489 5746 (9)
521 5674 612 5732 lta
667 5666 1045 5746 membra—nas.
1085 5666 1417 5746 Coﬁtex_tus_
1437 5666 1637 5746 tamen
1673 5666 1990 5746 monstrat,

339 5732 658 5818 leg'e'udum
697 5759 835 5805 esse
866 5743 1138 5814 ἁπάντων,
1168 5748 1232 5800 ut
1284 5741 1344 5798 in
1391 5737 1610 5797 Latinis
1657 5734 1810 5794 dedi.
1842 5732 1992 5806 Nam

2105 5517 2424 5588 imperator
2453 5538 2521 5578 ex
2559 5523 2680 5581 ede
2711 5524 2807 5584 SS.
2839 5525 3115 5584 Omnium
3156 5525 3216 5585 in
3246 5528 3429 5585 aedem
3461 5527 3562 5587 SS.
3594 5530 3764 5588 Ano-

2103 5595 2383 5673 stoloruyi
2417 5595 2787 5673 procedebat,
2812 5597 3142 5673 patriarcha
3169 5615 3362 5673 veros
3393 5595 3764 5673 patriarcheo

2101 5663 2190 5720 vel
2222 5664 2282 5722 S.
2313 5663 2530 5739 Sophia
2557 5663 2830 5742 protinus
2853 5671 2926 5728 ad
2955 5670 3052 5738 88.
3087 5663 3416 5745 Apostolos'.
