4052 6386
318 360 467 420 1011

1381 355 1913 416 CONSTANTINI
1958 351 2656 416 PORPHYBOGENITI

3569 353 3726 414 1012

317 490 547 564 pergit;
581 491 780 564 ibique
810 507 843 546 a
873 493 996 546 toto
1029 493 1238 546 senatu
1269 491 1577 561 excipitur,
1619 490 1718 562 qui
1769 506 1963 546 scara-

2094 487 2433 566 ἐκδεχόμενοι
2492 488 2582 543 τὸν
2627 484 2874 562 βασιλέα.
2917 489 3024 542 Τοῖ’)
3073 482 3131 540 δὲ
3173 480 3443 560 βασιλέως
3489 483 3726 557 ἐξιόντος

319 580 570 652 mangiis
600 579 844 635 indutus
876 584 1035 634 extra
1060 583 1284 651 portam
1313 579 1689 634 cmliomenen
1716 580 1838 651 [seu
1864 579 1960 634 de-

317 687 576 743 pressam
610 680 664 727 et
690 671 749 726 in
781 667 1064 725 humilius
1094 669 1430 736 deductam;
1464 669 1522 724 id
1546 669 1595 724 ei
1623 685 1832 724 nomen
1855 669 1963 740 est]

319 762 378 816 in
401 759 596 817 littore
610 760 1147 830 sedet,exspectans
1160 757 1380 814 domini
1404 759 1736 813 adventum.
1755 759 1822 812 Et
1842 772 1964 813 exs-

319 849 665 906 cendentem
692 848 924 919 quidem
944 864 976 902 e
995 848 1294 903 dromonio
1319 845 1922 919 excipiuntpraapositi
1948 862 1962 901 :

319 937 622 1009 aliquanto
653 947 846 993 autem
879 935 1038 991 illinc
1070 935 1316 992 ulterius
1349 935 1609 1007 magistri
1649 943 1701 991 et
1735 935 1965 1006 patricii

321 1025 664 1084 etofﬁciales
685 1027 990 1082 adorantes
1011 1040 1458 1097 eum,porroque
1476 1026 1965 1081 comitantureum

323 1132 561 1174 sursum
592 1131 693 1188 per
705 1114 996 1171 cochleam
1013 1113 1088 1168 ad
1100 1113 1537 1170 catechumenia
1550 1113 1740 1186 Magni
1763 1113 1967 1186 templi

322 1203 819 1278 [blachernensis]
849 1204 1179 1258 ducentem.
1215 1203 1352 1260 Inde
1408 1204 1650 1274 trajecto
1707 1202 1968 1258 triclinio

323 1299 540 1351 sanctae
563 1293 677 1350 sori
699 1294 807 1362 [vel
821 1291 1148 1362 conditorii,
1172 1291 1229 1346 in
1245 1309 1359 1364 quo
1372 1291 1700 1364 B.Virginis
1715 1291 1968 1349 amictus

318 1385 492 1456 jacet]
524 1382 786 1439 ascendit
813 1382 1132 1453 imperator
1162 1397 1264 1453 per
1293 1380 1604 1438 hisalotum
1629 1382 1750 1453 [seu
1773 1380 1968 1437 lateri-

323 1473 432 1529 bus
464 1471 641 1528 coctis
669 1473 1072 1526 constructum
1105 1469 1448 1541 triclinium]
1471 1473 1528 1524 et
1549 1486 1651 1540 per
1675 1469 1969 1526 cochleam

327 1561 388 1617 in
421 1560 740 1616 triclinium
773 1559 1109 1615 Danubium
1160 1559 1404 1614 dictum.
1465 1560 1542 1614 Eo
1601 1559 1967 1628 transmisso,

325 1648 589 1720 procedit
610 1647 667 1702 in
692 1647 988 1719 porticum
1018 1646 1385 1717 Josephicam
1408 1647 1625 1703 dictam
1657 1651 1714 1702 et
1736 1647 1970 1703 tandem

329 1753 515 1808 usque
536 1736 605 1792 ad
634 1743 941 1806 coetonem,
967 1735 1377 1792 comitantibus
1401 1736 1745 1808 praepositis.
1772 1736 1971 1792 Rema-

325 1832 464 1882 nent
493 1831 685 1882 autem
720 1825 985 1898 magistri
1035 1833 1088 1880 et
1133 1825 1362 1896 patricii
1408 1829 1465 1881 et
1514 1830 1670 1882 totus
1729 1831 1969 1882 senatus

327 1917 594 1972 sedentes
627 1916 686 1970 in
719 1913 1006 1980 Danubio,
1030 1917 1086 1968 et
1116 1913 1368 1969 induunt
1399 1915 1707 1972 mutatoria
1731 1931 1973 1984 sua,ex-

327 2009 713 2075 spectantque
725 2004 1042 2058 adventum
1059 2010 1168 2058 tem
1180 2003 1749 2076 poris,quo,‘surgend
1761 2021 1858 2059 um
1872 2008 1978 2060 est.

337 2093 440 2149 illo
473 2092 832 2158 adveniente,
865 2091 1089 2148 indicat
1137 2091 1581 2148 cerimoniarius
1632 2094 1980 2164 praepositis,

336 2183 559 2238 instare
589 2185 860 2252 tempus;
894 2179 955 2234 bi
993 2181 1062 2235 ad
1097 2180 1402 2234 dominum
1455 2180 1885 2253 intrant,eaque
1914 2183 1986 2238 de

340 2286 402 2326 re
437 2273 695 2324 monent.
729 2267 1014 2323 Dominus
1057 2267 1235 2338 igitur
1268 2284 1298 2324 e
1345 2272 1569 2324 coetone
1617 2270 1878 2340 procedit
1925 2269 1987 2326 in

341 2356 786 2414 Anastasiacum
826 2354 1169 2422 triclinium,
1220 2355 1458 2412 indutus
1518 2357 1801 2413 dibetesio
1857 2375 1987 2427 suo,

341 2445 545 2517 ibique
575 2446 746 2502 stanti
777 2460 902 2500 sese
933 2443 1070 2499 hinc
1102 2449 1157 2500 et
1185 2445 1580 2514 illinc,dextra
1610 2447 1986 2520 sinistraque,

343 2540 659 2608 aggregant
689 2550 956 2606 proceres
987 2533 1280 2602 cubiculi;
1319 2551 1470 2606 pone
1501 2536 1606 2592 hos
1652 2541 1812 2593 stant
1853 2554 1990 2609 spa-

343 2622 886 2691 tharocuhicularii;
941 2624 1394 2694 protospatharii
1459 2625 1716 2680 eunuchi
1797 2632 1987 2682 autem

340 2719 499 2771 stant
530 2728 678 2786 pone
707 2713 1242 2784 dominum.ltaque
1263 2713 1814 2782 ordinatis,advocat
1843 2733 1987 2788 pra:-

341 2805 562 2876 positus
577 2802 904 2869 vestitores,
919 2802 1016 2872 qui
1036 2809 1346 2874 postquam
1361 2803 1600 2860 domino
1623 2804 1986 2877 chlamydem

342 2895 469 2965 ejus
499 2894 1276 2963 circumposuerunl,rursus
1298 2894 1844 2964 egrediuntur.Post
1867 2895 1988 2952 hine

343 2982 642 3040 descendit
653 2982 923 3039 ostiarius
937 2982 1008 3037 ad
1023 2982 1109 3038 vel
1120 2998 1152 3037 u
1163 2998 1216 3036 m
1227 2981 1448 3053 ,ibique
1460 2982 1786 3040 subsistens
1805 2985 1987 3055 [extra

341 3070 555 3142 velum]
585 3087 702 3126 una
731 3085 862 3127 cum
893 3070 1298 3126 cerimoniario
1345 3069 1570 3127 dirimit
1611 3076 1670 3128 et
1718 3074 1988 3129 secedere

335 3160 509 3230 jubet
527 3175 696 3216 suam
725 3159 1091 3232 quemquein
1117 3157 1712 3229 classem,magistros
1732 3165 1790 3217 et
1820 3162 1990 3232 patri-

2075 579 2181 633 ἄπὸ
2227 583 2324 632 τοῦ
2383 574 2673 652 δρόμονος,
2725 573 2974 650 δέχονται
3021 573 3178 629 αὐτὸν
3229 576 3286 629 οἱ
3346 573 3725 649 πραιπόσιτοι·

2073 669 2420 745 παρακατιὼν
2472 669 2582 741 (19)
2633 665 2710 734 δὲ,
2761 663 3012 740 δέχονται
3070 663 3226 719 αὐτὸν
3277 665 3570 740 μάγιστροι
3637 664 3728 718 καὶ

2074 760 2352 834 πατρίκιοι
2405 756 2496 811 καί
2542 753 2885 834 όφφικιάλιοι
2930 756 3356 827 προσκυνοῦντες
3407 753 3590 823 αὐτὸν,
3636 753 3729 808 καὶ

2074 846 2433 925 ἀναφέρουσιν
2488 843 2646 899 αὐτὸν
2688 841 2741 898 ἐν
2801 847 2880 915 τῷ
2928 841 3137 918 κοχλιᾳ
3173 846 3252 914 τῷ
3310 841 3611 919 εἰσφέροντι
3650 840 3729 902 εἰς

2073 938 2141 992 τὰ
2195 933 2610 1011 κατηχουμένια
2645 937 2742 988 τοῦ
2791 929 3031 1006 μεγάλου
3079 936 3229 989 ναοῦ.
3286 933 3382 989 Καὶ
3451 929 3731 1006 διέρχεται

2078 1025 2167 1082 διὰ
2212 1031 2309 1079 τοῦ
2359 1023 2643 1100 τρικλίνου
2681 1029 2780 1091 τῆς
2841 1023 2996 1096 ἁγίας
3051 1025 3240 1094 σοροῦ,
3300 1021 3390 1074 καὶ
3439 1018 3756 1098 ἀνέρχεται,

2079 1113 2167 1171 διὸ.
2205 1119 2301 1170 τοῦ
2353 1111 2665 1188 βισαλωτοῦ
2712 1111 2934 1166 καὶτοῦ
2977 1108 3236 1184 κοχλιοῦ,
3288 1107 3598 1165 διακόπτων
3638 1109 3734 1164 τὸν

2075 1203 2356 1280 τρίκλινον
2386 1202 2477 1258 τὸν
2521 1199 2861 1274 καλούμενον
2896 1194 3212 1256 Λανούϐιον.
3265 1198 3368 1256 Καὶ
3419 1198 3734 1274 ἐξέρχονται

2085 1293 2162 1355 εἰς
2217 1293 2310 1347 τὸν
2372 1290 2604 1365 πόρτικα
2652 1290 2744 1344 τὸν
2829 1288 3128 1363 λεγόμενον
3189 1287 3568 1364 Ἰωσηφιακὸν,
3642 1288 3734 1344 καὶ

2080 1384 2433 1459 ἀναφέρουσιν
2464 1378 2623 1435 αὐτὸν
2657 1379 2710 1434 οἱ
2753 1377 3110 1452 πραιπόσιτοι
3160 1376 3264 1440 ἓως
3298 1381 3394 1431 τοῦ
3444 1381 3734 1440 κοιτῶνος,

2081 1473 2149 1530 O't
2189 1472 2246 1550 9‘s
2306 1471 2599 1547 μάγιστροι
2637 1469 2728 1522 καὶ
2775 1469 2811 1536 ἡ
2864 1463 3173 1541 σύγκλητος
3199 1486 3216 1539 'd
3244 1465 3425 1521 ἅπασα
3476 1467 3738 1536 καθέζον-

2078 1581 2167 1615 ται
2199 1559 2355 1632 ἐντῷ
2413 1553 2714 1629 Δανουϐίῳ,
2754 1555 2843 1610 καὶ
2905 1553 3272 1611 ἀλλάσσουσιν
3330 1556 3397 1609 τὰ
3451 1552 3740 1630 ἆλλάξιμα

2081 1649 2277 1719 αὐτῶν,
2334 1649 2424 1702 καὶ
2477 1648 2796 1716 καθέζονται
2855 1647 3027 1700 έκεῖσε
3066 1642 3422 1720 ἐκδεχόμενοι
3451 1647 3552 1715 τήν
3577 1643 3738 1702 ἕλευ.

2081 1761 2164 1794 σιν
2211 1742 2308 1794 τοῦ
2361 1740 2573 1811 καιροῦ.
2634 1734 2918 1796 Ἐλθόντος
2978 1731 3034 1788 δὲ
3073 1738 3170 1789 τοῦ
3217 1740 3318 1802 τῆς
3355 1735 3739 1800 καταστάσεως

2082 1830 2172 1884 καὶ
2233 1827 2570 1901 μηνύσαντος
2628 1830 2746 1888 τοῖς
2791 1825 3197 1900 πραιποσίτοις,
3239 1825 3314 1886 ὡς
3355 1823 3438 1880 ὅτι
3479 1825 3508 1880 6
3546 1828 3741 1902 καιρὸς

2087 1915 2332 1996 ἔφθασεν,
2391 1917 2732 1996 εἰσέρχονται
2799 1916 2850 1970 οἱ
2907 1915 3261 1989 πραιπόσιτοι
3312 1911 3745 1984 δηλοποιοῦντες

2087 2010 2178 2064 τὸν
2226 2007 2473 2084 βασιλέα.
2515 2009 2577 2064 Ὁ
2610 2004 2670 2061 δὲ
2706 2003 2963 2080 βασιλεὺς
3010 2003 3239 2074 ἐξελθών
3269 2001 3329 2058 ἐκ
3389 2007 3486 2059 τοῦ⁹
3531 2009 3740 2061 κοιτῶ-

2090 2119 2183 2161 νος
2222 2097 2386 2153 αύτοῦ
2417 2095 2723 2172 εἰσέρχεται
2772 2094 2823 2148 ἐν
2867 2098 2947 2165 τῷ
3009 2094 3414 2166 Ἀναστασιακῷ
3451 2092 3742 2168 τρικλίνῳ,

2095 2192 2277 2263 φορῶν
2317 2187 2378 2241 τὸ
2429 2181 2750 2256 διϐητήσιον
2793 2183 2960 2238 αὐτοῦ
3017 2182 3106 2236 καὶ
3156 2184 3285 2243 στας
3319 2181 3510 2249 ἐκεῖσε,
3555 2183 3746 2238 ἰσταν-

2093 2296 2184 2332 ται
2216 2275 2267 2329 οἰ
2301 2275 2559 2350 ἄρχοντες
2603 2278 2700 2328 τοῦ
2748 2268 3141 2327 κουϐουκλείου
3191 2269 3335 2326 ἔνθεν
3379 2269 3648 2336 κάκεῖθεν.
3683 2274 3748 2328 Ol.

2099 2361 2157 2418 δὲ
2206 2358 2904 2438 σπαθαροκουϐικουλάριοι
2960 2358 3210 2415 ’ίστανται
3263 2358 3481 2422 ὄπισθεν
3542 2359 3743 2419 αὐτῶν.

2099 2453 2166 2511 Ol
2227 2449 2283 2508 δὲ
2336 2451 2819 2528 πρωτοσπαθάριοι
2887 2446 3144 2523 εὖνοῦγοι
3214 2445 3458 2504 ἵστανται
3519 2443 3741 2513 ὄπισθεν

2097 2545 2194 2598 τοῦ
2247 2539 2537 2616 βασιλέως.
2597 2539 2994 2614 Προσκαλεῖται
3045 2535 3102 2593 δὲ
3153 2538 3181 2592 6
3213 2538 3568 2612 πραιπόσιτος
3606 2537 3740 2599 τοὺς

2102 2633 2458 2707 βεστήτορας,
2490 2630 2581 2686 καὶ
2612 2625 3088 2706 περιϐαλλόμενος
3121 2628 3149 2682 6
3179 2625 3430 2702 βασιλεὺς
3458 2627 3556 2696 τήν
3585 2623 3737 2701 χλα-

2103 2717 2244 2793 μύδα
2298 2719 2467 2775 αὐτοῦ
2534 2717 2603 2773 δι’
2653 2717 2852 2790 αὐτῶν,
2909 2716 3241 2794 ἐξέρχονται.
3293 2715 3426 2772 Εἶτα
3465 2713 3737 2770 κατελθὼν

2099 2809 2375 2884 ὀστιάριος
2406 2809 2619 2864 ἱσταται
2646 2807 2697 2863 ἐν
2727 2811 2809 2880 τῷ
2852 2805 3033 2882 βήλῳ,
3076 2806 3167 2861 καὶ
3209 2802 3447 2876 διίστησι
3487 2806 3603 2877 ἅμα
3647 2809 3747 2860 τοῦ

2095 2901 2198 2964 τῆς
2259 2899 2634 2961 καταστάσεως
2697 2896 3030 2971 μαγίστρους
3109 2896 3197 2950 καὶ
3273 2892 3598 2968 πατρικίους
3657 2893 3754 2948 καὶ

2100 2986 2438 3062 στρατηγοὺς
2485 2987 2575 3042 καὶ
2635 2984 3046 3066 ὀφφικισλίους.
3106 2984 3206 3039 Καὶ
3272 2983 3662 3063 εἰσερχόμενος
3723 2983 3753 3038 ὁ

2103 3076 2380 3151 ὀστιάριος
2414 3076 2621 3131 ἵσταται
2652 3075 2804 3130 κάτω
2837 3075 2888 3130 ἐν
2925 3078 3004 3146 τῷ
3035 3071 3219 3148 βήλῳ,
3264 3073 3455 3135 νεύσας
3487 3071 3545 3128 δὲ
3574 3073 3602 3128 6
3650 3072 3756 3147 βα-

2099 3168 2282 3229 σιλεὺς
2328 3172 2410 3240 τῷ
2466 3166 2813 3243 πραιποσίτῳ
2872 3168 2900 3221 ὁ
2933 3163 2990 3220 δὲ
3054 3165 3417 3240 πραιπόσιτος
3456 3165 3536 3237 τῷ
3567 3163 3760 3219 ὀστια-

342 3251 780 3323 cios,strategos
801 3255 860 3305 et
880 3248 1448 3306 officiales.Peraotis
1469 3248 1793 3321 his,rursus
1811 3251 1982 3308 intrat

2101 3257 2226 3333 ρίῳ,
2287 3255 2490 3332 εἰσάγει
2535 3256 2867 3334 μαγίστρους
2929 3255 3020 3310 καὶ
3067 3253 3386 3328 πατρικίους
3453 3254 3545 3308 καὶ
3585 3273 3759 3329 στρα-

342 3340 616 3397 ostiarius
640 3339 698 3394 in
722 3340 1182 3404 Anastasiacum,
1207 3340 1304 3395 sed
1344 3344 1603 3396 remanet
1643 3339 1796 3397 infra
1825 3345 1990 3398 stans

343 3429 495 3484 intra
525 3427 742 3484 velum.
775 3430 936 3495 Quod
967 3429 1172 3483 videns
1221 3429 1561 3498 imperator,
1623 3433 1835 3485 nutum
1891 3431 1992 3486 dat

341 3516 671 3589 praeposito,
699 3520 758 3570 et
788 3516 882 3572 hic
904 3532 1072 3586 porro
1095 3517 1194 3571 dat
1215 3517 1455 3573 ostiario
1479 3536 1494 3586 ;
1522 3517 1614 3574 hic
1655 3523 1871 3587 autem,
1922 3535 1990 3576 eo

343 3615 603 3676 accepto,
634 3603 952 3660 introducit
980 3605 1295 3676 magistros
1326 3612 1380 3660 et
1402 3605 1676 3677 patricios
1733 3612 1791 3662 et
1838 3616 1988 3664 stra-

341 3697 507 3766 tegus
536 3697 594 3749 et
622 3692 1038 3762 officiales.Qui
1070 3693 1323 3766 ingressi
1354 3693 1532 3750 humo
1561 3695 1888 3767 procidunt.
1914 3695 1990 3753 Ut

339 3789 540 3840 autem
566 3783 1298 3850 resurrexerunt,monitus
1314 3787 1458 3839 nutu
1475 3783 1628 3856 regis
1642 3801 1757 3856 pra
1765 3786 1987 3856 positus

337 3873 419 3928 ait
448 3887 463 3928 :
498 3894 527 3923 «
559 3871 859 3928 Celeusate
889 3893 918 3921 »
951 3872 1033 3944 [id
1063 3880 1147 3930 est
1177 3894 1206 3922 «
1237 3872 1460 3944 placeat
1490 3873 1676 3938 vobis,
1710 3894 1739 3924 ιι
1775 3889 1987 3946 nempe

339 3965 616 4036 movere].
647 3965 774 4020 Exit
803 3969 928 4020 tum
952 3966 1287 4036 imperator,
1306 3965 1555 4036 stipatus
1586 3983 1617 4020 a
1648 3967 1986 4037 proceribus

340 4057 616 4126 cubiculi,
649 4057 905 4128 patriciis
943 4062 1002 4115 et
1031 4059 1300 4131 strategis
1333 4059 1392 4114 in
1428 4058 1750 4115 triclinium
1791 4060 1984 4117 Danu-

337 4147 536 4202 bium:
561 4149 655 4203 8]
668 4152 717 4203 4
732 4149 802 4203 ad
817 4149 989 4219 cujus
1001 4148 1323 4219 ingressum
1339 4149 1410 4204 ab
1426 4154 1673 4220 utraque
1688 4154 1848 4220 parte
1861 4151 1989 4205 bar-

339 4236 460 4293 bati
487 4237 937 4309 protospatharii
959 4253 1093 4293 cum
1117 4237 1428 4309 drungario
1453 4237 1668 4310 vigiliae
1685 4244 1864 4294 stant.
1882 4239 1985 4296 Hic

339 4327 527 4384 denuo
559 4327 870 4401 procidunt
890 4327 947 4383 in
971 4345 1161 4399 genua
1181 4329 1675 4401 patricii,strategi
1707 4333 1985 4402 totusque

336 4423 600 4475 senatus.
623 4417 694 4473 Ut
716 4422 1113 4484 surrexerunt,
1141 4420 1352 4489 accipit
1382 4423 1529 4474 nutu
1557 4419 1713 4490 regis
1747 4421 1985 4476 manda-

334 4510 460 4563 tum
474 4507 946 4580 praepositus,qui
964 4523 1129 4577 porro
1141 4507 1549 4564 cerimoniario
1563 4509 1984 4578 communicat;

2101 3346 2323 3422 τηγοὺς,
2383 3347 2473 3401 καί
2531 3345 2827 3407 εἰσεθόντες
2900 3344 3213 3400 πίπτουσιν.
3272 3343 3646 3400 Ἀναστάντων
3694 3340 3762 3397 δὲ

2099 3435 2300 3503 αὐτῶν,
2343 3430 2612 3508 λαμϐάνει
2644 3439 2812 3508 νεῦμα
2853 3436 2883 3490 6
2921 3432 3282 3494 ποαιπόσιτος
3323 3432 3469 3507 παρὰ
3506 3436 3606 3487 τοῦ
3650 3434 3761 3506 βα-

2099 3523 2318 3598 σιλέως,
2353 3525 2443 3581 καὶ
2475 3524 2627 3604 λέγει
2671 3525 2862 3595 ἐκεῖσε,
2905 3550 2932 3577 ‹‹
2977 3524 3301 3582 Κελεύσατε.
3331 3547 3360 3574 ››
3400 3523 3463 3582 Ὀ
3501 3520 3560 3578 δὲ
3594 3523 3763 3599 βασι-

2101 3614 2226 3678 λεὺς
2267 3613 2697 3694 δηριγευόμενος
2736 3616 2840 3672 ὑπὸ
2889 3637 2947 3672 τε
2978 3619 3087 3671 τῶν
3141 3614 3424 3689 ἀρχόντων
3474 3617 3572 3670 τοῦ
3620 3635 3763 3669 κου-

2101 3705 2421 3781 βουκλείου,
2479 3706 2779 3782 πατρικίων
2810 3727 2869 3760 τε
2911 3704 3002 3760 καὶ
3071 3707 3412 3780 στρατηγῶν,
3474 3702 3767 3780 ἐξέρχεται

2097 3791 2148 3848 έν
2203 3799 2283 3866 τῷ
2340 3791 2621 3868 Δανουϐίῳ
2663 3793 2946 3869 τρικλίνῳ.
2990 3795 3262 3849 Ἵστανται
3317 3789 3374 3846 δὲ
3418 3792 3470 3846 οἳ
3508 3811 3568 3846 τε
3617 3791 3765 3866 βαρ-

2098 3877 2254 3936 ϐάτοι
2285 3883 2770 3959 πρωτοσπαθάριοι
2819 3883 2910 3938 καὶ
2943 3883 2970 3937 6
3030 3879 3395 3957 δρουγγάριος
3422 3886 3520 3949 τῆς
3555 3877 3771 3955 βίγλης

2096 3967 2236 4026 ἔνθεν
2265 3971 2355 4025 καί
2413 3967 2559 4027 ἔνθεν
2602 3971 2844 4043 πλησίον
2903 3977 3007 4041 τῆς
3055 3970 3242 4042 θύρας.
3275 3969 3342 4026 Ol
3378 3965 3437 4024 δὲ
3468 3970 3764 4044 πατρίκιοι

2093 4060 2185 4115 καὶ
2243 4063 2536 4137 στρατηγοῖ
2597 4062 2711 4134 ἅμα
2759 4060 2828 4134 τῇ
2884 4058 3180 4135 συγκλήτῳ
3221 4058 3530 4127 πίπτουσιν,
3591 4059 3768 4114 ’Λνα-

2097 4149 2326 4204 στάνεωι
2383 4147 2440 4205 δὲ
2487 4148 2688 4223 αὒτῶν,
2760 4144 3029 4222 λαμϐάνει
3075 4149 3248 4221 vespa
3330 4148 3358 4202 6
3389 4148 3767 4221 πραιπόσιτος

2093 4237 2354 4312 παρᾶτοῦ
2387 4237 2685 4314 βασιλέως,
2729 4240 2820 4295 καὶ
2868 4238 3031 4300 αὐτὸς
3076 4235 3268 4293 δίδωσι
3304 4237 3394 4293 τὸν
3452 4243 3552 4306 τῆς
3581 4257 3769 4294 κατα-

2099 4333 2359 4402 στάσεως,
2408 4331 2499 4386 καὶ
2559 4330 2726 4407 λέγει·
2777 4356 2805 4384 α
2851 4326 3170 4388 Κελεύσασε.
3232 4352 3260 4382 ››
3314 4331 3768 4404 Δηριγευόμενος

2099 4416 2156 4474 δέ
2185 4420 2213 4474 6
2275 4417 2530 4496 βασιλεὺς
2583 4420 2672 4475 ὑπ’
2721 4420 2894 4476 αὐτῶν
2942 4414 3345 4494 διέρχεταιὲως
3386 4416 3624 4487 πλησίον
3656 4424 3769 4476 τοῦ

2097 4507 2304 4564 κιονίου
2359 4514 2457 4565 τοῦ
2505 4510 2759 4583 κειμένου
2817 4509 3120 4584 έγκαρσίως
3167 4508 3220 4563 ἐν
3265 4513 3344 4581 τῷ
3409 4507 3768 4581 πληρώματι

335 4605 390 4652 et
418 4579 514 4653 hic
541 4597 766 4654 tandem
797 4596 1013 4653 clamat
1039 4613 1052 4653 :
1092 4618 1120 4648 α
1149 4597 1474 4654 Celeusate.
1505 4619 1533 4647 ››
1558 4598 1699 4653 Inde
1730 4599 1982 4669 procedit

2095 4603 2190 4654 τοῦ
2249 4594 2521 4672 ἐμϐόλου,
2578 4599 2671 4654 καὶ
2731 4597 2950 4674 δέχεται
3018 4597 3192 4654 ἐκεῖσε
3243 4597 3336 4652 τὸν
3404 4597 3769 4672 πατριάρχην

1378 4706 1582 4763 JOAN.
1621 4705 1763 4763 JAC.
1805 4706 2068 4766 REISKII
2107 4707 2704 4766 COMMENTARIUS.

409 4807 523 4880 (19)
582 4805 645 4862 Id
705 4809 797 4880 est
881 4802 1317 4879 παρακατιόντος
1364 4805 1488 4880 __ve1
1569 4803 1994 4878 παρακατιόντα,

335 4876 624 4952 aliquanto
681 4876 928 4933 ulterius
963 4876 1272 4952 'progresso
1314 4877 1429 4952 gillo
1471 4881 1573 4932 aut
1601 4876 1952 4952 progressum
1976 4895 1997 4952 τ·

338 4947 531 5023 quoad
593 4965 833 5023 sensum
893 4947 1215 5023 παρκαάτῳ,
1269 4950 1566 5023 aliquanto
1617 4947 1861 5023 inferius
1903 4949 1993 5006 vel

339 5017 612 5093 alterius:
669 5021 787 5075 vid.
847 5022 916 5076 ad
973 5017 1035 5093 'p.
1113 5021 1239 5089 332,
1327 5017 1425 5075 ubi
1497 5017 1808 5093 ὑποκατιὼν
1891 5037 1992 5089 pro

345 5090 622 5163 ὑποκάτω.
659 5093 720 5146 In
751 5090 1340 5163 Graecis—Latinisque
1398 5091 1780 5163 scriptoribus
1837 5094 1992 5146 anti-

345 5161 476 5235 quis
535 5171 589 5215 et
647 5166 811 5236 novis
866 5167 1192 5236 frequentia
1243 5161 1422 5236 hujus
1464 5161 1757 5235 enallages
1790 5179 1991 5236 occur-

343 5231 516 5307 runt_
540 5231 840 5307 exempla.
879 5241 936 5290 et
965 5231 1135 5292 nemo
1166 5236 1227 5290 in
1262 5231 1337 5291 eo'
1360 5251 1570 5307 genere
1600 5231 1990 5307 xa—taxopécts-

347 5323 455 5379 ρος⁸
470 5301 674 5358 Nostro
706 5301 762 5358 et
785 5305 1152 5379 Philostrato.
1184 5307 1284 5363 Vel
1320 5301 1501 5361 unum
1538 5306 1744 5379 saltem
1795 5301 1989 5379 locum

344 5375 636 5450 adducam
669 5389 741 5450 ex_
767 5375 987 5432 Alberti
1019 5379 1461 5450 Argentinensis
1490 5378 1774 5450 Chronico
1808 5377 1880 5450 ad
1925 5380 1985 5432 A.

344 5453 403 5503 C.
440 5446 582 5501 4356
619 5462 633 5499 :
692 5447 975 5520 electore:_
1004 5458 1055 5504 et
1096 5446 1391 5520 ~o/fit'z'ales
1440 5449 1670 5520 imperii
1699 5448 1994 5520 veniebant

343 5534 512 5591 super
541 5531 680 5589 equo
710 5533 878 5592 usque
908 5518 978 5573 ad
1008 5518 1253 5576 mensam
1272 5538 1293 5583 ;
1322 5518 1701 5592 descendentes
1730 5535 1853 5576 vero
1912 5519 1992 5591 (id

348 5589 438 5648 est
471 5593 533 5665 ut
572 5592 765 5665 autem
788 5589 1221 5665 descenderant
1241 5609 1310 5648 ex
1334 5592 1522 5665 equis)
1550 5589 1996 5665 histrionibus'et

350 5662 538 5718 mimis
566 5659 1034 5734 dabatur_equus.
1071 5663 1163 5719 Sic
1193 5665 1345 5734 apud
1373 5659 1639 5720 nostrum
1661 5664 1830 5734 paulo
1861 5668 1995 5734 post

348 5735 507 5792 hunc
565 5733 760 5792 locum
821 5731 928 5789 hac
983 5733 1108 5806 ipsa
1173 5731 1405 5807 pagina,
1458 5734 1584 5794 στάς
1659 5731 1996 5791 έκεῖσεέεῒ

2152 4807 2519 4882 ιὀ-στάντος,
2603 4811 2662 4882 et
2743 4802 3220 4882 περιϐαλλόμενος
3289 4797 3767 4882 ρῐὈΑ-περιϐαλο

2152 4825 2212 4862 ro
2275 4825 2519 4875 σταντος,
2603 4825 2662 4862 οι
2743 4825 3220 4882 περιοαΛΛομενος
3289 4825 3392 4878 pro
3484 4825 3766 4879 περιοαΛο

2109 4825 2349 4951 λομένου
2408 4883 2486 4946 et,
2544 4875 2733 4951 νεύσας
2781 4897 2880 4951 pro
2939 4879 3279 4948 νεήσαντοςς
3324 4894 3380 4951 p.
3414 4877 3541 4951 314,
3573 4875 3766 4951 ἀσπα-

2104 4947 2325 5024 σάμενοι
2384 4965 2487 5024 pro
2545 4947 2942 5024 ἀσπασαμένων
3017 4955 3072 5006 et
3149 4969 3206 5022 p.
3284 4950 3416 5024 356_,_
3487 4950 3565 5018 τῷ
3643 4947 3760 5022 βα-

2102 5017 2247 5097 σιλεῖ
2285 5017 2489 5097 *τεχθέν
2537 5017 2777 5097 παιδίω
2827 5019 2986 5097 ἅῤῥεν
3086 5017 3221 5097 Ρτὶ)-
3271 5017 3559 5097 τεχθέντος
3623 5017 3764 5097 παι-

2103 5090 2223 5167 δίου
2280 5089 2526 5167 ἅῤῥὲνος.
2585 5089 3159 5167 Possent'exempla
3208 5089 3451 5164 integris
3526 5094 3758 5167 acervis

2101 5163 2368 5222 effundit
2405 5180 2584 5220 unum
2617 5170 2809 5223 tamen
2841 5166 3033 5222 adhuc
3050 5165 3264 5220 addam
3290 5163 3667 5219 memorabile
3684 5180 3762 5221 ex

2101 5237 2326 5308 Georgii
2359 5235 2680 5308 Hamartoli
2712 5238 2994 5293 Chronico
3028 5235 3199 5291 misto
3247 5236 3428 5308 (apud
3478 5234 3563 5308 Du
3595 5234 3758 5291 Gan-

2103 5306 2275 5379 giuni
2316 5325 2368 5381 ν.
2421 5306 2652 5381 Κόρτηη
2684 5310 2791 5381 ubi
2833 5309 2904 5381 de
2953 5306 3334 5381 Constantino
3375 5307 3700 5381 M._dicitu_r
3735 5325 3752 5363 :

2101 5374 2287 5450 κτίσας
2316 5374 2539 5450 ἱππικὸν
2569 5374 2659 5432 καὶ
2700 5377 2965 5434 παλάτιον
3011 5378 3102 5450 καί
3139 5378 3266 5450 τους
3333 5374 3604 5450 μεγάλους
3626 5375 3755 5450 Λέμ-

2103 5446 2319 5527 ϐόλους⁸
2344 5447 2435 5505 καὶ
2467 5451 2583 5527 “τὸ-ν
2636 5451 2806 5527 φόρον
2852 5449 2903 5527 ἐν
2954 5450 3001 5522 ᾧ
3037 5448 3193 5527 τόπῳ
3223 5444 3462 5527 ἔστησεν.
3489 5449 3522 5516 ἡ
3573 5444 3748 5520 κόρτη

2105 5521 2270 5576 αὐτοῦ
2302 5517 2612 5585 ἐπανελθὼν
2647 5517 3035 5595 ’ἀπὸ-βρώμης.
3063 5517 3418 5595 Βυὸᾼὶιοοῖιι
3449 5521 3574 5595 loco
3607 5517 3756 5577 sunt

2103 5595 2500 5664 memoranda,
2534 5612 2711 5650 unum
2759 5585 2978 5664 ἔπηὰεν
3038 5611 3139 5664 pro
3197 5585 3351 5662 ἔστη,
3408 5599 3466 5649 et
3496 5593 3747 5648 alterum

2101 5662 2412 5729 ἐπανελθὼν
2447 5683 2550 5738 pro
2581 5662 2971 5730 ἐπανελθόντος
3005 5662 3240 5734 {nolim
3282 5674 3469 5721 tamen
3510 5664 3580 5721 de
3624 5679 3746 5720 non

2103 5738 2362 5803 admisso
2394 5738 2649 5812 quodam
2683 5738 2906 5798 librarii
2935 5741 3169 5812 peccato
3200 5749 3419 5796 cavere.
