4052 6384
297 345 455 448 ιοὶε

1141 389 1241 449 DE
1285 387 1739 450 CERIMONIIS
1799 388 2032 450 AULIE
2076 387 2547 449 BYZANTlN/E
2590 389 2738 450 LIB.
2782 386 2864 449 Π.

3549 378 3709 445 1014·

296 518 433 593 μετὰ
464 519 554 574 καὶ
588 525 697 589 τῆς
720 519 899 590 λιτῆς.
934 513 1128 575 Λαϐὼν
1162 517 1220 576 δὲ
1266 520 1431 597 κηρία
1478 522 1624 597 παρὰ
1664 525 1763 577 τοῦ
1792 542 1934 596 πραι-

2064 522 2379 595 imperator
2426 524 2499 578 ab
2528 522 2733 580 iisdem
2775 521 3028 594 stipatus
3060 535 3246 593 usque
3284 517 3705 592 propemodum

291 606 523 665 ποσίτου
582 607 671 663 καὶ
729 607 1036 682 εὐξάμενος,
1090 607 1407 665 ἐπιδίδωσιν
1464 610 1600 667 αὖτᾶ
1652 609 1817 666 πάλιν
1869 615 1948 685 τῷ

289 696 660 773 πραιποσίτῳ,
717 700 1099 772 προσκυνήσας
1142 696 1201 754 δὲ
1240 700 1304 755 τὸ
1366 698 1641 775 ἄχραντον
1701 698 1949 776 Εὐαγγέ-

290 788 414 843 λιον
459 786 551 843 καί
597 788 690 843 τὸν
729 789 1002 858 ζωοποιὸν
1049 789 1299 865 σταυρὸν,
1331 793 1722 865 προσκυνοῦσιν
1766 789 1947 867 ἀμφό-

284 895 438 950 τεροι
467 874 780 947 ἀλλήλους,
804 878 833 931 6'
862 897 922 932 τε
952 874 1208 952 βασιλεὺς
1240 877 1329 932 καὶ
1374 879 1403 931 6
1440 879 1825 955 πατριάρχης,
1855 877 1947 933 καὶ

284 964 683 1039 ἀσπασάμενοι,
740 960 1008 1038 Λαμϐάνει
1057 967 1086 1022 6
1134 966 1391 1041 βασιλεὺς
1436 969 1583 1042 παρά
1631 971 1729 1023 τοῦ
1785 986 1945 1042 πραι-

282 1053 514 1110 ποσίτου
569 1054 762 1131 κηρίον
814 1052 1134 1125 λιτανίκιον,
1183 1056 1271 1112 καὶ
1328 1056 1667 1131 ὑποστρέψας
1728 1054 1944 1136 διέρχε-

283 1165 377 1201 ται
409 1143 498 1201 διὰ
544 1149 644 1201 τοῦ
691 1145 857 1201 αὐτοῦ
904 1141 1171 1218 ἐμϐόλου.
1204 1153 1470 1222 ’Ἂρχεται
1503 1145 1561 1202 δὲ
1592 1148 1620 1202 6
1648 1154 1750 1217 τῆς
1776 1167 1945 1202 κατα-

282 1235 526 1297 στάσεως
571 1236 891 1310 τροπάριον.
952 1258 980 1288 (ι
1033 1235 1120 1293 Ἐν
1170 1239 1239 1310 τῇ
1289 1237 1535 1313 γεννήσει
1590 1237 1689 1306 τήν
1746 1238 1945 1312 παρθε-

282 1322 403 1378 νίαν
453 1322 742 1398 ἐφύλαξας.
794 1347 823 1377 ››
876 1321 1200 1388 Ψάλλοντες
1250 1322 1308 1380 δὲ
1354 1326 1416 1381 τὸ
1459 1324 1589 1381 αὐτὸ
1646 1327 1942 1402 τροπάριον

284 1414 341 1469 οἱ
388 1419 490 1481 τῆς
530 1411 908 1487 προελεύσεως
958 1414 1203 1485 ἅπαντες,
1238 1412 1581 1493 εΐσέρχονται
1623 1414 1677 1471 ἐν
1707 1436 1786 1488 τῳ
1816 1416 1943 1490 νάρ-

284 1514 416 1573 θηκι
472 1506 571 1558 τοῦ
630 1500 888 1578 Μεγάλου
946 1506 1101 1559 ναοῦ.
1160 1502 1239 1561 Τὰ
1295 1500 1354 1560 δὶ
1412 1503 1581 1560 λοιπὰ.
1626 1505 1799 1560 πάντα
1843 1511 1945 1575 τῆς

281 1591 487 1663 τάξεως
516 1590 880 1669 φυλάττονται
921 1591 973 1647 ἐν
1018 1596 1087 1666 τῇ
1137 1593 1277 1667 αὐτῇ
1325 1593 1509 1668 ἑορτῇ,
1541 1594 1720 1656 καθὼς
1750 1594 1839 1649 καὶ
1872 1597 1941 1668 τῇ

283 1682 595 1755 ὗπαπαντῇ.
643 1679 860 1751 Ἰστέον,
911 1682 995 1738 ὅτι
1046 1684 1074 1737 6
1116 1680 1418 1757 λογοθέτης
1464 1687 1563 1739 τοῦ
1602 1680 1812 1758 δρόμου
1850 1683 1941 1739 καὶ

282 1772 312 1826 ὁ
344 1769 579 1847 ῥαίκτωρ
610 1770 702 1825 καὶ
732 1772 760 1826 6
791 1773 1307 1847 πρωτοασηκρήτης
1351 1772 1443 1827 καὶ
1475 1773 1503 1826 6
1540 1773 1797 1845 μυστικὸς
1827 1775 1940 1847 (20)

284 1860 428 1934 μετὰ
468 1865 579 1915 τῶν
628 1860 1158 1939 χρυσοτρικλινιτῶν
1204 1862 1708 1938 πρωτοσπαθαρίων
1761 1860 1938 1918 ’ίσταν-

273 1970 366 2005 ται
396 1949 453 2005 ἐν
482 1953 562 2022 τῷ
591 1953 942 2024 ἰωσηφιακῷ
971 1950 1215 2025 πόρτικι.

2058 612 2129 670 ad
2163 613 2496 670 columnam
2528 611 2905 669 transversim
2930 609 3175 682 positam
3199 609 3258 664 in
3279 607 3393 664 ﬁne
3424 607 3705 680 porticus,

2055 701 2257 776 ibique
2285 703 2499 774 excipit
2529 701 2913 774 patriarcbam
2938 716 3070 755 cum
3096 698 3197 754 lite
3226 714 3328 753 seu
3360 698 3535 753 turba
3567 713 3705 769 sup-

2058 791 2401 865 plicantium
2426 808 2562 848 eum
2585 792 2892 847 comitante
2913 815 2928 859 ;
2948 788 3305 860 sumptisque
3318 788 3500 843 cereis
3516 803 3548 841 a
3566 803 3705 858 prae-

2056 881 2243 953 posito
2258 882 2562 954 porrectis,
2578 880 2716 937 facit
2728 895 2923 952 preces
2939 878 3223 949 factisque
3238 893 3440 932 rursus
3452 892 3551 932 eos
3566 893 3703 947 pree-

2056 971 2242 1043 posito
2261 971 2474 1039 reddit;
2497 970 2753 1027 adoratis
2771 970 3047 1041 deinceps
3062 964 3442 1023 immaculato
3460 966 3702 1036 Evange-

2054 1059 2131 1116 lio
2161 1064 2217 1117 et
2248 1061 2476 1117 vivifica
2488 1076 2678 1125 cruce,
2702 1060 2949 1115 adorant
2962 1056 3135 1113 ambo
3154 1072 3280 1112 sese
3302 1054 3568 1119 invicem,
3595 1054 3705 1109 im-

2055 1153 2289 1221 perator
2310 1148 2525 1206 scilicet
2538 1155 2595 1207 et
2608 1148 2957 1221 patriarcha,
2972 1146 3250 1219 pacisque
3265 1143 3529 1201 osculum
3552 1142 3707 1200 inter

2053 1242 2511 1307 secommutant,
2532 1241 2731 1296 ettum
2755 1236 3048 1308 accipiens
3079 1253 3114 1292 a
3135 1234 3444 1308 praposito
3467 1249 3702 1290 cereum

2053 1328 2542 1401 processionalem
2559 1325 3293 1399 imperatorlegitvestigia
3314 1341 3419 1381 sua
3438 1340 3538 1395 per
3548 1339 3703 1380 eam-

2055 1418 2187 1474 dem
2212 1418 2497 1490 porticum
2518 1438 2533 1487 ;
2558 1416 3002 1474 cerimoniarius
3026 1419 3219 1471 autem
3237 1414 3311 1470 ad
3324 1413 3445 1469 hinc
3477 1413 3701 1469 intonat

2053 1507 2378 1579 troparium
2397 1522 2453 1562 ει(
2469 1510 2535 1562 In
2560 1511 2658 1563 tuo
2678 1510 2843 1577 partu
2858 1506 3216 1561 conservasti
3238 1503 3654 1575 virginitatem.
3673 1525 3695 1554 ι

2053 1596 2292 1666 Omnes,
2319 1596 2417 1668 qui
2443 1595 2802 1668 processioni
2825 1594 2962 1651 huic
2990 1595 3306 1657 intersunt,
3330 1593 3482 1648 idem
3504 1598 3701 1663 tropa-

2051 1685 2207 1742 rium
2239 1690 2512 1743 canentes
2540 1685 2763 1741 intrant
2792 1685 2850 1740 in
2894 1684 3233 1741 narthecem
3267 1682 3463 1755 Magni
3496 1680 3702 1752 templi

2050 1773 2571 1846 [blachernarum].
2596 1773 2823 1845 Reliqui
2838 1773 2988 1828 ritus
3015 1776 3209 1827 autem
3229 1786 3296 1826 eo
3318 1770 3410 1825 die
3428 1770 3575 1825 festo
3590 1768 3702 1824 ob—

2053 1863 2326 1920 servandi
2365 1867 2505 1919 sunt
2551 1861 2776 1919 similes
2807 1861 3019 1917 ritibus
3049 1859 3396 1933 bypapantm
3427 1874 3532 1913 seu
3566 1857 3697 1914 festi

1968 1927 2017 1993 Β
2048 1952 2481 2009 Puriﬁcationis
2511 1952 2700 2009 Beate
2724 1950 3004 2023 Virginis.
3024 1927 3228 2006 Adnue
3260 1948 3319 2003 id
3348 1946 3695 2017 tenendum,

277 2039 640 2113 logothetam
671 2040 864 2097 d-romi
894 2044 952 2098 et
999 2045 1280 2098 rectorem
1312 2048 1368 2099 et
1410 2046 1901 2115 protoasecretam
1945 2045 2004 2099 et
2034 2041 2351 2113 mysticum
2401 2057 2515 2098 una
2551 2056 2689 2099 cum
2731 2036 3186 2111 protospatharii
3233 2035 3695 2110 chrysotriclinii

275 2130 335 2186 in
370 2129 603 2202 porticu
621 2129 930 2202 Josephica
961 2134 1131 2188 stare.

918 2225 1180 2280 ΚΕΦΔΛ.
1235 2222 1293 2279 l'.

271 2315 386 2367 Οσα
416 2305 506 2386 δεῖ
532 2308 974 2386 παραφυλάττειν
1023 2316 1092 2386 τῇ
1212 2317 1314 2381 τῆς
1356 2312 1581 2386 πρώτης
1612 2307 1938 2386 ἑϐδομάδος,

340 2386 441 2436 τοῦ
478 2377 752 2459 βασιλέως
782 2377 1240 2459 δημηγοροῦντος
1267 2377 1506 2456 ’(21)’ἑπὶ
1535 2377 1634 2439 τοῦ
1664 2377 1937 2440 σιλεντίου

341 2460 444 2523 τῆς
478 2454 805 2528 μανναύρας.

342 2542 477 2619 Περὶ
510 2542 656 2619 ὥραν
687 2545 880 2618 τρίτην
931 2540 1141 2599 δίδοται
1187 2543 1607 2618 μεταστάσιμον,
1638 2545 1729 2599 καὶ
1768 2543 1934 2619 ἆπὲρ-

272 2654 431 2711 χεται
464 2635 644 2690 ἅπασα
700 2635 735 2704 ἡ
799 2632 1135 2708 σύγκλητος,
1193 2635 1283 2689 καὶ
1335 2632 1581 2690 ’ίστανται
1628 2635 1777 2690 κάτω
1823 2637 1933 2689 τῶν

275 2720 596 2798 γραδηλίων
647 2730 749 2793 τῆς
803 2721 1105 2798 μανναῦρας
1153 2721 1206 2779 οἵ
1250 2744 1309 2779 τε
1369 2724 1661 2799 μάγιστροι
1693 2724 1784 2778 καὶ
1828 2743 1931 2777 πα-

284 2810 483 2887 τρίκιοι
516 2813 605 2868 καὶ
655 2813 707 2867 οἱ
758 2810 1037 2887 βασιλικοὶ
1093 2814 1287 2875 πάντες
1338 2810 1615 2887 ἄνθρωποι
1645 2812 1736 2867 καὶ
1767 2816 1872 2873 πᾶς
1904 2812 1931 2865 ὁ

289 2898 567 2963 πολιτικὸς
612 2896 813 2977 ὄχλος,
864 2901 895 2957 6'
933 2921 989 2957 τε
1034 2898 1388 2978 δρουγγάριος
1424 2907 1523 2970 τῆς
1558 2898 1765 2976 βίγλης
1799 2900 1932 2973 μετὰ

281 2990 367 3044 καί
417 2994 512 3045 τοῦ
557 2992 835 3067 τάγματος
882 2990 1047 3046 αὐτοῦ
1094 2990 1186 3046 καὶ
1233 2997 1333 3061 τῆς
1386 2990 1677 3067 βασιλικῆς
1709 3009 1932 3065 περιου-

271 3078 389 3141 σίας
421 3082 557 3152 (22),
599 3079 691 3135 καὶ
741 3080 768 3135 6
820 3077 1186 3157 δρουγγάριος
1232 3085 1331 3136 τοῦ
1378 3079 1623 3154 πλοίμου
1676 3079 1811 3153 μετᾶ
1839 3078 1930 3134 καὶ

266 3170 373 3224 τῶν
428 3168 518 3224 ὑπ’
575 3168 724 3243 αὐτῷ
782 3170 1023 3227 πάντων.
1082 3170 1149 3230 Ol.
1205 3167 1262 3226 δὲ
1308 3168 1563 3225 δεσπόται
1616 3168 1932 3246 ἐξέρχονται

266 3258 374 3313 ἀπὸ
430 3259 889 3335 σκαραμαγγίων,
961 3263 1252 3335 φοροῦντες
1328 3259 1417 3314 καὶ
1474 3258 1542 3314 τὰ
1596 3260 1927 3337 χρυσοπερίο
1959 3295 2003 3364 C

301 3347 320 3364 ς
567 3347 581 3364 ,
630 3352 658 3363 ..
846 3346 858 3364 .
1022 3348 1036 3364 ς
1092 3346 1115 3364 ι.
1155 3347 1166 3364 .
1218 3348 1240 3364 ι
1452 3346 1477 3364 ε.
1513 3348 1526 3364 .
1705 3352 1732 3364 ..
1811 3346 1835 3364 ει

266 3347 493 3404 κλειστα
522 3347 698 3404 αὐτῶν
732 3346 916 3426 σαγία,
948 3348 1039 3403 καὶ
1088 3346 1397 3423 διέρλονται
1449 3346 1539 3403 διὰ
1566 3370 1625 3403 τε
1665 3352 1774 3404 τῶν
1808 3346 1929 3403 δια-

266 3433 508 3494 ϐατίκῶν
538 3443 647 3493 τῶν
680 3436 852 3515 ἁγίων
906 3445 960 3511 μ’
1010 3438 1102 3493 καὶ
1154 3441 1249 3494 τοῦ
1280 3439 1547 3515 σίγματος
1580 3438 1669 3493 καὶ
1701 3445 1801 3506 τῆς
1832 3442 1928 3492 τοῦ

266 3526 470 3599 Κυρίου
525 3524 842 3598 ἒκκλησίας,
898 3528 989 3582 καὶ
1043 3527 1302 3583 ἅπτουσιν
1359 3525 1532 3583 ίκεῖσε
1578 3528 1805 3602 κηροὺς,
1836 3527 1925 3582 καὶ

264 3614 374 3672 άπὸ
403 3620 512 3671 τῶν
540 3615 724 3671 ἐκεῖσε
774 3613 1091 3693 διέρχονται
1140 3614 1229 3671 διὰ
1272 3637 1330 3671 τε
1379 3619 1478 3686 τῆς
1528 3614 1805 3688 σακέλλης
1835 3617 1925 3672 καὶ

261 3709 361 3760 τοῦ
409 3703 592 3760 ὠάτου
643 3705 732 3760 καὶ
778 3709 878 3760 τοῦ
925 3704 1215 3782 ἀνάγοντος
1263 3705 1538 3761 στενωποῦ
1585 3705 1663 3770 εἷς
1698 3705 1791 3762 τὸν
1822 3710 1924 3773 τῆς

266 3794 577 3869 μανναύρας
618 3792 876 3864 ἡλιακὸν,
925 3796 1015 3849 καὶ
1076 3792 1415 3871 εἰσέρχονται
1467 3794 1519 3850 ἐν
1563 3799 1643 3867 τῷ
1696 3794 1924 3873 μεγάλῳ

259 3881 558 3957 τρικλίνῳ,
609 3880 869 3953 δηλονότι
925 3879 1345 3960 δηριγευόμενοι
1397 3885 1500 3940 ὑπὸ
1547 3906 1605 3941 τε
1649 3890 1747 3941 τοῦ
1794 3906 1924 3942 κου-

262 3968 560 4030 6ουκλείου
605 3972 697 4029 καὶ
762 3978 870 4030 τῶν
941 3971 1292 4052 μαγλαϐιτῶν
1337 3974 1427 4030 καὶ
1474 3978 1573 4046 τῆς
1632 3976 1921 4053 ἑταιρείας.

261 4062 475 4119 Ἐκεῖσε
530 4063 635 4139 γὰρ
693 4061 744 4117 ἐν
803 4067 881 4137 τῷ
942 4061 1169 4138 μεγάλῳ
1237 4063 1501 4139 τρικλίνῳ
1558 4065 1798 4130 κάτωθεν
1822 4073 1922 4136 τῆς

210 4188 213 4189 ν
260 4149 500 4224 πλαγίας
545 4152 795 4226 καμάρας
852 4158 955 4221 τῆς
1004 4148 1179 4223 δεξιᾶς
1235 4153 1372 4227 πρὸς
1403 4152 1702 4223 εᾶνατολήν
1733 4155 1922 4210 ’ίσταν-

259 4261 350 4296 ται
381 4244 490 4295 τῶν
542 4236 820 4296 δεσποτῶν
879 4246 1059 4316 χρυσᾶ
1113 4239 1326 4298 σελλία.
1389 4243 1611 4298 Κάκεῖσε
1644 4243 1839 4320 μικρόν
1868 4265 1921 4299 τι

256 4330 645 4404 καθεζόμενοι,
674 4325 778 4392 ἕως
810 4328 871 4384 ἂν
917 4330 1020 4385 61:6
1058 4335 1157 4386 τοῦ
1204 4332 1567 4411 πραιποςξίτου
1613 4333 1785 4387 πάντα
1823 4354 1922 4389 κα-

262 4416 377 4481 λῶς
432 4419 858 4495 εὖτρεπισθῶσιν
919 4419 1131 4492 (ἐκνικᾷ
1168 4421 1192 4456 ⁹
1250 4422 1352 4497 γὰρ
1408 4422 1470 4477 τὸ
1526 4423 1740 4479 καθῖσαι
1795 4424 1922 4486 τοὺς

2702 2220 2937 2279 CAPUT
2973 2220 3041 2276 X.

2050 2311 2403 2371 Observanda
2443 2311 2533 2368 die
2574 2311 2808 2369 secundo
2855 2311 3060 2383 prima:
3104 2309 3426 2383 septimana:
3475 2308 3700 2381 [jejunii

2119 2383 2664 2455 quadragesimalis],
2713 2382 2936 2439 domino
2978 2384 3040 2438 in
3084 2382 3314 2437 silentio
3369 2395 3699 2453 magnaurz

2118 2471 2426 2512 sermonem
2451 2456 2873 2527 pronuntiante.

2119 2544 2283 2600 Circa
2324 2542 2553 2600 tertiam
2605 2544 2808 2600 horam
2857 2544 3031 2600 datur
3077 2540 3545 2599 metastasimum
3591 2556 3694 2597 seu

2045 2634 2299 2691 abeundi
2330 2649 2401 2689 ex
2438 2631 2572 2689 aula
2597 2636 2654 2689 et
2693 2633 2940 2705 negotiis
2980 2630 3299 2688 curialibus
3345 2628 3600 2697 licentia,
3632 2632 3693 2684 et

2044 2723 2167 2780 abit
2199 2729 2357 2779 totus
2388 2728 2649 2790 senatus,
2687 2721 3074 2793 consistitque
3114 2716 3524 2790 intra’gradus
3562 2732 3694 2773 ma-

2043 2830 2301 2887 gnaurae,
2318 2811 2541 2868 scilicet
2558 2810 2820 2881 magistri
2843 2814 2901 2868 et
2922 2810 3152 2883 patricii
3166 2813 3222 2865 et
3240 2807 3468 2865 basiliei
3490 2822 3693 2864 omnes

2041 2902 2301 2959 etomnis
2314 2901 2563 2975 pepulus
2580 2902 2855 2972 urbanus,
2870 2900 3219 2972 drungarius
3245 2896 3453 2970 vigilia
3465 2893 3590 2953 eum
3601 2911 3692 2952 co-

2042 2993 2208 3049 horte
2228 3008 2329 3047 sua
2363 2995 2420 3047 et
2466 3006 2630 3047 sacra
2675 2990 2930 3062 periusia
2971 2991 3098 3063 [seu
3141 2986 3483 3045 comitativa
3520 3001 3692 3058 pecu-

2039 3085 2228 3158 liare],
2259 3085 2399 3141 item
2422 3084 2777 3156 drungarius
2808 3082 3009 3154 ploimi
3039 3081 3125 3139 vel
3157 3080 3363 3137 classis
3394 3096 3529 3137 cum
3562 3094 3688 3135 om-

2040 3173 2215 3230 nibus
2238 3173 2310 3229 ab
2332 3188 2503 3230 suam
2537 3172 2963 3244 inspectionem
2981 3170 3431 3244 pertinentibus.
3458 3166 3689 3225 Domini

2039 3268 2236 3321 autem
2268 3263 2559 3336 prodeunt
2583 3262 2639 3335 [e
2659 3278 2870 3335 magno
2902 3260 3139 3334 palatio]
3171 3261 3230 3315 in
3262 3256 3687 3331 scaramangiis

2040 3358 2097 3410 et
2126 3354 2282 3425 sagis
2313 3352 2438 3410 suis
2479 3369 2621 3409 auro
2670 3353 2885 3424 septis;
2938 3350 3316 3423 trajectisque
3365 3347 3687 3421 porticibus

2036 3447 2386 3503 Sanctorum
2420 3445 2811 3519 quadraginta
2860 3443 3230 3517 [martyrum]
3266 3445 3324 3497 et
3354 3442 3601 3513 sigmate
3630 3443 3689 3496 et

2036 3534 2269 3592 Domini
2300 3534 2566 3600 ecclesia,
2589 3534 2648 3590 in
2680 3551 2797 3607 qua
2818 3548 3014 3591 cereos
3043 3531 3393 3601 accendunt,
3424 3534 3481 3588 et
3511 3528 3693 3586 sacel-

2037 3624 2091 3681 lo
2123 3629 2180 3681 et
2209 3629 2375 3681 ovato
2406 3629 2463 3680 et
2494 3624 2803 3696 angiportu
2834 3623 3097 3692 tandem,
3148 3622 3249 3695 qui
3297 3621 3368 3677 ad
3403 3619 3685 3677 solarium

2035 3730 2368 3786 magnaura:
2414 3713 2596 3783 ducit,
2648 3714 2872 3769 intrant
2920 3712 2982 3769 in
3034 3727 3309 3785 magnum
3364 3709 3686 3766 triclinium

2035 3803 2185 3861 815
2221 3802 2417 3876 stipati
2447 3808 2506 3860 et
2554 3802 2829 3859 conducti
2858 3818 2891 3858 a
2930 3799 3219 3868 cubiculo,
3262 3797 3599 3871 maglabitis
3628 3801 3687 3853 et

2037 3892 2293 3949 betmria.
2329 3892 2411 3949 Ibi
2461 3907 2778 3966 parumper
2825 3890 3093 3946 desident
3138 3889 3197 3944 in
3244 3884 3539 3943 collocatis
3571 3884 3683 3943 sub

2034 3982 2261 4038 laterali
2293 3968 2497 4039 dextro
2520 3981 2593 4036 ad
2620 3980 2904 4036 orientem
2938 3977 3156 4035 fornice
3186 3976 3386 4049 magni
3418 3974 3680 4045 triclinii,

2032 4070 2194 4127 sellis
2224 4069 2437 4135 aureis,
2468 4070 2629 4140 (nam
2656 4066 2857 4124 stricte
2888 4067 2945 4123 id
2974 4066 3424 4133 observandum,
3456 4067 3514 4121 et
3551 4080 3681 4120 mos

2029 4166 2294 4231 receptus
2323 4158 2522 4230 exigit,
2546 4162 2609 4213 ut
2632 4157 3011 4229 imperatores
3029 4171 3332 4227 nunquam
3366 4153 3469 4209 diu
3500 4157 3677 4210 stent.

2031 4248 2131 4305 sed
2165 4263 2395 4319 semper
2425 4246 2714 4317 sedeant,)
2740 4246 2924 4301 donec
2952 4262 2987 4301 a
3018 4243 3324 4317 praposito
3359 4246 3679 4314 praiparata

2030 4336 2239 4393 fuerint
2258 4336 2471 4393 omnia.
2500 4335 2603 4391 Hic
2621 4334 2774 4390 enim
2808 4336 2925 4391 exit
2956 4352 3074 4391 una
3103 4349 3236 4391 cum
3268 4330 3677 4391 cerimoniario

2032 4427 2103 4482 ad
2128 4426 2485 4482 ordinandas
2507 4428 2798 4483 asecretas
2811 4428 2866 4481 et
2892 4425 3115 4497 reliqua
3134 4422 3352 4485 omnia.
3385 4436 3510 4494 que
3531 4420 3674 4477 ceri-

1613 4549 1856 4608 VARIIE
1897 4552 2312 4611 LECTIONES.

328 4655 355 4691 ο
384 4648 565 4727 ὶκνικᾷ
586 4657 747 4730 conj.
783 4661 874 4729 R.,
904 4657 1070 4727 ἡνίκα
1099 4659 1239 4717 cod.

1312 4785 1515 4843 JOAN.
1554 4787 1695 4845 JAC.
1729 4787 1989 4846 REISKII
2025 4774 2612 4847 COMMENTARIUS.

322 4900 445 4971 (20)
476 4898 767 4987 Puer-itus,
782 4898 1088 4987 peculiaris
1128 4900 1317 4987 aulica
1346 4902 1605 4986 dignitas
1630 4903 1898 4987 _Mystici,
1931 4910 1978 4976 ι)
2011 4906 2277 4987 ῐέειωοορ.
2310 4905 2501 4987 Jurid.
2532 4907 2624 4987 _7_7.
2658 4923 2699 4978 ι,
2749 4906 2809 4962 L.
2844 4905 3012 4978 VII.)‘
3053 4905 3220 4963 Conf.
3259 4904 3343 4961 Du
3384 4904 3577 4978 Gange
3606 4920 3659 4961 ν.

257 4988 330 5047 an
363 4971 691 5047 appellatus
720 4970 871 5047 sic__a
898 4972 1071 5047 vulgo
1108 4977 1167 5030 et
1196 4970 1519 5047 historiéis,
1543 4975 1656 5047 qui,
1675 4970 1901 5032 amicus

256 5042 629 5115 imperatoris
665 5042 1028 5115 familiarior“
1055 5047 1229 5113 esset,
1265 5042 1906 5104 interioris'admissio-

258 5114 372 5191 nis,
402 5130 522 5191 non
555 5115 717 5191 novi._
739 5114 895 5191 satis
914 5116 1247 5191 frequenter
1275 5125 1635 5174 memoratur
1663 5118 1909 5191 Sortpto«

257 5187 420 5243 ribus
484 5185 840 5259 Byzantinis.
907 5185 1075 5258 Apud
1142 5188 1390 5246 Leonem
1448 5192 1773 5246 Grammat.

254 5259 380 5333 i80,
430 5258 673 5333 retinuit
718 5259 897 5333 ‘Goar.
960 5275 1154 5316 vocem
1198 5259 1457 5333 Graecam
1530 5260 1788 5333 Mysticus
1844 5258 1905 5317 in

254 5330 500 5404 Latinis,
541 5330 631 5404 _ad
702 5330 1026 5386 Cedrenum
1084 5347 1217 5386 vero
1280 5348 1332 5394 ο.
1399 5332 1527 5399 599,
1581 5330 1909 5404 adscripsit

252 5401 313 5456 in
366 5399 652 5467 margine,
700 5405 1011 5457 senatorem
1059 5405 1366 5458 secretioris
1424 5404 1691 5460 consilii:
1754 5399 1903 5461 esse.

253 5472 419 5549 post.
472 5472 712 5549 _$cript.
790 5478 923 5541 post
980 5473 1317 5549 Tbeopban.
1396 5490 1453 5546 p.
1529 5476 1656 5549 224,
1726 5482 1783 5549 et
1845 5494 1902 5549 p.

251 5544 381 5617 25!,
430 5543 529 5598 ubi
572 5543 946 5617 ﬂammatur
999 5543 1212 5617 aliquis
1267 5544 1297 5599 6
1358 5543 1758 5617 μυστικὸςκαὶ
1807 5543 1907 5602 πα-

255 5611 690 5691 ραὸυναστεύων.
755 5616 1000 5691 Ibidem
1056 5611 1114 5687 p:
1165 5617 1293 5685 276,
1333 5611 1647 5691 _occurrit4
1688 5618 1904 5691 aliquis

258 5684 656 5761 μυστικὸςΑκαὶ
722 5684 1203 5761 καθηγητὴςίτῶν
1238 5684 1578 5761 ,φιλοσόσων
1630 5689 1649 5709 ’³
1701 5684 1903 5761 (Joan-

254 5757 362 5816 nes
394 5757 668 5816 Nicolaus
698 5757 1045 5830 cognomine
1075 5757 1355 5835 Mystic'us
1398 5761 1654 5820 occurrit
1683 5757 1738 5819 in
1770 5765 1897 5822 cod.

2021 4977 2301 5038 Μυστικὸς
2332 4982 2390 5033 et
2422 4978 2649 5035 Μετίου.

2089 5049 2201 5116 (21)
2220 5049 2299 5105 De
2312 5049 2421 5105 hac
2442 5049 2686 5106 selemni
2710 5048 2970 5106 oratione
2986 5048 3038 5104 ν.
3056 5048 3560 5121 dictasuperiusp.
3574 5048 3667 5106 91.

2088 5120 2203 5203 (22)
2235 5121 2487 5186 Quinam
2521 5121 2579 5177 hi
2602 5123 2744 5188 sint,
2777 5138 2890 5203 non
2925 5120 3418 5203 expu_to.nI).ebent
3445 5120 3519 5203 de
3538 5137 3673 5203 pro-

1848 5209 1905 5264 p.
2017 5191 2300 5264 tectorum
2330 5208 2543 5264 genere
2573 5210 2726 5261 esse,
2759 5194 2879 5250 sive
2928 5191 3200 5250 scholarii
3225 5192 3352 5262 jam
3374 5192 3513 5259 sint,
3545 5191 3670 5251 sive

2016 5263 2285 5336 Barangi,
2320 5263 2438 5320 sive
2464 5266 2537 5337 de
2566 5265 2678 5321 alio
2710 5280 3063 5337 quocunque
3092 5278 3323 5336 genere,
3365 5280 3514 5335 quos
3553 5266 3667 5320 im-

2017 5340 2249 5417 perator
2278 5336 2521 5417 elegerit
2549 5337 2661 5394 sibi
2719 5336 3306 5417 perpetuoscornites
3331 5338 3663 5417 semiferos,

2014 5404 2112 5475 qui
2147 5409 2299 5490 circa
2321 5404 2542 5490 salsi-nt,
2569 5404 2943 5490 quocumque
2962 5412 3077 5464 eat.
3100 5407 3255 5490 _Hinc
3286 5404 3658 5490 1661;111:3366;

2014 5494 2132 5538 σιος
2176 5483 2267 5534 est
2313 5477 2519 5534 militia
2566 5477 2763 5546 chara,
2805 5477 3025 5536 delecta
3061 5483 3120 5534 et
3165 5478 3394 5546 dilecta,
3441 5477 3651 5533 militia

2011 5553 2112 5623 τῆς
2145 5547 2480 5623 περιουσίας,
2515 5552 2730 5623 peculii
2776 5566 2879 5606 seu
2902 5551 3238 5623 ipeculiaris
3261 5567 3291 5623 ;_
3308 5550 3424 5623 vid.
3456 5550 3644 5604 Theo-

2058 5621 2281 5692 han.g'p.
2315 5621 2440 5687 305,
2474 5622 2588 5692 _ubi_
2630 5622 2711 5692 ait
2773 5621 3653 5692 dngustinianoARhinotmelo:

2034 5689 2365 5766 Εστράτευσε
2404 5689 2664 5766 χιλιάδας
2697 5689 2745 5747 λ’
2783 5690 2881 5766 καὶ
2920 5690 3152 5753 ὁπλίσας
3199 5689 3394 5752 αὐτοὺς
3442 5689 3653 5745 επωνό-

2015 5761 2182 5838 μασεν
2216 5761 2578 5830 αὐτοὺςλαὸν
2606 5762 2939 5842 περιούσιον.
