4052 6390
289 394 447 458 1015

1301 387 1834 450 CONSTAN'I‘INI
1882 384 2581 446 PORPHYROGENITI

3539 383 3697 446 1016

288 527 542 585 moniale
572 525 869 596 importat.
912 525 1062 580 Sunt
1092 527 1290 580 autem
1320 539 1389 578 ea
1435 523 1577 576 hinc.
1599 521 1931 591 Explicatur

2044 513 2346 588 δεσπότας),
2405 513 2680 590 ἐξέρχεται
2735 515 2763 569 6
2819 516 3180 590 πραιπόσιτος
3243 515 3380 589 μετὰ
3441 514 3533 570 καὶ
3597 520 3700 571 τοῦ

288 634 392 690 per
421 617 640 689 gradus
672 630 1006 686 magnaura:
1038 631 1071 668 a
1093 629 1328 668 summo
1358 611 1540 684 gradu
1565 611 1634 665 ad
1660 609 1932 665 infimum

289 721 478 776 usque
508 703 856 775 epeuchium
880 717 976 757 seu
994 707 1180 772 tapes,
1203 717 1382 771 super
1411 715 1521 770 quo
1535 698 1753 754 domini
1770 713 1932 768 pero-

289 800 482 851 rantes
513 797 692 848 stant.
725 792 873 846 Hinc
904 797 1101 845 autem
1135 794 1192 845 et
1221 789 1402 854 illinc,
1436 806 1467 843 a
1497 788 1698 844 dextra
1729 802 1934 857 nempe

289 887 347 940 et
367 900 402 938 a
424 881 688 950 sinistra,
705 888 858 937 stant
879 880 936 934 in
954 881 1160 935 seriem
1193 877 1456 933 collocati
1482 895 1516 932 a
1547 877 1734 949 primo
1754 876 1934 946 gradu

291 973 367 1029 ad
397 971 670 1028 inﬁmum
721 985 904 1041 usque
951 973 1219 1024 asecrette
1251 971 1308 1023 et
1348 966 1579 1033 notarii,
1624 966 1794 1021 verba
1830 965 1934 1021 do-

295 1061 442 1118 mini
473 1060 787 1132 excepturi.
813 1061 875 1114 ln
905 1058 1092 1130 primo
1119 1062 1310 1113 autem
1345 1057 1528 1128 gradu
1563 1057 1635 1110 ad
1667 1056 1933 1110 dextram

290 1151 632 1210 orientalem
663 1155 881 1223 partem
912 1149 1371 1221 stantlogotheta
1401 1151 1458 1204 et
1494 1145 1935 1218 protoasecretis

290 1245 348 1298 et
374 1239 828 1312 protonotarius.
853 1241 1080 1295 Interea
1101 1239 1240 1294 dum
1263 1235 1485 1293 domini
1511 1235 1595 1292 sic
1629 1235 1690 1290 in
1722 1249 1934 1306 magno

286 1329 542 1386 triclinio
555 1345 875 1402 magnauraa
897 1329 1532 1398 sedent,exspectantes
1543 1329 1935 1397 opportunum

286 1418 611 1491 prodeundi
649 1422 901 1489 tempus,
937 1421 1128 1473 astant
1177 1416 1326 1487 ipsis
1358 1412 1700 1470 cubicularii
1731 1427 1936 1468 omnes

285 1512 342 1564 et
373 1506 702 1579 maglabitze
733 1513 788 1561 et
822 1505 1058 1561 hetaeria
1085 1510 1143 1560 et
1171 1503 1696 1576 chrysotriclinitae.
1728 1501 1930 1556 Omni~

287 1594 401 1650 bus
431 1599 623 1651 autem
655 1595 1034 1666 comparatis,
1066 1594 1242 1648 intrat
1273 1594 1617 1665 praepositus
1648 1597 1704 1646 et
1735 1590 1938 1647 adorat

289 1685 596 1740 dominum
628 1688 786 1739 certo
828 1684 1083 1756 quodam
1116 1688 1285 1754 gestu
1325 1688 1501 1754 caput
1531 1682 1819 1736 inclinans
1848 1696 1935 1735 sa-

288 1789 543 1847 gumque
589 1790 765 1828 suum
830 1772 1100 1828 manibus
1146 1771 1415 1827 nonnihil
1473 1770 1759 1826 attollens.
1810 1770 1934 1834 Quo

2041 613 2143 675 τῆς
2174 604 2548 668 καταστάσεως
2605 605 2743 680 πρὸς
2789 605 2852 660 τὸ
2899 605 3206 680 εὐτρεπίσαι
3261 605 3390 668 τοὺς
3448 625 3506 660 τε
3561 605 3700 675 ἀση-

2041 699 2245 770 κρήτας
2290 697 2398 767 (23)
2445 694 2533 749 καὶ
2585 695 2780 764 πάντα,
2837 694 2937 749 ὅσα
2978 697 3013 764 ἡ
3068 696 3323 765 συνήθεια
3375 691 3514 770 ἔχει.
3548 695 3701 750 Ἀνω

2041 785 2144 861 γὰρ
2191 789 2302 838 τῶν
2353 781 2673 860 γραδηλίων
2735 785 2902 860 μέχρι
2956 788 3054 840 τοῦ
3121 781 3437 840 τελευταίου
3485 785 3698 840 τίθεται

2042 872 2320 948 έπεύχιον,
2379 872 2431 927 έν
2482 874 2528 944 ᾧ
2571 870 2814 928 ’ίστανται
2858 874 2910 927 οἱ
2959 870 3235 929 δεσπόται·
3294 870 3436 929 ἔνθεν
3496 871 3553 928 δὲ
3600 873 3702 928 κά-

2040 968 2206 1032 κεῖσε,
2237 963 2408 1038 ἦγουν
2455 959 2599 1033 δεξιὰ
2629 961 2718 1018 καὶ
2768 963 3044 1038 ἀριστερὰ,
3073 960 3242 1038 ἤγουν
3275 961 3382 1018 ἀπὸ
3410 966 3508 1018 τοῦ
3536 962 3700 1035 πρώ-

2041 1076 2138 1110 του
2188 1052 2494 1130 γραδηλίου
2549 1055 2716 1129 μέχρι
2761 1058 2860 1110 τοῦ
2902 1051 3243 1121 τελευταίου,
3289 1055 3537 1109 ἳστανται
3573 1057 3702 1109 στῖ-

2043 1142 2216 1219 χηδὸν
2247 1143 2299 1198 ο¹ί
2334 1164 2394 1198 τε
2441 1144 2742 1218 ἀσηκρῆται
2792 1144 2883 1198 καὶ
2923 1143 3161 1217 νοτάριοι
3210 1141 3510 1216 μέλλοντες
3542 1141 3708 1198 έκλα-

2041 1229 2228 1298 ϐέσθαι
2275 1235 2341 1288 τὰ
2391 1234 2492 1288 ὑπὸ
2541 1236 2636 1288 τοῦ
2689 1230 2958 1307 βασιλέως
3015 1230 3506 1309 δημηγορούμενα.
3551 1232 3701 1288 Ἀνω

2042 1321 2100 1378 δὲ
2149 1324 2224 1386 είς
2272 1325 2334 1378 τὸ
2382 1328 2600 1396 πρῶτον
2655 1319 2961 1400 γραδήλιον
3012 1319 3064 1376 ἐν
3113 1326 3192 1393 τῷ
3239 1321 3377 1396 πρὸς
3434 1321 3704 1384 ἀνατολὰς

2043 1411 2201 1484 δεξιῷ
2259 1413 2409 1486 μέρει
2459 1410 2704 1468 ⁴ίστανται
2772 1413 2801 1466 6
2862 1431 2919 1466 τε
2979 1409 3279 1486 λογοθέτης
3333 1410 3425 1466 καὶ
3481 1415 3708 1486 πρῶτος

2041 1502 2359 1576 ἀσηκρήτης
2417 1502 2508 1555 καὶ
2559 1503 2588 1555 6
2641 1500 3104 1576 πρωτονοτάριος.
3168 1499 3383 1570 Ἰστέον,
3435 1495 3542 1572 ὅτι,
3594 1505 3711 1557 τῶν

2043 1589 2318 1647 δεσποτῶν
2365 1589 2766 1664 καθεζομένων,
2815 1589 3171 1658 παρίστανται
3217 1588 3271 1644 ο⁹ί
3313 1610 3372 1644 τε
3415 1594 3514 1645 τοῦ
3571 1610 3708 1646 κου-

2044 1677 2338 1736 ϐουκλείου
2367 1677 2562 1742 πάντες
2594 1681 2684 1734 καὶ
2735 1681 2787 1734 οἱ
2833 1684 2935 1734 τοῦ
2969 1675 3271 1754 μαγλεϐίου
3297 1678 3388 1734 καὶ
3417 1685 3518 1748 τῆς
3549 1679 3704 1736 ἑται-

2044 1770 2187 1844 ρείας
2237 1771 2350 1844 ἅμα
2394 1771 2484 1824 καὶ
2533 1774 2640 1823 τῶν
2691 1767 3233 1843 χρυσοτρικλινιτῶν.
3273 1769 3406 1825 ’Ότε
3434 1765 3493 1823 δὲ
3520 1769 3703 1825 πάντα

287 1863 422 1918 dato
453 1862 643 1934 signo,
669 1861 935 1933 protinus
958 1861 1220 1933 exsurgit
1250 1861 1524 1916 dominus
1543 1874 1931 1932 egressusque

2041 1859 2227 1923 καλῶς
2275 1859 2716 1933 εὐτρεπισθῶσιν,
2767 1857 3070 1932 εἰσέρχεται
3109 1858 3137 1911 6
3175 1857 3563 1932 πραιπόσιτος,
3605 1858 3703 1913 καὶ

288 1960 450 2007 extra
479 1950 768 2007 cancellos
801 1954 917 2006 stat
965 1950 1024 2006 in
1060 1967 1294 2006 summo
1324 1951 1505 2022 gradu
1538 1964 1715 2021 super
1743 1949 1931 2004 orario

2043 1953 2354 2024 προσκυνεῖ,
2404 1944 2830 2026 σχηματοειδῶς
2878 1967 2996 2008 πως
3041 1948 3141 2016 τήν
3187 1945 3431 2022 κεφαλὴν
3466 1945 3706 2002 ὑποκλί-

291 2039 372 2096 ibi
402 2056 652 2110 expanso
679 2059 693 2109 ;
726 2041 1110 2111 protinusque
1132 2041 1199 2094 ad
1229 2044 1438 2094 nutum
1469 2038 1764 2111 prepositi
1793 2036 1936 2092 dicit

290 2129 479 2185 omnis
509 2129 761 2200 populus
793 2128 1238 2200 polycbronium
1274 2143 1373 2183 seu
1410 2131 1607 2183 votum
1643 2125 1934 2181 diuturna

288 2224 344 2273 et
369 2232 657 2288 prosperae
686 2218 836 2271 vitae.
870 2216 1118 2271 Reddito
1145 2215 1398 2284 silentio,
1429 2214 1634 2286 incipit
1663 2215 1935 2270 dominus

287 2320 576 2376 perorare.
611 2306 735 2369 Quo
765 2304 849 2358 sic
871 2306 939 2359 ad
958 2303 1191 2359 teleiam
1223 2319 1328 2358 seu
1352 2304 1788 2374 perfectionem,
1820 2303 1931 2372 vel,

287 2393 442 2464 quod
479 2392 630 2448 idem
665 2397 773 2461 est,
806 2394 876 2447 ad
909 2393 1092 2448 stasin
1135 2409 1235 2448 seu
1270 2409 1537 2463 pausam,
1579 2391 1770 2447 delato
1801 2392 1934 2464 [hoc

286 2492 373 2538 est
405 2499 674 2539 sermone
722 2483 910 2556 ﬁnito]
960 2487 1110 2540 tacet
1172 2483 1298 2555 ipse
1347 2483 1622 2554 quidem;
1683 2483 1932 2554 populus

284 2578 481 2627 autem
516 2572 809 2644 praepositi
841 2577 984 2627 nutu
1038 2572 1293 2627 monitus
1321 2574 1519 2627 recitat
1548 2571 1930 2641 canticulum,

283 2678 398 2733 quo
449 2661 681 2732 longam
725 2663 833 2732 ipsi
882 2662 1056 2717 vitam
1099 2666 1156 2717 et
1202 2661 1337 2716 felix
1386 2662 1698 2732 imperium
1751 2678 1784 2716 a
1815 2660 1931 2716 Deo

283 2756 574 2822 precatur.
609 2751 687 2806 Eo
719 2751 905 2818 ﬁnito,
940 2752 1132 2823 signat
1173 2753 1488 2823 imperator
1518 2751 1795 2823 populum
1821 2756 1928 2822 ter,

281 2844 338 2895 et
397 2841 652 2908 primum
702 2839 938 2911 quidem
993 2856 1190 2895 coram
1241 2857 1301 2895 se
1345 2840 1404 2894 in
1447 2839 1635 2895 medio
1686 2844 1930 2907 stantes,

281 2928 555 3001 deinceps
588 2929 659 2984 ad
687 2931 971 2996 dextram,
1007 2933 1062 2985 et
1094 2929 1332 2984 tandem
1377 2931 1445 2984 ad
1478 2929 1797 2985 sinistram.
1831 2928 1931 2984 His

288 3019 558 3086 peractis.
617 3022 986 3074 revertuntur
1028 3019 1251 3074 domini
1297 3019 1367 3073 ad
1413 3018 1672 3086 easdem,
1714 3019 1930 3089 quibus

287 3111 459 3162 antea
502 3107 794 3176 sederant,
837 3107 1010 3164 sellas
1043 3123 1270 3176 aureas,
1325 3107 1524 3178 ibique
1552 3107 1845 3174 resident,-
1877 3111 1934 3162 et

289 3195 488 3251 statim
519 3195 810 3267 incipiunt
849 3195 1056 3252 milites
1101 3196 1170 3251 ad
1205 3195 1525 3251 arithmum
1577 3195 1933 3266 pertinentes

287 3284 814 3343 consuetaslaudes
834 3285 1043 3340 dicere.
1061 3285 1299 3340 Interim
1325 3284 1627 3356 digressus
1649 3284 1722 3340 ab
1746 3285 1930 3356 impe-

284 3379 474 3430 ratore
498 3374 844 3446 praepositus
867 3373 1094 3445 reliqua
1116 3372 1342 3429 ordinat
1370 3372 1656 3428 discessui
1677 3389 1936 3429 necessa-

281 3462 368 3517 ria
399 3470 454 3516 et
485 3477 741 3530 congrua
767 3479 779 3530 ;
816 3461 1077 3532 magistri
1109 3477 1316 3533 nempe
1341 3469 1397 3518 et
1426 3462 1651 3534 patricii
1683 3467 1741 3518 et
1765 3479 1936 3518 sena-

279 3553 438 3606 tores
490 3550 747 3605 seriatim
791 3551 1122 3606 consistunt
1161 3553 1220 3606 in
1263 3551 1487 3607 laterali
1535 3551 1753 3623 porticu
1787 3553 1932 3607 sini-

281 3647 412 3694 strae
465 3638 847 3696 occidentalis
902 3639 1106 3711 plagae,
1181 3641 1548 3698 dominorum
1617 3643 1931 3698 adventum

279 3732 702 3800 exspectantes.
737 3729 891 3785 810
923 3730 1206 3787 Omnibus
1237 3731 1384 3787 bene
1410 3732 1712 3798 ordinatis,
1737 3732 1930 3804 ingre-

280 3817 664 3874 diturrursus
685 3820 1056 3891 praepositus,
1081 3821 1399 3894 adoratque
1429 3821 1702 3878 dominos
1733 3821 1927 3891 modo,

282 3920 399 3975 quo
448 3904 623 3976 paulo
674 3911 808 3962 ante
856 3907 1133 3972 diximus,
1192 3907 1482 3980 simulque
1521 3909 1599 3964 sic
1653 3911 1931 3966 admonet

280 3992 478 4060 tacite,
511 3999 714 4064 parata
725 3997 850 4065 jam
875 3997 1074 4051 omnia
1103 4012 1253 4053 esse.
1285 3997 1543 4069 Surgunt
1573 4013 1709 4070 ergo
1741 3998 1926 4054 domi-

284 4081 345 4136 ni
379 4082 658 4151 protinus,
679 4091 732 4138 et
757 4091 1064 4141 transeunt
1096 4102 1194 4156 per
1215 4086 1518 4142 sinistram
1552 4085 1782 4158 plagam
1805 4104 1930 4158 gra-

281 4171 461 4226 dUUm
513 4172 846 4245 dictamque
899 4191 1000 4245 per
1042 4175 1348 4245 porticum,
1401 4192 1515 4248 qua
1561 4176 1823 4247 magistri
1871 4181 1929 4231 et

279 4261 507 4331 patricii
541 4262 880 4334 ordinisque
901 4264 1176 4319 senatorii
1207 4264 1310 4320 viri
1344 4268 1535 4331 stant;
1567 4273 1619 4319 et
1642 4267 1724 4320 sic
1754 4281 1925 4336 porro

279 4365 381 4422 per
401 4357 650 4423 portam,
676 4369 803 4423 qua
827 4353 897 4408 ad
926 4353 1246 4408 triclinium
1280 4355 1710 4410 canditatorum
1743 4353 1925 4425 ducit,

275 4439 494 4509 egressi
546 4446 794 4512 pergunt
849 4441 1011 4508 illuc,
1043 4450 1096 4498 et
1145 4441 1308 4499 illinc
1365 4444 1776 4499 continuantes
1827 4460 1926 4515 per

277 4529 570 4598 excubita,
605 4546 706 4600 per
751 4530 1002 4599 scholas,
1039 4547 1144 4602 per
1167 4533 1405 4601 chytum
1451 4531 1702 4604 chalces,
1749 4533 1922 4589 deve-

2042 2061 2150 2094 νων
2216 2039 2307 2093 καὶ
2363 2043 2483 2100 ταῖς
2541 2037 2700 2112 χερσὶ
2753 2034 2988 2112 μετρίως
3045 2035 3319 2114 κουφίζων
3375 2038 3438 2091 τὸ
3509 2037 3710 2093 ἑαυτοῦ

2046 2127 2254 2202 σαγίον,
2286 2127 2376 2182 καὶ
2410 2124 2607 2190 εὒθέως
2654 2125 2961 2180 ἀνίστανται
3011 2125 3063 2180 οἱ
3113 2120 3393 2191 δεσπόται,
3421 2125 3513 2180 καὶ
3544 2125 3703 2202 έξερ-

2045 2218 2276 2292 χόμενοι
2334 2214 2434 2286 ἔξω
2491 2219 2588 2270 τοῦ
2657 2212 2965 2291 καγκέλλου
3035 2213 3280 2269 ἳστανται
3338 2212 3451 2269 ἄνω
3509 2215 3586 2278 είς
3641 2217 3707 2272 τὸ

2043 2310 2260 2380 πρῶτον
2316 2302 2639 2378 γραδήλιον,
2689 2304 2739 2358 έν
2782 2305 2828 2376 ᾦ
2865 2304 2956 2358 καὶ
3002 2302 3064 2358 τὸ
3113 2301 3367 2378 ἑπεύχιον
3416 2303 3707 2379 ἥπλωται,

2043 2396 2133 2450 καὶ
2195 2394 2391 2458 εὐθέως
2464 2391 2553 2448 διὰ
2617 2393 2888 2466 νεύματος
2957 2397 3056 2448 τοῦ
3129 2394 3494 2467 πραιποσίτου
3555 2391 3704 2470 λέγει

2046 2484 2183 2544 ἅπας
2242 2483 2270 2536 6
2330 2481 2464 2545 λαὸς
2519 2480 2915 2556 πολυχρόνιον.
2986 2481 3084 2536 Καὶ
3155 2481 3290 2554 μετᾶ
3346 2481 3408 2537 τὸ
3473 2489 3698 2557 σιγῆσαι

2044 2573 2245 2634 πάντας
2275 2571 2503 2646 ἄρχεται
2553 2569 2888 2645 δημηγορεῖν
2937 2571 2965 2625 6
3019 2568 3302 2645 βασιλεύς.
3360 2571 3570 2638 ’1στέον,
3601 2568 3689 2625 ὅτι

2043 2667 2145 2718 τοῦ
2206 2660 2474 2737 βασιλέως
2542 2658 3024 2736 δημηγοροῦντος,
3084 2660 3220 2715 κατᾶ
3276 2660 3502 2728 τελείαν,
3560 2657 3689 2729 ἤτοι

2043 2752 2252 2820 στάσιν,
2284 2758 2384 2820 τῆς
2432 2748 2601 2820 αὑτῆς
2651 2747 2997 2825 δημηγορίας
3045 2753 3172 2826 σιγᾷ
3219 2750 3315 2823 μὶν
3357 2749 3386 2804 6
3421 2747 3700 2824 βασιλεὺς,

2045 2843 2072 2897 ὁ
2106 2839 2162 2896 δὲ
2194 2840 2326 2903 λαὸς
2359 2838 2447 2895 διὰ
2477 2842 2740 2914 νεύματος
2772 2844 2868 2894 τοῦ
2897 2841 3265 2916 πραιποσίτου
3308 2838 3479 2913 λέγει·
3525 2863 3554 2891 (ι
3593 2843 3704 2894 Πο-

2047 2932 2343 3006 λυχρόνιον
2372 2933 2591 3001 ποιήσει
2616 2933 2725 3004 (24)
2747 2929 2775 2984 6
2799 2931 2928 2992 Θεὸς
2958 2931 3057 2998 τὴν
3094 2927 3374 3004 βασιλείαν
3407 2929 3564 3002 ὑμῶν
3582 2929 3647 2984 ίθ.
3676 2952 3705 2981 ››

2048 3021 2146 3076 Καὶ
2182 3019 2318 3094 μετᾶ
2345 3019 2406 3074 τό
2454 3017 2750 3093 πληρῶσαι
2797 3018 2889 3073 τὸν
2945 3016 3076 3073 λαὸν
3124 3017 3552 3093 κατασφραγίζει
3584 3016 3707 3092 τρί-

2046 3131 2141 3164 τον
2171 3110 2199 3163 ὁ
2236 3107 2511 3185 βασιλεὺς,
2569 3108 2754 3180 μέσον,
2801 3104 2945 3180 δεξιά
2991 3105 3080 3162 καὶ
3148 3106 3422 3182 ἀριστερά.
3472 3107 3569 3163 Καὶ
3601 3107 3709 3171 εἶθ’

2049 3198 2220 3261 οὕτως
2269 3198 2696 3273 ὑποστρέψαντες
2738 3197 2790 3252 οἱ
2836 3195 3088 3252 δεσπόται
3137 3195 3449 3266 καθέζονται
3493 3194 3547 3251 ἐν
3585 3202 3711 3258 τοῖς

2046 3293 2277 3365 χρυσοῖς
2329 3286 2536 3343 τούτων
2604 3285 2866 3357 σελλίοις,
2926 3285 3064 3342 ὅπου
3129 3287 3217 3341 καὶ
3285 3286 3573 3360 πρότερον,
3612 3287 3709 3341 καὶ

2044 3376 2239 3440 εὐθέως
2298 3375 2568 3456 ἄρχονται
2627 3377 2893 3456 εὐφημεῖν
2953 3378 3005 3432 οἱ
3081 3380 3177 3431 τοῦ
3236 3377 3475 3449 ἀριθμοῦ
3529 3375 3598 3432 τὰ
3652 3375 3709 3447 ἐξ

2041 3463 2221 3536 ἔθους,
2280 3467 2370 3521 καὶ
2430 3468 2458 3521 6
2516 3466 2878 3540 πραιπόσιτος
2956 3465 3320 3540 ἐξερχόμενος
3393 3463 3707 3540 εὐτρεπίζει

2040 3557 2215 3610 πάντα
2271 3555 2476 3617 καλῶς·
2539 3555 2590 3609 οἱ
2643 3555 2749 3628 γὰρ
2802 3555 3092 3628 μάγιστροι
3151 3553 3242 3608 καὶ
3296 3552 3576 3625 πατρίκιοι
3608 3554 3705 3609 καὶ

2041 3643 2396 3720 συγκλητικοὶ
2443 3644 2690 3698 ἳστανται
2751 3640 2841 3697 διὰ
2894 3647 2991 3698 τοῦ
3048 3641 3290 3717 πλαγίου
3320 3638 3565 3715 ἐμϐόλου
3596 3648 3699 3698 τοῦ

2039 3735 2173 3808 πρὸς
2217 3731 2369 3788 δύσιν
2429 3734 2716 3807 ἀριστεροῦ
2778 3731 2999 3808 μέρους,
3059 3730 3418 3812 ἐκδεχόμενοι
3445 3734 3545 3802 τήν
3582 3737 3696 3787 τῶν

2039 3821 2314 3878 δεσποτῶν
2377 3819 2572 3900 ἄφιξιν.
2635 3820 2730 3876 Καὶ
2789 3821 2880 3876 ὅτε
2945 3820 3117 3877 πάντα
3188 3818 3374 3882 καλῶς
3438 3819 3697 3894 εὐτρεπι-

2037 3913 2258 3981 σθῶσιν,
2309 3911 2614 3985 εἰσέρχεται
2665 3911 2692 3964 6
2742 3911 3125 3984 πραιπόσιτος,
3177 3910 3267 3964 καὶ
3316 3910 3704 3981 προσκυνήσας

2036 4005 2115 4072 τῷ
2162 3999 2546 4074 προειρημένῳ
2596 4000 2868 4073 σχήματι,
2923 3998 3125 4062 εὐθέως
3180 3997 3492 4053 ἀνίστανται
3522 3999 3574 4053 οἱ
3607 3995 3700 4052 δε-

2037 4090 2254 4157 σπόται,
2318 4087 2410 4142 καὶ
2467 4085 2776 4163 διέρχονται
2825 4085 2914 4142 διὰ
2968 4091 3066 4142 τοῦ
3136 4087 3422 4162 ἀριστεροῦ
3491 4085 3695 4164 μέρους

2033 4183 2144 4233 τῶν
2170 4176 2488 4253 γραδηλίων
2529 4179 2618 4232 καὶ
2667 4180 2764 4232 τοῦ
2813 4172 3080 4250 ἐμϐόλου,
3113 4175 3165 4232 έν
3198 4177 3244 4250 ᾧ
3268 4175 3517 4233 ’ίστανται
3548 4174 3602 4232 ο’ί
3635 4197 3700 4232 τε

2039 4267 2323 4344 μᾶγιστροι
2363 4267 2454 4322 καὶ
2503 4268 2784 4341 πατρίκιοι
2831 4266 2920 4320 καὶ
2969 4266 3348 4340 συγκλητικοὶ,
3407 4266 3497 4322 καὶ
3547 4266 3696 4342 ἐξέρ-

2035 4377 2224 4432 χονται
2257 4355 2347 4411 διὰ
2373 4359 2474 4426 τῆς
2516 4355 2808 4431 ἐξαγούσης
2860 4355 3037 4425 πύλης
3067 4357 3111 4395 ³⁸
3162 4355 3240 4417 είς
3277 4356 3369 4410 τὸν
3412 4354 3696 4429 τρίκλινον

2034 4451 2141 4501 τῶν
2171 4443 2528 4517 κανδιδάτων,
2577 4445 2667 4500 καὶ
2716 4442 2822 4500 ἀπὸ
2871 4452 2981 4501 τῶν
3031 4443 3202 4500 ἐκεῖσε
3251 4441 3561 4520 διέρχονται
3603 4441 3702 4501 διά

2035 4557 2093 4591 τε
2123 4540 2230 4590 τῶν
2265 4529 2589 4605 έξκουόίτων
2646 4535 2735 4588 καὶ
2792 4539 2901 4588 τῶν
2963 4531 3185 4608 σχολῶν
3242 4534 3333 4588 καὶ
3389 4538 3488 4590 τοῦ
3519 4538 3697 4608 χυτοῦ

279 4619 453 4674 niunt
481 4619 553 4675 ad
581 4625 852 4676 sanctum
869 4628 1108 4692 puteum
1133 4621 1257 4693 {seu
1283 4621 1536 4694 phialam
1568 4623 1628 4678 S.
1651 4623 1922 4693 Saphim].

2041 4632 2133 4695 τῆς
2182 4623 2421 4699 χαλκῆς,
2470 4623 2559 4678 καὶ
2608 4623 2942 4699 ἀπέρχονται
2988 4625 3154 4698 μέχρι
3201 4627 3298 4678 τοῦ
3338 4623 3492 4698 ἁγίου
3523 4623 3697 4702 φρέα-

280 4707 364 4762 Ibi
392 4709 717 4765 accendunt
747 4726 968 4778 cereos,
1007 4714 1065 4765 et
1109 4715 1483 4766 venerantur.
1511 4716 1778 4766 sanctum
1812 4728 1923 4784 pu-

277 4801 460 4870 teum,
495 4815 827 4872 magnaque
859 4801 917 4856 in
968 4806 1148 4872 porta,
1183 4817 1304 4873 quae
1337 4800 1501 4858 illinc
1532 4804 1589 4859 in
1623 4802 1924 4860 ecclesiam

280 4886 458 4957 ducit,
491 4890 743 4946 occurrit
791 4890 899 4962 ipsi
934 4891 1261 4962 patriarcha
1309 4891 1391 4946 ibi
1429 4891 1564 4963 loci,
1598 4893 1692 4949 ubi
1721 4898 1928 4949 sancta

283 4988 423 5032 crux
484 4979 789 5036 adoratum
839 4981 1170 5053 exponitur.
1231 4981 1462 5038 Domini
1532 4983 1924 5054 patriarcham

2035 4737 2150 4778 τος.
2211 4714 2434 4769 Κάκεῖσε
2489 4714 2752 4777 ’ἁπτοντες
2805 4711 3013 4787 κηροὺς
3059 4711 3147 4767 καὶ
3206 4713 3573 4785 ἀσπαζόμενοι
3626 4713 3692 4768 τὸ

2037 4805 2186 4878 ἅγιον
2236 4803 2427 4880 φρέαρ,
2481 4803 2684 4873 ὑπαντᾷ
2727 4800 2955 4865 τούτους
2999 4802 3028 4856 6
3077 4801 3426 4877 πατριάρχης
3477 4801 3555 4864 εἰς
3591 4802 3696 4871 τὴν

2035 4891 2219 4962 πύλην
2271 4893 2371 4961 τήν
2414 4889 2657 4968 μεγάλην
2711 4893 2812 4961 τήν
2875 4891 3190 4967 εἰσάγουσαν
3247 4891 3352 4946 ἀπὸ
3399 4895 3497 4946 τοῦ
3529 4889 3691 4965 ἁγίου

2036 4983 2285 5061 φρέατος,
2336 4979 2390 5034 έν
2438 4981 2484 5053 ᾦ
2526 4977 2681 5054 τόπῳ
2739 4980 2816 5043 εἷς
2867 4981 3231 5057 προσκύνησιν
3277 4981 3483 5037 τίθεται
3539 4981 3568 5035 6
3613 4979 3699 5035 τί·

1627 5117 1870 5175 VARIZE
1907 5116 2321 5176 LECTIONES.

350 5224 396 5265 ιδ
423 5227 645 5296 ποιήσει
678 5259 742 5273 -
774 5230 928 5303 ὑμῶν
958 5248 1076 5290 em.
1106 5238 1199 5302 3.,
1231 5234 1358 5292 cod.
1392 5233 1551 5304 ποιή.
1629 5233 1673 5270 ¹¹
1701 5232 1912 5303 ποίλης
1947 5235 2078 5291 00d-

1306 5353 1510 5412 JOAN.
1549 5353 1695 5412 JAC.
1739 5353 2028 5411 RElSKII.
2073 5352 2673 5411 COMMENTARIUS.

349 5454 467 5532 ('23)
490 5453 592 5532 llli
625 5468 832 5526 nempe
862 5458 1330 5532 tachygrapbicis
1362 5459 1517 5516 notis
1547 5461 1810 5532 excipere
1837 5461 1932 5515 de-

285 5529 504 5603 bebant
551 5541 891 5603 sermonem
942 5529 1016 5584 ab
1044 5529 1408 5603 imperatore
1448 5529 1928 5603 pronuntiatum;

279 5601 396 5656 vid.
431 5597 605 5670 paulo
630 5606 760 5672 post
792 5600 832 5672 Β
860 5601 916 5655 9.

356 5671 646 5745 (24),ϐοι1;
672 5671 837 5745 Δποιτις.
871 5672 1005 5745 Non
1030 5672 1233 5745 dubito
1265 5674 1320 5730 id
1353 5675 1765 5745 compendium
1800 5687 1930 5730 esse

286 5739 550 5805 formula
595 5739 862 5804 usitatts:
913 5739 1282 5820 πολυχρόνιον
1329 5739 1549 5818 ποιήσει
1591 5745 1618 5800 6
1649 5745 1778 5806 Θεὸς
1827 5745 1928 5816 τήν

2047 5457 2327 5535 βασιλείαν
2352 5458 2523 5535 ὁμῷν.
2554 5463 2772 5535 Auctor
2800 5460 3142 5535 apogrephi,
3175 5461 3490 5535 Draudius,
3515 5461 3695 5535 dede-

2041 5531 2131 5589 rat
2177 5531 2416 5605 ποίημα.
2462 5533 2526 5605 In
2578 5533 2801 5605 Latinis
2839 5531 2983 5605 fdedi
3020 5531 3280 5605 aliquid,
3329 5533 3482 5603 quod
3514 5531 3698 5605 έπαμ-

2044 5603 2337 5733 φοτερίζεὲ,
2367 5613 2423 5661 et
2471 5604 2630 5661 illam
2683 5604 2862 5662 simul
2893 5612 3071 5678 atque
3099 5603 3251 5663 hanc
3300 5603 3700 5676 conjecturam

2039 5693 2285 5750 exprimi
2317 5717 2330 5730 .
