4052 6358
275 378 428 438 i017

1156 379 1255 438 DE
1299 378 1759 440 GERIMONIIS
1807 378 2042 439 AULIE
2083 379 2568 441 BYZANTINIE
2609 380 2756 441 LIB.
2802 381 2875 441 ll.

3540 380 3696 441 1018

278 530 410 583 μιος
469 509 720 584 σταυρός.
793 510 890 567 Καὶ
948 507 1015 580 δὴ
1064 514 1161 565 τοῦ
1226 510 1573 585 πατριάρχου
1622 512 1931 583 θυμιῶντος

2064 513 2190 569 ium
2221 513 2293 569 ab
2318 512 2447 585 ipso
2470 530 2539 569 ex
2571 530 2728 571 more
2758 515 3164 581 ineensantur,
3186 513 3387 570 osculo
3418 512 3582 585 pacis
3610 528 3698 568 ve-

276 599 417 654 κατὰ
445 598 538 654 τὸν
595 597 765 654 τύπόν
824 600 953 662 τοὺς
1013 596 1299 667 δεσπότας,
1359 598 1687 668 ἀσπάζονται
1747 599 1931 668 αὐτὸν,

279 688 372 743 καὶ
422 689 523 743 εἷθ’
561 687 735 751 οὕτως
787 687 1129 764 εἰσέρχονται
1180 685 1268 742 διὰ
1321 695 1424 757 τῆς
1464 687 1636 743 ἐκεῖσε
1656 687 1937 766 εἰσφερού-

280 800 383 850 σης
438 779 620 850 πύλης
679 781 818 854 πρὸς
874 780 938 834 τὸ
994 776 1164 849 δεξιὸν
1246 779 1409 853 μέρος
1493 783 1589 834 τοῦ
1660 780 1934 854 βήματος.

279 870 500 927 Ἐκεῖσε
538 870 641 944 γάρ
676 872 727 925 οἱ
755 876 857 939 τῆς
889 866 1208 947 συγκλήτου
1256 869 1450 931 πάντες
1496 868 1742 925 τίστανται
1803 871 1937 944 μετὰ

282 960 373 1013 καὶ
403 963 516 1014 τῶν
578 958 883 1033 βασιλικῶν
909 960 1000 1013 καὶ
1055 962 1152 1014 τοῦ
1199 954 1580 1029 κουϐουλείου,
1621 958 1936 1034 ἐπευχόμε-

281 1068 368 1102 νοι
416 1046 545 1112 τοὺς
592 1045 875 1111 δεσπότας.
910 1048 1009 1102 Καὶ
1056 1047 1165 1102 ἀπὸ
1220 1051 1328 1101 τῶν
1379 1045 1550 1103 ἐκεῖσε
1597 1048 1936 1123 εἰσέρχονται

283 1136 361 1200 είς
389 1138 457 1192 τὰ
493 1137 561 1192 τὰ
618 1139 742 1213 ἅγια
771 1137 951 1212 θύρια.
993 1135 1084 1191 καὶ
1140 1136 1401 1192 ἅπτουσιν
1456 1136 1661 1213 κηροὺς
1710 1139 1845 1193 κατᾶ
1874 1139 1937 1193 τὸ

285 1228 502 1295 εἰωθὸς,
561 1228 651 1283 καὶ
707 1229 776 1283 τὰ
831 1229 955 1299 ἑξῆς
1009 1229 1148 1283 κατᾶ
1176 1228 1267 1283 τὸν
1296 1228 1465 1284 τύπον
1509 1227 1782 1287 τελοῦσιν.
1834 1230 1939 1284 Καὶ

284 1318 385 1373 εἶθ’
416 1318 593 1379 οὕτως
623 1312 1044 1390 παραλαμϐάνει
1085 1316 1192 1372 άπδ
1243 1318 1429 1392 χειρὸς
1466 1322 1563 1373 τοῦ
1606 1318 1940 1393 καστρησίου

287 1407 314 1461 ὁ
374 1406 730 1482 πατριάρχης
785 1406 878 1460 τὸν
951 1406 1239 1479 θυμιατὸν,
1324 1407 1418 1462 καὶ
1498 1404 1785 1461 ἒπιδίδωσι
1861 1410 1942 1479 τῷ

287 1494 526 1571 βασιλεῖ,
556 1494 647 1549 καὶ
678 1500 850 1568 θυμιᾷ
882 1496 915 1549 ἁ
947 1492 1205 1571 βασιλεὺς
1236 1494 1388 1567 πέριξ
1446 1502 1547 1565 τῆς
1597 1496 1757 1570 ἁγίας
1806 1515 1943 1570 τρα-

286 1586 479 1655 πέζης,
519 1583 608 1638 καὶ
639 1584 739 1638 εἶθ’
797 1583 974 1645 οὕτως
1005 1582 1095 1639 διὰ
1123 1588 1222 1639 τοῦ
1267 1581 1443 1654 δεξιοῦ
1478 1586 1677 1659 μέρους
1706 1589 1804 1639 τοῦ
1838 1586 1944 1660 βή-

294 1693 464 1749 ματος
494 1673 601 1728 ἆπὸ
629 1676 737 1727 τῶν
798 1672 970 1728 ἐκεῖσε
1004 1678 1214 1748 μικρῶν
1254 1672 1425 1748 ἁγίων
1468 1675 1648 1747 θυρῶν
1688 1672 1945 1749 ἐξέρχον-

290 1784 384 1819 ται
404 1763 462 1817 οἱ
517 1759 775 1818 δεσπόται
816 1763 929 1835 ἅμα
977 1766 1073 1817 τοῦ
1129 1763 1476 1839 πατριάρχου
1531 1760 1637 1825 ἵως
1664 1768 1771 1817 τῶν
1804 1782 1945 1837 πορ-

293 1855 480 1931 φυρῶν
559 1850 780 1918 κιόνων,

2044 610 2336 658 nerantur.
2365 603 2515 658 Tum
2573 607 2825 675 pergunt
2874 619 2976 674 per
3025 608 3250 674 portam
3307 604 3380 658 ad
3424 604 3693 659 dextram

2043 693 2272 764 plagam
2304 694 2592 762 bematis;
2627 694 2727 748 ubi
2760 693 3038 749 senatorii
3084 708 3288 749 omnes
3342 697 3399 748 et
3448 693 3693 765 palatini

2043 780 2302 836 ministri
2322 786 2381 836 et
2402 781 2741 838 cubicularii
2766 786 2958 837 astant
2979 782 3238 837 dominis
3263 782 3694 840 benedicentes.

2042 869 2111 924 Hi
2144 886 2245 941 per
2275 886 2473 925 sacras
2496 871 2649 926 iores
2670 870 3061 927 cancellorum
3087 870 3340 941 ingressi
3364 872 3697 927 accendunt

2044 973 2262 1027 cereos,
2297 964 2363 1014 ut
2394 976 2521 1016 mos
2569 963 2674 1021 est,
2708 965 2765 1016 et
2804 964 3010 1015 cetera
3038 976 3272 1031 quoque
3303 975 3368 1015 ex
3419 960 3530 1015 ritu
3566 978 3697 1032 per-

2045 1052 2240 1119 agunt.
2275 1049 2534 1104 Tandem
2568 1053 2873 1120 acceptum
2905 1066 2936 1106 e
2966 1065 3142 1105 manu
3176 1049 3498 1104 castrensis
3520 1053 3701 1121 patri-

2045 1137 2222 1193 archa
2244 1137 2612 1194 thuribulum
2637 1138 2817 1195 tradit
2835 1138 3190 1211 imperatori.
3213 1138 3319 1193 Hic
3343 1142 3522 1193 totam
3546 1138 3700 1195 circa

2044 1242 2275 1282 sacram
2301 1242 2561 1285 mensam
2594 1227 2851 1284 incensat
2880 1245 2893 1296 ;
2926 1233 2984 1283 et
3014 1232 3137 1283 tum
3168 1230 3382 1283 exeunt
3412 1226 3632 1283 domini
3665 1244 3700 1283 a

2045 1318 2247 1373 dextra
2278 1317 2527 1375 bematis
2560 1336 2678 1375 una
2708 1335 2841 1374 cum
2892 1319 3225 1391 patriarcha
3266 1333 3372 1391 per
3420 1318 3695 1390 minores,

2048 1423 2177 1479 quas
2207 1407 2286 1463 ibi
2317 1413 2473 1477 sunt,
2500 1424 2690 1464 sacras
2724 1409 2896 1479 fores,
2926 1414 2984 1464 et
3014 1424 3202 1480 usque
3231 1409 3298 1463 ad
3334 1408 3697 1480 porphyreti-

2048 1513 2146 1553 cas
2165 1496 2466 1554 columnas
2490 1498 2807 1569 procedunt
2829 1499 3022 1554 ambo.
3044 1499 3127 1554 Ibi
3153 1502 3347 1553 autem
3371 1497 3703 1554 valedicunt

2048 1593 2103 1642 et
2159 1587 2423 1643 osculum
2465 1587 2623 1659 pacis
2668 1588 3013 1660 impertiunt
3075 1586 3441 1659 patriarchae.
3487 1587 3559 1642 Et
3607 1586 3702 1643 hic

2049 1676 2286 1747 quidem
2319 1675 2471 1731 redit
2505 1678 2563 1731 in
2598 1676 2788 1741 bema,
2816 1676 3192 1744 tritohecten,
3218 1676 3275 1731 id
3308 1680 3397 1731 est
3438 1674 3701 1732 ofﬁcium

2050 1766 2200 1821 inter
2230 1765 2462 1820 tertiam
2512 1770 2567 1820 et
2612 1772 2831 1821 sextam
2876 1766 3076 1822 horam
3126 1766 3700 1839 peragendum,per-

882 1851 973 1905 καί
1044 1850 1215 1906 ἐκεῖσε
1296 1851 1780 1927 ἀποχαιρετίζουσι
1850 1852 1943 1907 τὸν

2064 1860 2331 1923 acturus;
2366 1853 2590 1910 domini
2622 1859 2819 1910 autem
2850 1855 3073 1911 intrant
3112 1856 3171 1910 in
3218 1854 3613 1921 metatorium,
3645 1856 3703 1910 et

294 1939 670 2015 πατριάρχην,
698 1943 891 1995 τοῦτον
931 1940 1321 2013 ἀσπαζόμενοι.
1356 1939 1457 1997 Καὶ
1491 1941 1519 1995 ὁ
1553 1942 1647 2014 μὲν
1679 1941 1950 2015 πατριάρ-

2064 1944 2216 2000 illinc
2248 1949 2379 2015 post
2410 1943 2833 2000 absolutionem
2870 1945 2958 2001 vel
3009 1945 3184 2000 finem
3228 1943 3564 2000 tritohectes
3610 1960 3700 1999 as-

298 2050 410 2110 χης
452 2029 755 2106 εἰσέρχεται
801 2028 879 2092 είς
928 2029 991 2084 τὸ
1032 2031 1189 2104 βῆμα
1235 2027 1530 2085 ἐκτελέσων
1566 2032 1667 2099 τὴν
1709 2031 1949 2105 τριτοέκ-

294 2137 415 2190 την⁶
465 2120 517 2175 o't
558 2116 615 2174 δὶ
662 2116 916 2174 δεσπόται
966 2117 1309 2197 εἰσέρχονται
1359 2117 1411 2173 έν
1455 2123 1536 2191 τῷ
1588 2119 1946 2195 μητατωρίῳ,

296 2208 387 2265 καὶ
446 2209 583 2281 μετὰ
624 2210 725 2279 τήν
793 2215 899 2277 τῆς
934 2206 1252 2282 τριτοέκτης
1309 2207 1575 2264 ἆπόλυσιν
1622 2210 1951 2289 άνέρχονται

301 2301 582 2373 μυστικῶς
614 2295 705 2352 διὰ
732 2301 831 2353 τοῦ
872 2298 1044 2352 έκεῖσε
1097 2302 1196 2353 τοῦ
1252 2299 1663 2373 μητατωρικίου
1711 2298 1951 2373 κοχλιοῦ

300 2389 375 2451 είς
396 2387 467 2443 τὰ
507 2387 923 2462 κατηχούμενα,
956 2386 1046 2441 καὶ
1098 2384 1188 2442 διὰ
1232 2392 1342 2441 τῶν
1408 2384 1737 2443 διαϐατικῶν
1780 2387 1950 2460 εἰσέρ-

300 2498 498 2554 χονται
550 2480 823 2550 μυστικῶς
885 2473 1307 2551 δηριγευόμενοι
1336 2476 1462 2532 ὑπό
1510 2497 1570 2532 τε
1596 2482 1704 2532 τῶν
1750 2477 1957 2552 μαγλα-

300 2564 472 2623 ϐιτῶν
519 2566 612 2622 καὶ
657 2572 757 2635 τῆς
807 2564 1072 2641 ἑταιρείας
1122 2566 1197 2627 εἰς
1249 2566 1312 2620 τὸ
1362 2565 1729 2645 θεοφύλακτον
1775 2566 1955 2622 παλά-

298 2676 440 2715 τιον’
492 2656 548 2712 οῗ
574 2654 634 2711 δὲ
674 2662 774 2724 τῆς
831 2655 1148 2731 συγκλήτου
1187 2654 1381 2717 πάντες
1430 2656 1522 2710 καὶ
1581 2657 1632 2710 οἱ
1687 2660 1786 2711 τοῦ
1824 2678 1956 2711 κου·-

306 2742 601 2801 ὖουκλείου
650 2744 740 2799 καὶ
786 2745 839 2799 οἱ
894 2742 1176 2820 βασιλικοὶ
1225 2742 1498 2816 ἅνθρωποι
1546 2744 1681 2817 μέτὰ
1710 2744 1808 2812 τήν
1854 2751 1955 2813 τῆς

314 2835 622 2909 τριτοέκτης
675 2830 942 2888 ἀπόλυσιν
979 2833 1085 2886 ἀπὸ
1134 2836 1241 2887 τῶν
1292 2831 1488 2904 έκεῖσε,
1520 2829 1687 2907 ἤγουν
1720 2832 1826 2887 ἀπὸ
1856 2839 1956 2902 τῆς

315 2921 476 2996 ἁγίας
515 2921 737 3000 Σοφίας,
784 2921 1080 2997 ἀπέρχεται
1130 2918 1354 2982 ἕκαστος
1409 2920 1485 2983 εἰς
1541 2922 1609 2975 τὰ
1675 2918 1808 2976 ἴδια.
1861 2922 1959 2977 Διὰ

308 3012 412 3088 γάρ
455 3012 517 3067 τὸ
570 3012 710 3068 εἶναι
759 3012 859 3080 τὴν
910 3012 1120 3086 ἡμέραν
1174 3011 1376 3082 ταύτην
1430 3013 1680 3087 παγανὴν
1730 3010 1808 3074 εἷς
1856 3014 1956 3081 τὴν

307 3103 661 3182 ὑποστροφὴν
685 3100 746 3156 οὐ
778 3098 1156 3177 δηριγεύουσιν
1186 3102 1338 3156 οὗτοι
1359 3100 1488 3163 τοὺς
1519 3098 1803 3164 δεσπότας.

948 3193 1183 3248 ΚΕΦΑΛ
1223 3191 1329 3249 ΙΑ’.

2055 2034 2314 2089 cendunt
2342 2034 2588 2105 mystice
2616 2032 2705 2089 vel
2746 2032 2893 2089 clam
2926 2033 3156 2089 arbitris
3184 2036 3241 2089 et
3286 2048 3422 2089 cum
3473 2032 3703 2089 intimis

2057 2122 2261 2179 amicis
2292 2126 2352 2178 et
2380 2121 2727 2178 custodibus
2758 2139 2861 2194 per
2890 2121 3185 2178 cochleam
3220 2138 3250 2178 e
3300 2122 3600 2178 metatorio
3630 2120 3705 2177 ad

2056 2210 2498 2268 catechumenia
2525 2212 2863 2278 ducentem;
2892 2218 2949 2268 et
2976 2211 3227 2283 denique
3269 2225 3369 2282 per
3415 2209 3705 2266 diabatica

2056 2301 2145 2358 vel
2171 2306 2352 2358 tectas
2384 2303 2643 2373 porticus
2674 2301 3002 2358 redeuntin
3034 2302 3334 2374 palatium,
3367 2301 3518 2373 quod
3551 2300 3706 2357 Deus

2060 2393 2369 2461 custodiat,
2404 2393 2603 2464 stipati
2628 2410 2662 2448 a
2694 2391 3027 2465 maglabitis
3058 2400 3110 2447 et
3139 2391 3396 2446 hetaeria.
3417 2391 3709 2447 Senatorii

2061 2484 2255 2537 autem
2312 2496 2516 2537 omnes
2568 2485 2625 2536 et
2655 2479 2995 2537 cubicularii
3052 2483 3109 2536 ct
3164 2479 3406 2549 palatini
3448 2479 3707 2534 ministri

2061 2577 2191 2642 post
2221 2569 2546 2625 absolutam
2579 2569 2948 2625 tritohectam
2982 2569 3200 2624 abeunt
3244 2567 3424 2634 illinc,
3455 2567 3513 2623 id
3559 2573 3647 2623 est
3677 2582 3709 2623 θ

2061 2663 2265 2716 sancta
2296 2658 2532 2728 Sophia,
2565 2659 2636 2712 ad
2670 2675 2778 2714 sua
2807 2659 3074 2728 quisque.
3108 2661 3343 2728 Pagana
3382 2656 3538 2712 enim
3573 2672 3708 2711 cum

2062 2750 2141 2805 sit
2170 2748 2271 2803 illa
2300 2748 2425 2804 dies
2478 2748 2557 2819 [id
2588 2751 2678 2804 est
2726 2748 2976 2803 solemni
3009 2752 3067 2801 et
3114 2746 3451 2801 solemniter
3480 2744 3714 2800 indictas

2064 2836 2421 2910 processioni
2455 2852 2569 2892 non
2598 2836 2835 2908 dicata],
2888 2851 3006 2893 non
3056 2835 3410 2891 comitantur
3441 2833 3711 2889 dominos

2062 2929 2124 2985 in
2155 2925 2432 2998 palatium
2461 2926 2793 2981 redeuntes.

2617 3181 2768 3237 81³1
2803 3179 3038 3236 CAPUT
3077 3180 3180 3237 XI.

305 3282 421 3340 Οσα
507 3278 591 3336 δεῖ
675 3299 821 3352 παρα
866 3278 1136 3349 υλάττειν,
1222 3283 1331 3335 τῶν
1424 3278 1626 3353 τιμίων
1722 3285 1956 3355 σταυρῶν

381 3350 700 3422 μελλόντων
762 3301 956 3422 έξίῖναι
1013 3355 1083 3422 τῇ
1145 3350 1282 3422 μέσῃ
1339 3346 1607 3422 ἑϐδομάδι
1662 3359 1763 3422 τῆς
1804 3354 1956 3422 ἁγίας

2130 3273 2505 3339 Observanda,
2537 3271 2753 3343 quando
2784 3285 2973 3325 cruces
3002 3270 3293 3343 efferendae
3324 3271 3454 3323 sunt
3481 3266 3663 3324 media

2367 3348 2676 3416 septimana
2702 3347 2905 3398 sancta
2937 3341 3421 3412 Quadragesimz.

821 3374 834 3406 t

381 3350 700 3427 μελλόντων
758 3350 787 3408 ἒ

758 3428 786 3441 ~

375 3444 843 3500 τεσσαρακοστης.

377 3516 606 3584 Ἰστέον,
629 3512 713 3569 ὅτι
742 3517 812 3588 τῇ
845 3512 1003 3589 τρίτῃ
1040 3514 1285 3587 Κυριακῇ
1318 3519 1423 3581 τῆς
1474 3513 1629 3589 ἁγίας
1673 3514 1750 3586 μ’,
1800 3510 1968 3589 ἤγουν

868 3372 956 3407 ναι
1013 3355 1083 3426 τῇ
1123 3346 1282 3425 ’μέσῃ
1339 3346 1607 3426 ἑϐδομάδι
1662 3359 1763 3423 τῆς
1804 3346 1963 3430 ἁγίας

305 3602 415 3660 ἀπὸ
464 3606 562 3673 τῆς
613 3600 954 3680 ὀρθοδοξίας,
1012 3602 1145 3676 μετὰ
1185 3602 1375 3675 τρίτην
1410 3602 1444 3672 ἢ
1497 3602 1589 3657 καὶ
1616 3599 1781 3672 ’έκτην
1815 3600 1965 3675 ᾠδήν

301 3697 405 3750 τοῦ
446 3688 667 3769 ὄρθρου,
716 3690 998 3767 ἐξάγονται
1056 3692 1109 3746 οἱ
1176 3690 1354 3764 τίμιοι
1383 3692 1474 3746 καὶ
1528 3692 1793 3761 ζωοποιοὶ
1822 3698 1971 3767 τρεῖς

307 3784 558 3859 σταυροὶ,
608 3784 697 3838 καὶ
759 3781 1103 3846 αποτίθενται
1151 3779 1203 3835 ἐν
1243 3785 1323 3837 τῶ
1392 3780 1829 3861 σκευοφυλακίῳ,
1879 3783 1971 3837 καὶ

307 3874 407 3931 εἶθ’
439 3873 617 3935 οὕτως
650 3872 754 3927 ὑπὸ
807 3874 907 3927 τοῦ
960 3871 1307 3945 πρωτοπάπα
1339 3869 1803 3945 βαλσαμιζόμενοι
1834 3892 1971 3947 προ-

306 3963 551 4018 τίθενται
581 3959 634 4017 ὲν
666 3964 735 4035 τῇ
768 3958 1036 4031 ἐκκλησίᾳ
1067 3959 1145 4022 εἷς
1190 3959 1554 4034 προσκύνησιν
1587 3962 1802 4017 πάντων
1830 3964 1970 4037 (25),

303 4051 401 4107 καὶ
455 4052 589 4123 μετὰ
629 4051 729 4119 τὴν
787 4048 1054 4105 ἀπόλυσιν
1120 4052 1223 4103 τοῦ
1279 4044 1482 4125 ὄρθρου
1535 4049 1738 4127 ἀνοίγει
1766 4052 1830 4106 τὸ
1870 4060 1969 4123 τῆς

306 4138 433 4203 νέας
482 4134 795 4207 ἀναϐάσιον,
853 4139 944 4193 καὶ
1001 4137 1289 4214 ἀνέρχεται
1341 4139 1369 4193 ὁ
1420 4144 1520 4208 τῆς
1569 4138 1691 4202 νέας
1736 4138 1968 4216 κλῆρος,

306 4230 404 4286 καὶ
434 4228 549 4302 ἅμα
604 4232 701 4283 τοῦ
761 4227 1045 4303 βασιλείου
1093 4225 1307 4302 κλήρου
1355 4231 1453 4282 τοῦ
1510 4226 1782 4284 παλατίου
1830 4250 1972 4305 παρ-

307 4320 557 4375 ίστανται
615 4315 925 4392 ψάλλοντες
970 4318 1037 4373 τὰ
1087 4319 1297 4388 συνήθη
1340 4317 1714 4391 σταυρώσιμα.
1741 4318 1845 4374 Καὶ
1878 4317 1969 4375 ὅτε

306 4405 631 4463 κελεύουσιν
664 4407 719 4461 οἱ
778 4403 1060 4473 δεσπόται,
1104 4404 1443 4480 εἲσέρχονται
1496 4403 1589 4458 καὶ
1640 4405 1967 4473 ἀσπάζονται

307 4496 441 4558 τοὺς
495 4494 713 4568 τιμίους
751 4494 841 4549 καὶ
898 4492 1204 4563 ζωοποιοὺς
1268 4492 1554 4564 σταυρούς.
1623 4493 1740 4550 Εἶθ’
1788 4495 1968 4558 οὕτως

2367 3341 2676 3416 septimana
2702 3347 2905 3398 sancta
2937 3341 3421 3412 Quadragesimz.

2147 3510 2446 3567 Dominioa
2477 3516 2689 3565 sanctas
2720 3506 3186 3580 quadragesimae
3216 3504 3386 3561 tertia
3418 3519 3545 3569 seu,
3568 3504 3724 3574 quod

2073 3601 2228 3657 idem
2259 3607 2370 3670 est,
2405 3600 2576 3657 tertia
2604 3616 2640 3655 a
2669 3600 2817 3655 festo
2846 3598 3201 3655 orthodoxim
3232 3604 3287 3652 et
3318 3596 3722 3652 restitutarum

2074 3707 2377 3747 sacrarum
2409 3689 2763 3761 imaginum,
2795 3695 2925 3761 post
2956 3687 3190 3744 tertium
3214 3690 3563 3756 sextumque
3593 3700 3727 3740 can-
3803 3745 3807 3748 _

2074 3781 2255 3836 ticum
2286 3778 2530 3837 canonis
2577 3778 3001 3834 matutinarum
3035 3778 3456 3846 expromuntur
3504 3777 3725 3828 sanctae

2074 3874 2131 3927 et
2160 3869 2398 3925 viviﬁcaa
2432 3873 2552 3924 tres
2584 3884 2786 3923 cruces
2816 3868 2870 3939 [e
2900 3866 3039 3922 sede
3066 3872 3123 3920 et
3153 3863 3276 3919 basi
3304 3879 3413 3918 sua
3455 3860 3516 3917 in
3564 3860 3726 3932 pala-

2077 3959 2179 4030 tio]
2212 3965 2267 4014 et
2296 3960 2677 4029 deponuntur
2708 3956 2766 4010 in
2799 3952 3115 4026 [ejusdem]
3168 3948 3638 4021 sceuophylaeio,
3671 3957 3726 4006 et

2075 4046 2353 4118 deinceps
2376 4044 2768 4101 balsamisalae
2789 4042 2875 4098 vel
2902 4042 3156 4097 inunctaa
3187 4056 3222 4094 a
3252 4042 3572 4110 protopapa
3602 4054 3727 4110 pro-

2074 4139 2375 4205 ponuntur
2433 4133 2490 4188 in
2549 4132 2794 4187 ecclesia
2861 4128 3085 4203 [palatii
3146 4144 3249 4183 seu
3310 4128 3441 4201 nea]
3499 4126 3727 4198 vulgari

2073 4223 2335 4280 omnium
2359 4220 2704 4277 adorationi.
2722 4221 2860 4276 Post
2879 4217 3217 4275 absolutum
3236 4223 3431 4273 autem
3454 4215 3724 4272 orthrum

2073 4328 2172 4368 seu
2202 4312 2460 4367 ofﬁcium
2496 4310 2852 4365 matutinum
2878 4307 3197 4364 recluditur
3217 4305 3565 4362 anabasium
3596 4305 3726 4376 [seu

2072 4403 2311 4473 gradus,
2358 4417 2460 4473 per
2509 4415 2658 4472 quos
2724 4400 2794 4455 ad
2854 4395 3299 4454 catechumenia
3347 4394 3727 4466 ascenditur,]

2076 4508 2194 4547 nete
2254 4492 2385 4565 [seu
2446 4490 2615 4548 Nova;
2661 4489 2722 4544 in
2769 4487 2983 4560 palatio
3029 4484 3332 4556 ecclesias],
3366 4487 3423 4540 et
3463 4482 3730 4539 ascendit

314 4584 694 4660 ἀπερχόμενοι
739 4582 1055 4654 καθέζονται
1100 4582 1189 4638 ἐπὶ
1238 4586 1334 4637 τοῦ
1382 4580 1845 4657 χρυσοτρικλίνου
1878 4585 1956 4648 εἰς

2072 4581 2213 4637 illuc
2247 4598 2364 4636 neas
2395 4579 2587 4635 clerus
2621 4595 2737 4633 una
2763 4593 2892 4632 cum
2922 4576 3075 4631 clero
3103 4573 3399 4646 palatino;
3444 4576 3505 4660 et
3532 4574 3729 4627 astant

311 4675 414 4745 τήν
457 4676 664 4745 συνήθη
697 4673 786 4728 καὶ
833 4674 1206 4747 καθημερινὴν
1246 4671 1591 4747 προέλευσιν.
1644 4673 1746 4730 Καὶ
1796 4675 1825 4729 ὁ
1869 4676 1963 4747 μὲν

311 4766 393 4828 εἷς
450 4762 742 4839 αἲρόμενος
789 4762 892 4818 ὑπὸ
948 4766 1046 4817 τοῦ
1105 4759 1353 4825 διάκονος
1400 4767 1502 4831 τῆς
1559 4764 1680 4825 νέας
1720 4764 1811 4818 καὶ
1843 4764 1968 4838 όψι-

310 4855 605 4928 κευόμενος
664 4852 772 4908 ὑπὸ
811 4849 907 4907 τοῦ
937 4851 1153 4925 ςταύτης
1215 4850 1452 4926 κλήρου,
1504 4852 1828 4927 κατέρχεται
1878 4854 1968 4908 καὶ

313 4941 629 5017 προτίθεται
666 4938 720 4995 ἐν
764 4942 834 5014 τῇ
885 4940 1025 5014 αὐτῇ
1084 4940 1196 5010 Νέᾳ
1256 4937 1547 5010 ἒκκλησίᾳ.
1580 4939 1644 4997 Ὀ
1696 4937 1753 4995 δὲ
1778 4937 1967 5016 ἕτερος

313 5030 611 5107 αῗρόμενυς
686 5027 777 5084 καὶ
846 5030 1251 5104 βασταζόμενος
1303 5028 1406 5084 ὑπὸ
1466 5032 1565 5083 τοῦ
1614 5027 1820 5084 παπίου
1867 5034 1967 5085 τοῦ

313 5118 576 5197 Μεγάλου
636 5116 932 5191 παλατίου,
991 5123 1292 5200 φοροῦντος
1340 5120 1509 5174 αὐτοῦ
1557 5121 1967 5195 σκαραμάγγιον

313 5210 405 5267 καὶ
427 5207 617 5284 σαγίον
667 5205 952 5279 ἀληθινὸν,
985 5209 1383 5283 ὀψικευόμινος
1413 5207 1519 5264 ὑπὸ
1546 5211 1646 5263 τοῦ
1680 5208 1967 5280 βασιλείου

313 5299 530 5377 κλήρου
574 5302 665 5357 καὶ
705 5300 803 5353 τοῦ
849 5297 1196 5375 πρωτοπάπα
1241 5305 1342 5369 τῆς
1380 5297 1596 5373 Δάφνης
1641 5303 1745 5354 τοῦ
1786 5298 1968 5369 Ἀγίου

2079 4676 2354 4727 canentes
2371 4673 2657 4726 consueta
2678 4666 3036 4723 staurosima
3052 4680 3151 4719 seu
3175 4661 3403 4718 cantica
3420 4660 3478 4715 in
3494 4659 3726 4714 laudem

2079 4760 2291 4817 crucis.
2324 4758 2575 4827 Domini,
2613 4760 2661 4813 si
2692 4757 2871 4823 lubet,
2905 4754 3130 4809 intrant
3166 4753 3250 4823 [in
3286 4747 3589 4806 ecclesiam
3621 4763 3726 4818 pa-

2084 4852 2202 4907 latii
2237 4867 2445 4907 novam
2478 4854 2536 4906 et
2566 4850 2913 4906 venerantur
2944 4849 3179 4901 sanctas
3211 4850 3264 4899 et
3292 4840 3547 4896 viviﬁcas
3590 4853 3727 4896 cru-

2081 4958 2175 4998 ces
2200 4959 2216 5010 ;
2249 4940 2461 4997 deinde
2492 4938 2740 5013 digressi
2764 4936 3019 4993 resident
3041 4935 3100 4990 in
3123 4929 3565 5005 chrysotriclino
3595 4945 3732 4985 con-

2080 5034 2260 5087 sueta
2283 5029 2636 5100 quotidiana:
2657 5024 3048 5099 processionis
3069 5022 3278 5095 gratia.
3306 5020 3507 5077 Trium
3536 5022 3731 5075 autem

2080 5120 2314 5176 illarum
2344 5118 2605 5175 crucium
2633 5134 2747 5172 una
2769 5116 3008 5189 quidem
3031 5129 3065 5169 a
3095 5111 3336 5167 diacono
3365 5124 3483 5165 nec
3506 5107 3734 5165 sublata

2079 5207 2377 5267 descendit
2409 5208 2465 5281 [e
2495 5204 2955 5263 catechumeniis
2974 5201 3139 5274 nete],
3163 5200 3377 5257 comite
3393 5198 3547 5255 clero
3578 5198 3733 5269 ejus-

2077 5300 2209 5357 dem
2255 5314 2378 5355 ηοω
2420 5313 2524 5354 seu
2568 5295 2739 5352 Nova
2769 5292 3050 5361 ecclesia,
3100 5294 3157 5349 et
3185 5288 3497 5364 exponitur
3524 5288 3584 5343 in
3634 5302 3731 5344 ea-

1358 5456 1558 5515 JOAN.
1598 5456 1746 5514 JAG.
1789 5456 2057 5514 REISKII
2097 5451 2683 5514 COMMENTARIUS.

386 5607 501 5679 (25)
531 5606 833 5679 Dominica
876 5605 1055 5679 tertia
1098 5602 1703 5679 quadragesima‘seu
1756 5600 1969 5679 ieiunii

361 5672 872 5763 u'adragesimalis,
903 5676 1061 5763 quod
1098 5672 1307 5763 incipit
1327 5672 1388 5731 ὀ
1418 5674 1721 5731 Dominica
1753 5672 1970 5762 φειδο-

359 5751 503 5811 oxias
533 5746 712 5821 dicta,
743 5746 958 5809 Grcch
998 5746 1330 5823 appellatur
1373 5746 1966 5821 σταυροπροσκύνησις,

2080 5601 2219 5676 (vid.
2280 5601 2365 5655 Du
2425 5597 2619 5676 Gange
2793 5594 2874 5650 v.l
2933 5599 2991 5648 et
3047 5609 3282 5676 κυριακη
3332 5602 3728 5676 τηε-προσκυ-

2079 5657 2309 5742 νήσεως,
2342 5671 2480 5741 quia
2509 5657 2689 5742 Graeci
2721 5670 2865 5723 tunc
2896 5657 3515 5739 propositam‘publice
3545 5657 3604 5713 in
3636 5671 3727 5711 ec-

2079 5740 2277 5805 clesiis
2304 5740 2535 5802 crucem
2570 5740 2829 5798 adorant.
