4052 6376
264 383 418 442 1019

1332 367 1848 434 CONSTANTINI
1893 363 2644 427 PHORPHYROGENITI

3518 369 3675 430 1030

261 520 392 575 dem
421 517 550 590 ipsa
573 515 731 572 Nova
777 512 1044 570 ecclesia.
1078 509 1273 566 Altera
1301 523 1432 565 vero
1481 505 1713 563 sublata
1739 521 1773 559 a
1806 519 1907 575 pa-

2024 499 2300 576 Στειράνου
2330 496 2418 552 καὶ
2452 495 2768 572 διαιταρίων
2797 500 2896 552 τοῦ
2943 495 3237 567 παλατίου,
3296 495 3512 554 πάντων
3570 520 3674 570 κη-

261 609 359 681 pia
387 604 576 677 magni
610 604 830 677 palatii,
857 602 953 674 qui
979 598 1454 671 scaramangium
1478 601 1534 652 et
1554 610 1757 666 sagum
1783 609 1913 665 pur-

261 712 511 770 pureum
541 709 780 766 corpore
810 691 978 763 gerit,
1011 695 1067 746 et
1112 687 1326 761 stipata
1373 704 1407 742 a
1454 685 1608 742 clero
1653 682 1909 756 palatino

261 795 316 842 et
341 805 372 840 a
403 792 726 858 protopapa
755 782 814 836 S.
850 778 1131 850 Stephani
1167 777 1438 849 Daphnes
1467 779 1525 831 et
1571 792 1604 830 a
1635 771 1911 829 diaatariis

259 874 484 948 palatii,
517 872 796 930 omnibus
828 870 947 926 illis
981 884 1177 926 cereos
1227 865 1617 939 gestantibus,
1651 866 1911 934 permeat

258 982 362 1038 per
409 964 699 1022 heliacum
739 963 871 1033 [seu
931 958 1232 1029 solarium]
1262 961 1320 1013 et
1375 951 1906 1026 chrysotriclinum,

258 1059 316 1110 et
345 1053 506 1110 illinc
557 1069 727 1124 porro
777 1051 969 1107 ablata
1013 1047 1321 1120 exponitur
1362 1043 1685 1100 adorationi
1733 1039 1912 1098 totius

261 1147 503 1201 senatus
556 1143 615 1196 in
673 1140 930 1198 lausiaco
989 1139 1061 1194 ad
1112 1136 1432 1202 sinistram,
1501 1147 1694 1189 coram
1745 1133 1910 1203 porta

261 1232 501 1290 eucterii
536 1231 648 1304 [vel
680 1229 901 1302 sacelli]
930 1234 988 1284 S.
1017 1227 1239 1284 Basilii.
1275 1225 1382 1282 Ubi
1423 1229 1737 1298 postquam
1767 1221 1910 1279 satis

265 1323 502 1379 adorata
533 1322 730 1390 fuerit,
757 1319 1012 1376 aufertur
1051 1332 1254 1374 rursus
1301 1332 1334 1371 a
1373 1314 1543 1385 papia
1589 1313 1650 1368 in
1707 1312 1911 1369 eodem

262 1411 568 1479 comitatu,
600 1420 652 1467 et
684 1408 994 1480 exponitur
1024 1407 1083 1461 in
1115 1403 1330 1478 palatio
1356 1403 1628 1474 Daphnes
1667 1402 1726 1457 in
1759 1405 1911 1456 tem-

265 1501 387 1573 plo,
413 1500 573 1572 quod
607 1499 686 1555 ibi
708 1502 816 1566 est,
859 1498 919 1554 S.
963 1493 1412 1566 Protomartyrie
1431 1490 1709 1563 Stephani
1733 1488 1917 1560 [illius

265 1605 488 1661 nempe,
521 1587 623 1658 qui
659 1587 883 1659 primus
918 1587 1240 1655 martyrum
1272 1580 1540 1637 omnium
1573 1593 1912 1650 supremum

263 1677 625 1750 supplicium
657 1675 886 1747 subiit].
920 1674 1114 1730 Altero
1144 1671 1237 1727 die
1266 1670 1534 1742 ejusdem
1567 1671 1912 1740 septimanae

263 1771 394 1840 post
426 1767 608 1822 factas
638 1766 850 1822 missas
879 1764 997 1820 exit
1020 1761 1222 1834 papias
1254 1769 1306 1815 et
1335 1757 1489 1815 tollit
1518 1773 1646 1813 eam
1679 1771 1912 1812 crucem

2015 589 2142 664 ρους
2184 585 2584 663 βασταζόντων,
2641 583 2918 661 διέρχεται
2977 583 3066 640 διά
3093 606 3152 640 τε
3178 589 3276 640 106
3306 588 3545 655 ἡλιακοῦ
3578 587 3671 642 καὶ

2011 680 2109 730 106
2165 673 2643 752 χρυσοτρικλίνου,
2684 673 2773 728 καὶ
2825 673 3168 748 ἀπαγόμενος
3227 674 3542 750 προτίθεται
3588 673 3668 738 εἷς

2013 769 2380 843 προσκύνησιν
2437 766 2616 836 πάσης
2643 772 2744 835 τῆς
2793 763 3102 840 συγκλήτου
3143 763 3195 820 ὲν
3249 769 3328 838 τῷ
3387 763 3670 839 λαυσιακῷ

2013 855 2065 912 ἐν
2097 862 2178 929 τῷ
2208 856 2479 930 ἀριστερῷ
2513 857 2664 930 μέρει
2695 855 2801 930 πρὸ
2831 861 2929 925 τῆς
2981 852 3171 926 πύλης
3217 855 3313 910 τοὺ
3369 854 3666 931 εὖκτηρίου

2010 950 2108 1002 106
2163 945 2348 1020 Ἀγίου
2411 943 2717 1020 βασιλείου,
2778 943 2868 998 καὶ
2929 944 3064 1018 μετά
3122 945 3222 1012 τὴν
3304 942 3673 1019 ηροσκῦνησιν

2012 1033 2180 1090 πάλιν
2242 1035 2564 1110 βαστάζεται
2614 1033 2760 1109 παρὰ
2815 1037 2914 1087 106
2966 1031 3195 1102 παπίου,
3229 1029 3492 1104 δηλονότι
3535 1034 3664 1108 ὀψι-

2012 1124 2306 1198 κευόμενος
2365 1125 2470 1179 ὑπὸ
2535 1127 2646 1177 τῶν
2704 1119 3146 1197 προειρημένων,
3215 1122 3304 1176 καὶ
3374 1121 3670 1188 ἀποτίθετα

2013 1212 2069 1270 ἐν
2097 1218 2176 1286 τῷ
2231 1212 2488 1285 παλατίῳ
2551 1215 2648 1282 τῆς
2698 1211 2910 1290 Δάφνης
2953 1210 3004 1268 ἰν
3059 1217 3138 1284 τῷ
3187 1217 3296 1284 ναῷ
3344 1216 3441 1266 106
3473 1211 3666 1290 ’Δγίου

2014 1302 2492 1378 Πρωτομάρτυρος
2527 1301 2816 1379 Στεφάνου.
2851 1301 2955 1358 Καί
2986 1304 3055 1374 τῇ
3088 1297 3308 1376 δευτέρᾳ
3345 1307 3446 1372 τῆς
3503 1300 3676 1372 αὐτῆς

2015 1388 2322 1466 ἑϐδομάδος
2354 1391 2488 1464 μετᾶ
2518 1391 2582 1446 τὸ
2624 1392 2864 1464 γενέσθαι
2900 1390 3090 1464 μίνσας
3150 1389 3427 1469 ἐξέρχεται
3485 1391 3514 1446 ὁ
3558 1411 3663 1447 πα-

2015 1482 2165 1554 πίας,
2196 1481 2283 1538 καὶ
2312 1482 2450 1555 α’ἰρει
2479 1481 2573 1536 τόν
2606 1480 2836 1556 σταυρὸν
2895 1481 3002 1537 ὰπὸ
3050 1483 3147 1535 106
3198 1482 3389 1557 Ἀγίου
3447 1483 3664 1559 Στεφάο

2015 1595 2135 1643 νου,
2172 1573 2262 1630 καὶ
2294 1573 2552 1648 ἀποφέρει
2586 1571 2744 1628 αὐτὸν
2774 1572 2825 1627 ἐν
2864 1576 2932 1647 τῇ
2986 1573 3202 1650 μεγάλῃ
3253 1571 3519 1645 ἐκκλησίᾳ
3563 1579 3669 1643 τῆς

2019 1666 2192 1742 Δγίας
2235 1663 2459 1741 Σοφὶας.
2519 1665 2578 1721 Ὀ
2611 1662 2669 1719 δὲ
2724 1663 2910 1739 ’ἑτερος
2979 1663 3208 1738 σταυρὸς
3263 1661 3581 1736 ἐναπομένει
3613 1661 3666 1718 ἑν

2017 1759 2098 1827 τῷ
2142 1755 2274 1830 ἱερῷ
2322 1751 2592 1824 παλατίῳ.
2654 1751 2869 1820 Ἰστὲον,
2912 1750 2998 1808 ὅτι
3048 1756 3118 1826 τῇ
3181 1754 3496 1826 παρασκευῇ
3567 1757 3672 1828 τῇς

260 1837 292 1914 e
320 1859 374 1912 S.
409 1855 730 1929 Stephano,
755 1860 812 1910 et
835 1855 1047 1925 profert
1063 1865 1191 1906 eam
1217 1849 1277 1904 in
1306 1863 1580 1919 magnam
1606 1844 1910 1901 ecclesiam

2024 1842 2192 1913 αὐτῆς
2260 1841 2429 1916 μέσης
2489 1837 2798 1915 ἑϐδομάδος
2860 1846 2962 1916 τῇς
3015 1840 3167 1916 ἁγίας
3223 1843 3675 1915 Τεσσαρακοστῆς

261 1947 320 2002 8.
355 1945 604 2018 Sophia.
635 1944 830 2001 Tertia
861 1957 1070 2014 nempe
1099 1955 1238 1996 crux
1269 1954 1302 1994 θ
1331 1953 1496 1993 sacro
1547 1934 1760 2008 palatio
1792 1949 1909 1991 non

257 2037 511 2093 effertur.
544 2038 864 2090 Parasceve
893 2035 1090 2088 autem
1122 2045 1220 2085 seu
1253 2030 1416 2083 sexta
1450 2023 1591 2082 feria
1633 2023 1899 2096 ejusdem

2026 1931 2162 2005 μετᾶ
2191 1932 2292 2001 τὴν
2345 1928 2608 1986 ἀπόλυσιν
2685 1932 2786 1998 τῆς
2813 1928 3010 2000 ἆνάτης
3054 1929 3258 2004 εἰσάγει
3288 1930 3317 1984 ὁ
3347 1929 3553 1991 παπίας
3584 1929 3679 1985 τὸν

2018 2022 2206 2096 τίμιον
2263 2021 2489 2095 σταυρὸν
2528 2020 2582 2076 ἐν
2625 2025 2705 2092 τῷ
2737 2022 2870 2094 ἱερῷ
2913 2019 3183 2093 παλατίῳ.
3218 2017 3460 2092 Ὁμοίως
3510 2017 3600 2074 καὶ
3625 2020 3681 2075 οἱ

263 2124 466 2180 mediae
507 2123 566 2178 in
618 2126 824 2178 sancta
870 2117 1332 2189 Quadragesima
1377 2114 1742 2186 septimanis,
1787 2120 1913 2184 post

2024 2119 2120 2182 τῆς
2167 2110 2286 2173 νέας
2343 2109 2618 2185 κληρικοὶ
2670 2109 2980 2186 εΐσάγουσιν
3029 2107 3120 2163 καὶ
3180 2107 3334 2163 αὐτοὶ
3392 2110 3461 2182 τῇ
3538 2106 3677 2182 αὐτῇ

263 2212 687 2270 absolutionem
712 2226 878 2267 none
903 2209 1049 2281 [edas
1072 2205 1295 2263 scilicet
1324 2201 1498 2259 officii
1519 2201 1674 2259 circa
1693 2217 1908 2258 nonam

2024 2198 2204 2275 ὴμξρᾳ
2268 2200 2360 2255 τὸν
2423 2197 2606 2275 ἕτερον
2669 2199 2898 2274 σταυρὸν
2940 2199 3074 2272 μετὰ
3126 2200 3228 2267 τήν
3261 2196 3525 2254 ἀπόλυσιν
3582 2205 3687 2270 τῆς

264 2303 465 2358 horam
497 2299 721 2356 cantari
771 2298 974 2369 soliti],
1008 2295 1162 2352 318
1221 2295 1393 2350 infert
1444 2307 1653 2348 rursus
1711 2290 1914 2363 papias

2024 2289 2236 2360 ἐνάτης.
2289 2289 2389 2346 Καὶ
2453 2292 2522 2363 τῇ
2592 2289 2835 2362 Κυριακῇ
2869 2290 3008 2360 μετὰ
3035 2287 3226 2363 τρίτην
3258 2285 3366 2343 ε’ίτε
3393 2287 3487 2343 καὶ
3515 2287 3681 2360 ’ὲκτην

263 2395 528 2447 sanctam
555 2403 787 2446 crucem
817 2404 848 2443 e
879 2387 939 2445 S.
976 2385 1195 2458 Sophia
1242 2383 1302 2438 in
1343 2398 1577 2438 sacrum
1609 2379 1912 2452 palatium.

2024 2376 2174 2452 ᾠδὴν
2221 2382 2316 2433 106
2367 2374 2564 2453 ὄρθρου
2635 2378 2737 2433 ὑπὸ
2802 2380 2906 2434 .106
2982 2377 3330 2451 πρωτοπάπα
3413 2376 3500 2432 καὶ
3581 2382 3681 2434 106

259 2479 540 2535 Similiter
562 2493 798 2550 quoque
847 2492 968 2532 neas
1017 2472 1212 2531 clerici
1256 2472 1515 2528 inferunt
1546 2485 1744 2527 rursus
1769 2469 1915 2525 alte-

2027 2465 2434 2544 σκευοφύλακος
2501 2465 2903 2540 ἐκμασσόμενοι
2980 2465 3354 2532 κατατίθενται
3455 2465 3506 2522 ἐν
3596 2470 3680 2538 τῷ

260 2584 388 2625 ram
419 2583 652 2624 crucem
702 2583 734 2623 e
763 2583 875 2622 sua
923 2564 1169 2622 ecclesia
1215 2563 1418 2620 eodem
1443 2560 1535 2616 die
1563 2568 1737 2632 atque
1765 2563 1915 2616 tem-

2026 2558 2180 2630 αὐτῷ
2202 2555 2639 2636 σκευοφυλακίῳ·

265 2675 425 2732 pore.
441 2658 715 2715 Proxima
734 2660 931 2714 autem
951 2653 1258 2712 Dominica
1274 2653 1429 2709 intra
1451 2650 1676 2707 tertiam
1700 2654 1757 2707 et
1779 2653 2004 2708 sextam
2037 2651 2208 2707 odam
2240 2649 2424 2706 ortbri
2456 2655 2820 2722 reponuntur
2849 2664 3057 2706 rursus
3083 2665 3289 2706 cruces
3305 2665 3340 2705 a
3361 2648 3676 2721 protopspa

269 2755 326 2806 et
381 2747 801 2821 sceuophylace
855 2746 916 2802 in
964 2745 1194 2813 eodem,
1252 2759 1365 2816 quo
1399 2743 1566 2814 prius
1610 2741 2177 2811 asservatzefuerant,
2234 2739 2585 2796 custodiario
2642 2754 2934 2808 vasorum,
2961 2739 3127 2812 prius
3180 2739 3328 2797 bene
3379 2736 3679 2812 probeque

267 2844 526 2897 extersis.

894 2921 1131 2980 CAPUT
1171 2919 1293 2977 XII.

2636 2917 2900 2973 ΚΕΦΛΛ.
2964 2917 3066 2974 ΙΒ’.

341 3014 717 3082 Obseruando,
741 3012 962 3086 quando
989 3011 1203 3068 domini
1232 3011 1404 3068 totum
1430 3009 1501 3066 ad
1521 3009 1848 3067 blacherna:

2027 3007 2169 3064 Ὅσα
2255 3002 2339 3060 δεῖ
2411 3001 3060 3086 παραφυλάττε.ιν,-“τῶν
3138 3001 3416 3086 δεσποτῶν
3492 3001 3687 3058 ἀπιόν-

1012 3087 1164 3141 eunt.
2323 3097 2433 3132 των
2465 3074 2760 3132 λούσασθαι
2791 3075 2844 3132 ἄν
2865 3074 3216 3152 Βλαχὲρναις
3245 3079 3378 3151 (26).

338 3172 648 3229 Parasceve
679 3187 783 3228 seu
814 3169 960 3228 feria
986 3174 1152 3226 sexta
1177 3183 1346 3225 mane
1363 3167 1623 3241 procedit
1643 3183 1747 3223 seu
1778 3181 1920 3223 con-

260 3262 415 3318 venit
434 3261 862 3334 scaramangiis
886 3259 1301 3316 indutustotus
1325 3261 1565 3314 senatus
1587 3257 1646 3312 in
1664 3255 1923 3313 blacher-

2102 3168 2187 3240 Τῇ
2226 3170 2539 3241 παρασκευῇ
2565 3163 2732 3231 ἕωθεν
2780 3165 3110 3243 προέρχεται
3140 3165 3320 3222 ἅπασα
3369 3168 3404 3237 ἡ
3439 3163 3686 3241 σύγκλη-

2028 3273 2122 3315 τος
2163 3253 2269 3310 ἀπὸ
2309 3255 2740 3330 σκαραμαγγίων
2791 3253 2846 3310 ἐν
2889 3255 3222 3332 βλαχέρναις
3269 3255 3372 3327 ’ἐξω
3416 3257 3518 3320 τῆς
3555 3254 3692 3330 πόρο

264 3353 355 3408 nis
385 3359 547 3408 extra
578 3359 802 3421 portam
835 3347 1033 3419 palatii
1058 3347 1140 3402 ibi
1173 3346 1308 3408 loci.
1335 3345 1438 3402 ubi
1469 3344 1690 3402 domini
1721 3344 1915 3417 appel-

2025 3365 2144 3413 τας,
2181 3343 2234 3400 ἐν
2267 3346 2313 3417 ᾦ
2355 3345 2510 3418 τόπῳ
2544 3347 2789 3420 ὁρμῶσιν
2821 3347 2874 3402 οἱ
2914 3344 3192 3403 δεσπόταιο
3227 3347 3278 3402 οἱ
3320 3344 3379 3402 δὶ
3426 3343 3688 3402 δεσπόται

264 3439 381 3494 lere
396 3455 529 3494 cum
545 3439 813 3493 dromone
827 3436 1035 3492 solent.
1048 3435 1275 3491 Pariter
1287 3435 1384 3490 ind
1396 3435 1478 3489 uti
1495 3433 1918 3506 scaramangiis

265 3526 494 3582 intrant
537 3524 760 3580 domini
792 3525 850 3581 in
883 3527 1232 3580 dromonem
1263 3538 1378 3579 una
1405 3537 1540 3578 cum
1571 3521 1792 3594 privato
1822 3523 1917 3578 sui

265 3613 522 3686 corporis
552 3614 878 3671 ministerio
908 3621 963 3670 et
989 3613 1286 3686 logotheta
1314 3613 1501 3669 dromi
1532 3618 1590 3669 et
1619 3617 1917 3686 protoase-

266 3705 442 3762 cretis
474 3712 529 3761 et
561 3704 831 3774 praefecto
875 3703 1394 3774 supplicationum,
1448 3701 1834 3758 hetaariarcha
1863 3706 1920 3758 et

266 3793 582 3867 drungario
613 3792 844 3866 vigilias.
879 3792 1198 3865 Appellunt
1225 3796 1424 3848 autem
1464 3792 1539 3848 ad
1571 3796 1820 3863 portam,
1845 3793 1914 3847 ad

268 3899 447 3956 quem
473 3891 714 3940 senatus
743 3898 844 3940 eos
871 3885 1204 3955 exspectat;
1237 3887 1294 3937 et
1325 3881 1499 3953 primi
1530 3881 1768 3953 quidem
1803 3897 1918 3937 ma-

269 3972 460 4045 gistri,
493 3971 724 4043 patricii
771 3976 828 4029 et
874 3971 1159 4028 ofﬁciales
1207 3979 1362 4028 extra
1395 3975 1623 4042 portam
1655 3987 1690 4026 a
1716 3971 1918 4027 dextra

268 4065 430 4132 parte
457 4061 587 4129 viai,
609 4077 728 4133 qua
749 4061 968 4118 domini
986 4064 1296 4117 transeunt
1319 4077 1333 4129 ;
1355 4061 1425 4116 ad
1454 4060 1750 4117 sinistram
1781 4075 1916 4118 vero

267 4149 422 4223 regia
454 4155 614 4206 stant
634 4150 870 4206 sellaria
890 4151 1014 4223 [seu
1037 4151 1174 4222 equi
1202 4149 1392 4206 sellati
1409 4157 1464 4206 et
1487 4150 1557 4208 ad
1579 4150 1916 4224 inequitan-

266 4241 410 4295 dum
442 4239 738 4311 accincti].
774 4244 1063 4306 Proceres,
1095 4239 1197 4295 ubi
1230 4238 1488 4295 dominis
1535 4255 1714 4311 prope
1743 4241 1913 4307 fiunt,

267 4330 514 4386 adorant
540 4328 705 4385 humi
740 4328 1142 4401 procidentes;
1182 4328 1396 4385 domini
1426 4333 1621 4385 autem
1652 4330 1850 4401 stipati
1881 4346 1917 4385 a

267 4419 597 4491 praepositis
617 4417 868 4474 cubiculi
916 4422 974 4474 et
1017 4417 1372 4489 maglabitis,
1421 4417 1679 4474 basilicis
1725 4424 1782 4476 et
1811 4419 1918 4476 he-

269 4509 450 4574 tarla,
472 4507 694 4565 intrant
723 4507 782 4563 in
812 4507 1121 4564 ecclesiam
1170 4506 1256 4580 [8.
1288 4507 1391 4563 Dei
1432 4507 1757 4580 genitricis]
1815 4524 1920 4581 per

269 4597 450 4665 viam,
469 4613 599 4670 quae
621 4596 760 4654 illuc
781 4595 963 4653 ducit.
979 4596 1256 4653 Dominos
1277 4611 1382 4667 per
1397 4601 1620 4668 portam
1643 4597 1916 4654 extimam

2027 3433 2371 3513 εἰσέρχονται
2439 3435 2546 3490 ἀπὸ
2624 3436 3051 3512 σκαραμαγγίων
3128 3437 3204 3498 εἰς
3260 3436 3352 3491 τὸν
3441 3433 3688 3510 δρόμονα

2030 3523 2168 3595 μετὰ
2223 3530 2322 3593 τῆς
2391 3523 2596 3586 οἳκείας
2657 3525 2836 3580 αὐτῶν
2878 3523 3186 3600 θεραπείας,
3224 3529 3321 3580 106
3356 3544 3417 3580 τε
3462 3521 3689 3600 λογοθὲ-

2025 3631 2122 3666 του
2168 3616 2268 3668 106
2325 3609 2537 3686 δρόμου
2589 3614 2679 3669 καὶ
2737 3617 2838 3668 τοῦ
2895 3617 3407 3691 πρωτοασηκρήτου
3453 3614 3541 3668 καὶ
3583 3617 3683 3668 106

2029 3697 2116 3754 ἐπὶ
2165 3704 2273 3755 τῶν
2326 3697 2564 3771 δεήσεων
2629 3701 2762 3774 μετὰ
2815 3705 2912 3757 106
2979 3701 3359 3778 ἑταιρειάρχου
3428 3701 3519 3757 καὶ
3580 3706 3686 3756 106

2029 3787 2396 3866 δρουγγαρίου
2454 3797 2557 3860 τῆς
2620 3790 2833 3866 βίγλας.
2895 3793 3171 3867 Ὀρμῶσιν
3212 3789 3270 3848 δὶ
3300 3791 3377 3856 εἰς
3401 3792 3507 3860 τὴν
3537 3792 3686 3865 πόρ-

2026 3899 2147 3945 ταν,
2200 3875 2324 3934 ἔνθα
2391 3881 2426 3948 ἡ
2487 3879 2797 3954 σύγκλητος
2854 3881 3081 3943 τούτους
3145 3878 3447 3956 ἕκδίιχεται.
3495 3880 3564 3939 Oi
3624 3877 3684 3936 δὲ

2030 3967 2325 4044 milia?“
2394 3969 2485 4022 καὶ
2544 3968 2820 4043 πατρίκιοι
2869 3969 2959 4024 καὶ
3026 3969 3377 4048 ἀφφικιάλιοι
3419 3968 3522 4039 ἔξω
3579 3975 3714 4039 τῆςξ

2025 4059 2236 4130 πόρτης
2273 4057 2353 4129 τῷ
2402 4055 2566 4128 διειῷ
2604 4057 2755 4132 μέρει
2805 4065 2906 4128 τῆς
2951 4058 3243 4134 βασιλικῆς
3270 4056 3458 4114 διόδου
3488 4056 3683 4135 δέχον-

2025 4168 2113 4202 ται
2178 4145 2307 4208 τοὺς
2367 4142 2651 4214 δεσπότας,
2694 4147 2747 4202 ἐν
2807 4145 2866 4203 δὲ
2911 4152 2990 4220 τῷ
3027 4147 3296 4224 ἄριστερῷ
3339 4147 3722 4204 'ictawat1&~

2029 4233 2288 4312 βασιλικᾶ
2345 4233 2628 4311 σελλάρια.
2680 4238 2776 4293 Καὶ
2830 4236 2884 4294 ἰν
2930 4242 3012 4311 τῷ
3038 4235 3341 4308 πλησιάσαι
3390 4237 3532 4314 πρὸς
3561 4238 3680 4294 ςαῦἀ

2023 4327 2152 4389 τοὺς
2211 4327 2339 4388 τοὺς
2394 4323 2658 4389 δεσπότας
2712 4329 2974 4385 πίπτουσι
3034 4333 3484 4405 προσκυνοῦντες.
3519 4327 3585 4387 Ol
3619 4326 3680 4384 δὲ

2027 4412 2728 4491 δεσπόταιδηριγευόμενοι
2764 4419 2868 4474 ὑπό
2899 4439 2957 4474 τε
3008 4423 3116 4474 τῶν
3165 4417 3538 4494 πραιποσίτων
3579 4422 3681 4473 106

2025 4500 2417 4562 κουὸουκλείου
2448 4507 2540 4562 καὶ
2580 4513 2690 4562 τῶν
2721 4504 3102 4585 μαγλαϐιτῶν,
3138 4507 3442 4584 βασιλικῶν
3480 4529 3538 4564 τε
3585 4508 3680 4563 καὶ

2025 4599 2133 4650 τῶν
2190 4601 2292 4664 τῆς
2334 4596 2624 4671 ἑταιρείας,
2685 4596 3024 4677 ἀπέρχονται
3073 4595 3165 4653 διὰ
3218 4603 3318 4668 τῆς
3353 4596 3682 4673 ἀπαγούσης

267 4687 576 4760 ingressos
593 4687 1036 4758 subsequuntur
1055 4685 1348 4758 magistri,
1372 4686 1599 4756 patricii
1621 4690 1678 4743 et
1697 4687 1915 4743 officia-

2027 4680 2157 4739 ὁδοῦ
2186 4684 2323 4758 πρὸς
2389 4685 2491 4753 τήν
2529 4684 2840 4757 ἐκκλησίαν.
2882 4687 3097 4758 Ἰστὲον,
3147 4687 3254 4759 ὅτι,
3301 4691 3412 4744 τῶν
3477 4686 3684 4745 Synod

2027 4777 2130 4796 _~,_
2178 4772 2433 4796 _v__1,,___,
2503 4775 2599 4796 Α.
2660 4776 2811 4796 κρυ.
3115 4775 3137 4796 κ
3226 4780 3341 4796 -..γ
3457 4776 3484 4796 ,ι
3593 4788 3613 4796 -

267 4776 374 4833 les.
399 4776 465 4834 In
484 4775 771 4850 propylao
793 4774 1252 4848 seufanteportali
1272 4778 1468 4832 autem
1487 4775 1744 4832 ecclesia:
1761 4776 1917 4833 exci-

269 4867 351 4938 pit
371 4865 648 4924 dominos
669 4863 1068 4937 sceuophylax
1088 4863 1215 4935 [seu
1235 4863 1629 4921 custodiarius
1640 4879 1918 4922 vasorum

2023 4777 2131 4827 τῶν
2174 4772 2453 4828 εἰσιόντων
2500 4775 2600 4843 τήν
2653 4776 2877 4852 πόρταν,
2908 4775 3405 4842 κατακολουθοῦσιν
3456 4776 3678 4843 ὄπισθεν

2030 4861 2088 4917 ο⁹ί
2112 4883 2172 4918 τε
2219 4865 2512 4938 μάγιστροι
2563 4864 2653 4920 καὶ
2709 4866 2988 4941 πατρίκιοι
3047 4867 3137 4923 καὶ
3178 4867 3552 4948 όφφικιάλιοι.
3585 4870 3676 4927 Ἐν

266 4958 324 5010 et
343 4970 646 5012 sacrarum
664 4955 1044 5027 reliquiarum
1065 4952 1126 5010 in
1142 4952 1344 5009 caede
1359 4954 1766 5027 repositarum]
1787 4971 1915 5012 cum

2034 4951 2094 5008 δὲ
2118 4957 2200 5025 τῷ
2241 4953 2570 5028 προπυλαίῳ
2617 4961 2718 5026 τῆς
2759 4955 2930 5027 αὐτῆς
2973 4957 3270 5028 ἑκκλησίας
3315 4955 3534 5037 δέχεται
3581 4959 3684 5014 αὖ-

1323 5050 1522 5108 JOAN.
1563 5053 1701 5108 JAC.
1743 5052 2004 5111 REISKII
2043 5051 2624 5110 COMMENTARIUS.

340 5140 458 5215 ('26)
488 5140 788 5199 Habebant
843 5144 1228 5215 imperatores
1287 5143 1464 5200 Graeci
1507 5142 1781 5200 balneum
1812 5145 1918 5200 d0-

271 5213 672 5294 mesticumct
702 5215 904 5294 procul
931 5213 1116 5294 dubio
1139 5214 1313 5286 plura
1340 5215 1399 5270 in
1434 5231 1648 5294 magno
1679 5216 1917 5294 palatio,

271 5300 400 5357 qua!
432 5285 717 5354 quotidie
752 5291 856 5359 aut
885 5286 1101 5359 saepius
1133 5285 1236 5359 pro
1266 5303 1429 5344 more
1460 5285 1630 5359 istius
1664 5285 1920 5344 nationis

272 5356 762 5431 frequentarent.‘
801 5356 1221 5415 Blachernense
1277 5358 1629 5431 igiturillud
1662 5363 1919 5431 tantum-

274 5430 448 5484 modo
475 5427 814 5484 ceremonim
847 5444 1040 5496 causa,
1098 5445 1166 5485 ex
1193 5427 1381 5486 vete're
1440 5429 1578 5501 ritu,
1610 5429 1787 5487 semel
1821 5447 1922 5502 per

275 5516 520 5566 annum,
553 5503 655 5554 aut
702 5504 856 5555 certe
906 5501 1117 5570 oppido
1176 5519 1304 5558 raro
1345 5505 1432 5569 (ut
1487 5503 1558 5558 ad
1616 5501 1918 5570 balneum,

271 5573 431 5699 good
460 5571 614 5628 haud
647 5572 946 5641 vulgarem
1005 5573 1452 5629 sanctimoniam
1489 5574 1784 5630 utentibus
1814 5576 1919 5630 ad-

311 5652 452 5699 eret.
484 5649 539 5699 et
581 5642 1042 5699 benedictionem
1096 5644 1653 5699 nrosneritatemaue
1683 5647 1919 5699 larcire-

2031 5141 2248 5215 λὸὖσμα
2275 5143 2919 5231 appellaturLadibant.
2943 5148 3106 5216 Quod
3139 5149 3405 5231 si__tieret.
3440 5151 3686 5231 quibus-

2030 5231 2164 5271 cum
2233 5219 2580 5273 ceremoaiis
2622 5219 2805 5285 ﬁeret,
2859 5221 2949 5275 hic
2997 5222 3320 5290 exponitur.
3362 5219 3685 5280 De'balneo

2030 5287 2142 5346 isto
2174 5286 2584 5346 Blachernensi
2631 5289 2772 5357 vid.,
2806 5291 2853 5347 si
2882 5291 3168 5359 tactiost,
3201 5293 3382 5359 inepti
3435 5294 3685 5351 (ὗε-ωουΙί

2029 5292 2142 5346 isto
2174 5292 2584 5346 Blachernensi
2631 5292 2772 5357 vid.,
2806 5292 2853 5347 si
2882 5292 3168 5359 tantiest,
3201 5293 3382 5365 inepti
3435 5294 3685 5351 Graculi

2029 5365 2456 5441 commentum,
2489 5363 2642 5489 (ﬁred
2686 5361 2905 5420 habent
2932 5369 3080 5447 pote
3109 5363 3413 5448 Alemanni
3447 5366 3518 5448 ad
3555 5366 3687 5422 Pro-

2029 5446 2261 5489 comum
2298 5448 2353 5489 D.
2387 5433 2477 5488 83.
2563 5451 2656 5489 am
2693 5441 2899 5489 preter
2929 5451 3115 5489 ineius
3142 5453 3222 5489 rei
3253 5435 3682 5489 absurditatem

2029 5433 2353 5520 copi’umhp‘.
2387 5433 2477 5488 83.
2511 5433 2656 5490 Nam
2691 5441 2899 5519 praeter
2929 5437 3115 5520 ipsius
3142 5435 3222 5520 rei
3253 5435 3682 5520 absurd‘intatem

2029 5503 2304 5629 iBmpingit
2332 5502 2505 5586 homo
2537 5502 2771 5578 quoque
2818 5508 2877 5562 in
2931 5502 3680 5593 chronologicasyationes.

2077 5591 2109 5630 a
2139 5590 2311 5652 neum
2335 5575 2480 5632 illud
2501 5577 2934 5636 Blacbernense
2965 5579 3064 5634 diu
3100 5583 3230 5652 post
3245 5578 3276 5636 δ
3287 5584 3550 5638 ustmum
3573 5581 3684 5637 fuit

311 5652 452 5712 erol,
484 5649 539 5700 et
581 5642 1042 5728 benedictio-nem
1094 5644 1653 5728 prqsperitatqmgue
1680 5647 1924 5728 largire-
2034 5646 2360 5705 conditum.

270 5717 390 5784 tur,
450 5720 805 5790 quapropter
861 5712 1037 5770 etiam
1095 5712 1269 5771 ‘inf’ra
1322 5732 1377 5788 p.
1456 5712 1582 5785 320',
1641 5717 1702 5771 τὸ
1770 5717 1918 5794 ἅγιον
