4052 6394
251 385 410 447 1023

1321 375 1854 440 CONS’I‘AN'I‘lNI
1900 373 2599 440 PORPHYROGENITI

3514 365 3672 430 1024

249 519 444 590 imago
462 517 556 573 Dei
574 513 880 572 Genitricis
893 516 949 568 et
962 516 1238 584 argentea
1254 527 1397 566 crux
1417 514 1649 566 exstant
1672 533 1688 576 ;
1710 509 1768 563 in
1792 525 1892 563 cu-

2028 508 2232 577 Ιστὶον,
2265 509 2347 563 ὅτι
2397 505 2449 561 ἐν
2484 507 2529 578 ᾧ
2554 505 2710 576 τόπῳ
2755 500 3006 556 ’ἰστανται
3052 501 3106 554 οἱ
3160 500 3404 575 βασιλεῖς
3435 497 3673 572 ἐπευχό-

241 609 341 680 jus
373 607 530 662 aditu
575 620 829 677 quoque,
864 603 1207 675 priusquam
1245 599 1666 673 ingrediantur,
1700 614 1895 654 cereos

247 697 596 753 accendunt.
622 693 870 765 Ingreasi
899 701 1092 748 autem
1117 691 1390 762 deinceps
1413 690 1469 745 in
1493 688 1892 754 metatorium,

247 783 546 855 siquidem
590 775 1894 852 cupiunt,infulantur.Tenendum,eoinloco,

247 873 306 928 in
333 887 448 944 quo
469 871 802 926 subsistunt
825 868 1044 923 domini
1073 883 1269 937 preces
1291 867 1360 920 ad
1389 870 1566 920 Deum
1593 864 1893 934 facientes,

247 960 328 1016 ibi
371 960 686 1016 subsistere
731 973 986 1029 quoque,
1025 956 1125 1028 qui
1171 956 1454 1012 hactenus
1496 970 1591 1010 eos
1631 952 1893 1009 comitati

247 1052 496 1117 fuerant,
532 1048 739 1103 mediae
769 1047 1014 1102 hetaerias
1055 1045 1324 1101 homines
1367 1047 1499 1116 post
1539 1043 1692 1098 bona
1720 1043 1896 1098 verba

249 1138 507 1194 dominis
537 1137 712 1192 dicta.
738 1136 1069 1191 Transeunt
1092 1150 1260 1205 porro
1281 1132 1502 1189 domini
1528 1148 1630 1203 per
1658 1131 1896 1187 narthe-

247 1245 396 1293 cem,
421 1243 572 1298 quos
604 1228 955 1280 venerantur
983 1224 1241 1280 secunda
1271 1222 1397 1278 vice
1427 1220 1694 1293 magistri
1716 1225 1773 1276 et
1802 1237 1898 1291 pa-

245 1316 398 1372 tricii
412 1319 469 1371 et
481 1314 760 1372 ofﬁciales
778 1332 791 1381 ;
807 1319 863 1368 et
875 1313 1204 1368 ascendunt
1225 1312 1448 1367 domini
1464 1328 1563 1382 per
1576 1309 1895 1378 cochleam,

245 1412 304 1462 et
335 1405 582 1462 ulterius
611 1412 863 1476 pergunt
884 1404 952 1458 ad
977 1404 1228 1473 apodyta
1251 1401 1360 1472 [vel
1383 1400 1723 1456 vestiarium
1756 1415 1897 1454 exu-

246 1494 486 1560 torium,
521 1493 616 1548 ubi
650 1509 684 1547 ii
716 1491 926 1548 loturis
972 1498 1162 1547 vestes
1212 1489 1630 1561 deponuntur].
1673 1490 1900 1543 Interea

246 1599 381 1639 vero
415 1583 557 1637 dum
591 1582 710 1637 haec
744 1581 913 1644 ﬁunt,
939 1579 1216 1636 ordinant
1244 1593 1392 1646 sese,
1421 1578 1522 1649 qui
1560 1576 1728 1649 prius
1748 1594 1779 1631 a
1799 1579 1896 1633 do-

252 1673 432 1727 minis
463 1686 597 1727 eum
631 1671 690 1726 in
725 1671 905 1725 ﬁnem
949 1669 1373 1735 abscesserant,
1407 1667 1625 1722 basilici
1659 1666 1732 1721 ad
1760 1667 1899 1722 dex-

2011 619 2187 671 μενοι,
2250 596 2497 654 ’ίστανται
2555 597 2606 650 οἱ
2673 600 2775 663 τῆς
2829 593 3002 666 μέσης
3049 591 3339 666 ἑταιρείας,
3389 590 3479 646 καὶ
3511 588 3672 645 αὐτοὶ

2007 686 2397 763 ἐπευχόμενοι.
2454 685 2554 743 Καὶ
2605 683 2838 754 ἐξιόντες
2887 680 3204 758 διέρχονται
3257 677 3347 735 διὰ
3392 683 3491 734 τοῦ
3540 677 3675 754 νάρ-

2009 778 2200 847 θηκος,
2251 777 2343 832 καὶ
2390 774 2555 831 πάλιν
2609 771 2865 848 δέχονται
2911 771 3137 831 τούτους
3180 768 3232 823 ο⁹ί
3276 789 3336 824 τε
3379 767 3671 844 μάγιστροι

2003 866 2094 920 καὶ
2135 866 2416 941 πατρίκιοι
2475 865 2565 919 καὶ
2625 858 2996 940 ὀφφικιάλιοι,
3050 858 3140 913 καὶ
3205 857 3412 914 ἀνίασιν
3473 858 3525 912 οἱ
3585 853 3671 912 δε-

2005 954 2202 1010 σπόται
2245 952 2334 1010 διὰ
2371 958 2468 1008 τοῦ
2507 951 2746 1026 κοχλιοῦ
2777 949 2867 1004 καὶ
2909 948 3261 1022 ἀπέρχονται.
3295 947 3359 1001 O't
3400 942 3458 1001 δὶ
3504 945 3672 1020 βασι-

2007 1043 2153 1100 λικοὶ
2213 1044 2696 1119 προαπερχόμενοι
2748 1038 2996 1093 ’ίστανται
3057 1034 3203 1106 δεξιᾷ
3259 1036 3349 1090 καὶ
3416 1037 3674 1110 ἀριστερᾷ

2005 1128 2106 1203 ἔξω
2143 1139 2251 1189 τῶν
2314 1133 2639 1208 εἰσαγόντων
2709 1126 3066 1203 παραπτὲρων
3136 1127 3214 1190 εἷς
3274 1126 3342 1181 τὰ
3403 1121 3671 1184 ἀποδυτά.

2007 1224 2110 1280 Καὶ
2176 1229 2286 1279 τῶν
2354 1221 2630 1278 δεσποτῶν
2705 1218 3100 1294 διερχομένων,
3179 1217 3504 1295 ἐπεύχονται
3579 1233 3671 1287 καὶ

2006 1313 2181 1372 αὐτοί.
2233 1315 2300 1370 Οἱ
2350 1311 2406 1367 δὲ
2450 1309 2706 1366 δεσποται
2767 1307 3185 1382 δηριγευόμενοι
3259 1305 3362 1361 ὑπό
3437 1325 3497 1360 τε
3569 1309 3671 1360 τοῦ

2005 1398 2403 1459 κουϐουκλείου
2433 1402 2524 1457 καὶ
2571 1406 2679 1455 τῶν
2731 1393 3086 1476 μαγλαϐιτῶν
3136 1396 3227 1450 καὶ
3277 1402 3378 1465 τῆς
3422 1393 3672 1470 μεγάλης

2009 1491 2295 1566 ἑταιρείας,
2348 1491 2688 1565 εἲσέργονται
2760 1487 2840 1550 εἷς
2895 1487 2962 1542 τὰ
3025 1486 3306 1561 ἀπάγοντα
3350 1485 3673 1559 παράπτερα

2009 1583 2086 1645 εἰς
2129 1582 2195 1637 τὰ
2223 1578 2486 1638 ἁποδυτά.
2541 1579 2636 1637 Καὶ
2697 1579 2748 1634 οἱ
2821 1578 2915 1651 μὶν
2965 1581 3064 1645 τῆς
3120 1574 3368 1650 μεγάλης
3397 1573 3670 1648 ἑταιρείας

2006 1668 2257 1725 ’ίστανται
2307 1669 2463 1733 εὐθὺς
2524 1668 2660 1741 μετὰ
2717 1665 2924 1742 ὀλίγων
2976 1665 3360 1740 ἐπευχόμενοι,
3408 1663 3501 1718 καὶ
3553 1663 3671 1737 μετ’

250 1765 403 1816 tram
430 1760 846 1830 sinistramque
868 1761 1092 1830 partem
1117 1757 1269 1812 foras
1293 1760 1591 1827 paraptera
1615 1755 1754 1825 [sive
1779 1757 1902 1813 alas

2021 1758 2246 1823 ἐκείνους
2291 1761 2344 1814 οἱ
2396 1753 2734 1834 μαγλαϐἷται
2779 1754 3052 1824 ἵστανται,
3101 1753 3190 1808 καὶ
3238 1752 3394 1810 αὐτοὶ
3434 1751 3674 1827 ἐπευχό-

255 1855 357 1906 aut
388 1848 855 1904 substructiones
888 1845 1179 1918 laterales]
1211 1846 1282 1901 ad
1313 1845 1565 1918 apodyta
1597 1846 1898 1913 ducentes,

2021 1871 2190 1923 μενοι,
2257 1850 2343 1903 καὶ
2406 1848 2524 1921 μετ’
2595 1845 2789 1908 αὐτοὺς
2836 1846 2886 1900 οἱ
2934 1847 3031 1899 τοῦ
3095 1837 3513 1910 κουϐουιιλείου,
3578 1841 3672 1898 καὶ

2054 1939 2066 1954 1
2147 1937 2162 1954 ε
2230 1936 2243 1954 9
2407 1933 2426 1953 .I
2669 1936 2683 1954 ς
2814 1934 2826 1951 1
2921 1932 2936 1954 9
2994 1932 3004 1951 Ι
3056 1953 3065 1954 κ
3173 1929 3445 1954 ?,§Im,_-_
3510 1930 3643 1954 ΜᾷνΙ

254 1938 622 2009 dominisque
650 1953 750 2008 per
779 1954 841 1992 se
873 1937 1096 1992 medios
1119 1935 1563 1991 transeuntibus
1586 1935 1738 1991 bona
1769 1950 1894 2007 pre-

2021 1937 2164 1994 ιύτοὶ
2225 1933 2588 2013 ἐπευχόμενοι
2640 1936 2718 1997 εἰς
2773 1934 2838 1990 τὸ
2893 1932 3108 2006 εἷσάγον
3170 1929 3446 2006 ἐνδότερον
3507 1930 3674 2004 μονό-

253 2034 480 2085 cantur.
499 2027 728 2084 Domini
745 2031 937 2082 autem
954 2027 1151 2098 stipati
1166 2025 1480 2082 acubiculo
1493 2031 1550 2081 et
1563 2025 1897 2096 maglabitis

2021 2030 2190 2103 iupov,
2235 2027 2324 2082 καὶ
2378 2022 2566 2097 ἔξωθεν
2612 2024 2710 2080 τοῦ
2763 2021 3072 2096 μονοθόρου
3097 2019 3348 2077 ἵστανται
3402 2022 3454 2076 οἱ
3502 2041 3675 2097 πραι-

251 2123 311 2174 et
343 2133 554 2190 magna
586 2116 823 2172 heteria
855 2116 1077 2172 intrant
1105 2114 1166 2169 in
1201 2119 1506 2187 paraptera
1543 2115 1618 2170 ad
1651 2117 1900 2188 apodyta

2021 2118 2226 2172 πόσιτοι
2290 2113 2378 2171 καί
2446 2114 2603 2170 αὐτοὶ
2690 2112 3079 2191 ἐπευχόμενοι.
3150 2112 3217 2168 Οἱ
3285 2109 3342 2166 δὶ
3408 2107 3671 2166 δεσπόται

254 2207 558 2262 ducentes.
583 2204 750 2259 Illinc
771 2209 969 2260 autem
992 2219 1258 2276 egressos
1279 2204 1544 2260 comitati
1571 2203 1903 2275 aliquantu-

253 2295 400 2362 lum,
425 2294 757 2351 subsistunt
787 2299 922 2366 post
941 2295 1095 2350 bona
1114 2295 1291 2350 verba
1312 2293 1565 2350 dominis
1596 2295 1745 2350 dicta
1779 2312 1902 2351 ma-

2012 2205 2346 2280 ἀπέρχονται
2423 2204 2476 2260 ὲν
2553 2209 2670 2265 τοῖς
2746 2199 3062 2268 ἆποδυτοῖς,
3136 2200 3226 2254 καὶ
3301 2195 3673 2272 ἀποδυόμενοι

2011 2291 2441 2371 περιϐάλλονται
2514 2294 2581 2348 τὰ
2658 2295 2836 2370 χρυσᾶ
2875 2291 3082 2346 τούτων
3125 2288 3305 2345 λέντια
3379 2291 3516 2363 (29),
3578 2287 3674 2345 καὶ

1292 2392 1490 2450 JOAN.
1531 2394 1678 2450 JAC.
1726 2393 1992 2452 REISKII
2034 2392 2628 2452 COMMENTARIUS.

261 2483 432 2540 istam
467 2481 526 2536 in
558 2481 858 2538 codicibus
899 2482 1102 2536 mestis
1143 2496 1377 2553 quoque
1416 2482 1788 2540 circumﬂexo
1820 2501 1910 2540 re-

262 2558 638 2626 praesentant.
675 2554 832 2608 Idem
875 2554 1101 2609 Corsini
1144 2553 1473 2625 Appendice
1503 2556 1573 2611 ad
1604 2555 1909 2612 laudatum

262 2625 418 2700 opus
470 2641 600 2695 pag.
651 2627 742 2700 28_,
785 2626 1072 2700 observat,
1116 2625 1174 2680 in
1226 2625 1716 2700 Inscriptionibus
1763 2633 1908 2700 Psy-

258 2695 450 2768 chari'o
523 2697 1034 2768 prohPsyrharion
1100 2696 1362 2768 repe_rjri.
1417 2695 1592 2754 infra
1658 2716 1711 2768 p.
1781 2695 1907 2767 342,

259 2773 348 2824 est
395 2760 723 2841 ’Δπρχαϐδᾶ
762 2760 866 2840 pro
914 2760 1372 2840 Ἀπουχα’μϐδᾶν.
1415 2770 1582 2840 Apud
1626 2760 1712 2825 Dn
1761 2760 1908 2825 Cari;

266 2841 426 2914 gium
487 2839 578 2895 Gl.
640 2839 732 2893 Gr.
765 2839 872 2914 ip.‘
916 2839 1385 2914 Ηυξ-παραμιᾶ
1440 2839 1546 2911 pro
1603 2841 1909 2914 παραμίαν,

261 2911 492 2982 Ubique
562 2911 1038 2987 prostat'iorma
1109 2911 1469 2987 Ἀμερουμνῆ
1545 2911 1912 2987 “31‘5ng-

264 2987 506 3056 μουμνῇ,
540 2999 666 3052 quin
688 2982 901 3056 _lectio_
931 2988 1064 3038 nata
1095 2987 1184 3038 est
1215 2986 1284 3056 ab
1318 2984 1455 3049 illis,
1492 2985 1593 3056 qui
1644 2982 1786 3056 non'
1817 2982 1910 3042 in-

263 3053 624 3127 telligebant,
649 3053 1089 3127 circumflexum
1113 3058 1169 3109 et
1193 3053 1312 3110 vice
1345 3053 1618 3127 accentus
1641 3055 1721 3110 ibi
1745 3056 1910 3127 fungi

265 3130 320 3180 et
351 3125 604 3180 litteram
637 3125 1000 3183 deﬁcientem
1030 3145 1057 3178 ν
1089 3132 1528 3196 repraesentare.
1561 3126 1708 3182 Nam
1744 3125 1912 3196 plena

262 3201 318 3252 et
367 3201 524 3269 recta
573 3197 756 3252 forma
799 3206 884 3252 est
933 3196 1381 3269 ’Δμερμουμνῆν,
1431 3199 1597 3255 Amer
1641 3199 1908 3256 Mumm‘n.

266 3269 348 3323 Ex
378 3268 485 3324 hoc
517 3282 740 3324 canone
780 3269 962 3324 multa
1006 3268 1255 3339 possunt
1300 3273 1556 3324 veterum
1606 3277 1903 3326 auctorum

267 3346 324 3396 et
357 3355 713 3395 marmorum
765 3339 890 3394 loca
937 3340 1256 3406 emendari,
1311 3348 1579 3411 corrupta
1626 3358 1740 3398 non
1786 3346 1906 3398 tam

270 3411 532 3486 antiquis
577 3412 648 3465 ab
693 3411 972 3486 librariis,
1004 3416 1060 3466 et
1105 3411 1435 3486 lapi-dariis,
1474 3429 1652 3484 quam
1685 3431 1718 3469 a
1747 3420 1910 3486 typo-

272 3482 515 3554 graphis
573 3486 630 3535 et
683 3482 1004 3554 editoribus
1057 3482 1293 3554 nostris,
1343 3485 1444 3554 qui
1492 3482 1911 3554 compendium

271 3553 578 3624 scripturas
607 3553 817 3608 veteris
852 3569 967 3608 non
1000 3553 1420 3624 percipiebant.
1452 3555 1577 3611 Non
1622 3553 1777 3612 enim
1828 3558 1910 3611 vi-

273 3622 423 3696 tium
452 3622 673 3696 faciunt
696 3624 788 3695 qui
811 3622 1065 3680 litteram
1097 3622 1378 3681 omittunt
1408 3643 1569 3683 more
1589 3629 1914 3696 suitenipo-

268 3695 352 3751 ris
403 3694 734 3760 universali,
767 3696 870 3750 sed
921 3696 1026 3768 illi,
1060 3697 1161 3768 qui
1207 3713 1320 3752 non
1371 3699 1596 3754 addunt
1645 3700 1700 3754 in
1749 3694 1913 3755 lib—ris

265 3770 547 3839 typorum
571 3782 678 3839 ope
716 3767 1029 3836 expressis,
1061 3769 1120 3823 in
1154 3768 1369 3839 quibus
1399 3771 1590 3826 omitti
1625 3770 1762 3825 talia
1795 3788 1910 3828 non

266 3837 476 3911 solent.
491 3837 754 3911 _V_idebor
784 3839 1080 3909 aliquibus
1111 3837 1238 3911 ipsa
1272 3840 1411 3896 mihi
1442 3844 1630 3898 dicam
1662 3842 1912 3898 scribere

266 3909 410 3985 et‘in
455 3908 1508 3985 aliisfacinusimeum‘improbare.
1536 3914 1605 3968 Et
1655 3915 1911 3985 profecto

269 3927 410 3965 etin
455 3927 585 3964 aiiis
637 3927 862 3965 iacinus
909 3927 1097 3966 meum
1149 3927 1499 4036 ιωῖιτοοατθ.
1538 3927 1605 3968 ist.
1655 3927 1911 3985 pretecto

269 3980 444 4056 aliam
475 3980 823 4056 institissem
853 3982 1030 4056 viam,
1064 3981 1112 4038 si
1162 3984 1240 4037 mi
1290 3983 1309 4037 i
1357 3984 1704 4056 contigisset
1757 3984 1912 4042 hunc

270 4051 493 4127 librum
521 4055 774 4127 secundo
797 4055 1134 4127 edere;jam
1155 4070 1289 4109 vero
1315 4071 1448 4111 cum
1482 4051 1707 4127 primus
1737 4057 1908 4112 edam

267 4139 298 4196 e
320 4124 702 4196 membranis,
726 4141 852 4195 qua
879 4125 1159 4196 gemellas
1181 4141 1296 4181 non
1329 4124 1540 4184 habere
1569 4128 1907 4195 creduntur,

268 4194 453 4269 legem
485 4194 626 4269 mihi
661 4194 872 4266 scripsi
887 4194 1050 4269 feam,
1086 4201 1149 4252 ut
1178 4213 1457 4269 sequerer
1485 4215 1684 4254 earum
1713 4194 1910 4254 exemé

265 4265 450 4392 ﬁlum,
473 4265 847 4350 quod_mutet
867 4265 1443 4351 deincepsven'turus
1467 4269 1676 4342 aliquis
1699 4270 1905 4326 editor.

315 4354 384 4392 eo
401 4353 535 4392 vero
555 4342 613 4392 et
633 4338 866 4392 illorum
889 4344 946 4392 et
968 4355 1335 4392 superiorum
1361 4345 1479 4392 tem
1491 4357 1690 4392 norum
1716 4357 1905 4392 mores

314 4354 384 4409 go
401 4337 535 4393 vero
555 4342 613 4411 et
633 4337 866 4394 illorum
889 4344 946 4395 et
968 4337 1335 4405 superiorum
1361 4337 1690 4411 temporum
1716 4357 1910 4397 mores

268 4409 711 4483 exauctoritate
732 4411 1210 4483 membranarum
1245 4409 1513 4483 religiose
1545 4413 1782 4468 reddere
1809 4429 1910 4468 vo-

271 4478 352 4552 lui
382 4479 696 4552 debuique.
729 4481 881 4536 Bene
929 4482 1086 4536 enim
1139 4485 1292 4551 novi,
1325 4478 1552 4540 Greece
1598 4485 1911 4540 hodiernos

267 4551 314 4608 N
363 4551 534 4607 ﬁnale
575 4551 692 4608 non
733 4553 790 4606 in
835 4553 1145 4609 scribendo
1189 4557 1440 4622 tantum,
1488 4555 1591 4611 sed
1634 4553 1815 4614 etiam
1849 4557 1909 4611 in

270 4638 540 4680 sermone
587 4624 896 4698 omittere;
931 4640 1122 4696 neque
1173 4641 1321 4698 novo
1367 4626 1424 4682 id
1475 4629 1758 4698 exemplo,
1809 4628 1906 4698 sed

1937 3298 1981 3367 C
2195 3341 2206 3352 .
2305 3298 2421 3330 υιυς
2454 3298 2740 3332 [tacut-nius;
2780 3298 2975 3350 0'}.quev

2023 3343 2086 3398 In
2122 3358 2310 3413 primo
2343 3342 2550 3396 horum
2585 3357 2753 3396 versu
2794 3340 2984 3395 littera

2017 2483 2341 2559 Βαρβὸλομε
2392 2481 2717 2557 κρεμασθεὶς
2778 2478 2866 2559 ἔπι
2923 2483 3182 2559 σταυροῦ-
3215 2478 3670 2559 τελειοῦταιεηει

2014 2549 2110 2612 sic'
2136 2557 2249 2628 ipsi
2277 2549 2517 2628 quoque
2549 2553 2988 2628 vetereshGrteci
3030 2549 3187 2628 haud
3218 2568 3348 2628 raro
3379 2571 3404 2610 ς
3434 2549 3663 2628 omitte-

2014 2619 2180 2690 bant',
2214 2633 2278 2683 ut
2302 2619 2375 2701 ex
2405 2619 2554 2701 ᾀὶιρνω
2602 2642 2704 2698 pro
2763 2622 2946 2701 ἅφνως
2996 2623 3100 2701 vel,
3135 2623 3351 2701 ἀφανῶς
3381 2629 3432 2701 et
3461 2619 3663 2701 simili-

2014 2701 2139 2784 bus.
2180 2692 2568 2784 concluditur,
2602 2692 3658 2784 'quoru'in‘poseitﬂi'mnm‘anichop‘ia

2017 2771 2164 2842 cogi,
2225 2771 2274 2826 si
2334 2771 2442 2825 hoc
2502 2765 2770 2842 agerem;
2817 2765 2943 2822 vid:
2987 2769 3061 2822 ad
3122 2783 3178 2837 p.
3236 2766 3342 2822 342
3397 2765 3665 2820 dicenda.

2015 2842 2252 2899 Interim
2312 2857 2494 2896 unum
2555 2846 2613 2896 et
2669 2841 2918 2896 alterum
2988 2836 3319 2909 exemplum
3381 2836 3668 2909 omissi_v

2018 2913 2212 2998 ﬂnalis
2280 2913 2340 2968 in
2409 2911 2666 2998 antiquis
2733 2907 3673 2998 marmoribus—subiungamjn

2017 2985 2335 3068 specimen,
2371 2981 2665 3066 quomodo
2691 2999 2824 3038 cum
2857 2981 3077 3064 talibus
3108 2981 3538 3061 procedendum
3573 2981 3674 3034 sit.

2017 3058 2081 3114 In
2130 3058 2326 3113 Diario
2379 3055 2570 3110 italico
2620 3054 3033 3110 Montfauconii
3066 3070 3123 3124 p.
3158 3053 3282 3119 425,
3316 3051 3531 3123 legitur
3561 3049 3674 3107 hoc

2023 3128 2314 3184 distichon
2347 3143 2478 3182 cum
2515 3126 2715 3181 multis
2741 3124 2909 3180 aliis:

2169 3199 2281 3254 Τοῦ
2305 3196 2426 3270 Διὸς
2448 3196 2772 3270 Ἀλκμήνης
2802 3215 2861 3249 τε
2899 3195 3061 3270 γόνον
3090 3199 3349 3270 τιμαῖσιν
3371 3190 3506 3262 ἀέξω

2305 3269 2422 3330 υιὸς
2454 3262 2742 3332 Λασόενέος
2780 3262 2975 3334 στῆσεν
3005 3262 3228 3392 ἄγαλμα
3256 3262 3383 3320 τόδε

2305 3364 2310 3391 ι
2343 3342 2550 3392 horum
2585 3357 2753 3392 versu
2794 3340 2984 3392 littera
3015 3357 3048 3392 u
3080 3339 3222 3392 tinia
3252 3354 3370 3392 non

3015 3336 3222 3394 ultima
3252 3354 3370 3393 non
3409 3337 3549 3392 vitio
3587 3336 3672 3392 la-

2023 3408 2256 3484 pidarii,
2288 3414 2389 3468 sed
2422 3431 2491 3468 ex
2522 3429 2683 3468 more
2734 3417 2971 3484 vetusto
3004 3411 3188 3484 abest,
3221 3408 3443 3484 lectori,
3471 3408 3671 3484 Grece

2022 3480 2257 3540 callenti
2298 3483 2898 3556 suppletumrelicta._
2922 3482 2981 3538 ld
3017 3480 3565 3556 idemcensenduin
3601 3481 3675 3536 de

2021 3551 2688 3626 inscriptione-Herodis
2730 3554 2924 3617 Attici,
2959 3569 3070 3623 qua
3099 3553 3402 3626 Triopium
3435 3551 3670 3626 dedica-

2020 3629 2136 3694 vit;
2162 3624 2220 3680 iri
2252 3644 2414 3698 quav
2438 3628 2724 3684 omissum
2758 3627 2914 3682 viros
2945 3625 3147 3682 doctos
3181 3625 3237 3678 in
3270 3639 3525 3680 errorem
3557 3624 3671 3679 im-

2023 3699 2253 3772 plicuit,
2287 3704 2349 3754 ut
2378 3716 2430 3754 v.
2463 3700 2540 3772 βξ

2123 3769 2370 3844 Τόφραδιε
2398 3768 2485 3822 ταὶ
2515 3767 2801 3844 Τριόπειαι
2829 3766 2882 3822 ἐν
2912 3767 3200 3844 ἀθανάτοις
3235 3765 3568 3844 ᾇλέγησθον.

2023 3844 2105 3897 lta
2135 3837 2291 3897 enim
2324 3837 2605 3912 legendus
2637 3842 2743 3912 ille
2769 3841 3079 3912 locusest.
3103 3839 3164 3892 ln
3206 3837 3470 3912 ejusdem
3503 3837 3668 3892 dedi-

2021 3914 2251 3982 catione
2303 3909 2514 3967 statuas
2565 3910 2799 3982 Regillis
2841 3928 2892 3964 v.
2927 3910 3018 3973 34,
3052 3910 3263 3982 ἄνασσα
3300 3909 3515 3982 legitur
3559 3926 3664 3978 pro

2020 3981 2248 4038 ἄνασσαν
2276 3990 2333 4040 et
2363 4000 2412 4038 ν.
2453 3985 2541 4047 43,
2578 3981 2779 4054 μὲρτο
2813 3982 2931 4052 μὲν,
2966 3981 3064 4037 ubi
3093 4002 3119 4033 ν
3153 3981 3434 4054 omissum
3477 3981 3671 4054 dexte-

2021 4056 2162 4110 ritas
2192 4061 2250 4111 et
2281 4052 2590 4125 prudentia
2642 4052 2882 4122 legentis
2927 4055 3100 4109 tacite
3150 4053 3424 4122 supplere
3469 4052 3666 4125 debet,

2021 4144 2136 4182 non
2173 4124 2520 4194 lapi’darium
2556 4125 2873 4190 criminari,
2898 4131 2962 4180 ut
2993 4140 3182 4195 neque
3214 4125 3544 4190 librarium,
3567 4124 3671 4192 qui

2020 4199 2285 4253 Anrhialo
2313 4197 2549 4253 vastavit
2585 4214 2686 4269 pro
2725 4195 3330 4269 Απεθιίιλιιοζιθιιιιιιιινὶιζ
3351 4195 3423 4250 ‘V.
3456 4195 3671 4269 Script_.

2020 4271 2169 4325 Hist.
2203 4274 2380 4341 ,Aug.
2432 4269 2496 4324 Τ.
2541 4266 2601 4338 Ι,’
2627 4286 2681 4340 ρ.
2725 4269 2851 4337 848,
2893 4267 3069 4341 etii,
3115 4266 3243 4341 377.
3302 4267 3546 4341 Rectum
3607 4267 3666 4322 id

2021 4345 2130 4408 est,
2165 4340 2283 4395 sive
2314 4337 2551 4396 librario
2601 4337 2850 4407 tribuas,
2883 4339 2981 4410 qui
3037 4337 3363 4410 Palatinum
3411 4337 3673 4410 codicem

2019 4413 2296 4477 exaravit,
2321 4411 2532 4467 lineam
2560 4409 2949 4467 transversam
2972 4427 3007 4463 η
3031 4409 3458 4479 signiﬁcantem
3493 4409 3672 4465 omit-

2021 4485 2186 4550 tenti,
2219 4485 2339 4540 sive
2389 4483 2634 4539 dialecto
2686 4483 2943 4554 plebeia,
2977 4498 3105 4554 quas
3138 4481 3196 4535 in
3231 4482 3360 4552 ipsa
3407 4497 3673 4554 pronun-

2021 4556 2261 4611 tiatione
2290 4573 2327 4609 η
2357 4561 2414 4609 et
2441 4572 2494 4609 m
2527 4560 2582 4609 et
2605 4572 2631 4609 ε
2675 4551 2875 4610 ﬁnalia
2905 4551 3231 4608 omittebat.
3256 4551 3499 4607 ’Scatent
3543 4551 3676 4607 tali-

2022 4627 2130 4682 bus
2153 4627 2566 4698 inscriptiones
2589 4631 2644 4681 et
2665 4625 2862 4681 tabula
2883 4623 3350 4698 Peutingeriana.
3377 4623 3676 4698 AdgCapsu

267 4699 492 4751 veteres
525 4711 765 4822 guoque
795 4673 1319 4752 sic,con1suevisse.v
1344 4673 1913 4755 iiné"€i£iE'ilaiiBi
1943 4673 1989 4739 Β
2021 4673 2566 4767 Ῑιῖιῖάῆτηίιῖοωῖιᾶν
2592 4673 2862 4768 6654's}:—
2883 4673 3350 4759 ’.ιῗξὸἓίῖἱιῐὸῗ
3368 4673 3673 4765 iﬁiéaifr'o",

267 4782 475 4822 vocum
578 4783 856 4822 raeearuin
908 4767 1349 4822 terminationes
1380 4770 1438 4822 in
1471 4789 1545 4822 ων
1578 4769 1791 4822 ultima
1818 4769 1920 4822 lit-
2028 4771 2215 4822 Pireo.
2249 4786 2376 4822 aute
2423 4769 2656 4822 perinde
2699 4767 2893 4822 saeculi
2937 4765 3329 4822 Theodosiani
3357 4775 3529 4822 atque
3572 4768 3673 4822 de-

267 4782 475 4823 vocum
525 4767 856 4822 Graecarum
908 4767 1349 4824 terminationes
1380 4770 1438 4825 in
1471 4789 1545 4822 ων
1578 4769 1791 4826 ultima
1818 4769 1920 4825 lit-

269 4843 396 4894 tera
422 4838 817 4906 mutilassent,
852 4839 965 4894 nisi
1013 4845 1202 4909 patres
1232 4856 1458 4907 eorum,
1489 4841 1676 4897 iEoles
1717 4847 1776 4897 et
1811 4843 1920 4897 Do-

271 4925 405 4984 res,_
435 4910 492 4965 id
551 4927 652 4967 eos
711 4909 1094 4984 docuissent?
1132 4911 1316 4984 Plato,
1373 4913 1722 4984 Amphitruo,
1777 4913 1920 4968 item

271 4982 458 5049 statio,
488 4985 766 5049 generatio
814 4983 1020 5038 dicunt
1049 4987 1104 5038 et
1137 4983 1376 5039 similia.
1409 4982 1557 5039 Sunt
1595 4983 1749 5040 enim
1801 4983 1922 5040 hac

272 5066 427 5128 mere
473 5053 708 5128 (jrasca;
744 5057 810 5128 ut
855 5069 890 5108 a
925 5053 1126 5128 στατὸς
1177 5056 1243 5128 ﬁt
1292 5055 1547 5128 στατίων,
1598 5057 1678 5110 ita
1711 5072 1742 5110 a
1770 5074 1922 5128 γενε-

275 5121 439 5205 ρᾴτος
469 5122 1126 5205 ἣμγενερατίῳνηβῖθᾳυθ
1144 5145 1172 5178 ν
1197 5126 1371 5205 ﬁnale
1403 5121 1920 5205 solummodoghspti

274 5197 450 5266 etiam
484 5211 509 5251 ς
541 5197 598 5266 in
642 5197 1054 5253 terminatione
1086 5217 1151 5266 ης
1182 5203 1239 5254 et
1269 5217 1328 5258 ος
1361 5199 1732 5254 omittebant.
1765 5197 1924 5254 Nihil

279 5263 644 5346 frequentius
667 5267 818 5346 apud
850 5267 1074 5346 Lupum
1106 5263 1776 5346 Protospatham,_quam
1800 5271 1925 5346 illa-

273 5335 445 5394 niaci'.
463 5335 732 5404 Stratigo,
746 5335 1014 5404 Patricio,
1029 5335 1390 5397 Auatolico'et
1412 5343 1548 5397 talia
1572 5335 1633 5396 in
1656 5341 1924 5397 nomina-

277 5409 393 5485 _tiv_o
407 5407 630 5485 effem.
649 5407 744 5463 Sic
757 5424 962 5485 omnes
979 5411 1119 5485 Lupi
1133 5417 1306 5485 aetate
1323 5412 1709 5485 loquebantur
1722 5421 1777 5468 et
1791 5413 1928 5469 scri-

273 5477 602 5554 bebant,_et
632 5495 700 5554 ei:
729 5479 967 5554 antiqua
993 5477 1304 5540 traditione
1338 5477 1660 5554 loquuntur
1697 5490 1755 5540 et
1786 5486 1930 5540 scri-

278 5550 638 5625 buntiadhuc
663 5552 874 5625 Italiet
894 5551 1134 5625 ξιξεραηί
1163 5555 1352 5622 Ραοιο,
1374 5550 1618 5620 Nicolao,
1644 5557 1930 5625 Domingo,

278 5631 392 5677 etc.
425 5624 484 5676 lii
520 5622 722 5678 tabula
773 5622 956 5678 XVIII
994 5624 1132 5678 tomi
1169 5626 1724 5683 [Monumentorum
1776 5622 1932 5684 vste;

281 5693 724 5771 rumpismpini
768 5711 824 5771 ρΪ
860 5695 948 5761 35,
983 5694 1235 5771 habetur
1273 5697 1330 5752 in
1375 5716 1508 5754 area
1537 5700 1606 5754 23
1638 5701 1830 5771 imago
1871 5699 1932 5771 S.

282 5764 701 5836 Bartholomei,
726 5764 828 5838 qui
859 5765 1292 5840 strangulatur,
1317 5785 1450 5826 cum
1483 5764 1880 5844 inscriptieue,
1906 5769 1934 5824 6

2028 4771 2215 4840 Pirso,
2249 4765 2376 4840 quas
2423 4765 2893 4838 perinde—seculi
2937 4765 3329 4840 Theodosiani
3357 4775 3529 4840 atque
3572 4768 3680 4822 de-

2032 4839 2170 4897 cimi
2200 4837 2379 4903 tertii,
2401 4837 2514 4909 quo
2537 4855 2733 4896 revera
2764 4839 3096 4910 exemplum
3130 4837 3271 4910 illud
3308 4839 3680 4894 membrana-

2032 4927 2224 4975 ceum,
2249 4912 2401 4981 quod
2437 4912 2630 4966 adhuc
2655 4911 2826 4966 hodie
2856 4909 3142 4980 superest,
3166 4909 3467 4965 Colmariaa
3489 4925 3559 4964 ex
3579 4925 3680 4965 an-

2034 4982 2295 5054 tiquiore
2314 4983 2511 5054 codice
2531 4982 2903 5038 eﬁormatum
2929 4981 3060 5046 fuit,
3084 4997 3214 5037 esse
3244 4985 3509 5054 possunt.
3534 4982 3679 5054 Nam

2033 5050 2510 5110 frustralaborat
2561 5057 2624 5108 V.
2691 5054 2751 5110 D.
2813 5050 3680 5118 demonstrare,'Theodosiani

2032 5124 2234 5182 sieculi
2264 5125 2639 5181 membranas
2665 5131 2722 5180 et
2751 5125 2975 5180 litteras
3002 5141 3131 5180 esse
3181 5123 3330 5192 illas,
3378 5140 3410 5179 e
3456 5123 3678 5194 quibus

2039 5197 2240 5252 tabula
2263 5196 2474 5265 prodiit
2497 5197 2778 5268 primum,
2800 5199 3131 5268 iterumque
3155 5195 3488 5268 nuperrime
3507 5195 3684 5268 Vien~

2038 5286 2124 5325 nas
2165 5267 2513 5324 Austriacae.’
2543 5270 2758 5325 Textus
2796 5267 2923 5339 ipse
2964 5268 3200 5339 quidem
3234 5267 3380 5322 forte
3417 5267 3684 5322 Theodo-

2035 5341 2188 5412 sium
2219 5341 2432 5412 ejusve,
2445 5341 2641 5412 potius
2663 5338 3088 5412 agrimenstires
3120 5338 3293 5412 habet
3314 5343 3600 5412 auctores,
3622 5343 3683 5395 at

2036 5411 2182 5468 illud
2213 5409 2544 5483 exemplum
2572 5409 2795 5483 absque
2820 5409 3215 5467 controversia
3233 5413 3323 5465 est
3343 5411 3644 5483 recentius
3665 5427 3680 5479 ;

2038 5483 2190 5608 qnod
2217 5482 2343 5555 ipsa
2365 5479 2541 5538 facies
2561 5479 2883 5567 litterarum
2908 5485 3216 5546 monstrat,
3241 5485 3436 5538 exacte
3467 5479 3685 5538 similis

2038 5572 2057 5608 ι
2084 5560 2148 5608 ιι.
2179 5569 2293 5608 aua
2323 5555 2592 5608 monachi
2639 5559 2774 5608 ante
2813 5554 2935 5608 hinc
2967 5557 3215 5608 auatuor
3249 5551 3462 5608 secula
3507 5568 3683 5608 mem-

2037 5551 2148 5627 illi,
2179 5551 2293 5625 qua
2323 5555 2592 5610 monachi
2639 5559 2774 5612 ante
2813 5554 2935 5610 hinc
2967 5557 3215 5627 quatuor
3249 5551 3462 5610 secula
3507 5568 3683 5609 mem-

2040 5626 2250 5682 branas
2281 5627 2616 5683 exarabant.

2113 5697 2220 5768 (29)
2249 5701 2397 5771 Sunt
2433 5714 2581 5771 quas
2609 5700 2832 5771 veteres
2863 5696 3045 5771 (iniec:
3088 5695 3448 5771 piarqgaudas
3485 5695 3682 5771 appel-

2042 5767 2262 5828 labant.
2283 5767 2470 5827 Νοιυὲ
2494 5770 2658 5828 locus
2689 5769 2915 5827 Codicis
2935 5767 3328 5828 Theodosiani
3354 5784 3368 5825 :
3401 5767 3682 5828 Nemo'm'r
