4052 6382
299 424 454 485 1027
1355 419 1889 482 CONSTANTINI
1930 415 2631 480 PORPHYROGENITI
3558 419 3718 480 1028

295 561 462 617 Illinc
491 559 713 616 abeunt
742 559 815 614 ad
834 554 1273 624 sinistram,ubi
1291 570 1504 612 manus
1529 556 1781 628 Deiparae
1801 572 1945 611 mar-

2060 552 2288 627 χόμενοι
2323 551 2579 607 ἅπτουσιν
2625 551 2832 626 κηροὺς
2877 542 3182 624 ἔμπροσθεν
3232 554 3332 620 τῆς
3365 551 3721 626 μαρμαρίνης

296 665 454 707 more
484 665 757 722 expressa
786 647 880 705 sui
909 646 1143 703 exhibet
1173 645 1443 716 formam,
1474 649 1750 718 argenteo
1793 660 1945 700 mar-

2059 641 2266 704 είκόνος
2296 649 2400 711 τῆς
2431 643 2724 709 Θεοτόκου,
2775 640 2898 710 ¹ἥτις
2949 639 3010 696 ἐκ
3035 643 3143 695 τῶν
3190 642 3289 709 τῆς
3339 639 3504 710 αὐτῆς
3545 640 3714 718 ἁγίων

295 738 428 812 gine
458 739 868 809 circumsepla.
911 735 1119 792 Cereos
1149 739 1206 792 et
1227 735 1308 792 ibi
1337 736 1662 792 accendunt
1689 751 1705 794 :
1737 737 1795 789 et
1825 733 1945 805 pri-

291 845 423 885 mus
451 843 552 886 seu
587 831 779 898 major
805 825 1118 896 imperator
1149 825 1386 896 propria
1434 841 1612 879 manu
1663 822 1945 894 aleiptum

294 933 399 974 seu
432 918 838 975 sufﬁmentum
869 915 928 970 in
979 914 1374 983 thuribulum,
1416 913 1571 985 quod
1619 911 1698 967 ibi
1755 910 1944 981 adest,

293 1007 508 1079 injicit,
537 1025 570 1063 a
599 1005 909 1079 praeposito
966 1004 1253 1060 traditum
1298 1008 1528 1060 nactus.
1565 1000 1732 1058 Illinc
1754 1016 1945 1056 rever-

291 1101 482 1154 tentes
510 1095 755 1163 domini,
786 1093 1196 1168 ingrediuntur
1226 1093 1286 1147 in
1319 1090 1602 1148 sacellum
1621 1090 1942 1147 S.Photini.

297 1187 452 1258 quod
481 1189 569 1242 est
593 1185 652 1241 in
685 1184 955 1241 interiore
983 1181 1163 1239 tholo.
1198 1181 1366 1237 Illinc
1385 1181 1644 1252 degressi
1668 1196 1946 1236 accensos

295 1276 481 1348 ﬁgunt
522 1291 719 1331 cereos
755 1289 950 1331 coram
1005 1287 1332 1328 marmorea
1370 1271 1625 1340 imagine
1663 1268 1942 1342 Deiparaa,

296 1382 424 1438 quae
455 1364 676 1421 sanctis
706 1363 877 1420 suise
908 1363 1183 1419 manibus
1212 1361 1342 1433 ipsa
1377 1361 1621 1418 effundit
1643 1359 1946 1431 hagiasma

295 1470 401 1512 seu
433 1469 647 1527 aquam
690 1453 1076 1509 benedictum.
1127 1453 1267 1507 Post
1303 1465 1578 1508 accensos
1627 1449 1707 1506 ibi
1751 1465 1947 1506 cereos

295 1544 504 1616 accipit
545 1543 896 1617 praepositus
953 1541 1222 1598 traditam
1274 1559 1306 1596 a
1353 1538 1674 1596 balnearila
1721 1555 1945 1596 sacram

296 1637 518 1690 stacten
548 1648 652 1689 seu
676 1647 904 1688 sacrum
934 1629 1221 1698 lixivium,
1253 1633 1312 1685 et
1335 1628 1591 1685 dominis
1622 1628 1945 1684 communi-

298 1726 412 1778 cat.
449 1720 514 1775 Hi
545 1719 671 1776 suis
703 1719 979 1775 manibus
1001 1733 1068 1773 eo
1114 1733 1239 1774 sese
1265 1715 1572 1773 cruciatim
1605 1715 1864 1787 signant,
1891 1718 1949 1771 et

296 1812 591 1880 lavantur,
615 1808 868 1883 egressis
892 1808 1136 1864 caeteris.
1171 1806 1295 1863 Loti
1327 1809 1535 1862 exeunt
1566 1806 1623 1860 in
1658 1805 1946 1861 minorem

297 1901 643 1959 exteriorem
674 1899 920 1965 tholum,
951 1897 1277 1969 positisque
1308 1894 1433 1952 suis
1455 1893 1948 1962 linteis,induunt

295 1992 410 2048 alia
438 2007 582 2048 auro
614 1989 856 2046 intexta.
907 1986 1399 2044 Protembatarius
1438 1989 1632 2041 autem
1675 2001 1773 2042 seu
1815 1984 1947 2040 solii

302 2079 581 2149 magister
610 2083 774 2135 slaus
791 2093 987 2133 coram
1009 2075 1274 2148 colymbo
1295 2073 1435 2129 facit
1455 2073 1946 2141 benedictionem;

301 2170 450 2226 321
488 2183 615 2238 quae
638 2167 778 2222 dum
799 2166 1034 2234 dicitur,
1058 2165 1435 2219 introducunt
1457 2163 1622 2218 lustee
1653 2179 1686 2218 a
1715 2162 1949 2218 sinistra

299 2256 552 2330 colymbi
588 2258 751 2327 parte
775 2254 1088 2310 duodecim
1121 2254 1412 2309 bastactas
1430 2268 1532 2308 seu
1559 2251 1946 2323 aquigerulos,

303 2347 404 2420 qui
430 2349 732 2417 postquam
772 2343 1132 2400 transierunt
1177 2357 1374 2398 coram
1412 2341 1684 2397 inferiore
1731 2340 1950 2397 concha

299 2435 603 2504 orientale,
645 2435 922 2491 ordinant
943 2449 1066 2490 sese
1097 2433 1158 2488 in
1191 2432 1495 2489 stationem
1530 2432 1586 2486 in
1619 2431 1822 2487 dextra
1853 2447 1945 2487 re-

298 2526 471 2596 gione
501 2523 774 2593 colymbi.
813 2525 935 2590 Quo
958 2522 1240 2578 intrantes
1253 2519 1473 2577 domini
1493 2537 1558 2575 su
1570 2520 1950 2588 bsistuunt,et

296 2617 520 2689 primus
551 2614 961 2684 maximusque
992 2611 1308 2682 imperator
1335 2610 1432 2665 dat
1452 2608 1701 2681 singulis
1732 2607 1948 2681 bajulis

295 2706 559 2780 singulos
591 2721 795 2762 aureos
824 2717 1121 2759 nummos.
1149 2699 1329 2756 Debet
1358 2703 1553 2755 autem
1603 2699 1948 2771 prapositus

297 2813 540 2854 manum
598 2795 884 2866 cujusque
914 2793 1183 2847 bastaclat
1220 2805 1320 2846 seu
1355 2787 1796 2861 bajulipriusin
1818 2803 1946 2845 eam

297 2887 542 2942 formam
561 2882 982 2955 composuisse,
1013 2885 1078 2936 ut
1117 2896 1252 2936 cum
1315 2879 1519 2934 decore
1552 2881 1728 2950 atque
1757 2878 1946 2949 gratia

296 2989 608 3031 nummum
640 2971 895 3027 inditum
925 2986 959 3024 a
990 2966 1229 3023 domino
1251 2965 1517 3038 accipiat.
1552 2968 1690 3021 Post
1721 2965 1942 3022 (initam

297 3064 447 3119 hanc
461 3081 494 3119 n
507 3077 834 3120 ummorum
849 3057 1252 3130 elargitionem
1268 3060 1440 3127 atque
1469 3055 1941 3112 distributionem

295 3151 619 3210 sanctiﬁcat
665 3148 1154 3223 protembatarius
1208 3146 1400 3202 lacum
1453 3143 1804 3203 natatorium
1836 3161 1944 3202 sua

2059 736 2260 806 χειρῶν
2301 736 2505 806 προχεῖ
2553 731 2616 786 τὸ
2663 730 2929 806 ἀγίασμα.
2981 728 3084 786 Καὶ
3138 729 3271 802 μετᾶ
3319 729 3380 784 τὸ
3427 731 3557 802 ἅψαι
3588 729 3718 792 τοὺς

2055 821 2260 898 κηροὺς
2315 818 2582 896 λαμϐάνει
2630 823 2733 892 τὴν
2785 821 2939 896 ἁγίαν
2991 823 3224 890 στακτὴν
3282 822 3310 876 ὁ
3356 822 3720 896 πραιπόσιτος

2056 915 2201 988 παρά
2231 918 2328 968 τοῦ
2363 911 2741 988 βαλνιαρίτου,
2791 913 2881 968 καὶ
2931 909 3216 968 ἐπιδίδωσι
3246 919 3364 976 τοῖς
3405 910 3716 978 δεσπόταις.

2055 1004 2122 1060 Oi
2174 999 2231 1057 δὶ
2284 999 2544 1058 δεσπόται
2594 1001 2818 1065 οἶκείαις
2863 1001 3055 1077 χερσὶν
3105 1002 3328 1064 ἑαυτοὺς
3389 999 3720 1081 ἐπισφραγί-

2057 1100 2264 1166 ζουσιν,
2311 1093 2403 1148 καὶ
2458 1092 2684 1164 ἐξιόντες
2742 1092 3021 1151 λούονται.
3069 1093 3169 1150 Καὶ
3232 1094 3366 1166 μετά
3412 1094 3475 1150 τὸ
3508 1094 3718 1151 λούσα-

2056 1195 2178 1248 σθαι
2227 1182 2540 1258 ἐξέρχονται
2583 1183 2661 1246 εἷς
2706 1183 2800 1239 τὸν
2850 1181 3108 1258 ἐξώτερον
3161 1183 3354 1256 μικρὸν
3399 1182 3581 1253 ϐόλον,
3622 1183 3718 1240 καί

2056 1271 2418 1334 ἀλλάτσοντες
2463 1272 2530 1327 τά
2580 1271 2792 1328 τούτων
2841 1269 3022 1327 λέντια
3072 1267 3503 1346 περιϐάλλονται
3556 1271 3718 1349 ἓτερα

2055 1359 2455 1440 χρυσούφαντα.
2560 1362 2623 1418 Ὁ
2729 1357 2785 1416 δὲ
2872 1357 3353 1437 προτεμϐατάριος
3428 1362 3717 1435 ἱστάμενος

2055 1451 2162 1525 πρό
2216 1455 2314 1506 τοῦ
2370 1445 2685 1524 κολύμϐου,
2744 1447 2894 1524 λέγει
2950 1452 3051 1520 τὴν
3109 1450 3302 1530 εὐχήν.
3345 1447 3565 1520 Ἰστέον,
3607 1452 3718 1524 ὃτι,

2053 1546 2153 1610 τῆς
2187 1539 2356 1615 εὐχῆς
2411 1531 2737 1613 λεγομὲνής,
2800 1539 2852 1593 οἱ
2908 1537 3134 1594 λοῦσται
3194 1537 3501 1617 εἷ’σάγουσιν
3542 1541 3614 1596 τά
3649 1543 3723 1617 ιβ’

2061 1629 2332 1706 βαστακτά
2389 1631 2498 1701 (32)
2544 1629 2649 1682 ἀπὸ
2697 1633 2798 1683 τοῦ
2856 1628 3146 1703 ἀριστεροῦ
3212 1631 3408 1704 μέρους
3451 1634 3553 1684 τοῦ
3622 1651 3726 1686 κο-

2058 1714 2299 1792 λύμϐου,
2357 1716 2448 1772 καὶ
2507 1714 2821 1793 διέρχονται
2869 1719 2976 1792 πρὸ
3024 1725 3124 1787 τῆς
3171 1717 3318 1774 κάτω
3364 1721 3408 1758 ¹²
3459 1720 3724 1778 ἀνατολι-

2055 1813 2158 1877 κῆς
2209 1810 2322 1880 (33)
2369 1807 2613 1882 κόγχης,
2663 1807 2755 1861 καὶ
2800 1804 3050 1862 ’ἵστανται
3101 1806 3178 1869 εἷς
3221 1808 3285 1863 τὸ
3335 1806 3506 1880 δεξιὸν
3552 1811 3724 1887 μέρος

1981 1901 2152 2001 Βτοῦ
2209 1892 2520 1968 κολύμϐου,
2580 1897 2647 1952 Οἱ
2703 1893 2760 1950 δὲ
2819 1893 3072 1951 δεσπόται
3133 1895 3391 1961 εἰσιόντες
3445 1897 3719 1973 ἵστανται,

2129 1985 2141 2001 ς
2207 1987 2219 2000 .
2359 1989 2386 2000 ..
2549 1985 2578 2001 η
2677 1982 2700 2001 κ
2745 1984 2758 2001 ς
2857 1983 2872 2001 ς
2951 1982 3030 2001 ..η
3218 1987 3230 2001 .
3296 1987 3306 2001 .
3507 1993 3536 2001 ..
3629 1991 3656 2001 ..

2055 1985 2143 2040 καὶ
2199 1987 2227 2039 ὁ
2275 1989 2493 2058 πρῶτος
2547 1982 2804 2060 βασιλεὺς
2854 1982 3168 2040 ἐπιδίδωσιν
3218 1987 3426 2060 ἑκάστῳ
3467 1993 3576 2044 τῶν
3627 1991 3723 2066 βα-

2055 2079 2296 2130 στακτῶν
2349 2075 2448 2130 ἀνά
2493 2076 2837 2148 νομίσματος
2909 2075 3050 2138 ἒνὸς.
3123 2079 3239 2152 Χρὴ
3292 2074 3349 2133 δὲ
3405 2079 3497 2134 τὸν
3553 2101 3719 2156 πραι-

2054 2165 2277 2220 πόσιτον
2355 2165 2455 2234 τὴν
2530 2169 2694 2240 χεῖρα
2783 2168 2881 2219 τοῦ
2988 2166 3289 2238 βαστακτοῦ
3365 2170 3722 2245 προευτρεπί-

2058 2258 2164 2321 ζειν
2198 2257 2312 2326 (34)
2346 2253 2480 2327 πρὸς
2509 2254 2609 2322 τὴν
2648 2259 2750 2322 τῆς
2800 2251 3094 2329 βασιλικῆς
3140 2251 3344 2330 δωρεᾶς
3403 2255 3716 2335 ὑποδοχήν.

2057 2342 2154 2396 Καὶ
2235 2340 2368 2414 μετά
2423 2342 2522 2409 τήν
2580 2339 2979 2416 συμπλήρωσιν
3032 2350 3132 2411 τῆς
3182 2340 3449 2417 διανομῆς
3510 2349 3718 2421 ἁγιάζει

2060 2431 2194 2504 μετὰ
2230 2435 2327 2486 τοῦ
2373 2431 2604 2505 σταυροῦ
2654 2432 2681 2486 ὁ
2730 2427 3217 2508 πρωτεμεατάριος
3268 2435 3360 2490 τὸν
3410 2433 3713 2510 κόλυμϐον,

2056 2517 2332 2583 ἐπιδιδοὺς
2364 2526 2482 2583 τοῖς
2515 2517 2797 2584 δεσπόταις
2850 2521 2956 2577 ἀπὸ
3003 2527 3104 2577 τοῦ
3153 2519 3443 2597 κολύμϐου
3468 2525 3712 2601 ἀγίασμα

2060 2610 2195 2683 μετὰ
2241 2613 2339 2664 τοῦ
2390 2611 2557 2666 αὐτοῦ
2617 2615 2850 2686 σταυροῦ
2907 2614 3043 2685 (35).
3105 2612 3171 2670 Ol.
3230 2610 3286 2669 δὶ
3343 2609 3706 2688 λαμϐάνοντες

2051 2699 2115 2754 τὸ
2165 2698 2405 2774 ἀγίασμα
2452 2698 2794 2774 εἰσέρχονται
2853 2700 2927 2763 εἰς
2964 2701 3057 2757 τὸν
3113 2698 3422 2776 κόλυμϐον,
3467 2702 3556 2758 καὶ
3604 2709 3709 2774 τῆς

2053 2787 2296 2851 ἐκτενοῦς
2340 2788 2654 2862 γενομένης,
2705 2786 3034 2845 καταδύουσι
3095 2791 3301 2863 τρίτον,
3351 2791 3442 2847 καὶ
3490 2789 3719 2868 ἐξερχό-

2057 2900 2208 2953 μενοι
2257 2879 2582 2953 ἀνέρχονται
2645 2877 2696 2933 ἐν
2742 2883 2820 2951 τῷ
2875 2876 3153 2954 ἀποδύτῳ,
3193 2881 3285 2936 καὶ
3317 2879 3718 2959 ἀμφιασθέντες

2052 2969 2189 3025 κατὰ
2219 2970 2283 3024 τὸ
2314 2968 2506 3030 εἰωθὸς
2539 2967 2851 3044 ἐξέρχονται
2887 2970 3022 3042 μετά
3067 2977 3170 3040 τῆς
3221 2977 3488 3044 μυστικῆς
3536 2971 3719 3026 αὐτῶν

2049 3061 2271 3133 τάξεως.
2307 3059 2528 3129 Ἰστέον,
2575 3057 2658 3114 ὅτι
2709 3052 2811 3128 ἕξω
2861 3063 2959 3114 τοῦ
3010 3059 3338 3135 μονοθύροο,
3367 3060 3421 3115 ἐν
3453 3061 3499 3133 ᾧ
3527 3062 3718 3117 ἳσταν-

2047 3170 2136 3204 ται
2168 3149 2221 3204 o't
2251 3148 2606 3221 πραιπόσιτοι
2655 3146 3017 3223 ἐπευχόμενοι
3062 3149 3189 3212 τούς
3237 3146 3714 3219 δεσπόταςβίστα-

294 3257 486 3310 cruce,
520 3244 743 3298 etcum
776 3237 978 3295 eadem
1017 3235 1264 3308 porrigit
1307 3233 1559 3290 dominis
1617 3249 1648 3290 e
1687 3233 1941 3307 colymbo

2055 3260 2137 3294 ται
2187 3237 2214 3292 ὁ
2265 3241 2373 3292 τῶν
2421 3235 2680 3313 Εὐγενίου
2729 3257 3090 3313 γηρωκομος,
3140 3236 3417 3303 ἐπιδιδοὺς
3463 3245 3582 3302 τοῖς
3625 3236 3719 3296 δε-

297 3306 592 3402 hagiasma
622 3346 722 3386 seu
741 3306 1167 3385 sanctificatam
1191 3306 1292 3382 aut
1318 3323 1687 3380 benedictum
1703 3306 1936 3394 aquam.

2055 3329 2272 3392 σπόταις
2322 3306 2704 3402 διερχομένοις
2743 3306 2853 3387 ’τὰς
2913 3326 3190 3404 εὐλογίας.
3253 3331 3366 3386 Γῶν
3417 3326 3476 3384 δὲ
3519 3327 3717 3386 δεσπο-

295 3418 548 3488 Domini,
570 3417 933 3487 hagiasmate
964 3418 1219 3485 accepto,
1249 3413 1469 3469 intrant
1499 3412 1558 3468 in
1581 3411 1937 3484 colymbum,

298 3512 356 3564 et
400 3509 536 3563 dum
595 3506 662 3561 ﬁt
707 3510 966 3572 extensa,
1023 3504 1383 3575 immergunt
1439 3517 1567 3558 sese
1625 3511 1744 3570 ter;
1805 3501 1938 3557 dein

297 3600 562 3653 exeunte
585 3593 849 3668 colymbo
883 3598 938 3649 et
969 3593 1288 3649 ascendunt
1319 3591 1377 3647 in
1411 3593 1678 3663 apodyta,
1713 3607 1945 3647 rursus—

296 3703 406 3758 que
436 3686 562 3743 suis
591 3684 778 3742 solitis
798 3684 1052 3740 vestibus
1074 3682 1270 3739 amicti
1302 3685 1514 3738 exeunt
1543 3697 1675 3738 cum
1698 3681 1944 3753 mystico

297 3793 399 3833 seu
457 3776 680 3848 privato
740 3773 835 3831 sui
883 3773 1145 3845 corporis
1203 3770 1550 3828 ministerio.
1610 3771 1757 3826 Dum
1808 3785 1944 3826 vero

297 3874 506 3924 exeunt
537 3864 765 3922 domini
796 3881 894 3935 per
925 3868 1151 3936 portam
1189 3862 1570 3934 singularem,
1601 3877 1795 3916 coram
1829 3875 1947 3931 qua

294 3955 467 4028 paulo
489 3959 621 4011 ante
651 3955 986 4011 dicebamus
1028 3951 1217 4008 solere
1244 3950 1584 4023 praepositos
1624 3950 1818 4006 fausta
1844 3950 1945 4005 do-

299 4047 468 4103 minis
490 4051 871 4120 apprecantes
915 4046 1260 4113 subsistere,
1293 4042 1683 4100 astatibidem
1712 4059 1944 4116 quoque

2048 3421 2156 3473 τῶν
2218 3413 2606 3492 διερχομὲνων,
2675 3421 2988 3491 συγκινοῦσι
3053 3419 3522 3493 προπορευόμενοι
3596 3423 3708 3474 τῶν

2052 3503 2353 3577 δεσποτῶν,
2406 3504 2496 3578 ἀφ’
2546 3505 2620 3558 ὧν
2679 3504 2864 3560 τόπων
2907 3503 3174 3576 ἵστανται,
3225 3507 3278 3561 οἱ
3325 3511 3424 3562 τοῦ
3473 3503 3713 3564 κουϐου-

2052 3593 2237 3650 κλείου
2272 3593 2361 3648 καὶ
2422 3593 2473 3648 οἱ
2536 3589 2871 3668 μαγλαϐἶται
2929 3594 3018 3649 καὶ
3074 3596 3174 3662 τῆς
3233 3595 3521 3668 ἑταιρείας.
3555 3597 3619 3651 Οἱ
3651 3595 3714 3652 δὲ

2055 3681 2311 3740 δεσπόται
2370 3682 2416 3738 εἷ
2478 3684 2572 3755 μὲν
2631 3681 2944 3739 κελεύουσιν
3013 3684 3269 3740 ἱππεῦσαι
3324 3684 3414 3740 καὶ
3452 3685 3712 3750 ἀπελθεῖν

2056 3771 2166 3830 εἴτε
2211 3770 2265 3828 ἒν
2314 3777 2383 3847 τῇ
2436 3775 2617 3848 πηγῇ,
2677 3771 2786 3828 εἴτε
2833 3771 3112 3849 ἀλλαχοῦ,
3158 3779 3321 3830 τοῦτο
3351 3779 3626 3831 ποιοῦσιν·
3663 3776 3715 3832 εἷ

2058 3861 2116 3918 δὲ
2167 3863 2334 3937 μήγε,
2387 3860 2765 3936 εἰσερχόμενοι
2814 3860 2891 3924 εἷς
2939 3862 3033 3917 τὸν
3085 3859 3323 3937 δρόμονα
3373 3863 3716 3941 εἰσέρχονται

2058 3952 2133 4015 εἷς
2185 3952 2248 4006 τὸ
2300 3950 2589 4021 παλάτιον,
2648 3952 2683 4023 ἢ
2736 3953 2826 4007 καὶ
2877 3948 3157 4028 ἀλλαχοῦ,
3203 3951 3339 4009 ὅπου
3391 3953 3718 4028 βούλονται,

2059 4041 2413 4118 ἀπέρχονται.

293 4152 634 4206 gerocomus
666 4134 974 4207 hospitalis
1003 4133 1268 4204 Eugenii,
1297 4133 1641 4203 impertiens
1685 4132 1940 4188 dominis
1987 4134 2472 4204 praetereuntibus
2505 4131 2766 4205 eulogias
2807 4149 2905 4190 seu
2941 4133 3399 4191 benedictiones.
3434 4135 3704 4193 Dominis

290 4231 484 4283 autem
517 4227 670 4297 apud
702 4241 993 4298 quemque
1048 4224 1310 4279 ordinem
1363 4238 1586 4291 eorum,
1620 4239 1768 4295 quos
1807 4223 1867 4279 in
1927 4224 2178 4296 apodyta
2233 4223 2552 4294 ingressuri
2599 4225 2751 4280 fores
2785 4228 3013 4282 stantes
3063 4223 3443 4298 reliquerant,
3474 4231 3715 4298 praster-

293 4316 894 4389 euntibus,incipiunt
925 4314 983 4372 hi
1014 4330 1076 4370 se
1109 4329 1336 4387 quoque
1366 4313 1543 4372 simul
1576 4329 1940 4372 commovere
1977 4318 2035 4370 et
2055 4331 2247 4373 coram
2276 4315 2634 4372 abeuntibus
2681 4315 2931 4373 dominis
2983 4316 3306 4388 precedere
3350 4333 3417 4373 eo
3473 4333 3542 4374 ex
3583 4317 3715 4376 loco

1654 4430 1894 4488 νΑιιιΑε
1929 4433 2323 4490 LECTIONES

369 4533 416 4569 η
451 4530 598 4587 κάτω
631 4532 787 4606 conj.
821 4531 912 4598 8.,
943 4527 1083 4584 κατά
1111 4530 1238 4587 cod.
1281 4534 1338 4587 et
1367 4529 1460 4587 ed.

1331 4638 1538 4696 JOAN.
1579 4638 1724 4695 JAC.
1771 4637 2039 4696 REISKII
2077 4639 2678 4698 COMMENTARIUS.

300 4799 500 4878 baiuli,
525 4813 624 4861 aut
654 4803 720 4858 τὰ
761 4799 1034 4878 βάστάκτα
1080 4799 1234 4878 s_un_t
1257 4802 1416 4878 idem
1463 4799 1637 4878 atque
1656 4802 1722 4878 τὰ
1756 4799 1955 4878 patagi-

294 4873 448 4949 κτρα,
483 4873 670 4944 vectes,
704 4873 920 4948 quibus
949 4890 1042 4930 res
1072 4875 1434 4949 deferuntur
1457 4873 1560 4949 __(v.
1607 4873 1679 4928 ad
1707 4944 1721 4949 _
1742 4891 1799 4949 p._
1845 4873 1952 4949 2_6_7

297 4943 494 5016 dicta).
556 4943 884 5004 Poste—riore
959 4946 1128 5002 modo
1215 4945 1262 4998 si
1344 4943 1622 5017 explices,
1707 4944 1950 5017 habebit

299 5015 658 5090 metonymia
696 5019 909 5087 locum,
940 5017 1368 5090 instrumentum
1403 5015 1504 5088 pro
1535 5019 1728 5071 utente
1758 5015 1948 5090 nomi-

293 5105 463 5162 nans.
497 5087 562 5143 lii
595 5089 779 5162 bajuli
818 5093 1070 5162 possunt
1110 5089 1237 5160 jam
1283 5087 1417 5144 esse
1451 5091 1553 5142 aut
1602 5087 1951 5160 aquigeruli,

294 5161 392 5232 qui
427 5174 640 5232 aquam
665 5161 722 5214 in
747 5160 938 5216 lacum
973 5164 1299 5231 congerunt
1354 5163 1453 5214 aut
1501 5163 1766 5232 egerunt,
1799 5177 1951 5232 νερο-

296 5229 513 5307 φόρους-
541 5229 1000 5307 Graecisdictos,
1033 5229 1148 5287 vid.
1193 5231 1271 5285 du
1313 5232 1502 5307 Gange
1540 5229 1605 5285 “v.
1647 5229 1951 5307 aquarius,

303 5301 403 5357 aut
417 5301 994 5376 quicorpusAugusti
1009 5307 1352 5375 etAugustae
1366 5301 1702 5376 deteruntin
1718 5302 1953 5376 lecticis,

312 5373 662 5430 aut’mulos
709 5373 1029 5430 lecticarios
1088 5373 1291 5445 agunt,
1331 5379 1389 5430 et
1437 5375 1496 5430 in
1523 5374 1858 5430 universum
1885 5373 1956 5445 τῇ

312 5445 552 5520 βασταγῇ
587 5445 850 5501 sarcinas
899 5443 1233 5517 imperiales
1262 5443 1321 5520 et
1343 5443 1959 5520 impedimentagsacra

304 5517 568 5582 onerant,
599 5521 935 5580 exonerant,
969 5521 1200 5584 curant,
1225 5517 1568 5584 observant;
1601 5517 1718 5574 vid.
1752 5517 1823 5572 de
1856 5517 1956 5571 ba-

300 5589 479 5662 stagis
511 5593 568 5645 et
587 5589 938 5662 baslagariis
987 5588 1224 5662 Gnther.
1269 5605 1323 5662 p.
1362 5589 1602 5662 730,7du
1643 5588 1835 5662 Gange
1865 5587 1956 5662 Gl.

298 5661 415 5716 Lat.
444 5660 499 5715 h.
531 5677 584 5716 v.
645 5665 703 5717 et
749 5659 939 5717 Vales.
980 5659 1060 5732 ad
1111 5661 1408 5732 Ammian.
1468 5659 1835 5732 Marcell.,p.
1867 5659 1959 5732 83,

297 5732 735 5858 ιὼίτβασταγήν
787 5729 1024 5806 exponit
1072 5751 1103 5783 ‹‹
1153 5731 1465 5788 sarcinalia
1521 5729 1798 5805 principii
1863 5731 1961 5805 ju-

297 5817 420 5858 men
449 5819 502 5858 α.
538 5825 566 5852 ››

296 5817 502 5859 menta.
538 5825 566 5852 ’³

365 4734 479 4807 (32)
511 4736 625 4789 Aut
655 4732 740 4788 sic
811 4731 1024 4788 ositum
1071 4729 1186 4786 fuit
1215 4745 1318 4802 pro
1362 4727 1495 4789 τοὺς
1530 4722 1597 4782 ιϐ’
1629 4727 1954 4803 βαστακτάς,
1988 4735 2032 4802 D

365 4807 500 4878 rjuli,
525 4813 624 4861 aut
654 4803 720 4858 τὰ
761 4748 1034 4878 [ἓάστάκτα
1080 4806 1217 4878 s_un_t
1257 4802 1416 4878 idem
1463 4805 1637 4878 atque
1656 4802 1722 4878 τὰ
1756 4799 1955 4878 patagi-

2136 4731 2248 4803 (3_3)
2296 4732 2382 4803 Ita
2429 4736 2519 4788 est
2575 4731 2631 4786 in
2694 4730 3070 4803 membranis.
3150 4729 3261 4789 Sed
3308 4733 3414 4803 leg.
3475 4736 3576 4790 aut
3625 4729 3720 4788 κά-

2063 4799 2151 4855 τω
2173 4799 2506 4876 ἀνατολικῆς
2557 4807 2656 4876 aut
2682 4802 2819 4856 κατά
2865 4800 3159 4873 ἀνατολήν.
3211 4799 3475 4861 Incestus
3524 4806 3718 4876 quod-

2065 4890 2198 4956 nam
2234 4874 2444 4930 horum
2499 4875 2900 4944 amplecterer,
2951 4876 3116 4948 prius
3166 4875 3388 4949 arripui
3450 4877 3510 4932 in
3541 4874 3716 4932 'Lati-

2063 4962 2249 5091 l$55.34)
2279 5016 2367 5072 Ad
2395 5033 2594 5074 aurum
2619 5033 2827 5091 nempe
2873 5019 3084 5091 cavatis
3133 5017 3394 5091 dexteris,
3437 5019 3714 5091 accipien-

2061 5087 2237 5163 dum,
2272 5092 2475 5163 ut__ait
2531 5093 2718 5163 Amm.
2756 5087 3027 5146 'Marcell.
3088 5106 3145 5163 p.
3208 5092 3275 5163 16
3315 5089 3430 5163 (19)
3459 5087 3716 5163 εάξιὶιι-

2063 5160 2270 5234 deuhr.
2303 5159 2459 5216 Alias
2490 5162 2644 5218 enim
2667 5169 2938 5233 protenso
2989 5159 3162 5218 vestis
3189 5159 3331 5219 sinu'
3351 5159 3717 5234 accipiebant

2065 5231 2430 5374 Obggéllhrgo
2454 5319 2590 5359 crux
2623 5302 2722 5360 illa
2753 5303 2838 5360 sic
2854 5308 2977 5360 erat
3007 5305 3276 5372 formata,
3311 5305 3455 5361 utin
3478 5319 3716 5362 summo

2067 5380 2324 5430 extremo
2355 5374 2597 5432 haberet
2618 5391 2850 5446 parvam
2880 5377 3137 5446 patinam
3170 5376 3442 5433 nonnihil
3489 5391 3714 5442 cavam,

2030 5447 2032 5449 ’
2069 5462 2185 5518 qua
2225 5462 2376 5518 aqua
2429 5445 2775 5503 haurir’ctur.
2807 5445 2979 5505 Russi
3019 5466 3052 5505 a
3090 5450 3302 5506 Grecis
3350 5448 3503 5505 docti
3539 5448 3719 5503 talem

2070 5517 2333 5592 patinam
2367 5518 2556 5576 adhuc
2571 5518 2854 5592 adhibent
2867 5521 2936 5592 in
2961 5520 3302 5577 lustratione
3317 5537 3478 5592 aque
3501 5517 3593 5575 die
3607 5518 3722 5592 Lu;

2071 5590 2421 5664 minum,_ut
2450 5606 2516 5646 ex
2549 5591 2724 5664 allato
2771 5590 2944 5664 Angli
2991 5592 3302 5664 cujusdam
3350 5590 3475 5656 loco
3509 5607 3643 5664 pag.
3683 5591 3722 5644 6

2070 5659 2278 5736 horum
2304 5659 3133 5736 Commentariorum—constat,
3159 5663 3258 5736 qui
3282 5659 3544 5724 nostrum
3562 5659 3722 5719 h'unc

2072 5731 2300 5806 egregie
2324 5732 2578 5791 illustrat
2607 5738 2664 5790 et
2691 5733 2943 5793 conferri
2974 5731 3253 5793 meretur.
