4052 6354
312 381 467 446 1029

1150 383 1255 445 DE
1296 380 1761 445 CERIMONIIS
1804 383 2040 447 AULJE
2080 383 2555 448 BYZAN'I‘INJE
2597 387 2746 448 LIB.
2791 388 2871 448 II.

3563 392 3719 453 1030

306 528 366 579 et
387 521 656 588 statione,
683 536 859 593 quam
889 520 1139 595 quisque
1185 520 1431 589 obtinet,
1481 520 1655 593 primi
1697 521 2041 578 cubicularii
2070 538 2101 579 e
2132 539 2259 592 sua,
2291 526 2419 578 tum
2461 522 2803 591 maglabilae,
2834 521 3069 578 tandem
3099 522 3344 579 hetaeriae
3388 526 3650 598 ascripti,
3681 544 3713 584 e

307 610 435 669 suis
464 610 683 685 quique
713 610 1087 667 stationibus.
1118 609 1284 667 Illinc
1315 626 1508 683 porro,
1541 609 1592 666 si
1624 610 1829 682 placet,
1875 610 2205 667 evehuntur
2259 610 2485 667 domini
2509 611 2571 669 in
2618 612 2786 684 equis
2842 611 2913 667 ad
2971 625 3175 683 pegam
3226 612 3309 684 [id
3369 618 3457 670 est
3500 616 3571 671 ad
3614 632 3716 687 pa-

310 702 518 760 latium
551 716 845 775 peganum
876 708 932 758 et
961 700 1271 775 Deiparam
1294 700 1515 773 fontis},
1550 700 1757 771 aliove,
1788 718 1902 773 quo
1930 700 2203 772 libuerit;
2237 702 2449 776 quodsi
2479 718 2612 759 vero
2659 700 2917 773 equitare
2962 701 3273 771 noluerint,
3329 707 3431 760 aut
3458 704 3571 763 alio
3603 721 3718 778 quo

304 794 397 851 ire
428 792 684 862 libuerit,
715 793 956 850 abeunt.

931 884 1198 941 ΚΕΦΑΛ.
1241 884 1339 940 II".

300 973 468 1047 ’Ὅσα
495 968 577 1027 δεῖ
640 970 1077 1047 παραφυλάττειν
1133 971 1196 1047 ἐν,
1222 974 1457 1047 Απαγανῇ
1516 973 1787 1047 Κυριακῇ,
1827 968 1863 1040 ἤ
1905 970 1958 1026 ἐν

377 1043 525 1118 an“
592 1041 752 1118 κοινῇ
802 1041 1066 1118 ίήμὲρᾳν
1112 1041 1442 1118 μελλόντων
1511 1041 1616 1118 τῶν
1684 1041 1961 1118 δεσποτῶν

373 1113 587 1191 ᾁπιὲναι
628 1113 737 1191 ε’ξτε
774 1113 1018 1191 eis-robe
1057 1113 1266 1191 ’Λγίους
1308 1113 1706 1183 ³Λποστόλους,
1738 1114 1845 1169 εἲτε
1883 1114 1959 1174 εἷς

374 1186 558 1263 ἓτερον
597 1188 721 1242 ναὸν
764 1184 1033 1257 εὔξασθαι.

379 1276 494 1351 Πρὸ
529 1281 656 1350 μιᾶς
701 1274 915 1351 ἡμέρας
970 1272 1179 1331 δίδοται
1234 1272 1475 1348 μανδάτα
1508 1280 1587 1348 τῷ
1618 1275 1963 1350 πραιποσίτῳ

300 1364 393 1420 καὶ
443 1369 522 1438 τῶ
568 1365 850 1420 κατεπάνω
904 1369 1011 1419 τῶν
1070 1363 1395 1439 βασιλικῶν,
1453 1370 1523 1440 τῇ
1579 1363 1743 1421 ἕωθεν
1788 1364 1961 1428 ἐλθεῖν

301 1456 539 1517 ἅπαντας
590 1454 695 1508 ἀπὸ
754 1452 1206 1529 σκαραμαγγίων,
1267 1455 1461 1519 ὁπόθεν
1518 1454 1577 1508 ἂν
1627 1453 1958 1510 κελεύσωσιν

300 1543 355 1600 οἱ
412 1540 667 1598 δεσπόται
720 1544 999 1599 ἱππεῦσαι.
1058 1543 1166 1597 Καὶ
1237 1546 1306 1617 τῇ
1373 1541 1536 1598 ’ἐωθεν
1592 1540 1959 1617 προέρχονται

302 1632 536 1695 ἅπαντας
603 1632 708 1687 ἀπὸ
795 1631 1238 1707 σκαραμαγγίων,
1315 1632 1405 1688 καὶ
1490 1631 1823 1707 εἰσέρχονται
1911 1631 1961 1685 οἱ

302 1721 659 1796 πραιπόσιτοι
703 1722 839 1795 μετὰ
885 1726 983 1777 τοῦ
1031 1716 1452 1789 κουϐουκλείου,
1520 1722 1630 1776 ε’ἰτε
1706 1721 1812 1775 ἀπὸ
1869 1722 1959 1776 τὸν

304 1805 698 1887 καϐαλλάριον,
750 1808 859 1865 εἷ’τε
907 1809 1014 1865 ἀπὸ
1061 1812 1161 1879 τήν
1215 1814 1315 1864 τοῦ
1384 1810 1584 1884 Κυρίου
1646 1808 1959 1880 ἐκκλησίαν,

304 1900 416 1954 εἴτε
447 1897 551 1955 άπὸ
580 1898 671 1953 τὸν
704 1896 1072 1971 ἱππόδρομον,
1107 1896 1211 1954 ε’ἰτε
1242 1898 1346 1954 ἀπὸ
1372 1899 1435 1954 τὸ
1455 1896 1960 1973 τζουκανισδήριον,

304 1988 417 2044 ε’ἒτε
448 1988 556 2043 ἀπὸ
584 1993 684 2057 τῆς
734 1987 969 2065 Δάφνης.
1020 1988 1153 2045 Ἀπὸ
1203 1988 1411 2043 τούτων
1463 1989 1569 2064 γὰρ
1597 1992 1705 2043 τῶν
1735 1985 1960 2043 εἰσοδων

302 2077 559 2133 εἰώθασιν
606 2076 688 2132 ἀεὶ
729 2076 974 2132 ἱππεύειν
1023 2078 1075 2131 οἱ
1125 2074 1377 2132 δεσπόται
1412 2081 1478 2136 ¹³.
1511 2077 1579 2135 Οἱ
1611 2074 1667 2132 δὲ
1707 2074 1963 2133 δεσπόται

302 2166 623 2244 ἐξέρχονται
690 2166 797 2223 διπὸ
879 2168 1303 2244 σκαραμαγγίων
1387 2169 1676 2246 φοροῦντες
1742 2167 1833 2222 καὶ
1897 2168 1965 2223 τὰ

1988 886 2043 953 Α

2689 884 2920 942 CAPUT
2956 886 3109 942 XIII.

2070 971 2435 1046 Obseruando,
2474 975 2692 1046 quando
2715 973 2775 1029 in
2806 974 3099 1030 Dominica
3128 991 3347 1046 pagana
3361 983 3457 1031 aut
3476 977 3600 1035 alia
3621 980 3716 1036 die

2139 1045 2424 1118 communi
2452 1045 2663 1101 domini
2692 1047 2888 1101 volunt
2918 1053 3019 1101 aut
3051 1046 3122 1101 ad
3150 1045 3248 1102 SS.
3296 1049 3570 1118 Apostolos
3615 1059 3713 1107 aut

2140 1117 2213 1172 ad
2258 1118 2418 1203 aliud
2455 1118 2677 1190 aliquod
2719 1119 2983 1189 templum
3033 1117 3346 1174 devotionis
3389 1123 3717 1194 peragendae

2140 1205 2309 1244 causa
2337 1205 2441 1246 ire.
2534 1210 2539 1213 ’

2143 1278 2505 1336 Praecedente
2548 1278 2642 1334 die
2712 1281 2930 1336 dantur
2976 1282 3252 1336 mandata
3306 1283 3614 1354 praeposito
3661 1291 3719 1343 et

2071 1366 2772 1439 catepanohasilicorum,
2813 1372 2878 1423 ut
2934 1368 3114 1425 altero
3173 1385 3344 1426 mane
3397 1387 3597 1429 omnes
3656 1374 3715 1429 in

2072 1458 2490 1528 scaramangiis
2521 1458 2658 1514 illuc
2687 1458 3055 1529 conveniant,
3082 1460 3235 1516 unde
3267 1461 3492 1519 domini
3521 1464 3721 1521 decre-

2071 1550 2281 1602 verunt
2310 1550 2367 1603 et
2410 1547 2648 1603 edicunt
2720 1548 3071 1619 exequitare.
3127 1550 3325 1621 Itaque
3368 1552 3721 1609 conveniunt

2072 1652 2275 1693 omnes
2306 1637 2363 1693 in
2394 1638 2819 1709 scaramangiis
2862 1640 3056 1695 statim
3107 1655 3299 1710 mane,
3334 1645 3394 1697 et
3422 1644 3721 1715 praepositi

2075 1739 2189 1779 una
2219 1740 2355 1779 cum
2389 1726 2657 1783 cubiculo
2680 1726 2832 1782 322
2864 1743 2896 1782 θ
2925 1726 3142 1799 palatio
3166 1729 3467 1798 prodeunt,
3504 1732 3622 1788 sive
3646 1734 3719 1789 ad

2073 1812 2451 1869 caballarium
2486 1814 2568 1885 [id
2618 1819 2704 1870 est
2749 1814 3156 1871 catadromum
3207 1818 3293 1873 vel
3337 1819 3718 1878 domitorium

2072 1904 2404 1974 equorum],
2437 1904 2559 1959 sive
2588 1905 2660 1960 ad
2694 1905 2928 1961 Domini
2972 1905 3307 1977 Ecclesiam,
3339 1908 3457 1965 sive
3498 1912 3569 1967 ad
3605 1912 3719 1969 cir—

2074 2008 2231 2062 cum,
2265 1992 2382 2050 sive
2413 1994 2484 2049 ad
2524 1994 3003 2051 tzucanisterium
3048 1995 3129 2067 [id
3176 2005 3265 2053 est
3307 2014 3501 2056 aream
3560 2018 3724 2058 exer-

2073 2082 2273 2138 cendae
2293 2082 2578 2152 equestris
2619 2082 2796 2154 pilae],
2845 2084 2967 2139 sive
3016 2086 3088 2139 ad
3120 2085 3423 2157 Daphnen.
3484 2088 3569 2144 Ab
3632 2091 3724 2147 his

2074 2171 2231 2227 enim
2283 2172 2355 2226 ad
2410 2172 2689 2242 palatium
2751 2173 3011 2230 aditibus
3071 2175 3262 2231 solent
3315 2177 3719 2249 imperatores,

298 2258 514 2315 τούτων
563 2259 782 2329 σπαθία,
830 2256 920 2313 καὶ
970 2255 1385 2333 δηριγευόμενοι
1440 2259 1543 2313 ὑπό
1572 2279 1630 2313 τε
1658 2262 1768 2314 τῶν
1796 2278 1960 2333 πραι-

2078 2260 2309 2333 quando
2340 2262 2692 2333 exequitant,
2738 2278 2968 2335 semper
3004 2262 3195 2332 avehi,
3238 2265 3349 2337 ipsi
3381 2272 3576 2324 autem
3608 2270 3721 2325 do-

299 2348 548 2405 ποσίτων
610 2346 702 2403 καὶ
756 2351 855 2403 τοῦ
919 2341 1319 2402 κουϐουκλείου
1377 2347 1719 2404 ⁴ἱππεύουσιν.
1770 2348 1838 2405 Οἱ
1906 2345 1964 2403 δὲ

301 2436 659 2514 πραιπόσιτοι
706 2436 798 2491 καὶ
848 2437 898 2491 οἱ
945 2440 1043 2491 τοῦ
1089 2431 1483 2491 κουϐουκλείου
1531 2436 1622 2491 καὶ
1666 2435 1820 2492 αὐτοὶ
1860 2437 1962 2491 ἱπ-

300 2528 562 2589 πεύοντες
592 2524 1030 2601 προπορεύονται
1070 2529 1179 2580 τῶν
1227 2521 1525 2583 δεσποτῶν.
1560 2527 1623 2581 0i.
1654 2523 1711 2581 δὶ
1744 2524 1964 2604 μαγλα-

304 2614 453 2676 ϐῖται
484 2617 575 2673 καὶ
608 2616 661 2671 οἱ
710 2614 990 2691 βασιλικοὶ
1038 2616 1228 2678 πάντες
1278 2614 1557 2691 ἅνθρωποι
1603 2615 1740 2691 μετὰ
1771 2637 1965 2691 σκαρα-

312 2706 563 2784 μαγγίων
610 2706 698 2761 καὶ
750 2704 987 2761 σπαθίων
1034 2704 1111 2768 εἰς
1160 2707 1261 2775 τήν
1309 2706 1504 2761 ἑαυτοῦ
1550 2703 1773 2768 ἕκαστος
1824 2726 1961 2781 προ-

317 2793 592 2869 πορεύεται
623 2795 792 2864 τάξιν.
832 2794 899 2853 Οἱ
954 2791 1010 2849 δὲ
1061 2793 1354 2869 μάγιστροι
1401 2795 1493 2850 καὶ
1540 2794 1839 2850 ἀνθύπατοι
1869 2795 1961 2849 καὶ

322 2882 585 2959 πατρίκιοι
612 2885 701 2941 καὶ
737 2883 1081 2963 ὀφφικιάλιοι
1133 2884 1349 2949 ὄπισθεν
1390 2888 1489 2940 τοῦ
1534 2883 1779 2959 ἅρματος
1828 2886 1964 2957 μετᾶ

313 2976 409 3028 τοῦ
468 2969 827 3051 δρουγγαρίου
882 2981 983 3045 τῆς
1044 2972 1250 3049 βίγλης
1301 2974 1389 3029 καὶ
1442 2978 1540 3029 τοῦ
1598 2971 1963 3050 δρουγγαρίου

306 3066 413 3118 τῶν
443 3061 726 3136 πλοΐμων,
759 3060 1192 3119 ἐπακολουθοῦσι
1238 3067 1355 3125 τοῖς
1406 3060 1712 3126 δεσπόταις.
1764 3062 1861 3117 Καὶ
1895 3059 1961 3132 δὴ

302 3156 413 3209 τῶν
450 3149 725 3209 δεσποτῶν
774 3151 1042 3209 ἀπιόντων
1098 3152 1176 3217 εἰς
1222 3154 1316 3209 τὸν
1366 3154 1491 3208 ναὸν
1525 3152 1613 3208 καὶ
1643 3156 1751 3208 τῶν
1775 3149 1963 3208 ἵππων

305 3236 738 3315 ἀποϐαινόντων,
804 3240 1042 3306 τίθενται
1117 3240 1331 3309 σελλία,
1408 3238 1666 3312 δηλονότι
1730 3241 1798 3296 τὰ
1863 3241 1966 3296 ὑπὸ

302 3336 412 3387 τῶν
480 3328 1074 3409 ἄρχοντογεννημάτων
1146 3329 1541 3405 βασταζόμενα,
1611 3330 1719 3386 ε’ἰτε
1770 3331 1822 3385 ἐν
1889 3334 1966 3403 τῷ

302 3419 641 3496 προπῦλαίῳ
695 3423 795 3491 τῆς
850 3420 1017 3491 αὐτῆς
1079 3418 1397 3491 ἐκκλησίας,
1458 3420 1565 3475 ε’ἰτε
1621 3419 1673 3475 ἐν
1723 3424 1803 3492 τῷ
1840 3420 1966 3495 νάρ-

303 3511 458 3581 θηκι,
514 3510 607 3565 καὶ
663 3510 714 3565 ἐν
772 3513 988 3572 τούτοις
1055 3508 1368 3579 καθέζονται
1427 3508 1479 3563 οἱ
1542 3505 1817 3578 δεσπόται,
1878 3508 1968 3562 καὶ

306 3598 415 3653 ὕπὸ
510 3605 615 3669 τῆς
696 3599 1106 3673 μυπικωτὲρας
1177 3601 1285 3652 τῶν
1356 3602 1693 3652 κοιτωνιτῶν
1766 3597 1967 3667 τάξεως

302 3686 702 3763 κυκλευόμενοι
734 3688 871 3764 πρὸς
904 3687 966 3743 τὸ
1002 3689 1078 3761 μὴ
1112 3684 1316 3761 ῥᾳδίως
1345 3690 1452 3741 τῶν
1487 3688 1531 3723 ¹⁴
1578 3685 1805 3742 πολλῶν
1840 3688 1969 3760 ὁρᾶ-

305 3782 455 3846 σθαι,
496 3776 863 3834 ἀλλάσσουσιν
916 3777 1051 3851 ἅπερ
1104 3778 1361 3855 φοροῦσιν
1413 3773 1761 3849 ὁποδτςματα,
1814 3797 1969 3851 περι-

306 3866 652 3943 ϐαλλόμενοι
697 3868 939 3946 στρίκτα.
992 3869 1211 3937 Ἰστέον,
1244 3866 1329 3923 ὅτι
1359 3868 1411 3923 ἐν
1456 3872 1537 3941 τῷ
1584 3869 1816 3944 νάρθηκι
1867 3875 1968 3938 τῆς

305 3957 604 4030 ἐκκλησίας
667 3958 759 4014 καὶ
844 3960 900 4013 oi
985 3959 1339 4033 πραιπόσιτοι
1406 3953 1842 4033 περεϐάλλονται
1904 3960 1970 4013 τά

305 4048 485 4104 αὐτῶν
548 4049 731 4124 σαγία.
792 4048 896 4105 Καὶ
957 4048 1054 4103 εἶθ’
1125 4044 1297 4109 οὕτως
1354 4045 1692 4121 ἀνιστάμενοι
1757 4048 1847 4102 καὶ
1901 4048 1968 4103 τὰ

302 4140 513 4196 ἑαυτῶν
613 4137 1144 4216 χρυσοπερίκλειστα
1244 4133 1709 4213 περιϐαλλόμενοι
1784 4137 1966 4213 σαγία,

300 4228 564 4305 ἔρχονται
630 4231 770 4304 πρὸς
822 4226 917 4288 τὰς
964 4226 1253 4302 βασιλικὰς
1304 4225 1503 4296 πύλας,
1553 4226 1647 4282 καὶ
1704 4227 1809 4282 ὑπὸ
1860 4231 1967 4282 τῶν

298 4317 685 4391 πραιποσίτων
768 4310 1117 4389 λαμϐάνουσι
1193 4314 1423 4391 κηροὺς,
1496 4315 1589 4370 καὶ
1664 4314 1967 4389 άπευχαρι-

301 4411 524 4462 στοῦσιν
569 4410 649 4480 τῷ
694 4410 809 4478 Θεῷ
856 4402 947 4462 διὰ
996 4413 1096 4477 τῆς
1142 4412 1368 4481 τρισσῆς
1421 4406 1537 4478 μετ’
1586 4404 1757 4460 αὐτῶν
1799 4424 1966 4478 προσ-

297 4498 603 4569 κυνήσεως.
682 4495 781 4551 Καὶ
849 4494 947 4551 εἶθ’
1015 4495 1189 4557 οὕτως
1241 4494 1607 4570 εἰσέρχονται,
1665 4495 1753 4550 καὶ
1824 4490 1967 4570 διέρ-

300 4606 507 4665 χονται
566 4582 655 4640 διὰ
715 4584 882 4659 μέσου
940 4589 1039 4641 τοῦ
1097 4588 1228 4639 ναοῦ
1274 4584 1365 4639 καὶ
1422 4591 1523 4653 τῆς
1581 4582 1843 4652 σωλαίας,
1878 4585 1967 4639 καὶ

297 4675 583 4749 ἱστάμενοι
634 4669 735 4748 ἔξω
772 4680 881 4731 τῶν
927 4674 1092 4748 ἁγίων
1129 4677 1226 4729 τοῦ
1277 4674 1531 4749 βήματος
1581 4678 1758 4748 θυρῶν
1800 4672 1967 4729 πάλιν

298 4761 677 4838 λαμϐάνουσιν
726 4764 940 4841 ἑτέρους
988 4762 1194 4836 κηροὺς
1242 4764 1387 4838 παρὰ
1422 4767 1531 4819 τῶν
1565 4763 1962 4837 πραιποσίτων,

295 4854 396 4909 καὶ
442 4851 649 4928 ὁμοίως
697 4858 969 4910 ποιοῦσιν.
1022 4853 1152 4910 Εἶτα
1200 4851 1580 4928 εἰσερχόμενοι
1611 4851 1688 4914 εἷς
1715 4853 1779 4907 τὸ
1809 4853 1963 4928 ἅγιον

298 4924 690 5018 θυσιαστήριον
718 4941 1051 5013 ἀσπάζονται
1098 4942 1198 5012 τὴν
1242 4924 1535 5015 τήν-ἁγίαν
1570 4938 1819 5012 ἐνδυτήν.
1853 4924 1971 4999 Εἶθ’

298 5030 482 5095 οὕτως
536 5030 807 5105 λαμοάνει
856 5033 885 5087 ὁ
933 5036 1154 5105 πρῶτος
1216 5028 1470 5105 βασιλεὺς
1516 5031 1575 5085 ἐκ
1622 5030 1813 5107 χειρὸς
1868 5036 1965 5085 τοῦ

295 5121 667 5197 πραιποσίτου
714 5120 806 5177 τὸν
868 5121 1128 5194 θυμιατὸν
1188 5120 1279 5176 καὶ
1348 5118 1601 5187 ἀλειπτᾶ,
1652 5120 1742 5175 καὶ
1794 5119 1969 5193 οἴκείᾳ

1140 5215 1168 5226 η

295 5210 454 5289 χειρὶ
484 5212 745 5274 ἐπιτιθεὶς
792 5214 862 5286 τῇ
911 5211 1171 5287 ἀνθρακιᾷ
1208 5212 1253 5248 ¹⁸
1468 5213 1636 5285 θυμιᾷ
1683 5210 1835 5285 πέριξ
1865 5213 1967 5276 τῆς

2072 2350 2216 2406 mini
2251 2350 2573 2422 procedunt
2602 2351 2661 2407 in
2685 2354 3128 2425 scaramangiis,
3161 2359 3459 2425 gestantes
3486 2358 3725 2428 spathae

2071 2456 2233 2510 suae,
2251 2445 2305 2495 et
2326 2440 2387 2495 in
2408 2440 2691 2512 obsequio
2725 2442 3171 2513 praepositorum
3185 2448 3241 2499 et
3262 2446 3513 2501 cubiculi
3538 2448 3729 2506 cabal-

2071 2528 2271 2587 licaut.
2306 2529 2630 2600 praepositis
2665 2546 2877 2601 nempe
2919 2537 3095 2601 atque
3139 2533 3411 2590 cubiculo
3462 2536 3521 2592 in
3555 2540 3725 2608 equis

2071 2618 2343 2673 dominos
2373 2619 2792 2690 praeeuntibus;
2815 2626 2873 2674 at
2905 2621 3235 2692 maglabitae
3252 2627 3310 2678 et
3339 2622 3567 2681 basilici
3597 2642 3724 2681 om-

2071 2722 2173 2762 nes
2188 2707 2451 2764 homines
2463 2724 2597 2764 cum
2613 2708 3027 2780 scaramangiis
3041 2715 3097 2765 et
3110 2710 3461 2781 spathis,suo
3476 2715 3727 2786 quisque

2071 2794 2131 2850 in
2163 2796 2387 2864 ordine,
2405 2796 2849 2868 praeambulaut.
2867 2798 3127 2869 Magistri
3146 2799 3723 2873 landem,proconsu-

2069 2883 2153 2940 les
2186 2885 2412 2955 patricii
2434 2893 2488 2941 et
2520 2885 2823 2954 ofﬁciales,
2853 2885 3110 2958 itemque
3127 2887 3481 2959 drungarius
3512 2892 3723 2963 vigilia

2073 2979 2130 3028 et
2152 2974 2501 3045 drungarius
2523 2974 2875 3045 ploimornm
2901 2991 3003 3032 seu
3022 2976 3451 3034 classiariorum
3472 2996 3728 3052 sequun-

2075 3066 2170 3118 tur
2199 3064 2464 3120 dominos
2497 3079 2647 3137 pone
2687 3069 2977 3121 armatum
3028 3082 3133 3122 seu
3173 3068 3726 3138 spatharocandida-

2072 3156 2162 3208 tos
2195 3153 2539 3225 scutigeros,
2575 3154 2870 3225 proximos
2893 3154 3269 3212 dominorum
3297 3157 3721 3217 satellites.Do-

2076 3241 2216 3297 mini
2233 3242 2507 3313 itaquead
2529 3243 2835 3299 ecclesiam
2861 3243 3036 3300 delati
3058 3245 3508 3303 descenduutex
3531 3250 3721 3319 equis,

2075 3337 2128 3386 et
2159 3330 2418 3387 resident
2450 3332 2509 3387 in
2540 3332 2655 3388 illis
2683 3332 2862 3404 sellis,
2904 3351 3048 3406 quas
3092 3335 3411 3393 attulerunt
3448 3344 3505 3395 et
3535 3345 3638 3396 aut
3659 3341 3718 3396 in

2076 3419 2367 3493 propylaea
2392 3420 2564 3477 istius
2588 3423 2811 3495 templi,
2839 3424 3009 3480 autin
3026 3425 3722 3499 narthece,deposuerunt

2076 3507 2708 3580 archoutogennemata
2749 3529 2850 3569 seu
2885 3513 3198 3572 nobiliores
3245 3517 3418 3573 valeti
3452 3519 3722 3589 juvenes.

2075 3600 2166 3653 Sic
2197 3600 2569 3656 considentes
2583 3616 2685 3658 eos
2697 3603 3038 3659 circumstat
3060 3604 3209 3661 facta
3230 3607 3386 3662 velut
3407 3611 3720 3679 testudine,

2077 3695 2133 3744 et
2162 3689 2427 3761 impedit,
2454 3706 2524 3746 ne
2552 3708 2583 3745 a
2616 3690 2782 3761 vulgo
2805 3693 3263 3764 conspiciantur,
3289 3694 3723 3753 inlimuscmto-

2076 3779 2331 3833 nitarum
2364 3781 2541 3849 ordo;
2584 3780 2918 3852 intereaque
2948 3782 3171 3837 domini
3204 3799 3351 3852 pone
3399 3785 3505 3841 hoc
3554 3786 3721 3855 quasi

2071 3865 2265 3921 velum
2311 3871 2562 3935 mutant,
2610 3883 2760 3937 quos
2809 3872 3039 3938 gerunt,
3099 3868 3344 3940 calceos,
3386 3876 3443 3926 et
3472 3873 3723 3930 induunt

2076 3954 2292 4010 stricta.
2327 3954 2571 4025 (Ibidem
2604 3970 2851 4027 quoque,
2882 3954 2942 4010 in
2976 3956 3249 4013 narthece
3278 3962 3435 4030 puta,
3467 3960 3726 4021 induunt

2075 4043 2371 4114 praepositi
2429 4059 2534 4098 sua
2583 4045 2764 4114 saga.)
2813 4043 3063 4101 Calceati
3106 4052 3361 4118 surgunt
3394 4049 3635 4120 domini,
3668 4059 3727 4111 et

2076 4131 2333 4188 induunt
2360 4150 2501 4189 auro
2533 4140 2697 4206 septa
2727 4150 2832 4190 sua
2870 4151 3035 4207 saga,
3068 4144 3121 4192 et
3148 4138 3434 4196 accedunt
3472 4141 3546 4197 ad
3591 4160 3723 4213 por-

2076 4227 2196 4277 tam
2229 4221 2555 4292 basilicam,
2588 4222 2689 4278 ubi
2719 4239 2917 4280 cereos
2947 4243 2978 4279 a
3028 4226 3357 4297 praepositis
3388 4229 3726 4303 accipiunt;

2077 4312 2435 4385 quibuscum
2467 4316 2556 4368 ter
2589 4314 2769 4369 Deum
2802 4315 3069 4373 adorant.
3098 4316 3172 4371 Eo
3196 4318 3367 4387 facto,
3390 4319 3727 4392 intrantper

2075 4416 2205 4457 eam
2237 4403 2464 4473 portam
2496 4400 2557 4457 in
2587 4398 2918 4470 ecclesiam,
2949 4407 3261 4460 transeunt
3285 4421 3386 4476 per
3422 4422 3551 4462 eam
3602 4424 3727 4464 me-

2077 4489 2234 4546 diam
2262 4493 2320 4546 et
2347 4505 2450 4561 per
2478 4487 2720 4557 soleam,
2752 4494 2809 4545 et
2840 4491 3171 4548 consistunt
3198 4496 3356 4550 extra
3386 4511 3582 4552 sacras
3623 4497 3725 4553 bc-

2075 4579 2245 4635 malis
2273 4579 2447 4647 fores,
2464 4577 2566 4633 ubi
2600 4595 2803 4635 rursus
2824 4579 3118 4652 accipiunt
3138 4598 3172 4637 a
3188 4584 3497 4654 praeposito
3527 4602 3723 4642 cereos

2076 4669 2238 4730 alios.
2273 4668 2628 4740 quibuscum
2642 4670 2875 4726 eosdem
2894 4669 3037 4725 ritus
3054 4669 3398 4742 devotionis,
3418 4690 3567 4745 quos
3586 4691 3721 4732 cum

2079 4757 2563 4832 praecedentibus,
2597 4762 2901 4829 peragunt.
2932 4757 3072 4815 Dein
3121 4776 3355 4817 sacrum
3405 4762 3464 4817 in
3497 4764 3719 4819 sacriﬁ-

2077 4849 2358 4906 catorium
2390 4847 2632 4916 intrant,
2666 4847 2765 4902 ubi
2798 4864 3019 4904 sacram
3043 4851 3314 4921 endytam
3338 4851 3540 4909 osculo
3560 4870 3724 4909 vene-

2080 4942 2297 4995 rantur.
2332 4937 2471 4991 Dein
2496 4936 2707 5007 accipit
2766 4937 3056 4993 maximus
3103 4938 3421 5011 imperator
3457 4957 3489 4996 e
3546 4959 3721 4999 manu

2078 5026 2372 5101 praepositi
2402 5024 2798 5091 thuribulum,
2823 5030 2880 5081 et
2895 5027 3229 5083 sufflmenta
3256 5030 3380 5085 suis
3398 5030 3523 5102 ipse
3541 5033 3727 5088 mani-

2079 5119 2191 5173 bus
2212 5115 2460 5187 imponit
2481 5114 2687 5185 prunis
2710 5115 3308 5187 ardentibus,sacram
3328 5134 3590 5176 mensam
3614 5123 3726 5177 cir-

2081 5209 2374 5261 cumcirca
2428 5205 2714 5274 incensat,
2785 5220 2969 5276 eoque
3024 5206 3195 5278 facto,
3264 5224 3471 5266 rursus
3542 5210 3733 5267 reddit

1671 5331 1905 5387 VABIJE
1961 5324 2370 5384 LECTIONES.

388 5426 436 5509 is
466 5423 677 5509 Α,
716 5423 949 5509 Ila-(32v;
973 5421 1056 5509 {in
1086 5423 1113 5509 ῥ
1152 5419 1409 5509 βασιλεὺς
1440 5420 1561 5509 given
1592 5422 2006 5509 σκαραμαγγίου
2035 5418 2125 5476 καὶ
2156 5418 2444 5492 χιώματος
2468 5415 2617 5487 πρωῒ
2637 5410 2693 5470 ἒδ
2718 5413 2981 5489 ἐκκλησίᾳ
3002 5418 3324 5475 ἀποστόλων
3356 5419 3463 5495 οὐχ
3492 5418 3730 5479 ἱππεύει.

295 5496 354 5533 ¹⁴
388 5495 494 5552 ὑπὸ
524 5498 634 5551 τῶν
666 5496 756 5553 ed.
839 5496 885 5534 ¹⁵
914 5493 1109 5570 ἄνθραξ
1143 5493 1271 5552 cod.
1305 5512 1408 5568 pro
1434 5493 1716 5569 ἀνθρακιᾷ.

1354 5612 1558 5670 JOAN.
1598 5613 1742 5670 JAC.
1785 5610 2057 5670 REISKII
2096 5602 2688 5668 COMMENTARIUS.

379 5705 500 5779 (36)
556 5705 702 5763 Cum
785 5706 848 5765 in
883 5702 1278 5779 __men_1brani_s
1363 5704 1679 5778 reperirem
1756 5699 1967 5779 ἄνθραξ,

300 5773 493 5853 (ιιίοιῖ
522 5794 639 5836 non
698 5793 827 5838 esse
874 5773 1091 5854 ἄνθραξ,
1132 5776 1317 5848 carbo,
1391 5773 1449 5834 ei
1500 5791 1715 5836 sensus
1763 5780 1820 5836 et
1851 5773 1971 5835 ’ἀο-

2083 5702 2269 5758 fectus
2302 5699 2579 5774 accentus
2623 5698 3054 5774 monstrabant,
3104 5699 3366 5774 liquebat
3422 5697 3600 5774 mihi_
3633 5698 3734 5757 lit-

2081 5776 2264 5832 teram
2300 5766 2567 5828 ultimam
2626 5784 2743 5826 non
2802 5766 3296 5847 simplicemfsed
3340 5770 3732 5846 compositam
