4052 6370
332 374 485 437 1031

1410 370 1956 434 GONSTANTINI
1999 371 2697 435 PORPHYBOGENITI

3585 369 3744 431 {032

332 503 640 576 praeposito
653 503 1042 572 thuribulum,
1059 507 1117 560 et
1134 503 1342 560 transit
1355 505 1477 576 [per
1491 505 1683 574 bema]
1699 520 1765 560 ea
1786 508 1970 577 parte,

2089 500 2248 578 ἁγίας
2288 501 2582 578 τραπέζης,
2633 503 2743 557 εἶτα
2783 498 3071 558 ἐπιδίδωσι
3116 499 3198 574 τῷ
3245 499 3594 572 πραιποσίτῳ
3651 500 3747 553 τὸν

331 611 448 665 qua
475 610 611 651 eum
635 594 789 651 exire
821 594 1112 666 congruit.
1161 594 1416 650 Tandem
1458 593 1552 649 bis
1615 594 1883 665 peractis,
1933 593 1983 649 si

330 684 536 741 volunt
564 685 624 740 in
656 701 722 742 eo
754 684 970 757 templo
1005 685 1306 756 prandere,
1359 684 1426 740 fit
1469 682 1612 740 illud
1645 703 1660 752 ;
1695 683 1848 740 828
1891 683 1982 738 sin

334 776 551 843 minus,
584 776 829 831 redeunt
858 776 1188 846 equitantes
1234 774 1292 829 in
1336 775 1615 847 palatium
1665 776 1864 830 eodem
1897 790 1986 830 or-

331 864 491 930 dine,
523 880 663 936 quo,
694 869 760 919 ut
791 864 1074 931 diximus,
1125 863 1287 920 illinc
1317 863 1377 918 in
1438 865 1719 932 templum
1770 864 1985 935 pariter

332 953 665 1025 equitantes
695 959 1079 1009 excesserant.
1112 953 1168 1008 Si
1200 953 1254 1008 in
1273 953 1728 1022 Quadragesima
1758 953 1982 1009 domini

334 1043 540 1097 volunt
561 1041 718 1098 abire
747 1043 818 1097 ad
851 1041 1178 1110 ecclesiam,
1209 1046 1351 1097 tunc
1398 1041 1464 1096 fit
1495 1040 1984 1110 metastasimum,

333 1147 433 1187 seu
450 1131 727 1187 indicitur
747 1131 1078 1187 discedendi
1093 1131 1300 1187 ecuria
1322 1139 1374 1186 et
1394 1131 1644 1203 negotiis
1665 1130 1988 1187 curialibus

334 1219 526 1287 venia,
553 1236 668 1290 quo
688 1224 948 1291 tempore
961 1220 1262 1275 tritobecte
1283 1221 1340 1274 in
1365 1219 1646 1287 lausiaco,
1668 1225 1725 1275 et
1746 1220 1987 1291 quidem

332 1310 392 1364 in
424 1308 658 1364 oraculo
697 1309 755 1364 S.
801 1307 1020 1378 Basilii,
1055 1311 1208 1380 quod
1240 1308 1319 1363 ibi
1366 1312 1475 1375 est,
1535 1308 1786 1364 canitur.
1843 1308 1990 1364 Data

335 1396 592 1461 licentia,
623 1395 841 1453 abeunt
869 1413 1073 1452 omnes
1106 1397 1269 1463 illuc,
1303 1397 1458 1452 unde
1492 1397 1756 1453 futurum
1781 1401 1890 1463 est,
1928 1400 1991 1450 ut

334 1485 554 1541 domini
585 1487 937 1556 exequitent.
972 1485 1370 1558 Congregatis,
1401 1486 1990 1552 inscenduntdomini

335 1577 396 1632 in
433 1591 634 1648 equos,
667 1580 725 1631 et
756 1575 1196 1632 abitur.Mensis
1221 1575 1414 1631 Martii
1442 1575 1536 1631 die
1562 1593 1714 1633 nono
1735 1576 1989 1633 celebra-

335 1671 433 1720 tur
462 1665 748 1720 memoria
777 1665 873 1719 SS.
915 1664 1312 1737 Quadraginta
1364 1664 1707 1737 Martyrum,
1738 1665 1990 1722 dominis

334 1753 389 1808 in
422 1770 624 1810 eorum
655 1753 966 1810 ecclesiam
1022 1754 1405 1821 venientibus,
1450 1755 1653 1811 eodem
1696 1755 1834 1822 rilu,
1888 1756 1987 1826 qui

2091 592 2374 663 θυμιατόν.
2419 591 2704 671 Διέρχεται
2755 589 2826 647 δι’
2871 591 2990 646 οίου
3041 590 3238 666 μέρους
3285 589 3517 664 ἁρμόζει
3546 591 3747 643 τοῦτον

2089 677 2303 750 ἐξιέναι.
2370 681 2468 735 Καὶ
2527 681 2573 736 εἰ
2633 682 2728 754 μὲν
2783 677 3113 736 κελεύσωσιν
3171 681 3223 734 οἱ
3264 676 3519 734 δεσπόται
3579 676 3752 732 ἐκεῖσε

2091 770 2376 844 γεύσασθαι
2427 773 2562 842 (37),
2615 770 2818 846 γίνεται
2875 773 3038 825 τοῦτο
3095 771 3275 830 καθως
3320 765 3635 843 βούλονται.
3689 765 3754 823 Ei

2094 854 2152 912 δὲ
2203 860 2369 932 μήγε,
2421 859 2526 913 ἀπὸ
2575 863 2683 914 τῶν
2734 857 2906 914 ἐκεῖσε
2955 858 3276 920 ἱππεύοντες
3326 856 3755 935 ὑποστρέφουσιν

2094 949 2228 1001 κατὰ
2279 949 2379 1017 τήν
2443 946 2875 1022 προειρημένην,
2934 948 3008 1008 ὡς
3067 941 3293 1026 ἔφαμεν,
3349 953 3453 1016 τῆς
3508 942 3753 1018 προόδου

2091 1037 2240 1108 τάξιν
2291 1036 2368 1098 εἷς
2415 1038 2478 1091 τὸ
2523 1035 2813 1093 παλάτιον.
2865 1035 3085 1105 Ἰστέον,
3133 1037 3240 1106 ὅτι,
3289 1037 3336 1090 εἲ
3379 1034 3432 1090 ἒν
3489 1055 3758 1106 τεσσαρα-

2093 1127 2264 1198 κοστῇ
2325 1124 2654 1180 κελεύσωσιν
2705 1125 2916 1180 ἀπιέναι
2965 1126 3016 1180 οἱ
3056 1121 3314 1180 δεσπόται
3365 1123 3416 1179 ἐν
3464 1122 3756 1194 ἐκκλησίᾳ,

2097 1215 2203 1268 ἀπὸ
2245 1215 2346 1283 τὴς
2398 1211 2761 1287 ψαλλομένης
2806 1215 3128 1289 τριτοέκτης
3179 1212 3230 1268 ἐν
3279 1217 3359 1284 τῷ
3389 1211 3671 1283 λαυσιακῷ
3697 1215 3758 1268 εν

2096 1308 2174 1375 τῷ
2204 1303 2474 1379 εύκτηρίῳ
2521 1307 2618 1359 τοῦ
2669 1302 2831 1379 ἁγίου
2874 1301 3191 1370 Βασιλείου,
3240 1301 3441 1378 γίνεται
3489 1301 3766 1375 μεταστά-

2098 1414 2284 1466 σιμον,
2315 1393 2403 1449 καὶ
2435 1393 2767 1470 ἀπέρχονται
2817 1392 3034 1464 πάντες,
3086 1393 3223 1447 ὅπου
3274 1389 3355 1446 δεῖ
3398 1391 3525 1452 τοὺς
3557 1388 3765 1446 δεσπό-

2097 1502 2193 1544 τας
2239 1483 2518 1538 ἱππεῦσαι.
2570 1482 2669 1535 Καὶ
2713 1481 2809 1545 εἶθ’
2867 1482 3041 1545 οὕτως
3093 1479 3413 1536 ἱππεύουσιν
3459 1479 3509 1534 οἱ
3562 1478 3764 1535 δεσπό-

2098 1592 2188 1626 ται
2237 1572 2325 1626 καὶ
2387 1570 2742 1646 ἀπέρχονται.
2801 1571 2947 1638 Μηνὶ
3008 1570 3240 1645 Μαρτίῳ
3301 1571 3344 1623 θ’
3408 1569 3610 1640 ἰστέον,
3670 1569 3759 1626 ὅτι

2099 1661 2233 1716 κατὰ
2278 1660 2371 1715 τὸν
2429 1659 2807 1736 προρρηθέντα
2859 1658 3027 1714 τύπον
3077 1666 3178 1728 τῆς
3237 1659 3466 1736 ἀφίξεως
3521 1664 3630 1714 τῶν
3671 1655 3761 1715 δε-

2101 1752 2316 1802 σποτῶν
2361 1746 2412 1802 ἐν
2458 1753 2576 1809 ταῖς
2634 1746 2809 1823 ἁγίαις
2867 1745 3185 1816 ἐκκλησίαις
3238 1751 3356 1808 ταῖς
3397 1744 3450 1800 ἐν
3499 1752 3619 1810 ταῖς
3652 1742 3764 1802 πό-

332 1842 690 1910 observatur,
723 1843 962 1915 quando
995 1842 1218 1899 domini
1267 1843 1339 1898 ad
1386 1845 1694 1899 ecclesiam
1729 1843 1980 1916 aliquam

2101 1843 2219 1892 λεσι
2267 1835 2593 1892 ἐπιτελεῖται
2644 1837 2732 1891 καὶ
2784 1838 2819 1906 ἡ
2873 1839 3065 1908 μνήμη
3115 1841 3224 1892 τῶν
3272 1836 3444 1910 ἁγίων
3500 1838 3554 1910 μ’
3601 1839 3763 1911 Μαρ-

332 1933 612 1988 urbanam
644 1931 1010 1998 caballicant,
1055 1937 1112 1987 et
1152 1948 1327 2004 quem
1371 1933 1544 1988 modo
1577 1933 1981 2004 exposuimus.

329 2020 604 2076 Kalendis
625 2021 846 2077 mensis
876 2019 1020 2076 Julii
1046 2020 1368 2076 celebratur
1391 2022 1778 2077 memoriass.
1812 2024 1986 2077 Anar-

330 2125 633 2181 gyrorum,
656 2108 910 2164 dominis
929 2110 1000 2164 ad
1021 2107 1412 2165 venerabilem
1434 2126 1633 2166 eorum
1659 2110 1984 2179 ecclesiam,

331 2213 458 2267 qua
489 2197 656 2252 estin
697 2198 822 2252 vico
876 2196 1129 2263 Paulini,
1176 2201 1349 2268 prout
1411 2197 1709 2268 placuerit,
1761 2199 1878 2254 sive
1924 2199 1983 2260 in

329 2286 525 2356 equis,
560 2284 679 2340 sive
708 2284 766 2340 in
799 2287 1098 2355 dromone,
1133 2287 1529 2356 pergentibus.
1555 2286 1778 2343 Ordoet
1805 2288 1986 2344 series

331 2372 718 2444 processionis
744 2377 836 2430 est
867 2377 934 2428 ut
961 2389 1158 2444 supra.
1181 2372 1513 2431 Notandum
1546 2379 1743 2431 tamen
1775 2377 1846 2431 de
1877 2375 1986 2433 hoc

335 2464 482 2518 festo
507 2470 804 2534 praeterea,
836 2478 1190 2535 quocunque
1213 2464 1447 2520 tandem
1480 2465 1653 2520 modo
1683 2465 1906 2520 domini
1927 2465 1985 2520 in

331 2551 523 2606 vicum
559 2551 785 2606 Paulini
815 2559 1080 2624 pergant,
1134 2552 1255 2607 sive
1299 2551 1359 2608 in
1395 2554 1582 2624 equis,
1615 2554 1738 2610 sive
1767 2554 1823 2609 in
1847 2554 1986 2610 dro-

334 2655 528 2708 mone,
562 2655 792 2711 semper
821 2656 920 2696 eos
943 2640 1346 2713 scaramangis
1361 2642 1441 2696 uti
1461 2665 1474 2708 ;
1493 2642 1703 2698 deinde
1734 2642 1864 2711 hoc,
1888 2643 1986 2699 do-

334 2729 550 2799 minos,
583 2734 892 2801 postquam
926 2745 1118 2785 coram
1143 2730 1326 2786 sacris
1350 2730 1742 2787 cancellorum
1760 2732 1986 2788 foribus

331 2818 697 2875 devotionem
721 2835 892 2874 suam
941 2834 1075 2874 cum
1127 2820 1310 2875 cereis
1355 2820 1700 2890 peregerint,
1725 2819 1783 2876 in
1815 2821 1988 2877 bema

333 2908 572 2981 quidem
605 2924 720 2964 non
745 2909 962 2964 intrare
993 2908 1073 2980 (id
1111 2908 1266 2963 enim
1319 2923 1386 2964 eo
1418 2907 1510 2964 die
1541 2909 1666 2965 fieri
1712 2926 1838 2966 mos
1869 2927 1983 2966 non

332 2996 467 3068 est),
492 2997 590 3052 sed
626 3012 822 3053 coram
871 2996 1144 3052 cancellis
1196 3013 1392 3053 sacras
1423 2997 1519 3052 SS.
1552 2999 1984 3071 Anargyrorum

332 3087 616 3157 reliquias
657 3087 921 3154 adorare,
967 3094 1022 3142 et
1072 3091 1203 3159 post
1259 3103 1531 3143 accensos
1595 3087 1676 3143 ibi
1724 3088 1986 3161 ﬁxosque

328 3177 592 3231 cereosin
618 3191 888 3231 exaerum
905 3190 1007 3230 seu
1032 3177 1242 3231 atrium
1267 3175 1441 3242 exire,
1459 3176 1558 3231 ubi
1575 3178 1979 3233 conscendunt

324 3264 382 3319 in
417 3279 601 3336 equos
622 3265 935 3321 etreditum
955 3265 1024 3320 ad
1044 3263 1318 3334 palatium
1344 3265 1702 3334 instituunt;
1727 3266 1974 3337 siveiam

326 3352 387 3406 in
419 3354 589 3424 equis
621 3353 876 3423 redeant,
921 3353 1040 3408 sive
1083 3353 1142 3408 in
1169 3353 1467 3409 dromone.
1503 3358 1660 3424 Saepe
1689 3365 1881 3411 autem
1911 3355 1977 3412 ﬁt

326 3441 386 3496 in
420 3441 528 3497 hac
565 3443 802 3512 quidem
832 3441 1215 3513 processione,
1268 3446 1331 3497 ut
1379 3459 1513 3498 cum
1548 3444 1883 3515 proceribus
1914 3447 1973 3501 in

327 3528 546 3600 palatio
576 3529 1027 3585 blacbernarum
1057 3530 1387 3602 epulentur,
1419 3537 1476 3588 et
1497 3533 1578 3587 sic
1600 3533 1835 3590 demum
1854 3550 1977 3590 ves-

329 3634 479 3690 pera:
540 3619 600 3673 in
649 3617 932 3690 palatium
985 3620 1240 3676 redeant.
1277 3621 1494 3677 Mensis
1525 3622 1661 3677 Julii
1701 3623 1794 3678 die
1823 3625 1972 3693 vige-

327 3710 478 3764 simo
505 3708 750 3778 septimo
774 3707 1046 3764 similiter
1075 3709 1371 3781 peragitur
1411 3712 1692 3767 memoria
1731 3712 1790 3767 S.
1826 3717 1976 3767 Pan-

323 3796 956 3866 telcemonis,dominis
987 3798 1044 3852 in
1067 3798 1460 3854 venerabilem
1483 3801 1612 3869 ejus
1639 3799 1972 3868 ecclesiam,

327 3903 452 3959 quis
479 3891 566 3942 est
595 3886 652 3940 in
683 3887 1034 3942 monasterio
1066 3887 1156 3942 vel
1190 3892 1372 3943 tractu
1410 3888 1688 3958 Narsetis,
1734 3889 1972 3945 caballi-

325 3975 616 4032 cantibus.
644 3975 860 4040 Quodsi
887 3993 1019 4032 vero
1052 3976 1308 4032 dominis
1340 3978 1628 4048 placuerit
1666 3979 1796 4034 navi
1835 3979 1974 4036 illuc

323 4067 427 4135 ire,
454 4065 519 4120 fit
540 4066 680 4120 ordo
714 4069 887 4136 atque
936 4066 1118 4121 series
1168 4066 1226 4122 in
1278 4065 1434 4121 hunc
1487 4067 1721 4123 modum
1758 4085 1771 4125 :
1807 4068 1975 4127 Mane

322 4154 582 4225 procedit
603 4157 761 4210 totus
775 4158 1013 4210 senatus
1035 4159 1093 4210 et
1105 4170 1170 4210 cu
1183 4155 1440 4210 biculum
1467 4156 1525 4211 in
1549 4158 1973 4230 scaramangiis

322 4246 382 4298 in
407 4247 659 4299 tractum
682 4243 770 4299 vel
797 4244 1219 4300 monasterium
1239 4244 1493 4300 Caniclei
1516 4246 1760 4314 dictum,
1794 4255 1848 4304 et
1866 4249 1973 4303 im-

323 4336 554 4403 perator
566 4347 596 4387 e
612 4332 827 4403 palatio
840 4331 1020 4386 intrat
1039 4332 1097 4386 in
1113 4332 1469 4402 imperialem
1485 4334 1826 4392 dromonem
1841 4351 1973 4393 cum

327 4419 550 4494 privato
581 4437 688 4477 suo
721 4420 1044 4476 ministerio
1066 4425 1123 4477 et
1144 4420 1438 4493 logotheta
1459 4422 1699 4498 [dromi]
1753 4430 1812 4481 et
1842 4443 1974 4498 pro-

327 4514 665 4580 toasecrcta,
690 4510 966 4582 magistro
988 4511 1482 4583 supplicationum
1514 4519 1570 4570 et
1601 4516 1978 4573 betaeriarcha

2089 1927 2287 2002 τύρων,
2338 1930 2446 1980 τῶν
2499 1923 2776 1980 δεσποτῶν
2832 1924 3108 1980 ἀπιόντων
3159 1923 3211 1980 ἐν
3258 1925 3337 1996 τῷ
3385 1926 3531 2000 ἁγίῳ
3580 1925 3761 1982 αὐτῶν

2088 2019 2219 2087 ναῷ.
2281 2014 2429 2084 Μηνὶ
2484 2013 2702 2086 Ἰουλίῳ
2760 2015 2825 2070 α’.
2889 2015 3107 2084 Ἰστέον,
3164 2015 3248 2069 δτι
3307 2013 3518 2086 ὁμοίως
3575 2014 3755 2070 ἐπιτε-

2091 2103 2269 2160 λεῖται
2327 2103 2415 2157 καὶ
2465 2105 2501 2173 ἡ
2563 2104 2757 2176 μνήμη
2815 2108 2925 2158 τῶν
2985 2103 3150 2178 ἁγίων
3210 2101 3562 2178 Ἀναργύρων

2091 2196 2215 2251 Τῶν
2278 2189 2555 2248 δεσποτῶν
2621 2192 2897 2248 ἀπιόντων
2950 2193 3026 2255 εἰς
3083 2194 3176 2248 τὸν
3228 2187 3522 2265 σεέἀσμιον
3580 2193 3762 2251 αὐτῶν

2089 2282 2216 2337 ναὸν
2265 2281 2341 2343 εἷς
2384 2282 2451 2336 τὰ
2505 2279 2779 2338 Παυλίνου
2827 2284 2963 2356 (39),
3013 2282 3350 2360 ἀπέρχονται
3393 2281 3445 2336 οἱ
3478 2279 3763 2356 δεσπόται,

2089 2369 2406 2426 κελεύουσιν
2462 2367 2712 2448 ἔφιπποι,
2770 2369 3086 2426 κελεύουσιν
3143 2368 3304 2427 πλοΐ.
3362 2369 3446 2426 Τά
3511 2366 3569 2426 δὲ
3635 2371 3762 2442 ἓξῆς

2089 2466 2189 2529 τῆς
2267 2457 2644 2531 προελεύσεως
2726 2457 3080 2532 ἐπιτελεῖται,
3151 2461 3332 2524 καθὼς
3408 2460 3750 2537 προείρηται.

2089 2549 2315 2618 Ἰστέον,
2367 2549 2452 2602 ὅτι
2513 2549 2564 2603 οἱ
2624 2545 2882 2604 δεσπόται
2940 2549 3190 2612 ἀπιόντες
3247 2548 3322 2610 εἷς
3372 2549 3437 2605 τὰ
3476 2548 3750 2604 Παυλίνου

2091 2638 2182 2693 καὶ
2212 2637 2346 2693 πλοὶ
2376 2637 2467 2692 καὶ
2526 2632 2754 2714 ἔφιπποι
2820 2639 2956 2711 μετά
3009 2638 3430 2714 σκαραμαγγίων
3473 2637 3748 2713 ἀπέρχονο

2089 2749 2199 2784 ται.
2234 2725 2454 2795 Ἰστέον,
2511 2727 2594 2782 ὅτι
2653 2728 2786 2801 μετὰ
2842 2728 2906 2782 τὸ
2965 2726 3211 2798 εὔξασθαι
3249 2728 3384 2802 μετά
3425 2731 3528 2783 τῶν
3558 2731 3746 2801 κηρῶν

2089 2816 2219 2877 τοὺς
2278 2813 2543 2878 δεσπότας
2622 2810 2924 2892 ἔμπροσθεν
2991 2821 3098 2873 τῶν
3153 2817 3323 2892 ἁγίων
3385 2819 3586 2892 Θυρῶν,
3656 2817 3757 2881 εἶθ’

2092 2907 2267 2967 οὕτως
2348 2908 2749 2967 προσκυνοῦσιν
2830 2905 2897 2960 τὰ
2987 2907 3114 2980 ἅγια
3200 2903 3450 2980 λείψανα,
3491 2907 3760 2968 ἅπτοντες

2088 2997 2316 3067 κηροὺς,
2363 2997 2451 3050 καὶ
2505 2994 2855 3070 ἐξερχόμενοι
2905 2990 3007 3066 ἔξω
3057 2997 3133 3058 εἷς
3180 2996 3242 3051 τὸ
3290 2996 3523 3071 ἐξάερον,
3558 2994 3763 3062 ἐκεῖθεν

2089 3087 2436 3155 ἱππεύουσιν,
2523 3085 2613 3139 καὶ
2700 3086 3128 3164 ὑποστρέφουσιν
3207 3087 3260 3142 ἐν
3332 3091 3414 3160 τῷ
3479 3084 3759 3161 παλατίῳ,

2088 3173 2405 3230 κελεύουσιν
2470 3172 2720 3252 ἔφιπποι,
2803 3173 3119 3232 κελεύουσιν
3179 3175 3335 3232 πλοῖ.
3377 3173 3661 3239 Πολλόίκις
3705 3175 3766 3233 δὲ

2091 3269 2469 3320 συνεστιῶνται
2541 3269 2662 3326 τοῖς
2731 3261 2996 3340 ἄρχουσιν
3061 3267 3114 3320 ἐν
3181 3270 3260 3338 τῷ
3325 3263 3579 3338 παλατίῳ
3645 3271 3763 3321 τῶν

2089 3353 2435 3430 βλαχερνῶν,
2487 3352 2576 3408 καὶ
2627 3351 2815 3422 δείλης
2856 3353 3193 3430 εἰσέρχονται
3247 3355 3322 3417 εἰς
3362 3356 3424 3410 τὸ
3455 3353 3760 3412 παλάτιον.

2084 3441 2300 3511 Ἰστέον,
2369 3443 2451 3498 ὅτι
2520 3441 2689 3517 ταύτῃ
2748 3447 2818 3518 τῇ
2878 3443 3060 3519 ἡμέρᾳ
3119 3443 3218 3500 οὐκ
3283 3443 3624 3519 εἲσέρχονται
3695 3446 3757 3500 οἱ

2086 3529 2341 3586 δεσπόται
2401 3533 2477 3594 εἷς
2542 3532 2604 3586 τὸ
2663 3533 2816 3609 ἅγιον
2859 3534 3268 3608 θυσιαστήριον.
3321 3535 3468 3604 Μηνὶ
3528 3533 3761 3607 Ἰουλίῳ

2083 3623 2184 3691 κζ’,
2216 3621 2416 3692 ἰστέον,
2467 3621 2550 3676 ὅτι
2602 3620 2813 3694 ὁμοίως
2860 3619 3191 3677 ἐπιτελεῖται
3230 3623 3321 3677 καὶ
3354 3624 3389 3692 ἠ
3427 3623 3620 3696 μνήμη
3651 3627 3763 3677 τοῦ

2085 3709 2242 3784 ἁγίου
2297 3708 2745 3782 Παντελεήμονος
2795 3713 2930 3784 (40),
2980 3715 3090 3766 τῶν
3149 3709 3426 3766 δεσποτῶν
3471 3711 3762 3767 ἀπιόντων

2085 3799 2160 3861 εἰς
2205 3800 2298 3854 τὸν
2359 3794 2652 3873 σεϐάσμιον
2706 3800 2901 3854 τούτου
2942 3802 3066 3855 ναὸν
3120 3800 3196 3862 είς
3257 3801 3325 3856 τά
3382 3801 3621 3876 Ναρσοῦ.
3682 3801 3768 3858 Εἴ

2083 3886 2145 3942 δὶ
2209 3883 2463 3962 ϐουληθῇ
2524 3890 2551 3943 ὁ
2615 3887 2872 3964 βασιλεὺς
2930 3888 3184 3954 ἀπελθεῖν
3236 3887 3395 3961 πλοῖ,
3453 3890 3658 3964 γίνεται
3714 3894 3758 3963 ἡ

2083 3976 2385 4042 ἀκολουθία
2447 3977 2537 4033 καὶ
2603 3980 2640 4048 ἡ
2705 3978 2852 4048 τάξις
2922 3979 3114 4041 οὕτως.
3186 3981 3337 4056 Πρωὶ
3409 3979 3762 4055 προέρχεται

2082 4073 2226 4122 πᾶσα
2271 4070 2305 4137 ἡ
2360 4065 2667 4143 σύγκλητος
2716 4068 2805 4123 καὶ
2857 4069 2921 4123 τὸ
2967 4063 3358 4124 κουϐούκλειον
3407 4067 3512 4123 ἀπὸ
3543 4089 3766 4143 σκαρα-

2086 4155 2334 4232 μαγγίων
2376 4157 2452 4219 εἷς
2479 4157 2547 4212 τὰ
2594 4158 2940 4228 Κανικλείου,
2993 4159 3083 4213 καὶ
3134 4159 3162 4213 ὁ
3213 4158 3472 4233 βασιλεὺς
3503 4158 3768 4238 εἰσέρχε-

2079 4267 2170 4303 ται
2215 4246 2322 4301 ἀπὸ
2352 4249 2414 4301 τὸ
2443 4246 2710 4302 παΑάτιον
2760 4245 2836 4308 εἷς
2879 4247 2968 4302 τὸν
3025 4245 3298 4323 βασίλειον
3333 4245 3577 4321 δρόμονα
3612 4250 3768 4320 μετᾶ

2080 4343 2181 4406 τῆς
2231 4335 2432 4398 οἰκείας
2486 4333 2652 4391 αὐτοῦ
2701 4335 2987 4410 θεραπείας
3040 4336 3130 4391 καὶ
3179 4340 3274 4391 τοῦ
3321 4336 3622 4412 λογοθέτου
3650 4341 3760 4395 καί

2081 4430 2179 4484 τοῦ
2226 4427 2737 4502 πρωτοασηκρήτου
2785 4425 2876 4481 καὶ
2923 4429 3021 4482 τοῦ
3067 4425 3155 4482 ἐπὶ
3205 4431 3314 4483 τῶν
3360 4423 3596 4499 δεήσεων
3651 4428 3759 4485 καὶ

2083 4520 2181 4573 τοῦ
2214 4516 2596 4591 ἐταιρειάρχου
2653 4517 2741 4572 καὶ
2801 4519 2900 4571 τοῦ
2958 4513 3324 4594 δρουγγαρίου
3372 4523 3474 4587 τῆς
3523 4515 3756 4594 βίγλας,

1385 4669 1591 4728 JOAN.
1622 4670 1764 4728 JAC.
1800 4673 2063 4731 REISKII
2097 4673 2693 4731 COMMENTARlUS.

317 4819 445 4881 seu
474 4803 776 4881 scripturas
848 4803 1290 4881 compendiu_m_
1319 4821 1505 4881 _esse,_
1554 4805 1726 4881 quod
1753 4807 1976 4881 ﬁvtlpa-

320 4875 412 5000 διᾉά
434 4876 862 5001 intggretabar
886 4889 901 4929 :
936 4875 1132 4945 aptius
1145 4874 1293 4930 nihil
1316 4874 1617 4932 inveniens
1638 4897 1653 4946 ;
1678 4874 1800 4935 vid.
1821 4874 1979 4936 dicta

321 4964 352 5000 a
424 4963 480 5001 ι).
624 4989 637 5001 .

321 4964 394 5000 80
424 4964 480 5001 ι).
509 4964 637 5001 κου.

393 4963 769 5090 (ἕὴιοὲιιιεοί
828 5021 1049 5090 veteres
1122 5015 1372 5090 γεύεσθαι
1426 5020 1641 5085 ientare
1699 5022 1975 5078 dicebant

323 5093 378 5165 et
407 5087 596 5165 ve‘dpa
629 5087 991 5165 ientaculum,
1050 5087 1185 5165 novi
1217 5106 1319 5165 pro
1361 5091 1754 5165 praeder-eum
1795 5111 1974 5165 pran-

321 5158 717 5238 dio_'adh_ibgnt
749 5177 764 5225 ;
797 5174 850 5212 v.
877 5159 1137 5238 Salmaci
1158 5163 1202 5214 t.
1237 5158 1603 5238 l_l,Ap‘ag._til_5.
1627 5158 1971 5238 _Hist.'Aug.

319 5228 594 5284 Palairet.
629 5228 869 5283 Observ.
897 5232 964 5284 ad
997 5230 1065 5286 N.
1092 5231 1158 5286 T.
1195 5232 1264 5285 ad
1289 5228 1438 5289 Acta
1466 5233 1589 5299 ΧΧ,
1618 5235 1704 5293 11.

391 5298 505 5377 (38)
557 5300 847 5377 Anqrgyri
894 5302 1031 5355 dicti
1064 5303 1277 5377 _sancti
1327 5298 1583 5377 aliquot,
1603 5312 1661 5362 et
1691 5309 1843 5362 inter
1876 5325 1978 5364 eos

323 5373 613 5450 pracipue
662 5370 900 5450 Cosmas
948 5377 1006 5450 et
1044 5370 1566 5450 _D_amianus,'_qui
1621 5381 1977 5450 pauperibus

323 5443 677 5521 medicinam
714 5442 910 5521 gratis
949 5444 1276 5521 LainBbBPl:
1314 5442 1399 5521 νς
1428 5442 1514 5521 Du
1574 5442 1763 5521 Gange
1787 5451 1972 5507 Gloss.

322 5513 519 5641 Graiié
543 5530 596 5568 ν.
631 5519 687 5568 et
714 5511 914 5568 Ricaul
950 5513 1077 5568 Etat
1094 5517 1328 5586 présent
1358 5519 1429 5573 de
1452 5511 1974 5595 l’Eglisegrecque,

323 5603 380 5641 ι).
526 5626 539 5639 .

391 5658 585 5733 (39)ln
628 5654 936 5733 tractu,_in
972 5654 1190 5733 vico,_i_n
1208 5656 1406 5733 insula
1436 5661 1664 5719 Paulini
1697 5665 1974 5733 dicta,vel

319 5724 636 5785 de'ssdibus
667 5727 962 5800 quondam
997 5724 1224 5782 Paulini
1242 5729 1324 5785 sic
1373 5733 1691 5805 appellata;
1718 5736 1835 5794 vid.
1857 5724 1975 5794 Ὀο-

2011 4813 2056 4878 D
2087 4809 2251 4865 dren.

2306 4827 2362 4880 p.
2415 4808 2542 4878 502,
2599 4807 2938 4880 Tbeopban.
3002 4825 3084 4880 p.,
3121 4809 3247 4880 318,
3307 4813 3365 4865 et
3427 4808 3508 4864 ibi
3565 4809 3750 4868 Goar.

2086 4885 2143 4937 et
2191 4881 2275 4936 Du
2312 4879 2524 4950 ’Cange
2576 4879 3020 4954 C‘Pl._’_Cbris_tI
3048 4879 3113 4954 _l.
3147 4879 3335 4954 iv,;p.
3381 4881 3505 4954 184.
3536 4953 3542 4954 ί
3570 4882 3752 4954 '[An-

2087 4898 2143 4937 et
2191 4898 2275 4936 uu
2335 4898 2524 4950 uange
2576 4898 2714 4934 uri.
2801 4898 3014 4936 onrrsr.
3075 4898 3224 4950 LIV,
3323 4921 3335 4936 .
3387 4898 3505 4937 164.
3571 4898 3745 4954 ’μη-

2087 4968 2427 5034 argyrorum
2461 4951 2680 5034 templa
2710 4951 2820 5034 Dei.
2843 4951 3117 5034 Genitrici
3151 4956 3208 5034 et
3239 4898 3577 5034 BYachernis
3608 4969 3745 5034 prof

2079 5021 2448 5095 xim'aerant.
2483 5021 2864 5095 Wagnereck.
2919 5024 2992 5079 ad
3035 5029 3376 5080 sanctorum
3427 5021 3651 5080 Cosmi:
3681 5031 3748 5082 et

2081 5093 2568 5167 DamianiAVitam
2600 5093 2835 5167 ‘p.28.]f
2857 5095 3159 5165 Templum
3206 5096 3316 5167 hoc
3355 5100 3481 5152 erat
3507 5095 3568 5150 in
3593 5097 3748 5167 ipsis

2082 5165 2424 5222 Blacbernis
2455 5181 2555 5221 seu
2588 5164 2868 5221 suburbio
2901 5167 2985 5221 sic
3002 5164 3200 5222 idicto.
3251 5166 3315 5223 In
3348 5164 3634 5223 dictione_
3662 5165 3744 5229 εἰς

2081 5236 2171 5312 τᾲ,
2197 5239 2428 5312 quando
2463 5237 2569 5312 boc
2599 5253 2772 5312 sensu
2806 5235 2972 5312 debet
3015 5237 3218 5312 accipi,
3271 5238 3746 5312 subintelligitur

2082 5306 2368 5379 οἰκήματα
2392 5308 2480 5363 vel
2513 5306 2759 5380 συνοίκια
2787 5309 2874 5364 vel
2899 5309 3089 5364 simile
3118 5306 3276 5380 quid.

2154 5381 2266 5451 (40)
2300 5380 2429 5436 Fuit
2449 5388 2503 5435 et
2531 5379 2625 5436 bic
2683 5383 2925 5436 sanctus
2955 5379 3262 5450 medicus;
3295 5381 3411 5436 vid.
3447 5379 3734 5450 Menolog.

2081 5451 2260 5524 Basil.
2289 5456 2332 5507 t.
2367 5453 2568 5524 llI,7ad
2602 5452 2759 5524 diem
2788 5451 2930 5524 Julii
2969 5453 3060 5509 27.
3100 5453 3311 5524 Script.
3357 5457 3503 5524 post,
3541 5453 3740 5509 Theo-

2082 5523 2261 5596 phan.
2317 5540 2370 5594 p.
2429 5523 2587 5596 269,_
2641 5523 2738 5596 ubi
2808 5523 3031 5596 dicitur
3111 5523 3410 5581 Romanus
3486 5523 3736 5596 Lecape-

2081 5593 2198 5678 nus
2213 5593 2404 5678 ipsius
2435 5593 2656 5651 nomini
2705 5593 3009 5652 ecclesiam
3034 5600 3115 5678 'et
3147 5595 3568 5680 monasterium
3600 5593 3739 5650 con-

2081 5665 2472 5738 didisse,v1d.
2541 5665 2625 5723 Du
2669 5665 2862 5738 Cange
2919 5667 3049 5722 CPli
3086 5666 3301 5725 Christ.
3363 5668 3458 5735 IV,
3517 5683 3572 5738 p.
3635 5665 3741 5722 173

2184 5683 2321 5734 1886,
2353 5683 2472 5723 νια.
2541 5683 2625 5723 υιι
2669 5683 2862 5738 uange
2919 5683 3049 5722 Ut’ll
3086 5683 3301 5725 υηνιει.
3363 5683 3458 5735 ιν,

2081 5736 2215 5795 ﬁne.
