4052 6364
376 318 528 379 1035

1440 304 1966 367 CONSTANTINI
2012 298 2490 362 PORPHYROG
2503 300 2722 364 ENITI

3632 306 3655 364 l
3667 303 3793 367 O36

371 456 527 511 cium
559 451 690 506 fuit.
720 448 777 502 Si
817 462 919 519 per
955 444 1149 501 sinum
1191 442 1373 500 maris
1390 441 1612 498 domini
1639 442 2012 503 revertantur,

2126 455 2334 510 τροπον
2397 435 2691 508 εἰρήκαμεν
2738 438 2837 505 τήν
2901 436 3110 494 τούτων
3159 435 3359 516 ἄφιξιν.
3414 438 3634 507 ’[στὲον,
3678 439 3794 511 ὃτι,

356 543 592 597 intrant
622 540 884 609 ipsorum
915 553 984 592 ex
1036 535 1319 590 mandato
1350 534 1410 589 in
1452 533 1795 588 dromonem
1841 527 2020 584 simul

367 648 501 690 cum
527 629 672 700 ipsis
705 630 988 699 quotquot
1018 625 1130 697 ipsi
1151 623 1444 680 voluerint
1469 621 1865 692 jusseriutque
1897 633 2024 688 pro.

367 735 565 776 cerum
596 734 662 773 eo
679 718 772 772 die
803 729 1002 771 secum
1025 711 1270 783 epulari.
1305 709 1516 766 Mensis
1539 707 1901 781 Septembris
1931 705 2024 762 die

365 809 650 882 vigesimo
707 810 866 861 sexto
925 802 1196 858 similiter
1245 799 1572 856 celebratur
1620 795 1900 852 memoria
1961 799 2020 850 Β.

363 898 611 956 Joannis
642 893 945 965 Theologi,
977 890 1235 948 dominis
1266 905 1333 944 eo
1372 889 1467 944 die
1505 888 1576 942 ad
1626 883 2020 942 venerabilem

367 993 499 1062 ejus
537 987 862 1056 ecclesiam,
908 1000 1034 1055 quis
1077 984 1137 1038 in
1187 979 1450 1052 dihippio
1491 982 1602 1046 est,
1642 974 2019 1033 abeuntibus.

366 1077 644 1135 Kalendis
677 1074 894 1131 mensis
923 1070 1269 1129 Novembris
1301 1068 1597 1141 peragitur
1627 1065 1807 1122 simili
1853 1063 2022 1119 modo

367 1166 651 1224 memoria
669 1165 772 1220 SS.
796 1165 1253 1234 Anargyrorum,
1267 1157 1522 1215 dominis
1544 1157 1616 1212 ad
1631 1152 2019 1212 venerabilem

367 1273 570 1313 eorum
628 1253 956 1316 ecclesiam,
998 1266 1122 1322 quas
1181 1249 1242 1304 in
1292 1252 1476 1302 tractu
1526 1244 1616 1301 vel
1665 1241 2020 1300 monasterio

374 1343 646 1402 Basilisci
675 1345 783 1409 est,
817 1340 1190 1396 abeuntihus.
1223 1336 1436 1392 Mensis
1466 1333 1710 1405 Augusti
1745 1331 1839 1387 die
1867 1330 2022 1401 vige-

378 1436 530 1491 simo
561 1448 716 1489 nono
747 1429 1014 1486 similiter
1042 1427 1367 1484 celebratur
1407 1423 1690 1480 memoria
1727 1419 2022 1491 decapita-

367 1523 547 1578 tionis
577 1526 634 1576 S.
657 1520 898 1576 Joannis
914 1515 1317 1579 Praecursoris,
1332 1512 1481 1570 825
1500 1510 1756 1568 dominis
1777 1509 1848 1566 ad
1863 1523 2022 1564 vene-

369 1612 612 1667 randam
644 1611 772 1680 ejus
811 1608 1016 1675 aedem,
1047 1621 1171 1678 quae
1204 1604 1262 1659 in
1291 1601 1644 1659 monasterio
1683 1598 1872 1655 Studii
1911 1603 2016 1665 est,

367 1699 719 1758 abeuntibus
759 1698 962 1754 eodem
986 1696 1124 1762 ritu,
1158 1709 1327 1766 quem
1359 1691 1418 1747 in
1451 1689 1736 1746 memoria
1757 1705 1856 1745 seu
1875 1688 2019 1744 festo

367 1791 425 1846 S.
467 1786 931 1845 Panteleemonis
975 1799 1153 1886 supra
1201 1781 1602 1855 exposuimus.
1667 1779 1814 1834 Nam
1864 1782 2021 1833 totus
2050 1822 2099 1888 Β

365 1883 604 1936 senatus
634 1879 695 1934 in
717 1873 1142 1946 scaramangiis
1164 1872 1432 1930 convenit
1453 1886 1626 1926 mane
1647 1870 1706 1924 in
1729 1874 2019 1924 monaste-

364 1970 517 2025 rium
568 1966 800 2035 Studii;
833 1964 1220 2038 magistrique
1267 1966 1324 2018 et
1355 1959 1587 2032 patricii
1636 1963 1694 2016 et
1740 1955 2020 2014 ofﬁciales

364 2063 521 2115 stant
552 2061 713 2113 extra
746 2060 995 2127 portam,
1029 2069 1158 2125 quas
1191 2052 1260 2108 ad
1297 2066 1455 2106 mare
1486 2049 1720 2120 respicit
1743 2066 1757 2116 ;
1780 2047 2021 2104 cubicu-

364 2149 490 2205 lum
523 2152 716 2204 autem
748 2150 807 2202 et
851 2144 1080 2200 basilici
1122 2147 1180 2198 et
1218 2141 1550 2213 maglabitw
1593 2148 1647 2196 et
1687 2137 1926 2195 heteria
1963 2140 2021 2192 et

367 2238 1000 2307 archontogennemata
1031 2235 1187 2288 stant
1219 2231 1278 2285 in
1312 2234 1505 2302 portu,
1547 2227 1649 2284 ubi
1682 2228 1886 2282 dromo
1916 2241 2022 2297 ap-

366 2326 550 2398 pellit.
573 2323 835 2380 Monacbi
859 2326 1057 2378 autem
1081 2319 1239 2376 illius
1262 2317 1598 2375 monasterii
1618 2315 1848 2372 stautin
1873 2314 2022 2370 serie

368 2415 627 2488 gemina,
673 2413 869 2470 dextra
917 2411 1296 2480 sinistraque,
1339 2407 1411 2463 ab
1460 2406 1562 2462 illa
1615 2405 1753 2460 inde
1803 2403 2022 2460 extima

367 2508 539 2576 porta
569 2519 756 2574 usque
786 2502 856 2557 ad
891 2505 1147 2572 portum.
1185 2498 1246 2553 In
1275 2513 1390 2569 quo
1412 2495 1770 2568 appellantes
1797 2491 2021 2548 domini

365 2609 501 2649 cum
535 2593 740 2649 eodem
783 2590 1065 2647 comitatu
1099 2592 1156 2643 et
1205 2588 1406 2644 eodem
1458 2585 1684 2652 ordine,
1734 2599 1910 2655 quem
1959 2580 2020 2636 in

365 2682 645 2739 memoria
685 2681 745 2738 S.
786 2675 1248 2736 Pauteleemonis
1287 2675 1565 2742 diximus,
1610 2672 1951 2746 egressique
1990 2684 2022 2726 ο

362 2788 524 2842 nave,
559 2771 886 2842 procedunt
912 2769 970 2823 in
995 2765 1276 2838 obsequio
1299 2764 1557 2820 cubiculi
1586 2767 1644 2817 et
1676 2759 2021 2833 maglabita-

364 2877 494 2917 rum
518 2866 576 2916 et
594 2860 852 2926 heteriaa,
879 2855 1344 2928 praecedentibus
1375 2851 1718 2909 monasterii
1750 2849 2018 2906 Studiani

363 2949 692 3022 hegumeno
724 2946 1092 3003 thuribulurn
1118 2946 1352 3000 fumans
1373 2946 1611 3014 gerente
1631 2949 1684 2996 et
1711 2938 2018 2996 monachis

365 3055 500 3095 cum
530 3038 709 3094 cereis
739 3035 1105 3093 ardentibus.
1147 3033 1452 3098 Dominus,
1491 3036 1558 3086 ut
1597 3031 1669 3086 ad
1711 3045 1835 3085 eam
1879 3044 2021 3099 por-

364 3134 479 3184 tam
512 3127 1080 3200 appropinquarunt,
1112 3123 1172 3178 in
1205 3139 1318 3193 qua
1349 3119 1813 3192 stantmagistri,
1840 3117 2019 3191 patri-

2130 526 2267 580 πλολι
2325 524 2773 601 ὑποστρεφόντων
2839 531 2947 581 τῶν
3008 523 3309 594 δεσποτῶν,
3369 526 3529 589 ὅσους
3588 526 3648 583 ἃν
3698 549 3794 584 κε-

2134 613 2398 669 λεύσωσιν
2457 621 2866 684 συνεστιαθῆναι
2923 620 3032 671 τῶν
3089 616 3403 694 ἀρχόντων,
3463 621 3534 691 τῇ
3577 618 3794 674 τούτων

2131 701 2377 759 κελεύσει
2448 704 2880 783 συνεισέρχονται
2958 704 3141 768 αὐτοῖς
3215 706 3293 768 εἲς
3365 708 3460 762 τὸν
3520 704 3790 782 δρόμονα.

2130 793 2278 861 Μηνὶ
2337 789 2696 869 Σεπτεμϐρίῳ
2770 797 2849 859 »ις’
2931 795 3129 866 ἰστέον,
3188 796 3272 852 ὅτι
3332 796 3543 871 ὁμοίως
3609 796 3796 854 ἐπιτε-

2133 883 2306 938 λεῖται
2341 883 2428 938 καὶ
2473 887 2507 953 ἡ
2562 887 2752 958 μνήμη
2810 890 2907 941 τοῦ
2965 887 3120 961 ἁγίου
3172 887 3420 943 Ἰωάννου
3449 891 3547 942 τοῦ
3575 888 3790 944 Θεολὸ-

2130 992 2255 1045 γου,
2289 977 2395 1028 τῶν
2429 970 2706 1028 δεσποτῶν
2736 973 3008 1030 ἀπιόντων
3059 974 3112 1030 ἐν
3162 980 3242 1047 τῷ
3291 971 3572 1050 σεϐασμὶῳ
3620 976 3792 1032 αὐτοῦ

2129 1066 2239 1133 ναῷ
2288 1066 2366 1133 τῷ
2421 1060 2474 1117 ἐν
2531 1067 2612 1134 τῷ
2665 1060 2915 1136 διιππίῳ.
2975 1065 3126 1135 Μηνὶ
3185 1062 3480 1140 Νοεμόριῳ
3511 1072 3556 1120 α’
3586 1065 3789 1137 ἴστέον,

2131 1151 2215 1206 δτι
2273 1151 2480 1222 ὁμοίως
2537 1150 2865 1207 ἐπιτελεῖται
2923 1153 3016 1208 καὶ
3080 1155 3114 1223 ἡ
3175 1157 3368 1228 μνήμη
3436 1159 3543 1210 τῶν
3615 1155 3788 1230 ἁγίων

2129 1239 2505 1314 Ἀναργύρων,
2563 1245 2670 1295 τῶν
2723 1238 3002 1297 δεσποτῶν
3061 1243 3334 1298 ἀπιόντων
3383 1244 3457 1305 εἷς
3509 1245 3601 1300 τὸν
3632 1245 3795 1321 ’ἅγιον

2130 1327 2308 1383 αὐτῶν
2357 1329 2482 1384 ναὸν
2540 1331 2616 1392 εἷς
2673 1331 2740 1385 τὰ
2792 1330 3146 1390 Βασιλίσκου.
3196 1333 3340 1402 Νηνὶ
3377 1333 3677 1409 Αὐγούστῳ
3707 1338 3794 1391 κθ¹

2132 1416 2325 1491 ῗστέον,
2359 1417 2442 1473 ὅτι
2494 1417 2706 1493 ὁμοίως
2756 1419 3087 1476 ἐπιτελεῖται
3133 1421 3223 1476 καῖ
3272 1425 3307 1492 ἡ
3357 1423 3646 1496 Ἀποτομή
3689 1428 3790 1480 τοῦ

2132 1507 2290 1582 ἁγίου
2370 1509 2620 1565 Ἰωάννου
2705 1513 2802 1564 τοῦ
2893 1507 3244 1585 Προδρόμου,
3321 1515 3428 1566 τῶν
3507 1510 3789 1570 δεσποτῶν

2131 1595 2399 1652 ἀπιόντων
2458 1595 2510 1652 ἐν
2568 1602 2648 1670 τῷ
2705 1598 2844 1672 ἁγίῳ
2901 1601 3069 1655 αὐτοῦ
3123 1605 3236 1673 ναῷ
3283 1601 3357 1662 εἷς
3405 1601 3472 1657 τὰ
3517 1601 3789 1659 Στουδίου

2129 1685 2266 1740 κατὰ
2327 1687 2419 1741 τὸν
2483 1685 2856 1761 προρρηθέντα
2936 1687 3106 1743 τύπον
3173 1689 3225 1744 ἐν
3292 1693 3360 1764 τῇ
3431 1693 3626 1765 μνήμῃ
3690 1698 3787 1748 τοῦ

2130 1773 2291 1848 ἆγίου
2354 1773 2829 1848 Παντελεήμονος.
2905 1780 2982 1850 Τῇ
3056 1774 3222 1833 ἕωθεν
3284 1778 3386 1854 γὰρ
3452 1780 3786 1857 προέρχεται

2130 1868 2274 1918 πᾶσα
2323 1865 2358 1933 ἡ
2407 1863 2718 1939 σύγκλητος
2776 1866 2882 1920 ἀπὸ
2934 1868 3359 1942 σκαραμαγγίων
3411 1869 3489 1932 εἰς
3516 1869 3584 1925 τὰ
3615 1877 3794 1927 Στου-

2130 1950 2270 2009 δίου.
2315 1953 2419 2009 Καὶ
2469 1955 2521 2009 οἱ
2575 1955 2670 2028 μὲν
2723 1956 3016 2031 μάγιστροι
3055 1956 3144 2012 καὶ
3195 1957 3476 2030 πάτρίκιοι
3503 1959 3594 2014 καὶ
3628 1961 3790 2040 ὀφφι-

2128 2043 2341 2098 κιάλιοι
2386 2044 2634 2099 ’ἰστανται
2685 2042 2788 2117 ἔξω
2834 2051 2934 2114 τῆς
2983 2046 3122 2119 πρὸς
3167 2045 3438 2103 θάλασσαν
3469 2051 3701 2124 πόρτης⁹
3736 2052 3790 2107 οἱ

2130 2129 2188 2187 δὲ
2224 2135 2322 2186 τοῦ
2371 2126 2768 2188 κουϐουκλείου
2836 2134 2925 2188 καὶ
2994 2135 3052 2188 οἱ
3121 2133 3402 2208 βασιλικοὶ
3469 2137 3790 2195 καἱοὶτοῦ

2133 2215 2444 2293 μαγλαϐίου
2498 2221 2587 2275 καὶ
2629 2228 2730 2290 τῆς
2785 2221 3048 2298 ἑταιρείας
3095 2224 3185 2278 καὶ
3233 2225 3301 2279 τὰ
3355 2225 3791 2304 ἀρχοντογεννή-

2133 2309 2275 2383 μάτα
2333 2310 2409 2372 εἷς
2447 2311 2538 2366 τὸν
2591 2309 2786 2385 ὅρμον,
2837 2308 2959 2367 ἔνθα
3003 2313 3031 2366 ὁ
3077 2310 3298 2385 δρόμων
3349 2315 3517 2390 ὁρμᾷ.
3571 2316 3793 2386 Ἰστέον,

2130 2398 2212 2455 ὅτι
2245 2400 2298 2454 οἳ
2329 2403 2429 2464 τῆς
2466 2407 2638 2473 μονῆς
2699 2395 2930 2464 ἀϐὄάδες
2977 2402 3084 2458 ἀπὸ
3132 2409 3234 2472 τῆς
3280 2406 3492 2480 πόρτης
3540 2403 3648 2468 ’ἕως
3691 2412 3792 2463 τοῦ

2132 2488 2310 2563 ὅρμου
2355 2486 2607 2545 ἵστανται
2659 2487 2926 2569 στιχηδὸν
2967 2487 3113 2563 δεξιᾷ
3143 2492 3233 2548 καὶ
3271 2492 3542 2568 ἀριστερᾷ.
3574 2498 3696 2552 Τῶν
3725 2493 3786 2551 δὲ

2131 2575 2408 2634 δεσποτῶν
2471 2577 2609 2634 πλοῖ
2671 2579 2989 2655 ἒρχομένων
3048 2583 3186 2637 κατὰ
3250 2583 3344 2638 τὸν
3408 2581 3780 2658 προρρηθέντα

2128 2667 2296 2722 τύπον
2346 2671 2443 2722 τοῦ
2492 2667 2648 2742 ἁγίου
2693 2666 3144 2744 Παντελεήμονος
3181 2672 3271 2726 καὶ
3301 2678 3402 2742 τῆς
3427 2671 3554 2741 νηὸς
3584 2667 3779 2727 ἐκϐάν-

2127 2777 2254 2829 των,
2288 2754 2670 2832 δηριγεύονται
2723 2758 2826 2813 ὑπό
2874 2779 2932 2814 τε
2977 2763 3075 2815 τοῦ
3123 2755 3515 2817 κουόουκλείου
3554 2761 3646 2817 καὶ
3673 2766 3784 2817 τῶν

2134 2841 2491 2922 μαγλαειτῶν
2550 2848 2642 2903 καὶ
2699 2853 2808 2904 τῶν
2856 2853 2957 2915 τῆς
3005 2850 3292 2926 ἑταιρείας,
3365 2851 3627 2924 δηλονότι
3691 2857 3789 2908 τοῦ

2127 2936 2437 3011 ἡγουμένου
2485 2941 2968 3013 προπορευομὲνου
3026 2942 3161 3014 μετὰ
3218 2943 3483 3015 θυμιατοῦ
3552 2945 3644 2998 καὶ
3697 2938 3792 2998 i6-

2128 3021 2308 3081 ϐάδων
2363 3028 2496 3100 μετᾶ
2551 3033 2761 3104 κηρῶν.
2807 3031 2930 3087 Τῶν
2990 3028 3049 3086 δὲ
3106 3029 3383 3088 δεσποτῶν
3441 3032 3796 3104 πλησιασάν-

2126 3137 2236 3170 των
2294 3119 2362 3190 τῇ
2420 3118 2616 3191 πόρτῃ,
2675 3116 2797 3173 ἔνθα
2841 3117 3091 3175 ἵστανται
3145 3123 3196 3175 οἳ
3251 3142 3309 3177 τε
3369 3123 3664 3200 μάγιστροι
3696 3124 3792 3179 καὶ

365 3217 439 3273 cii
482 3197 875 3283 ct—ofﬁciales,
919 3213 1166 3268 adorant
1204 3210 1264 3265 hi
1307 3209 1485 3264 humo
1531 3207 1917 3278 procidentes,
1959 3209 2014 3260 et

2126 3205 2404 3280 πατρίκιοι
2436 3207 2523 3260 καὶ
2559 3207 2929 3283 όφφικιάλιοι,
2977 3209 3264 3266 πίπτουσιν
3315 3212 3367 3266 οἳ
3417 3197 3589 3268 mito?—
3624 3233 3795 3288 προσ-

360 3305 596 3364 relevati
637 3306 1074 3376 prosequuntur
1119 3316 1221 3356 eos
1275 3297 1476 3355 iidem.
1539 3296 1633 3352 Sic
1691 3302 2014 3367 praeeuntes

358 3391 584 3449 domini
617 3407 721 3462 per
749 3389 959 3445 atrium
997 3387 1322 3442 ascendunt
1351 3388 1408 3439 et
1423 3388 1736 3439 transeunt
1755 3382 2014 3454 porticus

360 3501 487 3552 quas
518 3481 599 3536 ibi
634 3485 797 3549 sunt,
829 3483 886 3534 et
917 3478 1000 3532 sic
1034 3476 1379 3547 perveniunt
1417 3476 1476 3530 in
1520 3476 1776 3530 dextram
1819 3475 2010 3530 orien-

358 3573 532 3628 talem
557 3574 784 3642 partem
828 3566 1146 3634 narthecis,
1191 3565 1291 3620 ubi
1332 3581 1476 3636 saga
1515 3581 1625 3620 sua
1664 3580 1805 3619 auro
1849 3567 2016 3634 septa

357 3662 634 3728 induunt,
665 3663 724 3715 et
751 3672 1030 3713 accensos
1073 3655 1261 3725 figunt
1299 3669 1495 3709 cereos
1537 3670 1550 3721 ;
1593 3667 1880 3725 porroque
1923 3653 2014 3706 in-

355 3751 539 3810 terius
572 3765 688 3804 una
719 3763 851 3803 cum
875 3743 1276 3800 sacerdotibus
1297 3744 1471 3810 [intra
1493 3741 1714 3812 navim]
1745 3745 2010 3812 pergunt,

355 3843 454 3900 ubi
495 3856 702 3896 rursus
739 3851 937 3893 cereos
973 3832 1316 3890 accendunt.
1362 3834 1481 3896 Quo
1525 3831 1694 3900 facto,
1745 3831 2011 3903 protinus

355 3935 422 3988 ﬁt
451 3929 726 3986 introitus
759 3927 884 3998 [seu
917 3923 1152 3979 initium
1185 3922 1365 3978 divini
1397 3921 1598 3993 ofﬁcii]
1629 3939 1642 3989 ;
1669 3920 2013 3992 praepositus

353 4019 732 4076 thuribulum
765 4015 949 4070 tradit
974 4010 1312 4084 imperatori
1345 4010 1584 4080 seniori,
1606 4011 1705 4081 qui
1728 4010 1784 4065 id
1808 4014 2013 4066 tenens

353 4111 620 4165 incensat
647 4107 815 4174 ;inde
836 4107 1087 4176 pergunt
1104 4103 1175 4157 ad
1195 4104 1453 4158 dextram
1483 4107 1709 4172 partem
1734 4101 2008 4171 tribunis,

352 4200 450 4255 ubi
483 4202 659 4271 caput
688 4196 872 4252 sancti
908 4193 1290 4248 Praecursoris
1323 4190 1650 4260 expositum
1686 4195 1776 4246 est
1813 4190 2008 4261 ;quod

353 4289 618 4359 religiose
664 4284 924 4341 venerati
973 4285 1188 4338 exeunt
1218 4283 1276 4336 in
1308 4281 1706 4340 metatoriam.
1742 4281 1896 4350 quod
1933 4277 2012 4336 ibi

353 4385 464 4450 est,
487 4382 708 4434 exuunt
737 4372 1164 4444 scaramangia,
1192 4370 1447 4426 induunt
1476 4369 1722 4439 colobia,
1746 4371 2011 4442 trajecta-

355 4485 470 4542 que
499 4471 662 4540 parte
684 4465 1054 4530 feminarum,
1080 4461 1412 4516 consistunt
1430 4459 1490 4514 in
1509 4460 1708 4515 dextra
1731 4459 2004 4516 orientali

2125 3297 2410 3356 κυνοῦντες
2483 3292 2612 3354 τοὺς
2717 3292 2998 3370 δεσπότας,
3063 3298 3153 3352 καὶ
3229 3299 3577 3373 ἀνιστάμενοι
3654 3322 3777 3356 συν-

2121 3380 2516 3448 ακολουθοῦσιν
2555 3380 2772 3440 ὄπισθεν
2808 3386 3009 3443 αὐτῶν.
3055 3388 3122 3445 Οἱ
3164 3385 3222 3442 δὲ
3269 3385 3527 3445 δεσπόται
3557 3410 3779 3464 προπο-

2125 3471 2408 3548 ρευόμενοι
2458 3471 2546 3528 διὰ
2593 3477 2690 3528 τοῦ
2739 3471 2953 3549 ἒξαέρου
3002 3475 3346 3552 ἀνέρχονται,
3392 3478 3482 3533 καὶ
3532 3476 3621 3534 δια
3665 3484 3779 3535 τῶν

2122 3559 2292 3617 ἐκεῖσε
2332 3557 2660 3618 διαϐατικῶν
2720 3562 3057 3641 εἰσέρχονται
3120 3565 3210 3621 διά
3261 3571 3360 3622 τοῦ
3413 3569 3551 3643 πρὸς
3590 3569 3782 3624 ἀνατο-

2123 3648 2227 3719 λὴν
2256 3649 2431 3722 δεξιοῦ
2465 3650 2661 3726 μέρους
2709 3657 2810 3708 τοῦ
2857 3654 3148 3728 νάρθηκος,
3193 3655 3407 3712 κάκεῖσε
3435 3653 3781 3734 περιϐαλλόο

2125 3760 2279 3812 μενοι
2332 3740 2399 3794 τὰ
2447 3740 2652 3796 ἑαυτῶν
2702 3741 3232 3817 χρυσοπερίκλειστα
3281 3744 3466 3822 σαγία,
3518 3748 3778 3801 ἅπτουσιν

2119 3827 2347 3901 κηροὺς,
2412 3830 2502 3884 καὶ
2571 3828 2933 3886 εἷσοδεύουσιν
3023 3835 3157 3906 μετᾶ
3230 3839 3337 3890 τῶν
3406 3834 3618 3911 ἱερέων,
3687 3837 3781 3892 καὶ

2118 3917 2282 3974 πάλιν
2339 3920 2597 3974 ἅπτουσιν
2647 3921 2873 3995 κηρούς.
2919 3921 3137 3991 Ἰστέον,
3190 3925 3275 3979 ὃτι
3334 3923 3533 3990 εὐθέως
3573 3926 3782 4001 γίνεται

2118 4009 2153 4077 ὴ
2187 4005 2398 4071 εἷ’σοδος
2439 4015 2540 4078 τῆς
2589 4008 2954 4086 λειτουργίας,
3004 4013 3094 4066 καὶ
3137 4013 3240 4068 ὑπὸ
3286 4017 3384 4068 τοῦ
3413 4016 3783 4090 πραιποσίτου

2121 4093 2304 4153 λαϐὼν
2375 4100 2403 4153 ὁ
2470 4103 2690 4172 πρῶτος
2759 4099 3013 4176 βασιλεὺς
3078 4103 3365 4177 θυμιατὸν,
3436 4110 3624 4179 θυμιᾷ,
3689 4106 3782 4161 καὶ

2122 4183 2268 4260 δεξιᾷ
2322 4189 2418 4242 τοῦ
2481 4189 2731 4264 βήματος
2792 4190 3084 4266 ἐρχόμενοι
3143 4192 3382 4267 (κάκεῖσε
3412 4195 3516 4272 γάρ
3555 4192 3784 4271 πρόκει-

2117 4298 2205 4332 ται
2257 4281 2290 4348 ἡ
2341 4283 2438 4334 τοῦ
2495 4277 2822 4355 Προδρόμου
2872 4282 2997 4358 ἁγία
3055 4283 3238 4358 κάρα),
3296 4286 3556 4341 ἅπτουσιν
3608 4285 3784 4344 ἐκεῖσε

2117 4369 2352 4441 κηροὺς,
2438 4369 2528 4422 καὶ
2583 4368 2784 4437 ταύτην
2855 4369 3203 4441 ἀσπάζονται,
3272 4375 3360 4428 καὶ
3427 4373 3782 4450 ἐξερχόμενοι

2119 4458 2460 4533 εἰσέρχονται
2525 4458 2604 4521 εἷς
2650 4459 2713 4514 τὸ
2757 4457 2928 4514 ἐκεῖσε
2993 4462 3365 4536 μητατώριον,
3431 4466 3517 4520 καὶ
3582 4461 3781 4522 ἐκϐάλ-

354 4560 527 4632 plaga
558 4555 820 4622 bematis,
870 4551 1314 4621 accenduntque
1357 4548 1435 4603 ibi
1478 4565 1672 4604 cereos
1706 4565 1806 4619 pro
1845 4550 2002 4606 exci-

2125 4545 2307 4602 λουσιν
2339 4549 2407 4602 τὰ
2452 4547 2855 4623 σκαραμάγγια,
2887 4550 2975 4604 καὶ
3026 4547 3492 4627 περιϐαλλόμενοι
3539 4550 3780 4612 κολόϐια

353 4649 562 4722 pienda
591 4647 648 4703 Β.
692 4643 988 4714 Evangelii
1021 4638 1453 4696 lectione.Dein
1487 4643 1700 4694 exeunt
1717 4655 1924 4696 rursus
1946 4641 2004 4697 in

351 4735 694 4794 viridarium
718 4733 873 4805 quod
898 4731 976 4787 ibi
1009 4733 1115 4794 est,
1148 4729 1259 4784 sub
1282 4744 1399 4798 quo
1423 4724 1664 4782 m'istum
1689 4728 2002 4798 celebrant,

351 4826 629 4884 adhibitis
661 4820 1000 4896 proceribus
1032 4835 1134 4890 pro
1170 4816 1355 4872 lubitu
1393 4815 1660 4886 delectis,
1696 4817 2000 4875 monachis

353 4918 568 4971 interea
608 4914 816 4985 pocula
855 4914 912 4965 et
951 4910 1132 4980 dapes
1173 4905 1666 4960 ministrantibus.
1718 4905 1855 4962 Post
1893 4908 1999 4964 mi-

355 5011 510 5059 stum
540 5004 764 5058 finitum
799 5003 1074 5072 surgunt,
1098 4999 1154 5053 et
1184 5012 1287 5069 per
1307 4995 1534 5063 eadem,
1561 5011 1678 5067 qua
1699 5001 1998 5062 venerant,

2116 4635 2498 4715 εἰσερχόμενοι
2561 4635 2808 4694 ἵστανται
2876 4637 2952 4702 εἷς
3027 4639 3121 4695 τὸν
3186 4643 3502 4716 γυναικίτην
3568 4645 3644 4707 εἷς
3711 4646 3781 4701 τὸ

2116 4724 2290 4795 δεξιὸν
2365 4726 2500 4802 πρὸς
2575 4725 2844 4789 ἀνατολὰς
2922 4727 3084 4803 μέρος
3157 4734 3254 4786 τοῦ
3333 4734 3605 4807 βήματος,
3683 4735 3781 4790 καὶ

2115 4818 2372 4871 ἅπτουσιν
2423 4818 2629 4888 κηροὺς
2683 4816 2758 4880 εἴς
2815 4819 2914 4888 τήν
2955 4824 3052 4874 τοῦ
3111 4819 3455 4898 Εὗαγγελίου
3495 4822 3779 4896 ἀκρόασιν.

2113 4906 2230 4963 Εἶθ’
2282 4905 2455 4968 οὕτως
2505 4904 2853 4981 ἐξερχόμενοι
2903 4907 2981 4971 sic
3029 4911 3092 4965 τὸ
3141 4909 3311 4966 ἐκεῖσε
3355 4909 3782 4986 ἀναδενδράδων

2112 4994 2510 5071 κραματίζουσι
2556 4998 2668 5068 (44)
2703 4997 2820 5069 μεθ’
2851 4997 2926 5053 ὢν
2976 4997 3034 5053 ἂν
3082 4999 3413 5057 κελεύσωσιν
3468 5003 3781 5078 ἂρχόντων,

1401 5118 1601 5176 JOAN.
1641 5119 1790 5178 JAC.
1842 5120 2103 5178 REISKII
2143 5119 2716 5179 COMMENTARIUS

424 5244 537 5314 (44)
567 5243 926 5320 Smpiushoc
968 5238 1275 5320 in_[cod_ice
1313 5243 1408 5320 τοῦ
1451 5238 1732 5312 κράματος
1771 5237 1860 5320 καὶ
1909 5241 2008 5320 τοῦ

351 5313 701 5390 κράματίγζειν
761 5315 826 5390 ﬁt
874 5313 1115 5390 mentio.
1159 5313 1257 5390 Est
1298 5317 1493 5368 autem
1534 5328 1719 5390 κραμα
1760 5316 1816 5365 et
1854 5314 2003 5390 mia):

349 5383 472 5442 trimi
511 5385 888 5457 dojejunatio,
945 5384 1328 5457 ientaculum,
1378 5391 1432 5438 et
1484 5383 1724 5457 mixture
1762 5383 1998 5457 κραματί

353 5463 478 5527 ζειν,
520 5455 856 5528 όεῇμλυησινθ
899 5461 1065 5528 μήὸ,
1105 5456 1190 5511 Du
1247 5457 1436 5528 Gange
1489 5471 1538 5508 ν.
1593 5455 1847 5528 Μξωιιιηι.
1900 5455 1997 5510 ubi

2121 5242 2258 5323 ante
2289 5245 2588 5323 sumptam
2617 5243 3093 5323 communionem
3140 5261 3241 5316 pro
3273 5260 3490 5323 magno
3531 5246 3786 5305 crimine

2117 5310 2355 5391 habent.
2388 5311 2468 5391 Ne
2491 5313 2670 5383 igitur
2693 5315 2868 5369 nimis
2888 5317 2986 5391 diu
3005 5310 3331 5391 jejunando
3354 5310 3488 5391 sese
3506 5321 3781 5391 fatigent,

2113 5382 2322 5466 solent,
2376 5382 2690 5456 antequam
2741 5402 2808 5440 ex
2849 5382 3095 5442 ecclesia
3134 5389 3442 5456 decedant,
3480 5382 3784 5447 bucculas

2113 5471 2282 5508 nanis
2312 5453 2535 5508 aliquot
2563 5466 2616 5508 et
2647 5457 2765 5508 vini
2800 5459 3094 5508 [ιοαιιιυιῃ-
3129 5477 3230 5508 seu
3279 5462 3440 5508 meri-
3474 5478 3575 5508 api)
3626 5479 3784 5508 ιιηιιιι

353 5463 478 5527 ζειν,
520 5459 856 5528 dejvjunare
899 5473 912 5522 ;
953 5461 1065 5516 vid.
1105 5459 1190 5511 Du
1247 5459 1436 5525 Gange
1489 5471 1538 5508 ν.
1593 5459 1847 5514 Mixlum.
1900 5459 1997 5510 ubi

351 5533 536 5587 multa
559 5532 734 5610 hujus
753 5527 1197 5610 signiﬁcationis
1217 5525 1477 5610 exempla
1495 5525 2000 5610 attul.it..S.olebaut

2125 5459 2282 5538 sanis
2312 5459 2535 5526 aliquot
2563 5466 2616 5512 et
2647 5459 2765 5512 vini
2800 5459 3095 5530 poculum,
3129 5477 3232 5516 seu
3279 5462 3441 5530 meri,
3474 5478 3577 5517 seu
3626 5479 3789 5532 aqua

2125 5532 2298 5610 :mxti,
2352 5542 2454 5582 seu
2508 5529 2891 5610 a‘romatibus,
2941 5531 3312 5610 quaanLatini
3348 5534 3649 5610 aequiores
3679 5535 3788 5610 pl:

2941 5547 3063 5604 Quae
3106 5531 3309 5604 Latini,
3348 5534 3649 5604 aequiores
3684 5531 3788 5601 Μ-

351 5621 559 5688 nempe
588 5597 763 5660 Graeci
786 5597 969 5688 jejuni
1001 5604 1068 5657 ad
1105 5597 1781 5688 celebrationem'divini
1804 5597 1997 5688 cultus
2104 5599 2731 5688 qmgata‘appellabant
2753 5601 2906 5688 ‘(vid.
2927 5597 3259 5688 ‘D‘uﬁange
3299 5603 3356 5658 h.
3389 5597 3492 5688 vI),
3547 5597 3785 5688 conditi

350 5681 408 5732 et
437 5669 634 5736 missae
679 5673 969 5749 praecipue
1018 5673 1333 5737 accedere;
1358 5670 1494 5742 quia
1525 5669 1723 5727 cibum
1757 5675 1996 5744 gustare
2103 5675 2164 5727 et
2203 5669 2683 5730 fructus’boraeos
2713 5669 2889 5746 atque
2909 5669 3286 5733 dulciariavin
3310 5669 3566 5750 porticus
3589 5678 3780 5738 eccle-
