4052 6394
319 461 482 524 1045

1186 461 1282 519 DE
1325 461 1785 522 CERIMONIIS
1827 460 2057 520 AULIE
2098 461 2573 524 ΒῩΖΑΝἸῚΝΛΞ
2618 468 2764 526 LIB.
2813 467 2889 527 ll.

3581 455 3736 520 1046

314 596 422 652 ὑπὸ
472 600 579 651 τῶν
630 591 1099 664 ἔκκλησιαστικῶν
1149 590 1600 668 δηριγευόμενος,
1668 592 1969 668 ἀπάρχεται

2092 595 2326 653 luerint.
2350 597 2498 655 Tum
2531 603 2844 672 praesentat
2865 603 2923 655 et
2940 597 3254 656 committit
3281 597 3600 668 imperator
3630 611 3736 650 no-

315 685 371 740 ἐν
423 689 505 756 τῷ
564 681 962 758 πατριαρχείῳ.
1021 683 1078 735 Ὃ
1119 678 1177 736 δὲ
1219 680 1476 756 βασιλεὺς
1521 683 1840 762 ὑποστρέφει
1888 682 1979 738 καὶ

318 773 629 852 εἰσέρχεται
663 771 716 827 ἐν
755 776 835 843 τῷ
883 770 1156 844 παλατίῳ.
1218 771 1324 827 Καὶ
1383 771 1578 847 ἑορτῆς
1629 771 1978 847 ἐνιστάμενης

315 859 354 934 ἤ
405 869 704 936 Κυριακῆς,
749 862 951 936 γίνεται
1002 863 1296 936 πρόκενσον
1354 859 1406 916 ἐν
1462 864 1532 935 τῇ
1599 862 1834 937 Μεγάλῃ
1888 859 1976 916 ἐκ-

316 952 548 1023 κλησίᾳ,
579 952 756 1014 καθὼς
789 954 822 1020 ἡ
858 954 1116 1021 συνήθεια
1171 946 1311 1028 ἔχει,
1361 951 1452 1006 καὶ
1505 949 1722 1026 δέχεται
1751 953 1977 1014 τούτους

315 1043 346 1097 ὁ
407 1043 727 1119 ὑποψήφιος
785 1043 897 1116 (54)
960 1039 1095 1113 μετὰ
1144 1048 1244 1110 τῆς
1291 1039 1745 1112 ἓκκλησιαστικῆς
1801 1041 1980 1112 πάσης

313 1130 538 1200 τάξεως.
575 1129 669 1184 Καὶ
711 1127 778 1198 δὴ
828 1130 963 1184 κατὰ
1010 1131 1101 1184 τὸν
1144 1129 1373 1183 εἰωθότα
1419 1129 1588 1184 τόπον
1637 1127 1980 1184 είσοδεόσαν-

313 1240 426 1290 τες,
488 1218 576 1274 καὶ
633 1222 740 1274 τῶν
801 1219 924 1292 ἑξῆς
977 1216 1424 1274 ἐπιτελεσθέντων
1479 1219 1613 1272 κατὰ
1652 1219 1746 1280 τὰς
1777 1219 1975 1281 Λοιπὰς

313 1306 689 1384 προελεύσὲις,
739 1309 1081 1384 ἀπάρχονται
1131 1307 1183 1363 οἳ
1231 1307 1504 1384 θεοφιλεῖς
1567 1306 1973 1384 μητροπολῖται

311 1405 416 1469 τῆς
447 1397 637 1472 τιμίας
685 1397 1051 1474 χειροτονίας.
1096 1398 1163 1456 Οἱ
1209 1395 1266 1452 δὲ
1317 1395 1677 1476 φιλόχριστοι
1731 1397 1974 1472 βασιλεῖς

319 1488 516 1562 μικρόν
552 1507 605 1541 τι
656 1483 1113 1542 ὀπισθοποδοῦσιν
1156 1489 1294 1559 (55),
1330 1484 1436 1548 ἕως
1478 1483 1537 1540 ἃν
1568 1484 1798 1560 τελεσθῇ
1830 1486 1976 1561 παρὰ

313 1582 425 1632 τῶν
479 1574 908 1652 μητροπολιτῶν
959 1575 1028 1630 τὰ
1063 1582 1164 1646 τῆς
1204 1575 1568 1651 χειροτονίας,
1607 1575 1699 1630 καὶ
1747 1575 1844 1640 εἷθ’
1875 1576 1977 1631 οὕ-

315 1687 429 1728 τως
460 1663 549 1721 διὰ
576 1670 676 1720 τοῦ
708 1661 890 1736 δεξιοῦ
933 1665 1134 1739 μέρους
1181 1668 1279 1720 τοῦ
1329 1665 1577 1740 βήματος
1622 1665 1712 1720 καὶ
1741 1669 1838 1720 τοῦ
1869 1686 1972 1720 κυ-

314 1754 484 1812 κλίου
530 1754 871 1831 εἰσέρχονται
917 1753 972 1810 ἐν
1020 1758 1100 1826 τῷ
1150 1754 1445 1828 εὐκτηρίῳ,
1495 1752 1547 1810 ἐν
1673 1753 1764 1809 καὶ
1802 1757 1837 1825 ἡ
1877 1755 1974 1830 ἀρ-

318 1849 466 1920 γυρᾶ
506 1841 723 1914 ἵδρυται
783 1843 1106 1918 σταύρωσις,
1165 1844 1252 1898 καὶ
1307 1840 1398 1898 διὰ
1434 1848 1533 1912 τῆς
1562 1849 1788 1918 τρισσῆς
1840 1844 1977 1917 μετὰ

316 1939 428 1989 τῶν
475 1937 660 2008 κηρῶν
702 1935 1123 2007 προσκυνήσεως
1171 1933 1658 2006 ἀπευχαριστοῦσιν
1709 1937 1789 2005 τῷ
1836 1936 1973 2004 Θεῷ,
2007 1978 2055 2044 Β

397 2024 411 2044 \
518 2024 532 2040 ε
764 2042 773 2044 -
822 2023 917 2044 νεῖ-.
1061 2024 1117 2044 '1,
1164 2021 1431 2044 -_,,,--,',4
1491 2043 1495 2044 ,
1556 2043 1563 2044 κ
1651 2020 1830 2044 1r,\nl
1875 2043 1917 2044 κέ

316 2024 412 2079 καὶ
478 2024 573 2080 τὸν
640 2023 990 2097 πατριάρχην
1050 2021 1586 2098 ἀποχαιρετίσαντες,
1649 2020 1974 2092 ἐξελθόντες,

316 2114 364 2169 εἰ
427 2115 525 2188 μὲν
563 2108 704 2169 ἔστιν
771 2111 985 2188 μεγάλη
1047 2113 1292 2186 Κυριακή
1355 2107 1392 2180 ἤ
1452 2111 1822 2182 Πεντηκοστὴ,
1871 2111 1977 2167 ε’ἰτε

312 2202 469 2274 ἄλλη
529 2203 718 2277 ἑορτὴ,
777 2201 830 2258 ἐν
883 2204 971 2264 αἷς
1025 2201 1360 2276 ἀπέρχονται
1413 2202 1465 2255 οἱ
1515 2199 1770 2257 δεσπόται
1824 2203 1876 2256 ἐν
1906 2205 1976 2276 τῇ

313 2290 545 2369 Μεγάλῃ
606 2290 893 2364 ἐκκλησίᾳ,
965 2291 1301 2367 ιῖσέρχονται
1356 2290 1408 2345 ἐν
1465 2297 1545 2364 τῷ
1620 2290 1976 2367 μητατωρίῳ,

311 2383 507 2438 καὶτὰ
556 2383 677 2452 ἑξῆς
727 2379 1075 2451 ἐπιτελεῖται,
1118 2381 1298 2444 καθὼς
1357 2381 1448 2437 καὶ
1487 2380 1540 2436 ἔν
1597 2386 1716 2443 ταῖς
1757 2385 1976 2444 Λοιπαῖς

311 2470 726 2549 προελεύσεσιν.
759 2471 826 2528 Ei
857 2468 916 2526 δὲ
945 2468 1095 2540 ἄλλη
1129 2472 1315 2544 ἑορτὴ,
1357 2469 1410 2526 ἐν
1462 2473 1500 2543 ᾗ
1550 2471 1651 2526 οὐκ
1679 2470 1977 2546 ἂπέρχεται

314 2564 343 2618 6
380 2559 640 2636 βασιλεὺς
678 2558 730 2614 ἐν
792 2563 860 2632 τῇ
917 2559 1146 2636 Μεγάλῃ
1203 2558 1490 2632 ἐκκλησίᾳ,
1530 2557 1566 2628 ἤ
1607 2561 1814 2634 παγὰνὴ
1866 2562 1977 2617 Κυ-

318 2650 512 2724 ριακὴ,
545 2646 872 2722 ἀνέρχονται
922 2645 1010 2702 διὰ
1066 2651 1164 2703 τοῦ
1212 2649 1450 2724 κοχλιοῦ
1491 2652 1590 2702 τοῦ
1619 2649 1756 2724 πρὸς
1787 2650 1849 2703 τὸ
1883 2646 1980 2721 μὲ-

324 2759 417 2812 ρος
444 2742 540 2793 τοῦ
571 2735 732 2814 ἁγίου
773 2739 1018 2812 Φρεατος
1047 2737 1102 2793 ἐν
1132 2742 1248 2799 τοῖς
1295 2737 1432 2812 πρὸς
1475 2735 1745 2806 ἀνατολὴν
1777 2734 1975 2809 δεξιοῖς

2091 701 2225 740 vum
2259 687 2651 758 patriarcham
2685 687 3000 761 praeposito
3025 691 3082 743 et
3112 687 3444 757 proceribus
3475 684 3733 742 cubiculi

2089 781 2144 831 et
2177 775 2559 839 silentiariis:
2591 786 2646 834 et
2682 779 2768 835 sic
2804 779 3078 848 utrinque
3117 776 3350 832 brachio
3391 773 3736 832 sublevatus

2089 865 2399 922 deducitur
2429 885 2462 922 ιι
2495 868 2807 939 ριιωροείῐο
2837 872 2894 923 et
2941 883 3057 922 uno
3103 867 3357 938 quodam
3408 864 3732 920 silentiario

2088 953 2148 1010 in
2181 956 2610 1026 patriarcheum
2636 973 2738 1013 seu
2761 957 3140 1013 residentiam
3167 954 3531 1027 patriarchas,
3555 951 3733 1008 eccle-

2087 1045 2348 1102 siasticis
2377 1048 2772 1120 dirigentibus
2802 1052 2859 1103 et
2890 1045 3384 1118 obsequentibus;
3418 1044 3734 1114 imperator

2085 1142 2281 1191 autem
2336 1138 2647 1194 revertitur
2689 1139 2749 1193 in
2783 1137 3086 1210 palatium.
3123 1136 3390 1192 Proxime
3432 1134 3597 1190 illinc
3640 1133 3732 1188 in-

2085 1230 2276 1281 stante
2297 1225 2388 1282 die
2411 1227 2552 1282 festo
2585 1227 2953 1283 Dominicove
2976 1225 3041 1281 fit
3061 1223 3354 1295 processio
3376 1225 3435 1278 in
3459 1222 3731 1295 Magnam

2085 1315 2409 1382 ecclesiam,
2461 1323 2629 1386 prout
2685 1317 2825 1372 illuc
2881 1315 3284 1388 processiones
3341 1313 3464 1368 ﬁeri
3521 1311 3729 1368 solent.

2085 1403 2316 1460 Electus
2345 1410 2449 1460 aut
2479 1406 2846 1476 praepositus,
2871 1421 3104 1477 unaque
3124 1419 3256 1460 cum
3280 1418 3346 1458 eo
3368 1405 3522 1457 totus
3551 1399 3730 1457 eccle-

2083 1492 2361 1549 siasticus
2391 1495 2552 1564 ordo,
2575 1493 2962 1565 imperatores
2990 1493 3072 1549 ibi
3103 1509 3239 1549 cum
3271 1491 3550 1548 comitatu
3581 1490 3734 1546 exci-

2085 1583 2191 1652 pit.
2234 1583 2488 1637 Intratur
2526 1582 2587 1637 in
2630 1582 2848 1649 navim,
2889 1587 2946 1637 et
2990 1580 3252 1638 ofﬁcium
3295 1581 3363 1634 ﬁt
3403 1579 3733 1635 secundum

2085 1670 2399 1727 formulam
2432 1675 2798 1737 consuetam,
2830 1671 3100 1742 fiuntque
3130 1669 3331 1726 omnia
3361 1668 3638 1740 deinceps
3669 1683 3738 1723 ea

2083 1760 2232 1816 serie
2263 1759 2450 1830 iisque
2483 1760 2714 1826 ritibus,
2745 1760 2844 1830 qui
2877 1759 3006 1816 aliis
3039 1759 3100 1814 in
3129 1757 3603 1831 processionibus
3632 1756 3735 1812 oh-

2081 1848 2284 1904 tinent.
2318 1849 2488 1919 Tum,
2521 1849 2770 1919 peractis
2800 1848 2940 1917 illis,
2973 1848 3262 1918 incipiunt
3295 1849 3411 1903 Deo
3451 1846 3570 1902 cari
3613 1861 3735 1900 me-

2085 1938 2364 2010 tropolitis
2416 1937 2760 1993 electionem
2799 1943 2858 1994 et
2887 1936 3314 1994 ordinationem
3365 1935 3731 2008 patriarchae.

2089 2027 2472 2098 Imperatores
2511 2031 2706 2083 autem
2757 2026 2969 2083 Christi
3013 2031 3271 2083 amantes
3320 2041 3527 2096 parum
3576 2027 3732 2080 retro

2086 2117 2148 2174 in
2200 2116 2438 2188 vestigia
2487 2133 2595 2173 sua
2645 2118 2942 2186 recedunt,
2991 2124 3044 2173 et
3093 2118 3430 2187 exspectant
3477 2115 3660 2170 donec
3699 2131 3733 2170 a

2087 2206 2474 2278 metropolitis
2523 2222 2591 2262 ea
2648 2223 2777 2277 qum
2829 2207 2902 2262 ad
2955 2205 3381 2262 ordinationem
3440 2203 3734 2276 pertinent

2088 2300 2324 2368 peracta
2354 2295 2592 2352 fuerint.
2620 2299 2766 2352 Tum
2798 2295 3083 2352 intrantes
3115 2311 3214 2366 per
3243 2295 3508 2351 dextram
3543 2292 3732 2365 regio-

2087 2402 2219 2442 nem
2255 2385 2500 2442 tribuna
2543 2389 2600 2442 et
2646 2401 2748 2457 per
2793 2385 3041 2458 cyclium
3090 2384 3153 2441 in
3195 2383 3498 2453 sacellum,
3529 2383 3590 2438 in
3620 2399 3733 2454 quo

2088 2479 2363 2547 argentea
2411 2474 2720 2530 dominicas
2768 2473 3060 2546 passionis
3108 2473 3298 2544 imago
3346 2471 3730 2544 conspicitur,

2087 2566 2332 2620 adorant
2361 2568 2448 2620 ter
2477 2563 2660 2619 Deum
2687 2579 2830 2619 cum
2862 2562 3062 2630 cereis,
3095 2567 3152 2618 et
3182 2562 3404 2618 salvere
3425 2561 3594 2632 jusso
3625 2577 3730 2633 pa-

2085 2653 2364 2722 triarcha,
2397 2659 2608 2709 exeunt
2641 2652 2700 2706 in
2743 2652 3137 2717 metatoriam,
3170 2650 3436 2722 ﬁuntque
3481 2649 3730 2721 reliqua,

2088 2745 2154 2797 ut
2185 2742 2243 2796 in
2274 2741 2574 2798 consuetis
2605 2740 3096 2812 processionibus,
3129 2740 3177 2796 si
3212 2754 3420 2810 nempe
3448 2737 3732 2795 solemnis

1365 2847 1561 2903 JOAN.
1601 2846 1748 2903 JAC.
1792 2847 2058 2904 REISKII
2110 2848 2694 2905 COMMENTARIUS.

332 2934 638 3012 δακτύλοις,
667 2935 850 3012 καθῲς
883 2935 1130 2991 εἰώθασιν
1166 2936 1217 2990 οἱ
1246 2940 1465 3012 Λατῖνοι
1497 2935 1960 3012 πρεσενταρίζειν.

322 3011 474 3081 Ergo
520 3012 722 3066 minus
771 3011 1048 3066 decorum
1099 3010 1483 3081 reputabatur
1532 3009 1968 3066 Graecis’alicui

318 3080 556 3137 tantum
592 3087 886 3137 extremos
913 3096 1126 3136 manus
1159 3080 1434 3137 articulos
1463 3097 1578 3136 non
1612 3089 1728 3136 tam
1765 3096 1969 3152 appre-

315 3154 683 3221 hendendos,
716 3170 895 3224 quam
928 3153 1275 3224 tangendos,
1313 3152 1709 3219 solummodo,
1743 3153 1800 3206 in
1836 3168 1970 3223 spe-

312 3225 491 3290 ciem,
522 3225 722 3280 Latino
753 3241 932 3293 more,
967 3225 1281 3296 porrigere,
1315 3224 1624 3296 decentius
1655 3229 1873 3291 autem,
1908 3229 1974 3280 ut

320 3296 508 3353 Graeci
537 3296 650 3368 ipsi
684 3295 997 3364 faciebant,
1032 3295 1203 3368 suum
1232 3295 1539 3368 brachium
1573 3296 1816 3351 alterius
1850 3297 1975 3350 bra-

315 3369 454 3448 chio
485 3366 772 3448 subjicere
796 3373 852 3423 et
873 3366 1314 3448 circumplicare
1335 3372 1394 3421 et
1415 3366 1492 3448 sic
1517 3368 1971 3448 ipsuqducere.
2007 3380 2050 3447 ο

313 3440 600 3494 Vetustus
644 3439 741 3493 ille
783 3455 912 3494 mos
951 3447 1033 3510 est
1063 3445 1120 3494 et
1148 3440 1218 3493 ad
1253 3439 1598 3510 Byzantinos
1616 3455 1661 3510 ia
1693 3438 1975 3510 Romanis

315 3513 498 3566 venit.
544 3509 783 3582 Legitur
823 3512 979 3566 enim
1024 3509 1083 3565 in
1127 3511 1243 3564 vita
1272 3509 1580 3565 caracalla;
1611 3509 1676 3565 T.
1710 3512 1731 3564 Ι
1763 3509 1973 3580 Script.

321 3582 470 3638 Hist.
506 3581 651 3653 Aug:
678 3583 887 3653 p.710,
909 3597 1044 3637 eum
1068 3599 1098 3636 e
1119 3581 1424 3653 Capitolio,
1451 3582 1548 3636 ubi
1565 3597 1680 3653 pro
1703 3585 1976 3653 suscepto

323 3669 531 3709 recens
574 3652 822 3726 imperio
875 3653 1009 3726 Jovi
1047 3652 1372 3726 Capitolino
1425 3652 1644 3726 gratias
1692 3652 1891 3726 egerat
1921 3657 1979 3726 et

322 3729 461 3780 vota
491 3723 726 3796 fecerat,
752 3726 810 3780 in
836 3723 1120 3796 palatium
1140 3723 1400 3796 rediisse
1431 3723 1754 3796 innuentem
1785 3723 1977 3796 [παρά-

326 3794 726 3870 κρατοῦμενον]
759 3793 1074 3868 Ραρίηἰοηο
1111 3800 1163 3851 et
1205 3793 1448 3856 Chiloni.
1495 3793 1973 3868 ambobus—prm-

324 3868 492 3924 fectis
524 3869 808 3939 praetorio.
867 3869 1220 3936 Plerumque
1252 3867 1350 3939 qui
1384 3867 1632 3922 alterum
1674 3868 1758 3922 sic
1790 3869 1972 3923 dedu-

322 3949 543 4009 cerent,
593 3940 704 4010 ipsi
754 3945 920 3995 erant
966 3939 1252 4011 dignitate
1303 3954 1628 4010 suppares;
1677 3940 1970 4011 interdum

323 4012 504 4093 eiiam
537 4011 817 4093 aequales,
846 4017 924 4093 ut_
956 4009 1104 4093 apud
1156 4009 1604 4093 nos.tru_rn"pag.
1645 4011 1752 4093 3§3
1800 4009 1974 4065 Hera-

319 4083 478 4138 clius
527 4082 749 4153 junior,
809 4100 839 4137 e
893 4083 1160 4153 despotse
1217 4081 1499 4153 dignitate
1557 4081 1614 4153 in
1685 4083 1970 4137 Caesarem

316 4151 672 4219 evehendus,
706 4153 922 4210 dicitur
969 4151 1029 4208 in
1079 4151 1327 4208 solemni
1360 4151 1434 4208 ad
1474 4152 1784 4208 ecclesiam
1838 4170 1972 4221 pro-

315 4228 584 4282 cessione
616 4225 790 4281 ivisse
835 4227 904 4280 ad
939 4223 1094 4280 latus
1143 4224 1384 4293 majoris
1438 4225 1633 4279 fratris
1685 4224 1776 4279 sui
1821 4227 1971 4279 Con-

312 4298 584 4363 stantini,
625 4299 696 4352 ab
729 4297 948 4369 eodem
999 4295 1538 4369 παρακρατοςόμενος.
1588 4295 1969 4369 signiﬁcet!!!)

312 4369 470 4424 idem
502 4368 813 4425 Gervasius
842 4369 1015 4424 verbo
1045 4366 1456 4423 Subdscellalu:
1498 4367 1649 4438 apud
1691 4367 1776 4422 Du
1819 4367 1967 4421 Can-

316 4442 478 4513 gium
502 4440 602 4513 iGl.
630 4441 754 4496 Lat.
778 4439 837 4495 h.
863 4457 939 4513 v.,
967 4440 1216 4513 viderint
1245 4438 1463 4511 quibus
1495 4437 1706 4510 velupe
1728 4447 1781 4493 et
1805 4438 1966 4494 locus

313 4511 415 4569 ille
446 4512 520 4568 ad
552 4527 764 4567 manus
797 4512 968 4567 fuerit
998 4511 1246 4582 integer.

386 4584 500 4655 (54)
528 4582 1006 4655 Siciappellatur,
1039 4580 1215 4654 quem
1245 4580 1434 4655 Latini
1468 4581 1695 4655 electum
1740 4581 1962 4655 dicunt,

314 4655 372 4710 id
397 4651 501 4711 est
531 4651 830 4727 suﬂ‘ragiis
851 4660 906 4727 et
927 4670 1031 4725 spe
1056 4651 1291 4727 muneri
1320 4651 1494 4707 alicui
1527 4669 1692 4727 sacro
1718 4652 1962 4722 civilive,

313 4743 440 4815 seu.
467 4743 633 4782 sacro
701 4725 1006 4815 praecipue,
1057 4725 1422 4815 destinatus,
1449 4725 1956 4815 nondumjtamen
1992 4748 2046 4815 D

314 4798 640 4862 ordinatus,
663 4795 1035 4868 renuntiatus
1064 4803 1175 4868 aut
1195 4797 1519 4868 investitus,
1541 4795 1660 4868 ille,
1683 4797 1751 4851 ad
1783 4812 1955 4868 quem

315 4871 568 4941 pertinet
616 4869 678 4942 ﬂ
709 4867 1047 4942 ὑποψήῳισις
1094 4866 1180 4942 vel
1228 4866 1290 4921 τὸ
1340 4866 1735 4942 monete“,
1786 4866 1964 4942 altera

832 4939 964 4996 riori
1017 4940 1282 5010 subjecta
1330 4949 1384 4994 et
1431 4939 1742 4994 submissa.
1784 4939 1959 4996 Cleri-

317 4940 742 5007 denominatio,

803 5009 1160 5086 abominatis
1203 5010 1387 5086 ψῆφος
1430 5009 1786 5086 suffragium,
1820 5011 1962 5086 sim-

311 5027 513 5069 corum
557 5027 714 5068 enim

309 5084 550 5158 pliciter
585 5083 935 5158 dicitur,_et_
965 5080 1317 5158 ψηφίζεσθαι,
1365 5080 1710 5158 votqufut
1737 5082 1824 5138 sic
1872 5083 1959 5158 di-

308 5153 464 5226 cam,
497 5156 772 5212 dicuntur
802 5153 1018 5224 clerici,
1052 5153 1293 5226 quando
1321 5153 1668 5226 candidatos
1695 5156 1816 5226 tres
1857 5154 1955 5208 deo

309 5224 617 5283 nominant
645 5232 704 5299 et
733 5224 1473 5299 proponunt‘imperatoris
1513 5224 1761 5299 delectui
1803 5226 1962 5299 velut

306 5299 533 5356 habiles
563 5302 621 5354 et
651 5294 881 5370 dignoi.
915 5294 1238 5370 Imperator
1271 5301 1463 5352 autem
1499 5296 1714 5370 dicitur
1742 5294 1958 5368 ὒποψη-

303 5371 576 5444 φίζεσθαι,
605 5368 918 5435 εαὸῡοιανε,
940 5368 1118 5452 idest
1147 5370 1470 5440 postvoiare,
1504 5368 1740 5440 quando
1766 5385 1957 5450 .unum

303 5443 559 5515 aliquem
585 5458 620 5498 a
641 5443 796 5515 ciero
817 5444 1328 5515 denominatorum
1363 5443 1464 5494 aut
1493 5441 1673 5515 alium
1705 5438 1957 5515 aliquem

304 5511 429 5586 ipse
460 5513 803 5586 denominat
831 5517 888 5568 et
915 5511 1173 5586 ordinari
1200 5512 1371 5586 jubet
1395 5528 1410 5579 ;
1430 5515 1500 5586 et
1529 5511 1660 5566 talis
1691 5511 1957 5586 denomi-

304 5581 870 5661 natusﬁnoqnﬁcptog,
903 5584 959 5661 id
1005 5587 1096 5661 est
1147 5583 1524 5661 supuotariiis,
1569 5581 1956 5661 postvotarius,

303 5656 563 5713 secundo
606 5653 748 5712 voto'
795 5653 1138 5726 designatus
1169 5653 1400 5726 dicitur.
1434 5653 1587 5726 Usus
1631 5653 1747 5726 hic,
1781 5669 1957 5726 quem

305 5729 448 5804 dixi,
480 5727 640 5785 verbi
675 5724 1113 5804 ὑποψηφίξεσθαι
1157 5724 1311 5782 clare
1354 5725 1598 5804 puatetuin
1623 5724 1749 5804 illis
1779 5725 1959 5780 Joan-

305 5800 402 5856 nis
436 5797 853 5867 Cantacuzeni,
877 5797 944 5871 'p.
975 5799 1120 5853 859:
1151 5800 1442 5872 τοιγαροῦν
1498 5797 1776 5922 ῗητήσεως
1817 5815 1955 5869 προ-

305 5869 558 5922 κειμένης
615 5873 740 5922 περὶ
796 5870 1144 5922 πατοιάογου
1198 5871 1300 5922 τὴν
1350 5867 1502 5922 ἀογα
1528 5887 1591 5922 αν
1643 5865 1952 5922 ἐλευθερίαν

298 5869 558 5946 κειμένης
615 5873 740 5946 περὶ
796 5865 1144 5948 πατριάρχου
1198 5865 1591 5944 τῆν’ἆρχαίαν
1624 5865 1952 5944 ἱλευθερίαν

2077 2933 2413 3011 ἀποδίδωμιΔ
2450 2937 2587 3011 οὐχΔ
2629 2937 2757 3008 ὑμῖν
2821 2932 3037 3011 μᾶλλον
3189 2938 3328 3007 Θεῷ,
3390 2935 3436 3007 ᾧ
3497 2931 3730 3011 μελήσει

2081 3006 2341 3083 μάλιστα⁷
2364 3009 2455 3063 τὸν
2503 3006 2687 3083 καλῶς
2734 3006 3221 3083 τῆς-Ἐκκλησίας
3279 3006 3725 3083 προστησόμενον

2081 3075 2508 3136 ἆποκαλύπτειν·
2553 3075 2800 3151 ,ὕστερον
2837 3077 2894 3134 δὲ
2941 3081 3031 3132 καὶ
3072 3075 3231 3151 αὐτὸς
3281 3075 3368 3132 ἕνα
3414 3075 3522 3132 τῶν
3562 3075 3728 3151 τριῶν

2083 3155 2504 3231 ὑποψηφιουειαι
2536 3149 2720 3231 ὥσπερ
2749 3150 2888 3231 ξθος.
2914 3152 3012 3207 Est
3045 3167 3177 3223 ergo
3195 3149 3311 3231 431555
3344 3151 3402 3231 i_n
3439 3151 3542 3231 hoc
3574 3149 3728 3206 com-

2083 3222 2370 3299 positione
2391 3222 2546 3281 idem
2571 3222 2724 3296 quod
2749 3223 2859 3290 ἐπὶ,
2882 3239 3066 3296 super,
3086 3222 3206 3295 post
3227 3222 3380 3278 aliud
3405 3222 3724 3294 quidquam

2127 3301 2440 3353 recedens.
3749 3317 3753 3322 -

2085 3317 2440 3371 preceueus.

2150 3369 2264 3440 (55)
2294 3391 2314 3417 α
2341 3368 2561 3424 Cessim
2593 3383 2657 3424 se
2687 3366 3034 3440 recipiunt,»
3059 3370 3120 3421 ut
3140 3365 3221 3440 ait
3244 3364 3574 3421 Busbekius
3598 3364 3724 3440 loco

2087 3437 2259 3496 modo
2308 3440 2565 3506 laudato,
2616 3455 2689 3494 ne
2736 3439 3018 3511 posticam
3070 3438 3361 3508 praebeant
3406 3437 3724 3511 venerabili

2083 3513 2383 3568 consessui
2425 3509 2825 3581 spectandam.
2867 3511 3154 3575 Quorsum
3200 3513 3494 3581 autemet
3529 3509 3723 3581 quoad

2083 3584 2326 3666 cesserit
2379 3579 2548 3653 imp,
2610 3586 2770 3670 patet
2823 3597 2890 3637 ex
2955 3597 3019 3665 .p.
3107 3581 3234 3670 3εξ7,
3324 3579 3432 3664 ubi
3495 3580 3727 3670 ’dicitui'

2082 3656 2227 3726 imp.
2263 3651 2572 3739 parumper
2611 3651 2772 3710 retro
2821 3651 3071 3735 cessisse
3121 3651 3288 3776 μὲγρι
3338 3653 3435 3705 τοῦ
3485 3651 3724 3725 ἀργυροῦ

2081 3726 2259 3786 κίονος
2307 3745 2406 3778 του
2452 3719 2740 3798 κιῦωρίου.
2769 3729 2916 3798 Ergo
2966 3729 3197 3798 intras
3227 3731 3345 3778 tare
3393 3727 3448 3777 et
3496 3724 3728 3798 cancel-

2079 3799 2168 3854 los
2200 3799 2448 3853 tribunaa
2486 3794 2875 3869 perﬁciebanf
2898 3795 3329 3869 ordinationem
3369 3794 3724 3869 sacerdotes.

2081 3870 2206 3927 Mos
2257 3869 2410 3924 idem
2462 3865 2651 3924 adhuc
2683 3885 2717 3924 a
2745 3867 2950 3924 Turcis
2997 3867 3358 3931 observatur,
3401 3865 3728 3920 Graecorum

2080 3939 2346 4013 exemplo
2368 3941 2574 4013 doctis,
2590 3937 3269 4013 nehonoratiori,autcui
3295 3935 3427 4006 quis
3445 3934 3730 4013 honorem

2079 4006 2296 4068 habere
2323 4012 2483 4078 velit,
2515 4015 2744 4082 tergum
2795 4008 3204 4082 obvertat,_sed
3241 4014 3392 4082 retro
3438 4006 3501 4082 in
3545 4009 3730 4082 vesti-

2117 4085 2173 4138 ia
2203 4100 2312 4138 sua
2355 4083 2518 4136 vultu
2569 4078 2839 4136 ir'retorto
2888 4085 3002 4135 eat.
3037 4079 3196 4134 idem
3246 4078 3570 4134 Busbekius
3613 4078 3728 4135 alio

2101 4150 2204 4237 ego
2234 4170 2296 4237 ρ,
2323 4155 2386 4208 14
2409 4153 2822 4237 salutationem
2854 4151 3277 4237 Gauisarprum
3305 4151 3395 4237 sic
3425 4150 3724 4237 describit.

2076 4249 2104 4277 ‹‹
2143 4221 2254 4281 Ubi
2281 4226 2340 4280 in
2371 4224 2730 4281 cenaculum
2766 4226 2932 4278 erant
2964 4222 3232 4290 admissi,
3266 4221 3373 4286 ait,
3406 4223 3593 4290 capite
3625 4224 3728 4279 de-

2076 4298 2256 4354 misso
2290 4313 2379 4352 me
2411 4296 2769 4351 salutabant.
2795 4295 2935 4350 Inde
2960 4309 3202 4366 propere
3223 4298 3279 4348 et
3310 4308 3472 4366 piens
3503 4293 3724 4366 cursim

2073 4370 2417 4425 accedentes
2450 4371 2670 4423 vestem
2701 4366 2845 4421 mihi
2869 4364 3258 4431 aut—manum,
3282 4364 3461 4420 veluti
3487 4365 3728 4421 deoscu-

2075 4441 2270 4509 laturi,
2297 4439 2627 4509 tangebam,
2662 4435 3601 4509 fasciculumquehyacinthorum
3635 4437 3725 4509 vel

2075 4503 2471 4584 narcissoru‘m
2515 4503 2908 4584 obtrudebant
2951 4503 3239 4584 [ὀσφράδιᾷ
3282 4507 3493 4584 Nostro
3538 4508 3722 4580 sunt],

2073 4589 2130 4638 et
2163 4600 2297 4639 mox
2345 4583 2470 4654 pari
2522 4584 2637 4638 fere
2681 4581 2976 4636 celeritate
3019 4581 3291 4654 recessim
3333 4581 3400 4634 ad
3447 4581 3618 4654 tores,
3645 4596 3724 4654 ne

2074 4655 2218 4710 mihi
2251 4650 2477 4721 tergum
2511 4655 2899 4718 obverterent,
2924 4651 3440 4721 regrediebantur;
3477 4650 3536 4706 id
3565 4651 3718 4706 enim

2075 4727 2361 4782 institutis
2410 4741 2612 4780 eorum
2665 4726 2910 4780 habetur
2958 4724 3318 4779 indecorum.
3369 4721 3452 4776 Ibi
3492 4737 3722 4777 summa

2074 4815 2206 4868 cum
2253 4799 2542 4868 modestia
2591 4796 2931 4868 compositis
2978 4795 3170 4849 sinum
3223 4793 3496 4868 manibus
3535 4793 3718 4866 [χερσὶ

2077 4865 2413 4939 δεδεμέναις]
2454 4865 2785 4939 terramque
2822 4867 3119 4922 intuentes
3167 4865 3337 4919 tacite
3381 4865 3716 4932 adstabant,

2074 4942 2260 5012 magis
2282 4945 2342 4995 ut
2363 4941 2419 4994 in
2440 4941 2516 5012 iis
2548 4939 2864 5012 monachos
2893 4941 3127 5012 nostros
3156 4951 3718 5012 agnosceres,quam

2072 5007 2308 5067 milites.
2359 5034 2386 5060 «
2438 5011 2647 5066 Noster
2703 5012 2760 5065 id
2824 5007 3207 5073 όπισθοποὸεἴν
3261 5025 3375 5062 uno
3433 5007 3608 5064 verbo
3661 5012 3720 5064 et

2073 5081 2449 5155 ὀπισθοφανῷς
2493 5078 2842 5155 ἀπέρχεσθαι
2892 5082 3035 5137 dicit
3071 5080 3310 5155 _p._101,
3342 5079 3477 5155 iiem
3529 5096 3590 5155 p._
3625 5080 3716 5149 85,

2071 5159 2128 5228 et
2156 5172 2219 5228 Ap.
2251 5148 2380 5219 353,
2412 5154 2584 5228 habet
2617 5148 3012 5228 ’ᾃπισθοφανῶς
3057 5148 3714 5228 ἆτιάγεινκηΧοῐιορὶιομη,

2072 5225 2120 5281 8i
2155 5219 2298 5282 bene
2333 5225 2596 5291 memini,
2628 5219 2976 5294 ἀναποδηδὸν
3005 5231 3061 5278 et
3093 5219 3506 5290 ἀναποδίζεσθαι
3537 5219 3714 5278 dixit.

2069 5300 2355 5352 Caeterum
2438 5313 2554 5352 non
2629 5296 2835 5351 licebat
2911 5296 3366 5367 imperatoribus
3451 5294 3718 5350 electioni

2071 5369 2376 5435 interesse,
2409 5383 2482 5423 ne
2513 5369 2860 5423 auctoritate
2890 5366 3012 5422 sua"
3027 5366 3250 5422 scilicet
3279 5366 3500 5422 clerum
3532 5371 3713 5421 terre-

2069 5445 2201 5494 rent
2232 5445 2289 5494 et
2330 5440 2402 5495 ad
2454 5439 2793 5495 electionem
2839 5437 3108 5493 vitiosam
3158 5437 3562 5507 pertraherent
3611 5440 3714 5490 aut

2069 5516 2392 5582 cogerent;
2447 5510 2637 5566 clerus
2695 5510 2949 5582 vicissim
3009 5509 3212 5564 nolens
3271 5507 3710 5582 volens__alium

2068 5578 2244 5655 quam
2296 5583 2469 5638 vellet
2498 5586 2554 5637 et
2572 5581 2856 5655 jussisset
2893 5580 3221 5655 imperator
3271 5596 3406 5655 non_
3436 5578 3707 5650 eligebat,

2066 5649 2246 5710 libere
2291 5659 2488 5726 tamen
2539 5649 2808 5726 eligebat.
2851 5652 2943 5726 Sic
2976 5649 3238 5726 Amimum
3291 5649 3568 5726 ludimus,
3613 5663 3710 5701 ea-

2068 5743 2232 5781 crum
2293 5725 2373 5788 hi,
2424 5721 2733 5796 profan'um
2793 5725 2913 5780 alii.
2964 5723 3124 5780 Conf.
3176 5724 3348 5795 Sigon
3409 5721 3480 5776 de
3529 5734 3706 5790 regno

2066 5798 2251 5854 Italiae
2279 5814 2335 5870 p.
2367 5797 2458 5866 22,
2491 5807 2544 5852 ν.
2578 5797 2667 5869 49,
2700 5797 2774 5853 ad
2806 5806 2873 5852 A.
2905 5797 3029 5852 595.
