4052 6394
305 434 459 497 1047
1343 434 1488 494 CON
1498 432 1828 493 STANTIN
1839 433 1862 494 1
1907 432 1939 491 ῙΞ

2053 429 2600 492 LPHYROGENITI
3557 427 3720 488 1048

301 568 420 624 haec
452 566 600 623 actio
631 573 728 622 aut
757 567 817 622 in
867 583 1142 639 magnam
1181 567 1547 624 Dominicam
1586 582 1684 621 seu
1727 567 1935 621 festum

2057 562 2269 636 μέρεσιν
2329 566 2438 617 τῶν
2487 559 2969 639 κατηχουμενίων,
3039 556 3397 633 ἐκδεχόμενοι
3456 558 3555 628 τήν
3614 563 3716 613 τοῦ

297 656 493 728 ipsum
516 657 834 725 Paschalis,
853 661 951 712 aut
972 657 1030 711 in
1061 658 1275 713 festum
1300 658 1669 711 Pentecostes
1691 654 1939 710 aliumve

2053 651 2212 730 ἁγίου
2243 649 2588 726 Εὖαγγελίου
2618 652 2940 724 ἀνάγνωσιν.

298 746 451 802 diem
504 748 717 802 festum
769 747 1011 815 incidat,
1062 747 1120 800 in
1174 762 1287 817 quo
1330 746 1597 801 dominos
1647 745 1795 800 327
1849 745 1917 798 ad
1969 747 2235 815 Magnam
2280 744 2583 800 ecclesiam
2635 744 2793 798 abire
2841 742 3082 798 obtinet.
3133 742 3355 808 Quodsi
3403 758 3535 798 vero
3590 743 3716 799 hac

298 835 448 890 actio
476 837 536 890 in
568 836 720 891 diem
754 836 968 891 festum
1000 834 1203 904 alium,
1237 851 1351 906 quo
1383 835 1659 890 dominus
1688 836 1759 888 de
1792 849 1950 888 more
1981 851 2094 888 non
2129 834 2271 899 abit,
2305 839 2404 888 aut
2434 833 2493 887 in
2524 831 2891 888 Dominicam
2925 847 3208 902 paganum
3243 831 3383 902 [qua
3416 835 3714 902 processio

298 923 582 981 solemnis
621 925 900 980 celebrari
941 923 1084 980 alias
1125 940 1242 979 non
1274 923 1438 994 solet]
1487 924 1728 993 incidat,
1760 923 2087 978 ascendunt
2138 939 2240 995 per
2284 922 2602 988 cochleam,
2636 938 2764 993 quae
2795 925 2884 976 est
2916 922 2976 976 in
3008 921 3244 992 regione
3293 921 3479 977 sancti
3523 925 3711 992 putei,

297 1013 374 1070 ad
405 1017 630 1085 partem
659 1014 729 1068 ad
762 1013 1068 1081 orientem,
1099 1028 1300 1068 versus
1340 1013 1603 1067 dextram
1652 1011 2252 1080 catechumeniorum,
2284 1015 2341 1066 et
2370 1010 2450 1066 ibi
2481 1014 2820 1082 exspectant
2867 1008 3232 1080 audiuntque
3281 1010 3471 1065 sancti
3521 1011 3708 1067 Evan-

296 1101 436 1176 gelii
470 1102 886 1160 recitationem.

918 1190 1153 1246 CAPUT
1191 1192 1318 1246 XV.

296 1279 669 1344 Obseruando,
717 1279 932 1350 quando
982 1281 1174 1351 [legati
1220 1279 1425 1352 exteri]
1483 1281 1728 1350 exceptio
1773 1281 1837 1352 ﬁt
1882 1280 1942 1332 in

366 1368 562 1423 magno
594 1353 836 1407 triclinio
876 1350 1218 1422 magnaurz,
1251 1350 1492 1407 dominis
1530 1367 1696 1423 super
1742 1350 1943 1406 throno

366 1369 456 1407 ma
494 1369 562 1408 no
594 1369 836 1407 triennio
876 1369 1110 1422 magnau

365 1369 693 1480 Sagimoneo
724 1423 1110 1480 residentibus.

366 1586 640 1658 Exceptio
673 1585 722 1642 si
755 1585 882 1642 fieri
912 1586 1086 1643 debet
1125 1586 1186 1642 in
1218 1602 1562 1655 magnaura,
1594 1602 1711 1641 non
1753 1585 1943 1640 reclu-

295 1676 454 1732 ditur
499 1677 773 1747 palatium
807 1692 894 1744 eo,
930 1680 991 1730 ut
1029 1675 1109 1730 ibi
1155 1676 1447 1731 matutina
1500 1679 1723 1730 constet
1771 1679 1944 1746 atque

292 1763 615 1821 celebretur
659 1765 999 1837 quotidiana
1039 1764 1332 1836 processio
1363 1769 1419 1820 et
1447 1769 1763 1821 conventus
1791 1781 1806 1821 :
1839 1764 1941 1819 sed

293 1855 554 1926 procedit
582 1858 738 1910 totus
769 1859 1010 1910 senatus
1035 1871 1206 1910 mane
1229 1855 1286 1910 in
1312 1871 1717 1924 magnauram,
1743 1855 1942 1926 ibique

2678 1189 2938 1244 ΚΕΦΑΛ.
2981 1187 3088 1244 ΙΕ’.

2049 1279 2188 1335 "Oed
2293 1274 2425 1352 35i__
2469 1273 2959 1352 παραφυλᾴττεινη
3006 1272 3182 1350 δοχῆς
3265 1275 3580 1352 ,γενομέν-ης
3629 1278 3713 1352 ,ἐν

2120 1353 2198 1420 τῷ
2267 1346 2495 1426 μεγάλω
2518 1424 2524 1426 _
2549 1346 2830 1426 ’τρξικλίνιρ
2883 1349 2994 1426 ’τῆς
3026 1415 3053 1426 _
3074 1346 3421 1426 μανναῦραςί
3455 1349 3565 1426 τῶν
3592 1423 3603 1426 Α
3625 1347 3711 1426 δε-

2124 1415 2751 1564 σποτὲἒᾷκαθεζομένων
2802 1415 2897 1474 ’ἐπὶ
2959 1415 3084 1472 τοῦ’
3119 1415 3542 1492 Σολομωντείου
3584 1423 3718 1496 θρό-

2124 1513 2218 1547 νου
2380 1535 2391 1546 .

2123 1513 2218 1547 νου
2261 1499 2391 1560 (56).

2125 1578 2343 1651 Ἰστέον,
2394 1578 2478 1634 ὅτι
2529 1577 2706 1653 δοχῆς
2755 1575 3072 1651 μελλούσης
3105 1577 3343 1654 γίνεσθαι
3383 1577 3436 1633 ἐν
3470 1579 3541 1654 τῇ
3578 1596 3718 1654 μαν-

2050 1667 2236 1740 ναὺρᾳ,
2271 1665 2371 1720 οὐκ
2407 1664 2610 1741 ἀνοίγει
2642 1666 2703 1719 τὸ
2742 1662 3010 1719 παλάτιον
3045 1665 3182 1738 πρὸς
3221 1665 3285 1720 τὸ
3331 1665 3481 1738 πρωῒ
3522 1669 3715 1734 στῆναι

2050 1757 2148 1824 τήν
2179 1755 2549 1828 καθημερινὴν
2598 1751 2942 1828 προέλευσιν,
2995 1751 3141 1808 ἀλλᾶ
3195 1754 3525 1828 προέρχεται
3565 1761 3716 1811 πᾶσα

2051 1847 2085 1914 ἡ
2121 1842 2430 1918 σύγκλητος
2455 1844 2604 1918 πρωῒ
2633 1842 2682 1896 έν
2705 1846 2774 1915 τῇ
2803 1841 3103 1917 μανναύρᾳ,
3132 1841 3222 1896 καὶ
3244 1840 3507 1898 ἀλλασσει
3537 1842 3715 1902 ἐκεῖσε

293 1948 525 1999 mutant
551 1944 640 1999 vel
680 1944 938 1999 induunt
982 1945 1318 2000 mutatoria.
1352 1945 1544 2000 Finita
1574 1945 1756 2000 ferme
1800 1945 1939 2001 hora

2053 1936 2116 1992 τὰ
2146 1935 2444 2008 ἀλλάξιμα.
2490 1933 2590 1988 Καὶ
2638 1934 2762 2008 περὶ
2812 1935 3096 2007 πλήρωμα
3124 1940 3226 2002 τῆς
3256 1931 3504 2008 δευτέρας
3537 1933 3709 2010 ὥρας,

292 2033 572 2103 secunda,
598 2049 731 2088 cum
762 2033 961 2089 omnia
992 2039 1193 2105 parata
1225 2037 1361 2089 sunt
1391 2034 1614 2088 intrant
1644 2035 1724 2105 [in
1753 2032 1937 2088 domi-

292 2137 500 2177 norum
541 2121 900 2193 cubiculum]
937 2122 1231 2192 prazpositi
1271 2126 1327 2175 et
1357 2121 1703 2178 cubicularii
1736 2137 1938 2177 omnes

293 2225 397 2281 per
434 2209 741 2265 ecclesiam
772 2209 1027 2264 Domini.
1057 2209 1443 2280 Imperatores
1495 2215 1714 2277 autem,
1746 2211 1938 2264 induti

293 2295 578 2350 dibetesia
607 2299 664 2350 et
693 2309 831 2366 saga
861 2311 1002 2349 auro
1036 2299 1383 2364 praetextata,
1432 2302 1644 2350 exeunt
1684 2311 1783 2365 per
1814 2311 1943 2367 por-

293 2384 444 2439 ticus
473 2383 573 2438 SS.
600 2383 1000 2455 Quadraginta
1020 2387 1077 2438 et
1099 2399 1201 2454 per
1230 2386 1440 2455 sigma,
1464 2385 1822 2455 stipantibus
1844 2401 1942 2439 cu-

294 2471 485 2528 biculo
517 2479 574 2526 et
601 2471 937 2544 maglabitis
969 2477 1027 2528 et
1074 2473 1350 2539 hetaeria;
1385 2490 1486 2544 per
1516 2474 1670 2528 viam
1718 2474 1941 2530 intrant

293 2562 354 2616 in
401 2560 706 2617 ecclesiam
739 2561 992 2630 Domini,
1027 2563 1354 2617 accendunt
1385 2563 1461 2616 ibi
1495 2579 1712 2633 cereos,
1745 2569 1940 2620 trans-

292 2655 434 2706 eunt
475 2650 611 2706 inde
653 2667 752 2720 per
783 2651 1058 2706 sacellum
1095 2655 1150 2707 et
1180 2658 1414 2708 ovatum
1449 2659 1507 2708 et
1537 2654 1934 2725 angiportum,

289 2739 390 2810 qui
423 2739 494 2793 ad
527 2754 864 2810 magnaurm
895 2739 1174 2794 solarium
1203 2741 1384 2795 ducit.
1410 2741 1574 2796 Illinc
1601 2741 1939 2813 ingrediun-

287 2832 386 2884 tur
441 2829 502 2885 in
560 2845 838 2900 magnum
896 2829 1246 2898 triclinium,
1280 2831 1337 2884 in
1383 2847 1498 2901 quo
1556 2831 1935 2888 Salomoneus

290 2916 537 2973 thronus
581 2917 896 2972 collocatus
934 2922 1044 2972 est.
1079 2917 1162 2973 Ibi
1203 2917 1358 2973 enim
1406 2920 1465 2974 in
1509 2920 1727 2986 dextra,
1771 2920 1820 2975 si
1861 2921 1932 2976 ad

290 3005 572 3061 orientem
609 3005 910 3077 respicias,
944 3014 1106 3076 parte
1135 3006 1287 3061 infra
1320 3006 1603 3063 concham
1639 3012 1801 3063 stant
1829 3023 1932 3063 au-

290 3111 400 3150 reae
452 3093 629 3164 sella,
663 3100 718 3150 et
757 3095 1015 3166 exposita
1046 3096 1249 3165 jacent
1293 3095 1713 3166 paludamenta
1747 3102 1804 3152 et
1842 3097 1933 3152 in-

290 3184 443 3240 fulae.
464 3183 695 3240 Domini
725 3188 916 3240 autem
941 3185 1207 3256 [trajecto
1239 3185 1518 3257 triclinio]
1542 3186 1601 3242 in
1624 3192 1930 3257 cmtonem,

282 3274 384 3343 qui
400 3273 681 3329 asinistra
703 3281 864 3344 parte
876 3274 1222 3344 est,intrant
1243 3275 1660 3347 [opportunum
1685 3276 1931 3346 publica:

2050 2025 2174 2080 ὅταν
2209 2023 2381 2079 πάντα
2430 2025 2847 2096 έτοιμασθῶσιν,
2894 2023 3235 2098 εἰσέρχονται
3267 2025 3318 2078 οἱ
3350 2025 3710 2097 πραιπόσιτοι

2046 2117 2136 2170 καὶ
2169 2115 2221 2168 οἱ
2259 2117 2355 2168 τοῦ
2384 2109 2778 2168 κουϐουκλείου
2827 2113 3021 2174 πάντες
3073 2109 3164 2167 διὰ
3210 2119 3311 2182 τῆς
3357 2117 3453 2168 τοῦ
3503 2116 3710 2190 Κυρίου

2048 2202 2365 2273 ἐκκλησίας,
2407 2203 2495 2258 γαὶ
2537 2197 3001 2276 περιϐαλλόμενοι
3063 2202 3115 2256 οἱ
3187 2199 3442 2258 δεσπόται
3501 2203 3568 2258 τὰ
3624 2203 3714 2260 δι·-

2051 2287 2289 2362 ὄητήσια
2336 2291 2425 2346 καὶ
2472 2293 2538 2346 τὰ
2588 2288 3116 2366 χρυσοπερίκλειστα
3167 2291 3348 2365 σαγία,
3399 2291 3710 2368 ἐξέρχονται

2051 2379 2140 2435 διὰ
2169 2386 2275 2435 τῶν
2308 2375 2634 2435 διαϐατικῶν
2694 2384 2802 2433 τῶν
2860 2378 3062 2453 Ἀγίων
3121 2381 3186 2435 Μ’
3241 2381 3331 2434 καὶ
3375 2385 3472 2445 τοῦ
3511 2381 3712 2458 σίγμα-

2048 2493 2164 2539 τος,
2199 2468 2615 2545 δηριγευόμενοι
2655 2469 2758 2524 ὑπό
2805 2489 2865 2523 τε
2906 2474 3004 2523 τοῦ
3051 2463 3447 2525 κουϐουκλείου
3475 2472 3561 2525 καὶ
3593 2476 3704 2526 τῶν

2053 2556 2403 2636 μαγλαϐιτῶν
2460 2562 2548 2614 καί
2604 2566 2704 2628 τῆς
2765 2559 3050 2634 ἱταιρείας,
3110 2560 3200 2613 καὶ
3261 2559 3565 2634 ἐξέρχονταί
3620 2561 3697 2623 εἰς

2045 2653 2142 2703 τοῦ
2175 2649 2396 2722 Κυρίου,
2427 2647 2516 2702 καὶ
2551 2648 2814 2702 ἅπτουσιν
2852 2647 3080 2719 κηροὺς,
3123 2649 3211 2702 καὶ
3264 2649 3371 2703 ἀπὸ
3412 2652 3514 2703 τῶν
3556 2645 3694 2704 ἐκεῖ·

2047 2760 2104 2793 σε
2135 2737 2408 2814 διείργεται
2467 2735 2555 2791 διὰ
2607 2741 2708 2801 τῆς
2769 2736 3042 2808 σακέλλης
3080 2738 3171 2793 καὶ
3230 2741 3326 2792 τοῦ
3385 2736 3558 2793 ὠάτου
3606 2739 3697 2793 καὶ

2047 2825 2136 2883 διὰ
2164 2834 2260 2883 τοῦ
2302 2823 2546 2888 ἀνιὸντος
2595 2831 2874 2882 στενωποῦ
2933 2829 3069 2902 πρὸς
3126 2829 3188 2882 τὸ
3247 2834 3347 2897 τῆς
3397 2825 3706 2900 μανναύρας

2044 2919 2298 2988 ἡλιακόν,
2350 2919 2453 2974 Καὶ
2504 2917 2842 2991 εἰσέρχονται
2891 2917 2968 2980 εἷς
3034 2918 3124 2971 τὸν
3177 2919 3344 2995 μέγαν
3396 2915 3702 2991 τρίκλινον,

2043 3006 2095 3063 ἐν
2138 3009 2183 3080 ᾧ
2222 3007 2312 3062 καὶ
2367 3008 2394 3060 ὁ
2455 3007 2867 3079 Σολομώντειος
2919 3004 3137 3081 τίδρυται
3197 3007 3409 3081 θρόνος.
3472 3005 3707 3064 Κάκεῖσε

2043 3098 2147 3173 γὰρ
2181 3097 2258 3158 εἰς
2303 3096 2366 3150 τὸ
2409 3096 2544 3168 πρὸς
2598 3095 2867 3164 ἀνατολὴν
2920 3093 3089 3165 δεξιὸν
3140 3095 3303 3172 μέρος
3332 3096 3570 3151 κάτωθεν
3600 3103 3704 3164 τῆς

2042 3186 2255 3260 κόγχης
2293 3183 2542 3239 ἵστανται
2591 3186 2658 3240 τὰ
2704 3189 2883 3259 χρυσᾶ
2912 3183 3126 3255 σελλία,
3158 3186 3248 3240 καὶ
3298 3185 3614 3240 ἀπόκεινται
3644 3184 3706 3239 αἳ

2039 3295 2099 3329 τε
2127 3271 2414 3350 χλαμύδες
2455 3273 2544 3328 καὶ
2593 3294 2661 3328 τα
2709 3273 3012 3347 στέμματα,
3051 3275 3141 3328 καὶ
3188 3275 3239 3328 οἱ
3292 3275 3386 3348 μὲν
3444 3271 3706 3329 δεσπόται

1325 3373 1524 3429 JOAN.
1556 3374 1698 3429 JAC.
1734 3375 2000 3430 REISKII
2030 3373 2622 3430 COMMENTARIUS.

357 3470 471 3540 (56)
503 3469 588 3552 lita
621 3468 991 3552 dictumdfuit
1030 3469 1265 3552 solium,
1299 3489 1476 3544 super
1514 3489 1628 3552 quo
1651 3476 1933 3552 sedentes
1965 3486 2007 3552 ο
2047 3490 2164 3552 rem
2215 3473 2324 3528 sub
2372 3487 2510 3552 voce
2557 3474 2889 3552 Fortem-er
2939 3471 3170 3528 Antonii
3203 3473 3387 3552 Yepe_z
3415 3472 3706 3552 Chronico

289 3541 676 3615 imperatores
721 3541 924 3615 legalis
979 3543 1190 3615 exteris
1239 3541 1406 3598 aures
1457 3541 1809 3612 praebebant,
1861 3546 1934 3600 ob
1970 3541 2007 3552 “”
2044 3545 2179 3600 0rd.
2206 3545 2388 3599 sancti
2422 3543 2716 3599 Benedicti
2742 3544 2902 3609 citat,
2926 3561 3040 3599 non
3067 3541 3306 3615 possum
3338 3547 3525 3600 facere
3555 3548 3702 3615 quin

289 3613 488 3668 leones
513 3628 614 3682 per
634 3614 762 3682 ejus
792 3613 1004 3676 gradus
1027 3615 1096 3668 ad
1122 3614 1306 3669 instar
1330 3617 1520 3670 throni
1547 3633 1579 3670 a
1601 3617 1932 3684 Salomone,

293 3700 429 3760 rege
453 3685 685 3760 Judaaze,
714 3685 846 3738 lacti
879 3689 948 3760 et
969 3688 1252 3760 usurpati,
1287 3688 1562 3760 utrinque
1595 3689 1932 3760 dispositos.

290 3756 574 3828 Thuanus
605 3754 678 3809 ad
717 3772 854 3810 ann.
892 3757 1047 3822 1606,
1081 3754 1151 3812 de
1197 3754 1761 3828 pseudo-Demetrio,
1795 3763 1936 3814 Rus-

289 3827 387 3882 siae
419 3833 690 3900 tyranno,
712 3832 933 3893 narrat,
956 3827 1250 3898 objectum
1277 3831 1423 3884 inter
1447 3831 1560 3885 alia
1590 3831 1697 3900 ipsi
1734 3832 1934 3895 fuisse,

291 3920 320 3949 «
355 3899 510 3971 quod
551 3898 830 3954 thronum
863 3915 930 3953 ex
960 3905 1200 3971 argento
1242 3902 1577 3956 inauratum
1615 3898 1732 3956 sibi
1766 3902 1940 3956 fabri-

296 3969 414 4024 cari
459 3969 714 4038 jusserit,
758 3970 925 4041 cujus
977 3969 1156 4027 latera
1205 3974 1330 4027 seni
1379 3974 1572 4028 leones
1624 3973 1760 4027 hinc
1805 3974 1939 4028 inde

292 4041 566 4114 gradibus
589 4042 756 4097 divisi
790 4042 1148 4110 ambiebant,
1180 4060 1296 4114 quo
1328 4044 1478 4099 fastu
1517 4043 1712 4098 nullus
1744 4045 1940 4100 deces-

292 4111 497 4186 ἑοῖ-μω
524 4111 708 4168 fuerat
739 4130 902 4168 usus.
930 4135 958 4162 ››
987 4111 1269 4170 Ροιυίιῖι]
1304 4115 1414 4186 hac
1442 4115 1828 4186 appellatione
1859 4116 1937 4171 si-

294 4183 415 4258 mul
457 4200 687 4258 quoque
728 4193 948 4258 partem
992 4186 1269 4258 habuisse
1299 4183 1600 4241 illius'aévi
1653 4203 1792 4252 mos,
1825 4203 1937 4258 quo

293 4255 563 4328 miranda
619 4257 944 4328 quaevisiet
990 4257 1335 4326 spectabilia
1383 4274 1558 4328 opera
1615 4255 1940 4315 Solomonea

293 4326 803 4402 appellabantrlta
852 4327 1083 4402 Nicetes
1121 4327 1162 4382 l.
1199 4326 1527 4402 [[[_Isaacii
1576 4331 1801 4402 Angeli,
1836 4331 1940 4385 de-

294 4401 624 4471 claraturus
655 4400 782 4469 eius
814 4398 1170 4470 opulentiam
1203 4404 1260 4455 et
1289 4400 1614 4471 largitatem
1648 4398 1707 4457 in
1738 4402 1938 4457 distri-

292 4469 802 4543 butionerdapum,
838 4469 1099 4543 mensam
1133 4471 1246 4543 ipsi
1279 4469 1486 4527 trib-uit
1513 4473 1937 4538 Salomoneam,

295 4542 448 4618 inter
471 4541 601 4618 alia
649 4542 985 4618 thrasonica
1019 4547 1083 4618 et
1122 4541 1694 4618 ainpullosadicens
1729 4562 1761 4618 :7
1790 4543 1936 4618 εἶχεν

295 4611 538 4686 ἅιτεχνῶς
607 4611 874 4686 τράπεζαν
942 4610 1341 4686 Σολομώνὲιον.
1390 4615 1540 4686 ννὶά.
1603 4616 1689 4671 Du
1749 4610 1941 4686 Gange

295 4683 562 4740 GlfLat.
615 4683 666 4740 ν.
720 4685 955 4751 Salomo,
1011 4685 1108 4740 ubi
1158 4687 1310 4741 inter
1352 4685 1642 4753 alialcitat
1689 4704 1758 4742 ex
1798 4683 1941 4742 Gui-

292 4755 491 4812 lielmo
535 4756 1004 4828 Bibliothecario,
1037 4757 1331 4828 Stephano
1361 4757 1460 4823 Vl,
1504 4757 1698 4814 locum
1743 4759 1932 4814 hunc:

2046 3616 2358 3671 illustrem.
2400 3615 2636 3670 Vendunt
2675 3617 2800 3671 illos
2846 3633 3004 3671 vasos
3047 3618 3124 3671 vel
3166 3619 3400 3684 forteras
3447 3616 3702 3673 Salomo-

2044 3687 2262 3742 naticas
2301 3690 2362 3741 in
2403 3687 2636 3752 duplum
2675 3703 2774 3758 pro
2810 3691 2988 3758 ptata,
3013 3693 3065 3743 et
3104 3688 3234 3742 illas
3277 3688 3421 3743 alias
3464 3687 3568 3743 illo
3607 3705 3702 3744 va-

2047 3760 2212 3823 lente,
2245 3765 2293 3812 et
2327 3763 2432 3813 toto
2475 3760 2649 3828 pretio
2697 3759 2898 3813 donent
2947 3759 3089 3813 illud
3125 3759 3196 3813 ad
3240 3758 3384 3815 dona
3431 3759 3611 3814 Auria
3643 3769 3704 3815 et

2045 3831 2148 3884 illa
2190 3829 2479 3899 dispeudat
2528 3831 2668 3884 illud
2708 3833 2768 3885 in
2811 3846 2987 3902 opera,
3012 3831 3077 3902 de
3124 3835 3314 3886 sancta
3365 3833 3550 3886 Maria
3593 3848 3698 3902 pro

2045 3917 2167 3956 mea
2195 3903 2412 3969 anima,
2451 3909 2501 3956 et
2543 3918 2659 3957 meo
2701 3901 2935 3956 seniore.
2971 3901 3033 3957 In
3066 3901 3158 3956 his
3203 3903 3522 3957 barbaricis
3572 3901 3697 3958 vasi

2046 3973 2239 4027 Valent
2271 3988 2446 4043 opera
2479 3989 2654 4028 aurea
2699 3983 2750 4027 et
2792 3978 3066 4044 argentea
3103 3975 3302 4028 caelata
3331 3979 3389 4028 et
3419 3972 3696 4045 pretiosa.

2048 4046 2286 4099 Forteraz
2316 4050 2518 4116 autem
2541 4059 2644 4114 per
2676 4045 3190 4114 transpositionem
3225 4045 3390 4100 dicite
3421 4049 3560 4100 sunt
3591 4062 3700 4116 pro

2047 4118 2276 4184 latrem:
2304 4115 2393 4187 vel
2427 4115 2698 4184 βάψω,
2720 4117 3034 4187 [ourrures,
3059 4117 3236 4186 panni
3274 4116 3506 4187 pretiosi
3539 4115 3702 4172 fode-

2049 4188 2178 4253 rati,
2207 4186 2456 4258 pellibus
2477 4186 2748 4259 murium
2780 4188 3140 4243 exoticorum
3163 4186 3434 4259 pretiosis
3456 4195 3511 4243 et
3532 4187 3704 4242 unio-

2049 4257 2221 4313 nibus
2245 4259 2456 4314 ornati.
2475 4257 2606 4314 Haec
2629 4259 3034 4314 Salomonatica
3056 4257 3312 4330 appellat
3333 4259 3448 4314 ista
3468 4259 3697 4328 charta,

2050 4331 2204 4401 quod
2241 4330 2514 4401 etrpretio
2556 4346 2752 4385 rerum
2785 4331 3140 4386 exoticarum
3173 4339 3225 4386 et
3255 4331 3497 4387 artiﬁcio
3539 4347 3702 4386 com-

2050 4400 2357 4473 positionis
2404 4410 2599 4456 essent
2648 4419 2776 4457 rara
2808 4406 2982 4472 atque
3031 4402 3392 4471 admiranda,
3445 4405 3503 4457 et
3550 4403 3700 4472 viro,

2050 4473 2239 4543 qualis
2259 4473 2487 4544 Salomo
2513 4479 2650 4528 tunc
2676 4475 2954 4544 temporis
2977 4473 3535 4544 habebatur,digna.
3561 4474 3705 4530 Sen-

2051 4561 2152 4599 sus
2183 4553 2376 4599 autem
2401 4543 2566 4600 istius
2598 4545 2706 4599 loci
2740 4545 2832 4599 hic
2862 4550 2973 4608 est,
2997 4546 3045 4599 si
3071 4544 3202 4613 quis
3240 4543 3553 4616 aliquando
3580 4562 3702 4600 me-

2051 4616 2190 4671 liore
2225 4616 2530 4670 Latinitate
2561 4617 2802 4671 reddere
2852 4616 3029 4671 velit:
3071 4616 3309 4671 Vendunt
3339 4617 3443 4671 illa
3477 4633 3604 4671 vasa
3646 4623 3702 4673 et

2046 4689 2270 4753 pellitus
2313 4691 2482 4742 vestes
2520 4689 2864 4757 pretiosiores
2891 4687 3054 4758 duplo
3093 4689 3268 4758 pretio
3311 4688 3564 4745 materiae
3603 4704 3702 4743 eo-

2048 4775 2196 4823 rum,
2238 4761 2317 4813 sic
2349 4768 2405 4813 ut
2436 4775 2526 4813 ars
2557 4775 2783 4828 operum
2813 4763 2865 4814 et
2894 4761 3100 4813 raritas
3147 4759 3411 4815 tantidem
3456 4759 3704 4814 redima-

296 4849 330 4906 ς
357 4827 613 4906 Contulit
665 4829 881 4884 ibidem
943 4827 1277 4884 cantharam
1335 4836 1667 4884 exauratam
1735 4845 1936 4897 unam,
1971 4840 2017 4906 D
2051 4838 2141 4906 tur
2169 4837 2337 4906 atque
2381 4831 2495 4906 ipsa
2525 4827 2755 4885 materia
2786 4833 2925 4906 patet
2947 4847 2966 4885 .·
2995 4839 3190 4885 cetera
3221 4846 3343 4906 vero
3372 4833 3557 4906 minus
3594 4847 3700 4906 gar-

295 4899 663 4972 Salomonem
690 4916 1145 4969 unum,regnum
1168 4915 1411 4972 aureum
1432 4918 1613 4956 unum
1631 4918 1761 4955 cum
1786 4917 1943 4972 gem-

297 4970 990 5043 rnispretiosissimis,»
1045 4970 1446 5043 etc.rFallitur
1505 4973 1704 5043 procul
1762 4970 1940 5028 d'ubio

299 5039 386 5095 Du
420 5042 897 5116 Gange_,_quando
928 5042 1036 5116 hoc
1068 5044 1127 5098 in
1147 5042 1312 5116 ioco,
1343 5039 1694 5100 Salomonem
1725 5043 1944 5116 signifi-

301 5125 430 5183 care
474 5112 561 5166 ait
601 5112 815 5169 librum
867 5113 1214 5183 Salomonis,
1267 5113 1575 5170 Proverbia
1632 5112 1806 5181 forte:
1847 5124 1943 5170 aut

303 5180 616 5258 alium,_et
653 5201 885 5256 regnum
913 5186 1105 5258 libros
1146 5180 1392 5257 Regum.
1439 5188 1687 5258 Regnum
1735 5180 1817 5242 est
1855 5205 1942 5242 co-

302 5267 468 5329 rona,
511 5252 580 5329 de
622 5252 735 5322 qua
774 5256 1198 5323 signiﬁcatione
1232 5252 1384 5329 alias
1424 5252 1694 5329 agimus;
1730 5259 1942 5314 Salomo

304 5327 499 5399 autem
526 5323 674 5399 idern
698 5332 785 5380 est
805 5334 979 5399 atque
999 5330 1207 5384 amula.
1235 5328 1420 5383 Solam
1445 5323 1631 5397 A'rab.,
1655 5323 1742 5384 est
1763 5332 1946 5386 situla

309 5393 577 5467 μόνωτος.
612 5395 712 5469 E_st
754 5393 900 5469 ergo'
941 5416 1045 5454 vox
1095 5401 1360 5455 Arabica.
1403 5401 1484 5455 Ex
1528 5393 1709 5456 altero
1755 5407 1940 5457 autem

302 5482 476 5540 quem
503 5467 1109 5540 _Du_Cangeiproxime
1139 5471 1299 5537 citat,
1332 5471 1455 5527 loco
1487 5472 1787 5528 monastici
1820 5476 1942 5526 An-

302 5537 516 5613 glicani
562 5537 778 5594 clarius
821 5537 996 5607 patet,
1031 5543 1218 5597 medio
1249 5559 1368 5598 sevo
1398 5544 1651 5613 pretiosa
1682 5551 1739 5599 et
1770 5544 1942 5599 artiﬁ-

306 5611 464 5685 ciosa
493 5625 733 5681 quaeque
762 5628 934 5685 opera
962 5613 1363 5669 Salomoniaca
1392 5611 1671 5685 appellari
1703 5631 1947 5672 consue-

303 5681 474 5757 v_iss_e.
511 5685 608 5738 Est
643 5688 840 5757 autem
874 5681 970 5757 ille
995 5685 1193 5757 {Duas
1221 5681 1784 5757 patenas'argenteas
1821 5703 1944 5742 cum

305 5752 513 5827 duobus
543 5753 779 5811 urceolis
795 5755 1218 5827 pretiosissimis
1241 5772 1310 5812 ex
1329 5752 1585 5827 ορατ-ἰὸαέ
1610 5758 1940 5814 Salomonis.

303 5823 582 5893 Tertium,
616 5823 807 5898 quem’
842 5827 1086 5896 ibidem,
1116 5829 1217 5882 sed
1265 5823 1636 5899 contractius,
1668 5829 1943 5901 integrio-

2051 4901 2281 4974 tiﬁciosa
2351 4902 2590 4956 vendant
2655 4903 2850 4974 pretio,
2894 4917 3012 4968 suo,
3049 4905 3339 4974 quoniam
3411 4903 3702 4974 ingenium

2050 4973 2283 5041 artiﬁcis
2311 4975 2494 5028 nativo
2523 4971 2716 5028 eorum
2755 4971 2942 5028 valori
2978 4972 3119 5027 nihil
3167 4972 3394 5028 addidit.
3428 4971 3702 5030 Nummos

2052 5044 2176 5099 inde
2223 5046 2491 5118 confectos
2517 5060 2708 5100 omnes
2733 5045 3028 5100 exhibeant
3060 5046 3311 5118 Domina,v
3352 5047 3544 5118 Auria,
3577 5062 3702 5118 qua

2053 5119 2112 5169 in
2157 5116 2383 5170 ecclesia
2427 5116 2484 5169 S.
2538 5119 2734 5174 Mariae
2780 5125 2831 5171 et
2878 5115 3098 5170 Domini
3147 5119 3321 5171 nostri
3366 5115 3599 5182 dedicet,
3638 5119 3701 5172 in

2051 5189 2288 5259 salutem
2317 5188 2522 5241 anima:
2557 5203 2713 5244 mea.
2749 5192 2904 5243 More
2940 5188 3137 5259 itaque
3168 5188 3362 5242 saeculi
3398 5189 3488 5243 sui
3533 5187 3702 5243 locu-

2053 5263 2148 5313 tus
2177 5258 2286 5312 fuit
2330 5260 2702 5314 Muhammed
2736 5260 2794 5314 in
2835 5258 3138 5322 Alcorano,
3168 5260 3400 5331 quando
3435 5261 3707 5316 miranda

2054 5345 2290 5404 quisque
2321 5333 2378 5384 et
2409 5332 2700 5400 stupenda
2729 5346 2905 5402 opera
2933 5331 3230 5404 Salomoni
3254 5331 3486 5404 tribuit,
3519 5347 3706 5404 eaque

2053 5400 2219 5455 illum
2243 5418 2354 5456 non
2371 5407 2498 5455 sine
2519 5400 2825 5472 geniorum
2851 5419 3022 5471 Opera
3045 5402 3362 5458 confecisse
3386 5400 3704 5462 fabulatur.

2054 5473 2216 5537 Quod
2252 5473 2431 5527 secuti
2463 5475 2680 5528 Arabes
2713 5474 2923 5528 imitati
2958 5473 3233 5544 deinceps
3271 5475 3524 5530 fuerunt.
3557 5474 3699 5529 Tes-

2053 5550 2208 5598 tatur
2237 5544 2306 5600 de
2330 5544 2424 5599 illo
2450 5562 2610 5600 more
2641 5546 2805 5600 locus
2837 5563 3068 5615 quoque
3101 5545 3395 5600 Lamberti
3417 5547 3700 5602 Ardensis

2053 5615 2210 5689 apud
2231 5616 2317 5671 Du
2342 5616 2626 5687 Cangium
2649 5633 2701 5671 ν.
2731 5615 2975 5672 Platura
2998 5617 3122 5688 (pro
3153 5633 3264 5689 quo
3297 5618 3700 5689 reponendum

2053 5692 2138 5760 est
2156 5688 2434 5760 plastura,
2468 5694 2778 5760 gypsatum
2802 5687 3135 5760 tectorium,
3158 5687 3698 5758 Stuccaturarbeit.).

2055 5757 2336 5828 Capellam
2369 5757 2792 5816 ille'in'emorat
2837 5759 3221 5817 Salamoniaco
3250 5761 3604 5820 tabernaculo
3637 5763 3697 5817 in

2051 5830 2312 5901 plastura
2340 5839 2391 5886 et
2415 5830 2642 5902 pictura
2671 5830 3048 5888 assimilitam.
