4052 6388
235 419 391 480 1055

1306 419 1825 483 CONSTANTINI
1868 417 2566 482 PORPHYROGENITI

3491 411 3648 476 1036

235 554 611 624 inargentataa
672 569 703 609 e
758 555 1118 611 monasterio
1176 561 1506 613 sanctorum
1576 554 1753 625 Sergii
1821 558 1873 608 et

1991 550 2244 608 ἁλυσίδια
2273 553 2641 632 ἀσπρόχαλκα
2672 553 2788 626 (63)
2813 557 2915 620 τῆς
2968 554 3142 622 μονῆς
3171 555 3278 607 τῶν
3313 549 3479 626 ἁγίων
3513 560 3651 624 Σερ-

237 641 469 709 Bacchi,
557 644 708 712 quod
785 649 874 698 est
951 643 1008 698 in
1086 649 1274 699 tractu
1351 645 1695 709 Hormisdaa,
1774 643 1882 696 de—

234 736 536 802 promptae,
596 741 817 802 septem
860 749 892 787 a
932 733 1128 789 dextra
1175 739 1233 790 et
1271 736 1515 790 totidem
1549 752 1583 791 a
1617 735 1876 801 sinistra,

1988 639 2109 716 γὶου
2141 643 2230 696 καὶ
2264 643 2480 718 Βάκχου
2511 646 2617 697 τῶν
2646 638 2967 716 Ὁρμίσδου,
3019 642 3057 709 ζ’
3106 641 3182 704 εἰς
3227 642 3290 696 τὸ
3347 638 3518 713 δεξιὸν
3553 639 3650 713 μέ-

1991 748 2085 805 ρος
2149 733 2239 785 καὶ
2308 733 2440 788 ἑπτὰ
2507 731 2583 793 εἰς
2648 733 2709 785 τὸ
2774 730 3078 803 εὐώνυμον,
3153 730 3242 784 καὶ
3322 730 3398 792 εἰς
3465 731 3532 784 τὰ
3601 725 3644 784 δ’

1289 833 1485 889 JOAN.
1527 833 1670 890 JAC.
1714 830 1974 887 REISKII
2014 831 2591 890 COMMENTARIUS.

236 931 531 1002 pertinent
582 946 799 1001 organa
847 931 1041 1002 stricte
1091 931 1175 986 sic
1195 932 1382 1002 __dicta
1433 939 1485 986 et
1529 932 1678 987 tuba:
1711 936 1886 999 atque

235 999 415 1069 tibiae,
447 1007 505 1057 et
534 999 771 1076 alteram
802 1017 815 1056 :
850 1001 1071 1054 παίουσι
1099 1002 1163 1055 τὰ
1191 999 1413 1076 ὄργανα,
1443 1007 1637 1076 sonant
1672 1004 1880 1058 instru-

234 1080 422 1147 menta
451 1073 905 1147 pulsatilia,__tym
918 1088 1064 1144 pana
1084 1073 1292 1146 nempe
1316 1081 1372 1131 et
1418 1075 1886 1147 ahenotympana

233 1145 326 1199 vel
401 1144 1189 1218 naccam,fillustrat_,__non
1223 1144 1486 1218 ﬁpigebit,
1527 1144 1815 1202 ascribere
1866 1163 1879 1201 :

236 1219 343 1272 His
389 1225 624 1288 quatuor
663 1215 799 1277 ﬁliis
846 1216 1090 1288 quotidie
1123 1215 1416 1288 pro'm'ore
1463 1217 1884 1286 Selgulridarum

231 1290 550 1360 principum
581 1288 850 1414 [fauorum
894 1304 1258 1344 successores
1289 1289 1797 1345 Chorezimscbabi
1830 1297 1884 1344 et

236 1364 406 1414 erant
453 1364 511 1414 et
554 1376 608 1412 v1
656 1375 736 1413 eri
784 1357 1078 1414 volebantl
1111 1363 1300 1414 quinae
1342 1362 1544 1414 ﬁebant
1571 1362 1741 1414 Nubae
1771 1361 1881 1414 lvel

236 1357 428 1415 erant'
453 1364 511 1414 et
535 1357 736 1432 videri
784 1357 1078 1432 volebant]
1111 1363 1300 1430 quinas
1339 1362 1544 1430 ﬁebant
1571 1362 1741 1416 Nube
1771 1361 1881 1432 [vel

234 1430 649 1504 alternantium
675 1430 1882 1504 excubiarum’processionesarmataa]'sub

234 1501 503 1574 instantia
534 1501 834 1572 quinarum
863 1501 1085 1574 precum
1113 1510 1407 1558 momenta.
1436 1502 1555 1558 Sibi
1574 1521 1700 1559 vero
1720 1501 1881 1574 pecu-

235 1573 439 1628 liarem
491 1573 1052 1646 nubamgreservfabat
1100 1580 1278 1646 pater,
1326 1575 1504 1640 illam,
1555 1591 1681 1646 quae
1721 1573 1880 1632 'Nuba

233 1646 357 1717 psit
390 1645 673 1700 Carnaine
709 1644 829 1713 [seu
863 1645 1176 1700 Alexandri
1209 1648 1399 1717 Magni
1430 1645 1518 1702 vel
1554 1644 1745 1716 potius
1783 1649 1880 1698 τοῦ

234 1711 548 1787 δικὲρωτος]
579 1711 892 1786 appellatur
931 1726 985 1771 et
1035 1718 1113 1770 bis
1157 1733 1257 1788 per
1302 1711 1466 1785 diem,
1512 1711 1720 1772 oriente
1766 1719 1881 1773 sole

232 1796 283 1842 et
330 1788 625 1853 occidente,
667 1788 996 1841 celebratur.
1030 1788 1123 1841 His
1168 1789 1439 1844 destinata
1478 1790 1637 1845 nubis
1673 1792 1877 1844 instru-

229 1865 671 1933 mentanumero
719 1866 884 1911 erant
911 1859 1112 1927 viginti
1151 1867 1354 1933 septem
1385 1872 1655 1933 tympana
1684 1879 1875 1929 aurea,

230 1929 459 2002 gemmis
492 1929 662 1984 variis
691 1938 907 1994 ornata,
942 1945 1087 2000 qua,
1121 1946 1225 2001 quo
1254 1931 1344 1987 die
1374 1929 1617 2002 primum
1653 1935 1877 1987 institu-

1996 928 2258 985 innatam
2292 933 2688 1002 cupiditatem,
2713 931 2939 1001 abjecta
2959 930 3452 998 dissimulatione,
3485 946 3648 985 exer-

1994 1017 2119 1074 cere
2153 1005 2559 1074 majorumque
2587 1004 2869 1074 deposita,
2904 1002 3280 1057 ecclesiarum
3317 1003 3448 1057 ﬁdei
3482 1018 3650 1056 com—

1994 1072 2199 1146 missa,
2226 1072 2343 1146 sibi
2376 1072 2680 1146 arrogare,‘
2706 1083 3140 1144 repetentesque
3163 1089 3275 1146 per
3306 1074 3420 1127 vim
3455 1089 3649 1146 arcere

1992 1148 2051 1216 et
2071 1145 2140 1198 ad
2167 1145 2466 1201 silentium
2492 1144 2773 1216 redigere.
2800 1147 2977 1214 Cujus
3002 1145 3272 1216 nequitia
3307 1144 3643 1214 exemplum

1993 1213 2172 1272 habes
2221 1220 2276 1272 in
2330 1213 2999 1272 Chronico—Cassinensi
3047 1213 3111 1284 Ι,’
3131 1217 3219 1269 26.
3267 1217 3648 1272 Consuevisse

1993 1286 2128 1342 olim
2184 1305 2457 1344 nummos
2490 1293 2547 1344 et
2579 1287 3002 1357 supellectilem
3051 1288 3112 1342 in
3153 1287 3442 1354 ecclesiis,
3477 1293 3542 1343 ut
3582 1289 3644 1343 in

1993 1358 2113 1414 loco
2144 1362 2287 1427 tuto,
2321 1361 2530 1431 deponi
2572 1361 2920 1430 repetendos
2950 1377 2983 1414 a
3016 1359 3414 1431 proprietariis
3449 1359 3642 1431 iisque

1991 1431 2336 1497 reddendos,
2372 1430 2527 1503 patet
2557 1448 2623 1486 ex
2656 1431 2778 1503 loco
2811 1430 3064 1503 Gregorii
3100 1430 3173 1484 M.
3211 1430 3275 1484 L.
3307 1431 3378 1497 ΙΙ,
3411 1430 3650 1500 ΙοόξΙΙ,

1991 1516 2082 1571 ep.
2137 1502 2224 1569 49,
2280 1500 2386 1558 ubi
2429 1505 2576 1558 inter
2623 1500 2738 1557 alia
2785 1500 3002 1571 (locum
3054 1502 3347 1572 integrum
3400 1503 3503 1556 dat
3556 1506 3643 1558 Du

1991 1572 2183 1644 Gange
2241 1591 2294 1628 v.
2359 1575 2710 1644 Desuscepta)
2768 1574 2890 1630 haec
2926 1573 3125 1644 habet
3175 1589 3187 1627 :
3242 1572 3470 1628 Clericis
3525 1575 3647 1644 ejus

1991 1643 2291 1717 [ecclesiae]
2323 1662 2353 1698 a
2394 1648 2525 1716 pari
2581 1641 2711 1717 [ἀπὸ
2769 1647 2866 1698 τοῦ
2923 1641 3067 1714 ἴσου,
3126 1660 3194 1699 ex
3251 1645 3428 1716 copia]
3484 1641 3645 1701 aliud

1986 1715 2170 1783 facere
2241 1715 2611 1788 de.susceptum
2672 1717 2866 1789 {hodie
2924 1717 3175 1771 dicimus
3232 1715 3526 1788 Recepisse]
3589 1727 3643 1773 te

1986 1789 2255 1869 conuenit,
2289 1791 2348 1869 in
2384 1805 2502 1869 lquo
2542 1795 2640 1844 tua
2677 1789 3006 1869 fraternitas
3039 1791 3313 1869 fateatur,
3347 1789 3645 1869 qui_desu-

1987 1865 2228 1928 sceptum
2267 1859 2331 1914 de
2373 1859 2568 1915 iisdem
2606 1862 2768 1918 rebus
2798 1863 2857 1914 in
2887 1861 3090 1913 scrinio
3135 1863 3316 1913 nostra
3355 1861 3646 1926 emiserat,

1989 1929 2157 2000 [forte
2200 1931 2323 1984 vult
2371 1932 2599 1987 dicere:
2637 1933 2889 1996 fatearis,
2921 1936 2977 1984 te
3008 1932 3076 1985 ab
3119 1930 3225 1985 hoc
3266 1929 3352 1985 vel
3396 1930 3492 1985 illo
3535 1931 3646 1988 hoc

232 2001 574 2076 tumA/uit,gut
604 2002 1016 2076 pulsarentura
1040 2000 1266 2076 totidem
1289 2000 1454 2074 primi
1483 2006 1695 2061 ordinis
1719 2005 1878 2075 prin-
1912 2003 1958 2066 B
1991 2003 2072 2055 vel
2124 2000 2265 2076 illud
2310 2002 2367 2055 in
2421 2004 2864 2076 scenOphylacio
2916 2001 3173 2076 ecclesiae
3223 2002 3639 2076 deponendum

230 2073 463 2143 cipibus,
481 2073 794 2128 Solthanico
822 2075 1087 2142 sanguine
1115 2073 1300 2140 cretis,
1331 2073 1801 2142 percutiebantur.

303 2144 416 2215 (63)
447 2145 589 2198 Toto
636 2145 743 2218 hoc
785 2159 990 2211 sparsa
1037 2145 1224 2216 capite
1274 2145 1562 2203 habemus
1615 2147 1878 2218 exempla

229 2231 501 2271 vasorum
561 2215 967 2286 pretiosorum,
1027 2230 1058 2270 e
1116 2219 1485 2273 monasteriis
1544 2226 1601 2274 et
1660 2215 1878 2275 aedibus

231 2287 410 2342 sacris
441 2287 915 2360 depromptorum
938 2289 999 2360 et
1017 2287 1426 2360 ostentationis
1450 2306 1628 2345 causa
1657 2295 1879 2360 specta-

231 2362 356 2412 tum
391 2357 807 2429 expositorum.
842 2357 1004 2420 Quod
1037 2357 1190 2414 clare
1223 2367 1529 2424 monstrat.
1562 2357 1793 2416 illorum
1826 2363 1876 2417 si

232 2430 372 2500 quid
403 2428 680 2502 vasorum
721 2428 1115 2502 imperatores
1135 2431 1192 2484 in
1225 2430 1482 2488 ecclesiis
1514 2434 1872 2502 dedicarem,

232 2499 350 2555 non
382 2517 449 2555 eo
479 2499 722 2555 consilio
756 2501 970 2554 factum
994 2500 1062 2554 id
1097 2501 1294 2568 fuisse,
1329 2508 1392 2557 ut
1421 2505 1682 2560 ecclesiis
1714 2499 1875 2560 omni

231 2588 298 2646 ex
331 2577 491 2646 parte
532 2572 1159 2646 donarent,_suumque
1199 2590 1372 2629 omne
1402 2575 1461 2630 in
1493 2592 1622 2631 eam
1670 2577 1874 2646 supel-

229 2640 479 2716 lectilem
520 2643 629 2716 jus
653 2640 915 2716 ecclesiis
957 2640 1358 2714 permitterent
1395 2651 1562 2716 atque
1603 2640 1878 2702 transcri-

229 2715 451 2783 berent,
475 2715 574 2769 sed
601 2713 972 2783 deponebant
990 2730 1056 2769 ea
1079 2713 1487 2774 tantummodo
1508 2719 1568 2775 in
1591 2719 1874 2785 ecclesiis,

229 2793 292 2840 ut
321 2786 468 2860 ipsis
498 2794 860 2860 ornamento,
901 2786 1198 2860 interdum
1233 2804 1464 2860 quoque
1495 2791 1625 2845 usui
1659 2799 1873 2858 essent,

229 2858 508 2932 tantisper
538 2857 722 2932 donec
747 2857 1088 2932 _necessit_as
1117 2857 1340 2915 veniret
1367 2857 1506 2916 “eam
1539 2863 1674 2916 inde
1715 2857 1873 2932 rape;

230 2926 429 3004 tendi}
459 2929 699 3004 quando
747 2926 960 2983 licebat
1008 2930 1456 2999 imperatoribus
1486 2938 1543 2989 et
1577 2932 1741 3001 ipsis,
1775 2926 1874 3004 qui

229 3000 659 3072 deposuissent,
691 3007 993 3072 eteorum
1048 3004 1502 3072 successoribus,
1544 3000 1735 3060 ablata
1782 3000 1870 3060 vel

227 3070 549 3139 restituere,
597 3072 645 3126 si
696 3070 925 3141 vellent,
976 3071 1061 3126 vel
1106 3090 1354 3140 servare,
1407 3092 1683 3131 nummos
1738 3076 1874 3132 inde

121 3143 132 3154 '
227 3145 438 3198 cudere
467 3143 699 3214 alioque
733 3145 900 3198 modo
934 3143 991 3198 in
1029 3159 1168 3199 usus
1199 3161 1341 3200 suos
1372 3153 1726 3203 convertere.
1759 3147 1874 3202 Ne-

225 3231 336 3283 que
367 3223 556 3269 tamen
596 3213 840 3285 legimus
871 3215 1231 3284 patriarchas
1260 3218 1648 3274 obmutuisse.
1685 3219 1874 3275 Unum

226 3285 558 3359 illumg(non
583 3285 867 3359 succurrit
897 3301 1056 3340 nunc
1085 3291 1321 3359 nomen)
1339 3289 1533 3345 Alexio
1555 3290 1873 3356 Ccmneno,

226 3358 286 3413 ni
336 3357 526 3434 fallor,
575 3357 1018 3434 e_x_probrantem
1069 3357 1327 3434 extracta
1357 3375 1386 3414 e
1417 3361 1605 3416 sacris
1653 3363 1877 3418 aedibus
1909 3365 1954 3434 ο

224 3445 361 3504 vasa
416 3428 786 3504 Deo_dicata
838 3432 896 3482 et
951 3429 1252 3485 Saracenis
1320 3437 1638 3504 monstrata
1691 3450 1876 3504 eoque

226 3499 464 3574 polluta,
491 3499 933 3574 minantemque
963 3506 1186 3574 tantum
1220 3517 1333 3557 non
1365 3503 1698 3574 imperatori
1731 3499 1874 3561 ana-

226 3571 449 3647 tbema,
483 3569 651 3625 facile
701 3569 858 3647 regia
909 3573 1188 3647 majestas
1239 3573 1296 3627 in
1347 3569 1610 3632 ordinem
1662 3577 1872 3647 coegit.

225 3643 672 3698 insolescentem
697 3639 850 3695 ultra
872 3639 1192 3699 sacerdotis
1226 3647 1461 3701 modum
1486 3652 1541 3702 et
1564 3648 1734 3702 rebus
1758 3639 1873 3703 non

229 3713 352 3769 suis
381 3713 623 3783 cupidos
653 3711 850 3768 oculos
881 3712 1295 3770 immittentem
1328 3722 1382 3771 et
1413 3718 1486 3773 ad
1518 3719 1704 3774 Latini
1733 3720 1872 3774 cleri

226 3785 552 3860 exemplum
588 3784 910 3860 __tyr_annidi
985 3784 1374 3860 insidiantem.
1437 3790 1626 3844 Latini
1693 3791 1871 3860 enim,

225 3856 428 3932 procul
459 3873 492 3911 a
523 3855 656 3912 telis
707 3856 1089 3925 imperatoria
1131 3860 1432 3932 potestatis
1485 3861 1655 3932 positi
1688 3866 1744 3917 et
1775 3855 1874 3916 do;

228 3928 538 4004 minisnon
559 3933 677 3982 tam
701 3932 990 4004 parentes,
1007 3928 1181 4004 quam
1208 3928 1873 4004 dominantes,aquibus

226 3999 300 4055 ob
372 3999 698 4076 litterarum
779 3999 1166 4076 ignorantiam
1244 4001 1542 4074 impetrari
1585 3999 1872 4076 poterant

226 4072 443 4147 omnia,
475 4069 664 4147 inulto
696 4070 880 4147 malas
912 4069 1018 4127 has
1062 4078 1219 4147 artes
1259 4069 1624 4144 exercebant,
1655 4077 1872 4147 quibus

226 4158 340 4196 non
374 4141 716 4218 Christianis
748 4143 829 4198 rei
852 4158 1012 4218 opes,
1039 4145 1139 4218 sed
1164 4145 1357 4218 ignavi
1392 4163 1580 4203 rerum
1611 4141 1869 4218 publica-

227 4229 354 4288 rum
379 4214 742 4288 __turbator_es
763 4220 846 4288 _et
892 4215 1122 4288 scelesti
1154 4214 1520 4288 hypocrita,
1572 4214 1870 4275 innocenti

225 4284 585 4359 simplicitati
637 4284 882 4359 illudere
905 4290 981 4359 _et
1013 4284 1297 4359 insultare
1337 4290 1479 4359 nati,
1503 4284 1869 4346 crescebant.

224 4359 368 4431 Cum
437 4357 618 4431 enim,
675 4356 845 4431 Italia
905 4356 1171 4431 barbaris
1238 4356 1508 4431 gentibus
1574 4362 1872 4417 obundata

225 4427 880 4504 exstirpatisquebonis
911 4429 1185 4504 omnibus
1214 4427 1528 4504 artibuset
1561 4433 1732 4504 paulo
1764 4433 1871 4489 hu-

226 4500 590 4555 manioribus
644 4499 926 4571 civilibus
969 4499 1259 4557 institutis
1308 4499 1581 4559 omnibus
1635 4507 1866 4571 exactis,

224 4573 399 4626 rudes
429 4571 602 4626 Gothi
633 4574 691 4626 et
723 4570 1084 4646 Langobardi
1113 4574 1334 4646 eraria,
1363 4575 1416 4628 in
1452 4576 1666 4646 quibus
1700 4570 1866 4630 num;

226 4658 352 4699 mos
409 4660 549 4716 suos
609 4643 949 4716 conderent,
994 4644 1198 4712 privati
1262 4643 1529 4701 homines
1586 4652 1643 4703 et
1698 4664 1872 4716 parva

223 4715 545 4785 municipia
583 4731 698 4787 non
733 4713 1038 4787 haberent,
1072 4732 1260 4787 neque
1290 4716 1494 4772 litteris
1525 4713 1871 4774 mandarent

222 4802 416 4842 rerum
452 4786 786 4855 memorias,
821 4785 922 4841 sed
953 4785 1331 4843 eorum—fidei
1375 4805 1480 4843 sua
1521 4791 1740 4857 omnia,
1773 4791 1870 4858 qui

222 4860 414 4943 verbis
464 4857 655 4941 magis
702 4861 759 4912 et
806 4857 1014 4913 astutis
1070 4859 1349 4943 strophis,
1385 4877 1576 4943 .quam
1616 4861 1754 4943 ipsa
1794 4857 1872 4916 ire

225 4931 625 5003 sanctimoniae
682 4931 1148 5003 magnamapud
1192 4931 1497 5003 imperitos
1537 4932 1870 5003 opinionem

225 5001 294 5074 de
343 5016 406 5074 se
453 5000 760 5074 faciebant,
793 5017 858 5055 eo
902 5000 1094 5074 fiebat.
1131 5005 1194 5056 ut
1235 5002 1456 5074 creduli
1489 5009 1545 5058 et
1574 5000 1873 5074 simplices

224 5067 518 5146 homines,
534 5073 975 5146 decedentesde
993 5073 1108 5128 vita
1126 5077 1224 5128 aut
1245 5073 1421 5128 etiam
1445 5075 1632 5146 vegeti
1655 5067 1870 5142 adhuc,

224 5140 273 5195 si
299 5141 448 5215 quid
491 5158 663 5215 opum
703 5142 1094 5215 collegissent,
1137 5147 1285 5215 quod
1319 5140 1547 5200 furibus
1580 5140 1873 5202 servatum

221 5211 458 5284 vellent,
484 5211 551 5284 id
593 5214 743 5284 apud
797 5211 1115 5271 monachos
1152 5211 1214 5271 ct
1248 5217 1305 5271 in
1347 5217 1629 5284 ecclesiis,
1665 5218 1876 5274 tutiora

221 5281 367 5348 loca,
387 5283 613 5360 quibus
631 5281 1112 5360 committeretur,
1142 5288 1466 5344 nescientes
1491 5281 1872 5360 depenereut,

225 5354 624 5429 mandato,_ut
665 5355 774 5429 sibi
809 5366 1108 5413 servarent
1138 5366 1311 5429 atque
1343 5354 1669 5428 redderent,
1704 5362 1752 5416 si
1785 5354 1873 5414 vel

225 5425 360 5495 ipsi,
385 5425 470 5480 vel
495 5425 602 5490 illi,
626 5425 696 5478 ad
722 5442 865 5495 quos
893 5443 1092 5484 eorum
1130 5425 1434 5487 basi-editas
1465 5441 1514 5486 et
1548 5425 1874 5488 dominium

223 5499 498 5575 deinceps
532 5500 688 5575 esset
719 5507 1155 5575 perventurum,
1190 5501 1301 5575 sibi
1337 5504 1498 5558 reddi
1531 5509 1728 5558 essent
1771 5521 1872 5575 po-

222 5568 972 5646 stulaturi.-Servatainitio
1005 5588 1108 5641 per
1139 5573 1372 5640 paulum
1405 5579 1638 5646 tempus
1671 5568 1789 5630 fuit
1810 5592 1877 5630 ea

222 5640 369 5718 ﬁdes
395 5639 654 5718 ;__deinde
681 5640 988 5718 vacillante
1007 5639 1076 5696 ‘et
1105 5639 1485 5718 evanescente
1515 5639 1810 5718 gestorum
1843 5662 1877 5702 a

220 5713 546 5788 majoribus
572 5711 930 5767 traditionali
966 5716 1267 5781 memoria,
1291 5711 1545 5788 clerique
1575 5727 1744 5773 aucta
1776 5734 1878 5788 per

223 5781 503 5855 laicorum
560 5789 858 5854 stuporem
903 5789 958 5855 et
997 5801 1136 5854 opes
1179 5781 1466 5855 potentia,
1500 5792 1731 5855 quando
1779 5781 1878 5844 aut

223 5850 423 5908 liceret
451 5854 627 5909 latere
661 5850 1215 5923 praevaricantibus',
1268 5861 1369 5909 aut
1404 5850 1474 5912 ad
1518 5850 1873 5915 reddendum

224 5923 416 5979 aliena
447 5924 576 5995 cogi
607 5941 642 5980 a
673 5923 824 5980 veris
854 5925 1112 5981 dominis
1145 5941 1257 5982 non
1291 5933 1546 5998 possent,
1579 5937 1878 6001 coeperunt

1989 2073 2308 2142 accepisse]
2345 2073 2632 2144 quatenus,
2667 2073 2796 2130 dum
2835 2089 3050 2128 necesse
3085 2074 3280 2142 fuerit,
3313 2076 3644 2144 competenti

1985 2159 2229 2218 persona,
2286 2160 2371 2198 res
2414 2162 2601 2200 omnes
2641 2148 2850 2218 possint
2877 2148 2991 2200 sine
3032 2144 3355 2218 detrimento
3394 2148 3640 2218 restitui,

1988 2220 2044 2268 et
2076 2215 2114 2270 Ι.
2149 2216 2248 2282 ΙΙΙ,
2281 2232 2372 2287 ep.
2408 2218 2510 2273 t6:
2548 2215 2809 2274 Omnium
2851 2232 3037 2272 rerum
3089 2231 3198 2269 non
3247 2217 3424 2271 solum
3479 2216 3644 2273 desu-

1988 2293 2170 2355 scepta
2217 2302 2326 2355 eos,
2359 2290 2454 2357 qui
2499 2305 2590 2344 eas
2635 2290 2876 2356 tradunt,
2917 2289 3192 2357 percipere
3239 2287 3512 2356 volumus,
3555 2289 3650 2345 sed

1987 2360 2154 2412 etiam
2184 2375 2214 2412 a
2247 2364 2302 2413 te
2328 2360 2555 2432 notitias
2593 2377 2787 2417 earum
2824 2359 3106 2414 subtiliter
3147 2359 3225 2429 [id
3256 2365 3346 2432 est
3375 2359 3646 2432 sollicite]

1989 2432 2239 2484 retineri.
2275 2431 2472 2486 Adhuc
2525 2433 2698 2489 hodie
2747 2431 2931 2487 solere
2978 2433 3203 2484 Graecos
3249 2431 3307 2484 in
3353 2432 3476 2486 solo
3525 2431 3642 2486 non

1991 2501 2178 2573 patrio
2229 2501 2573 2559 decedentes
2605 2522 2737 2559 suas
2766 2518 2906 2573 opes
2937 2501 3356 2573 monachorum
3398 2518 3638 2557 suorum

1988 2571 2120 2647 ﬁdei
2181 2573 2567 2647 committere,
2622 2571 2839 2647 eosque
2898 2572 3141 2639 hortari,
3192 2579 3256 2647 ut
3305 2572 3633 2647 haredibus

1986 2643 2394 2726 ﬂagitantibus.
2417 2647 2680 2726 reddant,
2716 2643 2832 2726 b'oc-
2851 2650 3214 2726 est-caprum.
3246 2643 3632 2726 muniat-ium

1989 2714 2194 2774 facere.
2226 2721 2477 2770 testatur
2524 2714 2785 2774 Gerlach.
2821 2718 2879 2771 in
2914 2714 3102 2772 Diario
3150 2715 3378 2769 Itineris
3425 2714 3640 2770 CPtani

1986 2801 2042 2856 p.
2097 2786 2218 2840 477.
2267 2789 2478 2842 Eadem
2536 2790 2674 2844 olim
2726 2791 2785 2844 in
2836 2786 3002 2842 Italia
3043 2791 3101 2843 et
3145 2787 3442 2842 occidente
3495 2803 3638 2841 nos-

1985 2863 2076 2929 tro
2126 2863 2270 2929 erat
2327 2860 2527 2926 facies,
2585 2862 2740 2916 idem
2799 2859 3005 2928 agendi
3073 2874 3200 2914 mos
3257 2863 3431 2928 atque
3488 2858 3644 2929 apud

1986 2927 2229 3003 Colchos
2263 2929 2348 2985 vel
2383 2931 2718 3003 Mingrelios
2749 2927 3250 3003 Rquekiiaetate,
3265 2927 3375 2985 hoc
3396 2927 3643 3003 astante

1987 3000 2100 3054 duo
2151 3001 2268 3056 fere
2299 2999 2533 3072 saecula,
2564 3007 2633 3058 de
2664 3004 2879 3073 quibus
2909 3001 3007 3056 ille
3035 3001 3136 3073 Ep.
3173 3001 3274 3069 ΙΙΙ,
3310 3019 3365 3073 p.
3402 3000 3525 3067 153,
3557 2999 3644 3056 sic

1986 3081 2182 3148 narrat
2222 3090 2235 3128 :
2283 3073 2514 3142 Argenti
2562 3077 2778 3148 signati
2833 3075 3130 3148 minimum
3184 3088 3352 3143 penes
3399 3087 3486 3127 eos
3537 3076 3641 3148 est,

1983 3146 2304 3214 argenteum
2349 3145 2641 3201 nummum
2689 3152 2894 3202 norunt
2942 3145 3124 3213 pauci,
3155 3159 3389 3198 aureum
3417 3145 3644 3214 paucio-

1984 3228 2093 3285 res,
2139 3213 2345 3270 habent
2392 3218 2508 3285 fere
2554 3218 2722 3273 nulli.
2773 3249 2841 3257 —
2893 3217 3129 3270 Eatenus
3175 3223 3360 3270 tamen
3414 3213 3647 3282 argento

1984 3284 2152 3360 honos
2207 3295 2302 3355 est,
2351 3284 2429 3353 ut,
2482 3288 2532 3343 si
2589 3289 2732 3360 quod
2769 3304 2798 3344 ε
2839 3286 3258 3360 peregrinorum
3313 3285 3644 3360 commercio

1985 3356 2268 3412 redactum
2303 3361 2432 3428 fuit,
2465 3365 2526 3414 ut
2555 3356 2679 3430 ﬁeri
2707 3356 2924 3416 necesse
2950 3356 3049 3425 est,
3082 3359 3143 3412 id
3172 3374 3336 3413 omne
3375 3357 3447 3414 ad
3477 3373 3642 3413 usum

1987 3431 2315 3500 templorum
2368 3432 2715 3500 conferatur,
2771 3431 3027 3486 crucibus
3074 3438 3173 3484 aut
3228 3430 3497 3485 calicibus
3546 3432 3645 3484 aut

1983 3499 2116 3555 aliis
2163 3499 2488 3570 templorum
2548 3504 2894 3559 ornamentis
2951 3500 3260 3571 conﬂandis
3289 3519 3308 3554 :
3351 3517 3468 3573 qua
3511 3516 3647 3556 rex—

1984 3573 2082 3626 ubi
2112 3573 2306 3638 visum,
2338 3591 2436 3644 per
2480 3575 2726 3645 publicae
2770 3575 3122 3629 necessitatis
3173 3573 3408 3644 speciem
3452 3575 3646 3645 omnia

1984 3649 2258 3714 convasat,
2289 3643 2360 3700 ad
2389 3643 2553 3715 seque
2584 3647 2800 3702 avertit.
2833 3645 2928 3700 Sic
2969 3643 3211 3715 quoque
3234 3647 3431 3699 narrat
3476 3643 3641 3712 Athe,

1987 3729 2148 3787 nasus
2261 3732 2315 3785 p.
2394 3719 2520 3783 337,
2611 3719 2683 3773 de
2767 3717 2961 3787 aliquo
3037 3715 3215 3787 divite
3299 3715 3641 3787 Atheniensi

1987 3786 2160 3859 paulo
2193 3780 2322 3859 post
2353 3780 2570 3859 bellum
2606 3780 3043 3859 Persic_um.gqu_i
3079 3780 3281 3859 ᾔτησεν
3316 3783 3640 3859 Ἀθηναίοιξς

1983 3854 2115 3909 ἇτοτὲ
2141 3854 2528 3947 ἒν-εᾲκροπόλιει
2554 3858 2742 3947 τόπον3
2765 3855 2854 3947 "iv’
2884 3854 3310 3947 οἰκοδομήάετίξι
3339 3861 3474 3947 τοξςη
3491 3858 3645 3943 χρῄ-

2031 3947 2146 4004 αοξν
2207 3925 2348 3981 ὅπου
2392 3929 2681 4004 Δκξίσεααξ,
2713 3925 2916 4004 λέγων,
2968 3929 3042 3985 ὡς
3081 3925 3202 4004 ’0ρκ
3259 3925 3544 4004 ducalius"
3573 3929 3637 3982 ὃν

2031 3947 2146 3980 ασιν
2207 3947 2348 3981 οπου
2405 3947 2665 3997 κεισεααι,
2718 3947 2916 4004 Λεγων,
2968 3947 3042 3985 ως
3103 3948 3202 3982 ουκ
3259 3947 3518 3990 aquaam;
3574 3948 3637 3982 ov

1982 3947 2504 4075 g‘iSLwttXﬁ_OlXiq
2551 4000 2738 4055 πολλὰ
2786 4002 3050 4075 χρήματα
3099 4001 3257 4054 εἶναι·
3305 4000 3396 4075 xui
3446 3995 3639 4054 ἔδοσαν

1984 4072 2305 4140 Ἀθηναῖοι,
2320 4073 2657 4130 Exercuisse
2677 4072 2918 4129 Graecos
2933 4073 3433 4144 imperatoresjus
3457 4088 3636 4129 suum

1984 4145 2041 4199 in
2074 4161 2181 4217 sua
2212 4149 2268 4199 et
2299 4145 2737 4217 deprompsisse
2775 4162 2912 4201 vasa
2942 4160 3010 4217 ex
3040 4145 3298 4217 ecclesiis
3330 4143 3402 4199 ad
3433 4159 3640 4217 usum,

1983 4215 2250 4271 cordatos
2285 4215 2494 4288 nempe
2527 4215 2656 4273 illos
2688 4225 2742 4272 et
2770 4231 2901 4273 vere
2931 4216 3106 4279 viros,
3150 4215 3640 4288 muliercularum

1983 4292 2039 4341 et
2099 4287 2515 4344 monachortim
2589 4288 3076 4344 tcrriculamentis
3143 4304 3259 4342 non
3332 4287 3638 4356 obnoxios,

1983 4363 2212 4412 constat
2261 4375 2392 4414 cum
2430 4361 2536 4416 hoc
2567 4377 2597 4416 e
2626 4361 2751 4415 loco
2781 4364 2839 4415 et
2871 4358 3070 4414 multis
3101 4359 3229 4414 aliis
3259 4358 3438 4429 hujus
3479 4359 3643 4414 Ceri-

1985 4429 2280 4498 monialis,
2318 4437 2439 4485 tum
2473 4449 2503 4487 e
2537 4432 2746 4487 Leonis
2789 4429 3031 4486 Chazari
3073 4429 3353 4499 exemplo,
3387 4430 3487 4501 qui
3535 4431 3646 4486 de-

1982 4501 2236 4575 positum
2277 4502 2346 4556 ab
2395 4503 2652 4558 Heraclio
2684 4504 2743 4557 in
2777 4504 2985 4575 Magna
3014 4501 3258 4575 ecclesia
3291 4507 3540 4575 stemma
3569 4517 3646 4558 ex

1979 4590 2079 4627 ara
2110 4574 2485 4646 depromebat
2515 4581 2572 4631 et
2595 4581 2651 4629 in
2684 4573 3058 4646 processione
3089 4574 3340 4645 quadam
3375 4574 3640 4646 gerebat.

1980 4650 2025 4697 A
2049 4662 2165 4716 qua
2187 4660 2318 4716 cum
2352 4645 2505 4700 haud
2539 4644 2721 4700 multo
2752 4652 2880 4714 post
2902 4646 3020 4716 fato
3045 4644 3153 4699 suo
3176 4644 3500 4708 decederet,
3523 4644 3645 4700 cla-

1982 4715 2220 4770 mabant
2269 4715 2540 4771 infruniti
2591 4717 2834 4772 Graeculi
2888 4715 3079 4771 clerici
3121 4722 3177 4770 et
3221 4732 3384 4787 aeque
3437 4716 3641 4772 fatuus

1982 4787 2388 4859 Theophanes,
2423 4804 2552 4843 eum
2588 4789 2646 4843 in
2679 4790 2886 4859 capite,
2921 4803 3038 4856 quo
3080 4795 3393 4856 peccasset,
3427 4787 3639 4842 visibi-

1985 4858 2116 4914 liter
2145 4863 2201 4913 et
2233 4873 2264 4912 e
2295 4861 2538 4928 vestigio
2570 4858 2840 4929 punitum
2874 4876 2906 4912 a
2936 4861 3048 4913 Deo
3087 4859 3269 4915 fuisse
3300 4864 3471 4915 enato
3504 4875 3637 4915 car-

1984 4931 2153 5002 bone,
2179 4933 2237 4984 et
2257 4930 2522 5002 phrenesi
2547 4935 2899 5002 correptum.
2916 4929 3378 5002 ’Annvopaxcben,
3402 4932 3632 5002 dicunt,

1984 4999 2038 5076 ἐν
2203 4997 2416 5076 κέφαλῇ
2475 4999 2580 5076 noti
2621 4997 2792 5069 καδὲἡν
2851 4997 3176 5076 κᾳκῶςντῆῃν
3201 4997 3412 5076 ἥψογῆν
3474 4997 3638 5076 ἆῃέρζ

1985 5069 2155 5147 ῥηξεῇ
2181 5076 2282 5147 τῆς
2335 5069 2650 5147 ἱεροσυλίας
2695 5071 3064 5147 κομισάμε-νος
3101 5072 3169 5127 τὰ
3196 5069 3471 5147 ἐτὲίχειρᾳ.
3505 5069 3636 5147 Non

1984 5141 2355 5214 sacrilegium
2389 5141 2702 5211 commisit,
2721 5141 2936 5212 o'boni,
2963 5145 3096 5213 Leo,
3121 5146 3220 5201 sed
3253 5141 3641 5200 non'sinebat

1982 5231 2084 5288 vos
2123 5214 2363 5288 alienis,
2399 5217 2469 5270 ad
2502 5233 2604 5272 vos
2637 5217 2782 5271 nihil
2813 5216 3136 5288 quidquam
3181 5216 3638 5288 pertinentibus,

1983 5286 2280 5359 incubare.
2301 5289 2476 5359 Hodie
2498 5288 2694 5359 inepta
2707 5286 2999 5357 ejusmodi
3024 5286 3325 5344 ratiocinia
3348 5288 3639 5346 ridemus.

1985 5358 2093 5431 Sed
2129 5357 2356 5431 corollae
2388 5358 2485 5431 hae,
2505 5357 2639 5414 sunt
2668 5360 2899 5414 virtutis
2925 5360 3184 5431 praemia,
3207 5375 3353 5431 quas
3382 5364 3494 5415 Leo
3521 5375 3642 5416 non

1983 5429 2327 5504 tuliss_et,gsi_
2355 5429 2545 5504 mollis
2577 5429 3249 5504 etiindulgensignavis
3284 5440 3339 5504 et
3374 5447 3642 5504 nequam

1983 5501 2220 5574 agyrftis
2250 5501 2478 5574 luisset.
2511 5503 2673 5558 Conf.
2707 5502 3076 5558 Constantin.
3111 5503 3182 5558 de
3227 5503 3449 5556 admin.
3476 5501 3642 5574 'Imp.

1988 5572 2044 5644 p.
2074 5573 2166 5638 63,
2195 5572 2285 5640 64,
2319 5575 2411 5629 ed.
2447 5575 2699 5646 Bandur.
2726 5575 2936 5646 [Aurea
2964 5589 3104 5646 vasa
3132 5591 3162 5629 e
3193 5574 3428 5646 templis
3457 5572 3644 5631 sumit

1985 5643 2043 5700 et
2092 5645 2458 5716 nonrreddit
2513 5643 2767 5701 Isaaciu's
2823 5643 3101 5714 Angelus,
3159 5643 3339 5700 Nicetl
3394 5662 3449 5716 p.
3504 5646 3638 5704 200.

1987 5731 2177 5786 seqq.,
2227 5715 2362 5772 item
2406 5735 2462 5785 p.
2513 5718 2639 5784 233,
2693 5735 2751 5772 n.
2799 5717 2856 5784 7,
2901 5717 3028 5785 253,
3080 5716 3129 5769 1.
3184 5716 3347 5771 Conf.
3404 5733 3459 5786 p.
3501 5717 3643 5786 294,

1985 5789 2110 5841 296.
2147 5791 2262 5842 Mos
2309 5789 2571 5844 dedicata
2615 5789 2672 5842 in
2724 5786 2956 5856 templis
3002 5802 3145 5842 usus
3190 5794 3450 5856 tempore
3497 5805 3654 5858 pro:

1989 5858 2185 5931 mandi
2232 5859 2524 5916 derivatos
2569 5876 2603 5915 a
2637 5858 2977 5931 gentilibus,
3009 5858 3128 5915 vid.
3169 5859 3401 5929 Diodor,
3451 5859 3639 5916 Sicut.

1989 5936 2034 5988 t.
2050 5930 2122 5997 II,
2137 5945 2193 6001 p.
2208 5931 2404 5999 73,68,
2420 5930 2888 6002 GregorJTuron.
2905 5931 3059 6004 apud
3079 5931 3358 6004 Cangium
3379 5948 3432 5987 v.
3449 5931 3638 5993 Palla.
