  <div class='ocr_page' id='page_1' title='image "/cluster/home/n/w/nwhite01/storage/ocr_20150623/112:no.1/coo.31924054870161/536.png"; bbox 0 0 4052 6412; ppageno 0'>
   <div class='ocr_carea' id='block_1_1' title="bbox 385 365 550 430">
    <p class='ocr_par' dir='ltr' id='par_1_1' title="bbox 385 365 550 430">
     <span class='ocr_line' id='line_1_1' title="bbox 385 365 550 430; baseline -0.012 -2"><span class='ocrx_word' id='word_1_1' title='bbox 385 367 414 428; x_wconf 71' lang='grc'><strong>1</strong></span> <span class='ocrx_word' id='word_1_2' title='bbox 431 365 550 430; x_wconf 81' lang='lat'><strong>057</strong></span> 
     </span>
    </p>
   </div>
   <div class='ocr_carea' id='block_1_2' title="bbox 1260 366 2977 436">
    <p class='ocr_par' dir='ltr' id='par_1_2' title="bbox 1260 366 2977 436">
     <span class='ocr_line' id='line_1_2' title="bbox 1260 366 2977 436; baseline 0.003 -6"><span class='ocrx_word' id='word_1_3' title='bbox 1260 369 1364 430; x_wconf 86' lang='lat' dir='ltr'><strong>DE</strong></span> <span class='ocrx_word' id='word_1_4' title='bbox 1406 366 1864 432; x_wconf 81' lang='lat' dir='ltr'><strong>CERIMONIIS</strong></span> <span class='ocrx_word' id='word_1_5' title='bbox 1905 370 2143 434; x_wconf 68' lang='lat' dir='ltr'><strong>AULJE</strong></span> <span class='ocrx_word' id='word_1_6' title='bbox 2183 371 2659 435; x_wconf 79' lang='grc' dir='ltr'><strong>ΒΥΖΑΝΤΙΝιΕ</strong></span> <span class='ocrx_word' id='word_1_7' title='bbox 2699 375 2848 435; x_wconf 87' lang='lat' dir='ltr'><strong>LIB.</strong></span> <span class='ocrx_word' id='word_1_8' title='bbox 2899 375 2977 436; x_wconf 91' lang='lat' dir='ltr'><strong>II.</strong></span> 
     </span>
    </p>
   </div>
   <div class='ocr_carea' id='block_1_3' title="bbox 3641 379 3798 442">
    <p class='ocr_par' dir='ltr' id='par_1_3' title="bbox 3641 379 3798 442">
     <span class='ocr_line' id='line_1_3' title="bbox 3641 379 3798 442; baseline 0 -2"><span class='ocrx_word' id='word_1_9' title='bbox 3641 379 3798 442; x_wconf 77' lang='grc'><strong>1058</strong></span> 
     </span>
    </p>
   </div>
   <div class='ocr_carea' id='block_1_4' title="bbox 385 507 2020 594">
    <p class='ocr_par' dir='ltr' id='par_1_4' title="bbox 385 516 2020 594">
     <span class='ocr_line' id='line_1_4' title="bbox 385 516 2020 594; baseline 0.001 -22"><span class='ocrx_word' id='word_1_10' title='bbox 385 516 604 592; x_wconf 81' lang='grc' dir='ltr'>μεγάλα</span> <span class='ocrx_word' id='word_1_11' title='bbox 686 517 866 574; x_wconf 75' lang='grc' dir='ltr'>κιόνιοι</span> <span class='ocrx_word' id='word_1_12' title='bbox 948 517 1053 572; x_wconf 78' lang='grc' dir='ltr'><strong>ἀπὸ</strong></span> <span class='ocrx_word' id='word_1_13' title='bbox 1138 525 1238 588; x_wconf 78' lang='grc' dir='ltr'>τῆς</span> <span class='ocrx_word' id='word_1_14' title='bbox 1319 519 1486 590; x_wconf 77' lang='grc' dir='ltr'>αὐτῆς</span> <span class='ocrx_word' id='word_1_15' title='bbox 1575 525 1745 594; x_wconf 83' lang='grc' dir='ltr'>μονῆς</span> <span class='ocrx_word' id='word_1_16' title='bbox 1811 517 1874 593; x_wconf 82' lang='grc' dir='ltr'><strong>δ’,</strong></span> <span class='ocrx_word' id='word_1_17' title='bbox 1940 521 2020 576; x_wconf 70' lang='grc' dir='ltr'><strong>καῖ</strong></span> 
     </span>
    </p>
   </div>
   <div class='ocr_carea' id='block_1_5' title="bbox 2133 507 3799 594">
    <p class='ocr_par' dir='ltr' id='par_1_5' title="bbox 2144 507 3799 584">
     <span class='ocr_line' id='line_1_5' title="bbox 2144 507 3799 584; baseline 0.005 -23"><span class='ocrx_word' id='word_1_18' title='bbox 2144 508 2200 562; x_wconf 81' lang='lat' dir='ltr'><strong>et</strong></span> <span class='ocrx_word' id='word_1_19' title='bbox 2252 509 2500 578; x_wconf 83' lang='lat' dir='ltr'><strong>quatuor</strong></span> <span class='ocrx_word' id='word_1_20' title='bbox 2563 507 2688 563; x_wconf 61' lang='lat' dir='ltr'><strong>alia;</strong></span> <span class='ocrx_word' id='word_1_21' title='bbox 2766 525 2834 564; x_wconf 89' lang='lat' dir='ltr'><strong>ex</strong></span> <span class='ocrx_word' id='word_1_22' title='bbox 2891 508 3097 565; x_wconf 89' lang='lat' dir='ltr'><strong>eodem</strong></span> <span class='ocrx_word' id='word_1_23' title='bbox 3180 510 3531 568; x_wconf 84' lang='lat' dir='ltr'><strong>monasterio</strong></span> <span class='ocrx_word' id='word_1_24' title='bbox 3605 513 3799 584; x_wconf 68' lang='lat' dir='ltr'><strong>petite</strong></span> 
     </span>
    </p>
   </div>
   <div class='ocr_carea' id='block_1_6' title="bbox 379 603 2028 684">
    <p class='ocr_par' dir='ltr' id='par_1_6' title="bbox 379 603 2028 684">
     <span class='ocr_line' id='line_1_6' title="bbox 379 603 2028 684; baseline 0.003 -22"><span class='ocrx_word' id='word_1_25' title='bbox 379 603 483 680; x_wconf 73' lang='grc' dir='ltr'><strong>ἔξω</strong></span> <span class='ocrx_word' id='word_1_26' title='bbox 511 611 614 662; x_wconf 79' lang='grc' dir='ltr'><strong>τοῦ</strong></span> <span class='ocrx_word' id='word_1_27' title='bbox 670 604 956 683; x_wconf 77' lang='grc' dir='ltr'>τρικλίνου</span> <span class='ocrx_word' id='word_1_28' title='bbox 1013 605 1089 669; x_wconf 71' lang='grc' dir='ltr'><strong>εἷς</strong></span> <span class='ocrx_word' id='word_1_29' title='bbox 1146 608 1246 676; x_wconf 80' lang='grc' dir='ltr'>τὴν</span> <span class='ocrx_word' id='word_1_30' title='bbox 1310 607 1555 684; x_wconf 75' lang='grc' dir='ltr'>μεγάλην</span> <span class='ocrx_word' id='word_1_31' title='bbox 1609 611 1876 682; x_wconf 79' lang='grc' dir='ltr'>τροπικὴν</span> <span class='ocrx_word' id='word_1_32' title='bbox 1923 613 2028 684; x_wconf 80' lang='grc'>(64)</span> 
     </span>
    </p>
   </div>
   <div class='ocr_carea' id='block_1_7' title="bbox 377 693 2032 770">
    <p class='ocr_par' dir='ltr' id='par_1_7' title="bbox 377 693 2032 770">
     <span class='ocr_line' id='line_1_7' title="bbox 377 693 2032 770; baseline 0.003 -20"><span class='ocrx_word' id='word_1_33' title='bbox 377 695 486 750; x_wconf 81' lang='grc' dir='ltr'><strong>ἀπὸ</strong></span> <span class='ocrx_word' id='word_1_34' title='bbox 541 703 644 766; x_wconf 80' lang='grc' dir='ltr'>τῆς</span> <span class='ocrx_word' id='word_1_35' title='bbox 703 696 876 765; x_wconf 82' lang='grc' dir='ltr'>αὐτῆς</span> <span class='ocrx_word' id='word_1_36' title='bbox 936 702 1109 770; x_wconf 80' lang='grc' dir='ltr'>μονῆς</span> <span class='ocrx_word' id='word_1_37' title='bbox 1185 693 1240 752; x_wconf 74' lang='grc' dir='ltr'>ἓν</span> <span class='ocrx_word' id='word_1_38' title='bbox 1309 698 1400 752; x_wconf 80' lang='grc' dir='ltr'>καὶ</span> <span class='ocrx_word' id='word_1_39' title='bbox 1461 697 1512 753; x_wconf 85' lang='grc' dir='ltr'><strong>έν</strong></span> <span class='ocrx_word' id='word_1_40' title='bbox 1571 699 1788 761; x_wconf 78' lang='grc' dir='ltr'><strong>τούτοις</strong></span> <span class='ocrx_word' id='word_1_41' title='bbox 1839 698 2032 755; x_wconf 86' lang='grc' dir='ltr'>ἀλυσι-</span> 
     </span>
    </p>
   </div>
   <div class='ocr_carea' id='block_1_8' title="bbox 377 781 2033 865">
    <p class='ocr_par' dir='ltr' id='par_1_8' title="bbox 377 781 2033 865">
     <span class='ocr_line' id='line_1_8' title="bbox 377 781 2033 865; baseline 0.004 -27"><span class='ocrx_word' id='word_1_42' title='bbox 377 781 531 846; x_wconf 81' lang='grc' dir='ltr'>δίους</span> <span class='ocrx_word' id='word_1_43' title='bbox 595 783 1003 859; x_wconf 77' lang='grc' dir='ltr'><strong>ἐκρεμάσθησαν</strong></span> <span class='ocrx_word' id='word_1_44' title='bbox 1065 786 1133 840; x_wconf 73' lang='grc' dir='ltr'>τὰ</span> <span class='ocrx_word' id='word_1_45' title='bbox 1193 793 1293 855; x_wconf 81' lang='grc' dir='ltr'>τῆς</span> <span class='ocrx_word' id='word_1_46' title='bbox 1355 788 1495 848; x_wconf 82' lang='grc' dir='ltr'>Νέας</span> <span class='ocrx_word' id='word_1_47' title='bbox 1565 787 1775 864; x_wconf 69' lang='grc' dir='ltr'>μεγάλοι</span> <span class='ocrx_word' id='word_1_48' title='bbox 1823 789 2033 865; x_wconf 77' lang='grc' dir='ltr'>ἀργυρᾶ</span> 
     </span>
    </p>
   </div>
   <div class='ocr_carea' id='block_1_9' title="bbox 373 870 2028 952">
    <p class='ocr_par' dir='ltr' id='par_1_9' title="bbox 373 870 2028 952">
     <span class='ocr_line' id='line_1_9' title="bbox 373 870 2028 952; baseline 0.002 -23"><span class='ocrx_word' id='word_1_49' title='bbox 373 870 792 944; x_wconf 81' lang='grc' dir='ltr'>πολυκάνδηλα.</span> <span class='ocrx_word' id='word_1_50' title='bbox 825 874 1094 944; x_wconf 81' lang='grc' dir='ltr'>Ἔστησαν</span> <span class='ocrx_word' id='word_1_51' title='bbox 1144 872 1200 928; x_wconf 77' lang='grc' dir='ltr'><strong>δὲ</strong></span> <span class='ocrx_word' id='word_1_52' title='bbox 1238 873 1290 930; x_wconf 87' lang='grc' dir='ltr'><strong>ἐν</strong></span> <span class='ocrx_word' id='word_1_53' title='bbox 1337 881 1417 948; x_wconf 79' lang='grc' dir='ltr'>τῷ</span> <span class='ocrx_word' id='word_1_54' title='bbox 1461 875 1606 948; x_wconf 78' lang='grc' dir='ltr'><strong>αὐτῷ</strong></span> <span class='ocrx_word' id='word_1_55' title='bbox 1635 877 1900 952; x_wconf 76' lang='grc' dir='ltr'><strong>τρικλίνῳ</strong></span> <span class='ocrx_word' id='word_1_56' title='bbox 1929 885 2028 948; x_wconf 86' lang='grc' dir='ltr'>τῆς</span> 
     </span>
    </p>
   </div>
   <div class='ocr_carea' id='block_1_10' title="bbox 375 959 2029 1039">
    <p class='ocr_par' dir='ltr' id='par_1_10' title="bbox 375 959 2029 1039">
     <span class='ocr_line' id='line_1_10' title="bbox 375 959 2029 1039; baseline 0.003 -22"><span class='ocrx_word' id='word_1_57' title='bbox 375 963 683 1038; x_wconf 74' lang='grc' dir='ltr'>μανναύρας</span> <span class='ocrx_word' id='word_1_58' title='bbox 726 961 778 1016; x_wconf 86' lang='grc' dir='ltr'><strong>ἐν</strong></span> <span class='ocrx_word' id='word_1_59' title='bbox 829 962 923 1035; x_wconf 71' lang='grc' dir='ltr'><strong>μὲν</strong></span> <span class='ocrx_word' id='word_1_60' title='bbox 956 965 1035 1035; x_wconf 81' lang='grc' dir='ltr'>τῷ</span> <span class='ocrx_word' id='word_1_61' title='bbox 1067 959 1224 1035; x_wconf 79' lang='grc' dir='ltr'><strong>δεξιῷ</strong></span> <span class='ocrx_word' id='word_1_62' title='bbox 1279 961 1429 1039; x_wconf 80' lang='grc' dir='ltr'>μέρει</span> <span class='ocrx_word' id='word_1_63' title='bbox 1483 966 1644 1036; x_wconf 87' lang='grc' dir='ltr'>μέσον</span> <span class='ocrx_word' id='word_1_64' title='bbox 1693 971 1800 1022; x_wconf 85' lang='grc' dir='ltr'><strong>τῶν</strong></span> <span class='ocrx_word' id='word_1_65' title='bbox 1857 967 2029 1039; x_wconf 85' lang='grc' dir='ltr'>μελά-</span> 
     </span>
    </p>
   </div>
   <div class='ocr_carea' id='block_1_11' title="bbox 371 1048 2032 1132">
    <p class='ocr_par' dir='ltr' id='par_1_11' title="bbox 371 1048 2032 1132">
     <span class='ocr_line' id='line_1_11' title="bbox 371 1048 2032 1132; baseline 0.003 -25"><span class='ocrx_word' id='word_1_66' title='bbox 371 1052 486 1108; x_wconf 83' lang='grc' dir='ltr'>λων</span> <span class='ocrx_word' id='word_1_67' title='bbox 511 1053 710 1107; x_wconf 70' lang='grc' dir='ltr'>κιόνων</span> <span class='ocrx_word' id='word_1_68' title='bbox 746 1053 808 1107; x_wconf 87' lang='grc' dir='ltr'>τὸ</span> <span class='ocrx_word' id='word_1_69' title='bbox 842 1057 1080 1128; x_wconf 65' lang='grc' dir='ltr'>χρυσῶν</span> <span class='ocrx_word' id='word_1_70' title='bbox 1127 1049 1358 1128; x_wconf 75' lang='grc' dir='ltr'>ὄργανον</span> <span class='ocrx_word' id='word_1_71' title='bbox 1408 1048 1509 1124; x_wconf 81' lang='grc' dir='ltr'><strong>ἔξω</strong></span> <span class='ocrx_word' id='word_1_72' title='bbox 1555 1060 1663 1110; x_wconf 82' lang='grc' dir='ltr'><strong>τῶν</strong></span> <span class='ocrx_word' id='word_1_73' title='bbox 1704 1055 1874 1112; x_wconf 80' lang='grc' dir='ltr'>ἐκεῖσε</span> <span class='ocrx_word' id='word_1_74' title='bbox 1904 1077 2032 1132; x_wconf 87' lang='grc' dir='ltr'>κρε-</span> 
     </span>
    </p>
   </div>
   <div class='ocr_carea' id='block_1_12' title="bbox 372 1139 2028 1220">
    <p class='ocr_par' dir='ltr' id='par_1_12' title="bbox 372 1139 2028 1220">
     <span class='ocr_line' id='line_1_12' title="bbox 372 1139 2028 1220; baseline 0.003 -24"><span class='ocrx_word' id='word_1_75' title='bbox 372 1144 632 1215; x_wconf 67' lang='grc' dir='ltr'>μαμένων</span> <span class='ocrx_word' id='word_1_76' title='bbox 666 1140 878 1216; x_wconf 78' lang='grc' dir='ltr'><strong>βήλων,</strong></span> <span class='ocrx_word' id='word_1_77' title='bbox 930 1143 1020 1197; x_wconf 82' lang='grc' dir='ltr'>καὶ</span> <span class='ocrx_word' id='word_1_78' title='bbox 1070 1139 1267 1197; x_wconf 76' lang='grc' dir='ltr'>ἄνωθεν</span> <span class='ocrx_word' id='word_1_79' title='bbox 1318 1144 1484 1198; x_wconf 78' lang='grc' dir='ltr'>αὐτοῦ</span> <span class='ocrx_word' id='word_1_80' title='bbox 1535 1145 1608 1206; x_wconf 85' lang='grc' dir='ltr'>ὡς</span> <span class='ocrx_word' id='word_1_81' title='bbox 1655 1145 1790 1220; x_wconf 77' lang='grc' dir='ltr'>πρὸς</span> <span class='ocrx_word' id='word_1_82' title='bbox 1836 1146 2028 1201; x_wconf 79' lang='grc' dir='ltr'>ἀνατο-</span> 
     </span>
    </p>
   </div>
   <div class='ocr_carea' id='block_1_13' title="bbox 369 1229 2025 1309">
    <p class='ocr_par' dir='ltr' id='par_1_13' title="bbox 369 1229 2025 1309">
     <span class='ocr_line' id='line_1_13' title="bbox 369 1229 2025 1309; baseline 0.002 -24"><span class='ocrx_word' id='word_1_83' title='bbox 369 1229 476 1300; x_wconf 80' lang='grc' dir='ltr'><strong>λὴν</strong></span> <span class='ocrx_word' id='word_1_84' title='bbox 507 1231 570 1285; x_wconf 85' lang='grc' dir='ltr'>τὸ</span> <span class='ocrx_word' id='word_1_85' title='bbox 600 1234 697 1285; x_wconf 78' lang='grc' dir='ltr'>τοῦ</span> <span class='ocrx_word' id='word_1_86' title='bbox 730 1229 954 1286; x_wconf 84' lang='grc' dir='ltr'>Βενέτου</span> <span class='ocrx_word' id='word_1_87' title='bbox 1003 1231 1272 1307; x_wconf 79' lang='grc' dir='ltr'>ἀργυροῦν</span> <span class='ocrx_word' id='word_1_88' title='bbox 1324 1229 1575 1309; x_wconf 71' lang='grc' dir='ltr'>ὄργανον,</span> <span class='ocrx_word' id='word_1_89' title='bbox 1608 1234 1815 1307; x_wconf 80' lang='grc' dir='ltr'>ὁμοίως</span> <span class='ocrx_word' id='word_1_90' title='bbox 1855 1235 1942 1289; x_wconf 84' lang='grc' dir='ltr'>καὶ</span> <span class='ocrx_word' id='word_1_91' title='bbox 1974 1234 2025 1290; x_wconf 77' lang='grc' dir='ltr'><strong>έν</strong></span> 
     </span>
    </p>
   </div>
   <div class='ocr_carea' id='block_1_14' title="bbox 363 1313 2028 1397">
    <p class='ocr_par' dir='ltr' id='par_1_14' title="bbox 363 1313 2028 1397">
     <span class='ocr_line' id='line_1_14' title="bbox 363 1313 2028 1397; baseline 0.005 -28"><span class='ocrx_word' id='word_1_92' title='bbox 363 1318 445 1386; x_wconf 83' lang='grc' dir='ltr'>τῷ</span> <span class='ocrx_word' id='word_1_93' title='bbox 476 1313 742 1390; x_wconf 71' lang='grc' dir='ltr'>εὐωνύμῳ</span> <span class='ocrx_word' id='word_1_94' title='bbox 795 1317 946 1392; x_wconf 87' lang='grc' dir='ltr'>μέρει</span> <span class='ocrx_word' id='word_1_95' title='bbox 995 1317 1057 1371; x_wconf 89' lang='grc' dir='ltr'>τὸ</span> <span class='ocrx_word' id='word_1_96' title='bbox 1104 1321 1202 1371; x_wconf 81' lang='grc' dir='ltr'>τοῦ</span> <span class='ocrx_word' id='word_1_97' title='bbox 1250 1318 1520 1392; x_wconf 79' lang='grc' dir='ltr'>Πρασίνου</span> <span class='ocrx_word' id='word_1_98' title='bbox 1564 1321 1829 1396; x_wconf 79' lang='grc' dir='ltr'>ἀργυροῦν</span> <span class='ocrx_word' id='word_1_99' title='bbox 1861 1320 2028 1397; x_wconf 81' lang='grc' dir='ltr'>ὄργα-</span> 
     </span>
    </p>
   </div>
   <div class='ocr_carea' id='block_1_15' title="bbox 361 1402 2029 1481">
    <p class='ocr_par' dir='ltr' id='par_1_15' title="bbox 361 1402 2029 1481">
     <span class='ocr_line' id='line_1_15' title="bbox 512 1402 1803 1464; baseline 0.004 -5"><span class='ocrx_word' id='word_1_100' title='bbox 512 1403 640 1460; x_wconf 86' lang='grc' dir='ltr'><strong>Ἰ¹</strong></span> <span class='ocrx_word' id='word_1_101' title='bbox 792 1405 822 1459; x_wconf 82' lang='grc' dir='ltr'>ὅ</span> <span class='ocrx_word' id='word_1_102' title='bbox 970 1402 1803 1464; x_wconf 62' lang='grc' dir='ltr'><strong>“’“δδ¹δεὸλεέ’</strong></span> 
     </span>
     <span class='ocr_line' id='line_1_16' title="bbox 361 1411 2029 1481; baseline 0.004 -23"><span class='ocrx_word' id='word_1_103' title='bbox 361 1425 480 1463; x_wconf 91' lang='grc' dir='ltr'>νον.</span> <span class='ocrx_word' id='word_1_104' title='bbox 560 1425 734 1473; x_wconf 87' lang='grc' dir='ltr'>στεον,</span> <span class='ocrx_word' id='word_1_105' title='bbox 824 1427 875 1460; x_wconf 83' lang='grc' dir='ltr'><strong>τι</strong></span> <span class='ocrx_word' id='word_1_106' title='bbox 931 1425 992 1460; x_wconf 87' lang='grc' dir='ltr'><strong>το</strong></span> <span class='ocrx_word' id='word_1_107' title='bbox 1059 1425 1247 1461; x_wconf 64' lang='grc' dir='ltr'>αναοεν</span> <span class='ocrx_word' id='word_1_108' title='bbox 1287 1427 1353 1481; x_wconf 74' lang='lat' dir='ltr'><strong>pa</strong></span> <span class='ocrx_word' id='word_1_109' title='bbox 1395 1427 1472 1463; x_wconf 62' lang='grc' dir='ltr'>ιο)</span> <span class='ocrx_word' id='word_1_110' title='bbox 1598 1429 1653 1463; x_wconf 62' lang='grc' dir='ltr'><strong>οι</strong></span> <span class='ocrx_word' id='word_1_111' title='bbox 1713 1431 1943 1480; x_wconf 79' lang='grc' dir='ltr'>ποιησαν</span> <span class='ocrx_word' id='word_1_112' title='bbox 1977 1411 2029 1465; x_wconf 76' lang='grc' dir='ltr'>οἱ</span> 
     </span>
    </p>
   </div>
   <div class='ocr_carea' id='block_1_16' title="bbox 363 1489 2029 1568">
    <p class='ocr_par' dir='ltr' id='par_1_16' title="bbox 363 1489 2029 1568">
     <span class='ocr_line' id='line_1_17' title="bbox 363 1489 2029 1568; baseline 0.004 -21"><span class='ocrx_word' id='word_1_113' title='bbox 363 1493 694 1547; x_wconf 66' lang='grc' dir='ltr'>πιστοποιοὶ</span> <span class='ocrx_word' id='word_1_114' title='bbox 746 1489 904 1564; x_wconf 79' lang='grc' dir='ltr'>δίκην</span> <span class='ocrx_word' id='word_1_115' title='bbox 980 1501 1248 1568; x_wconf 83' lang='grc' dir='ltr'>τροπικῆς</span> <span class='ocrx_word' id='word_1_116' title='bbox 1329 1494 1436 1551; x_wconf 73' lang='grc' dir='ltr'><strong>ἀπὸ</strong></span> <span class='ocrx_word' id='word_1_117' title='bbox 1508 1494 1706 1559; x_wconf 73' lang='grc' dir='ltr'>σενδέςο</span> <span class='ocrx_word' id='word_1_118' title='bbox 1769 1497 1910 1562; x_wconf 83' lang='grc' dir='ltr'>ἔνθεν</span> <span class='ocrx_word' id='word_1_119' title='bbox 1972 1496 2029 1554; x_wconf 74' lang='grc' dir='ltr'><strong>δὲ</strong></span> 
     </span>
    </p>
   </div>
   <div class='ocr_carea' id='block_1_17' title="bbox 363 1579 2024 1665">
    <p class='ocr_par' dir='ltr' id='par_1_17' title="bbox 363 1579 2024 1665">
     <span class='ocr_line' id='line_1_18' title="bbox 363 1579 2024 1665; baseline 0.005 -30"><span class='ocrx_word' id='word_1_120' title='bbox 363 1579 581 1636; x_wconf 74' lang='grc' dir='ltr'>κάκεῖσε</span> <span class='ocrx_word' id='word_1_121' title='bbox 609 1584 719 1636; x_wconf 83' lang='grc' dir='ltr'><strong>τῶν</strong></span> <span class='ocrx_word' id='word_1_122' title='bbox 750 1579 974 1636; x_wconf 86' lang='grc' dir='ltr'>κιονίων</span> <span class='ocrx_word' id='word_1_123' title='bbox 1025 1581 1133 1638; x_wconf 84' lang='grc' dir='ltr'><strong>ἀπὸ</strong></span> <span class='ocrx_word' id='word_1_124' title='bbox 1190 1589 1299 1639; x_wconf 78' lang='grc' dir='ltr'><strong>τῶν</strong></span> <span class='ocrx_word' id='word_1_125' title='bbox 1350 1584 1528 1648; x_wconf 79' lang='grc' dir='ltr'>σετδὲς</span> <span class='ocrx_word' id='word_1_126' title='bbox 1583 1585 1751 1665; x_wconf 83' lang='grc' dir='ltr'>μέχρι</span> <span class='ocrx_word' id='word_1_127' title='bbox 1786 1591 1883 1642; x_wconf 77' lang='grc' dir='ltr'>τοῦ</span> <span class='ocrx_word' id='word_1_128' title='bbox 1916 1585 2024 1643; x_wconf 84' lang='grc' dir='ltr'><strong>ἐδά·</strong></span> 
     </span>
    </p>
   </div>
   <div class='ocr_carea' id='block_1_18' title="bbox 365 1669 2030 1750">
    <p class='ocr_par' dir='ltr' id='par_1_18' title="bbox 365 1669 2030 1750">
     <span class='ocr_line' id='line_1_19' title="bbox 365 1669 2030 1750; baseline 0.005 -28"><span class='ocrx_word' id='word_1_129' title='bbox 365 1690 500 1743; x_wconf 78' lang='grc' dir='ltr'>φους</span> <span class='ocrx_word' id='word_1_130' title='bbox 553 1669 963 1744; x_wconf 75' lang='grc' dir='ltr'>ἐκρεμάσθησαν</span> <span class='ocrx_word' id='word_1_131' title='bbox 1019 1673 1400 1750; x_wconf 78' lang='grc' dir='ltr'>σκαραμάγγια</span> <span class='ocrx_word' id='word_1_132' title='bbox 1447 1677 1660 1750; x_wconf 71' lang='grc' dir='ltr'>μεγάλα</span> <span class='ocrx_word' id='word_1_133' title='bbox 1704 1677 1770 1731; x_wconf 80' lang='grc' dir='ltr'><strong>τὰ</strong></span> <span class='ocrx_word' id='word_1_134' title='bbox 1821 1677 1909 1731; x_wconf 81' lang='grc' dir='ltr'><strong>καὶ</strong></span> <span class='ocrx_word' id='word_1_135' title='bbox 1943 1674 2030 1731; x_wconf 84' lang='grc' dir='ltr'><strong>δο-</strong></span> 
     </span>
    </p>
   </div>
   <div class='ocr_carea' id='block_1_19' title="bbox 366 1763 2029 1840">
    <p class='ocr_par' dir='ltr' id='par_1_19' title="bbox 366 1763 2029 1840">
     <span class='ocr_line' id='line_1_20' title="bbox 366 1763 2029 1840; baseline 0.006 -25"><span class='ocrx_word' id='word_1_136' title='bbox 366 1763 524 1825; x_wconf 80' lang='grc' dir='ltr'>θέντα</span> <span class='ocrx_word' id='word_1_137' title='bbox 584 1763 690 1817; x_wconf 84' lang='grc' dir='ltr'><strong>ἀπὸ</strong></span> <span class='ocrx_word' id='word_1_138' title='bbox 746 1767 844 1817; x_wconf 78' lang='grc' dir='ltr'>τοῦ</span> <span class='ocrx_word' id='word_1_139' title='bbox 902 1763 1191 1820; x_wconf 81' lang='grc' dir='ltr'>παλατίου.</span> <span class='ocrx_word' id='word_1_140' title='bbox 1249 1766 1467 1837; x_wconf 86' lang='grc' dir='ltr'>Ἰστέον,</span> <span class='ocrx_word' id='word_1_141' title='bbox 1531 1769 1635 1840; x_wconf 81' lang='grc' dir='ltr'>ὅτι,</span> <span class='ocrx_word' id='word_1_142' title='bbox 1684 1773 1790 1824; x_wconf 80' lang='grc' dir='ltr'><strong>τῶν</strong></span> <span class='ocrx_word' id='word_1_143' title='bbox 1854 1770 2029 1825; x_wconf 78' lang='grc' dir='ltr'>Ἰσπα.</span> 
     </span>
    </p>
   </div>
   <div class='ocr_carea' id='block_1_20' title="bbox 2138 595 3800 668">
    <p class='ocr_par' dir='ltr' id='par_1_20' title="bbox 2138 595 3800 668">
     <span class='ocr_line' id='line_1_21' title="bbox 2138 595 3800 668; baseline 0.004 -16"><span class='ocrx_word' id='word_1_144' title='bbox 2138 598 2197 652; x_wconf 87' lang='lat' dir='ltr'><strong>et</strong></span> <span class='ocrx_word' id='word_1_145' title='bbox 2224 599 2478 668; x_wconf 80' lang='lat' dir='ltr'><strong>quatuor</strong></span> <span class='ocrx_word' id='word_1_146' title='bbox 2515 596 2749 668; x_wconf 81' lang='lat' dir='ltr'><strong>magnis</strong></span> <span class='ocrx_word' id='word_1_147' title='bbox 2804 595 3096 654; x_wconf 83' lang='lat' dir='ltr'><strong>columnis</strong></span> <span class='ocrx_word' id='word_1_148' title='bbox 3131 618 3145 668; x_wconf 68' lang='grc' dir='ltr'><strong>ς</strong></span> <span class='ocrx_word' id='word_1_149' title='bbox 3196 603 3252 655; x_wconf 92' lang='lat' dir='ltr'><strong>et</strong></span> <span class='ocrx_word' id='word_1_150' title='bbox 3281 604 3442 656; x_wconf 82' lang='lat' dir='ltr'><strong>extra</strong></span> <span class='ocrx_word' id='word_1_151' title='bbox 3475 599 3800 658; x_wconf 91' lang='lat' dir='ltr'><strong>triclinium</strong></span> 
     </span>
    </p>
   </div>
   <div class='ocr_carea' id='block_1_21' title="bbox 2137 685 3791 759">
    <p class='ocr_par' dir='ltr' id='par_1_21' title="bbox 2137 685 3791 759">
     <span class='ocr_line' id='line_1_22' title="bbox 2137 685 3791 759; baseline 0.005 -18"><span class='ocrx_word' id='word_1_152' title='bbox 2137 685 2198 741; x_wconf 83' lang='lat' dir='ltr'><strong>in</strong></span> <span class='ocrx_word' id='word_1_153' title='bbox 2274 701 2490 759; x_wconf 89' lang='lat' dir='ltr'><strong>magna</strong></span> <span class='ocrx_word' id='word_1_154' title='bbox 2545 688 2770 759; x_wconf 89' lang='lat' dir='ltr'><strong>tropica</strong></span> <span class='ocrx_word' id='word_1_155' title='bbox 2825 703 2930 743; x_wconf 90' lang='lat' dir='ltr'><strong>seu</strong></span> <span class='ocrx_word' id='word_1_156' title='bbox 2986 686 3218 744; x_wconf 88' lang='lat' dir='ltr'><strong>trichila</strong></span> <span class='ocrx_word' id='word_1_157' title='bbox 3274 707 3392 746; x_wconf 82' lang='lat' dir='ltr'><strong>una</strong></span> <span class='ocrx_word' id='word_1_158' title='bbox 3461 708 3530 748; x_wconf 84' lang='lat' dir='ltr'><strong>ex</strong></span> <span class='ocrx_word' id='word_1_159' title='bbox 3585 694 3791 749; x_wconf 89' lang='lat' dir='ltr'><strong>eodem</strong></span> 
     </span>
    </p>
   </div>
   <div class='ocr_carea' id='block_1_22' title="bbox 2140 777 3795 854">
    <p class='ocr_par' dir='ltr' id='par_1_22' title="bbox 2140 777 3795 854">
     <span class='ocr_line' id='line_1_23' title="bbox 2140 777 3795 854; baseline 0.004 -23"><span class='ocrx_word' id='word_1_160' title='bbox 2140 777 2509 833; x_wconf 88' lang='lat' dir='ltr'><strong>monasterio.</strong></span> <span class='ocrx_word' id='word_1_161' title='bbox 2559 780 2638 831; x_wconf 88' lang='lat' dir='ltr'><strong>Ex</strong></span> <span class='ocrx_word' id='word_1_162' title='bbox 2689 777 2784 832; x_wconf 91' lang='lat' dir='ltr'><strong>his</strong></span> <span class='ocrx_word' id='word_1_163' title='bbox 2847 777 3070 833; x_wconf 90' lang='lat' dir='ltr'><strong>catenis</strong></span> <span class='ocrx_word' id='word_1_164' title='bbox 3125 779 3528 850; x_wconf 74' lang='lat' dir='ltr'><strong>dependebant</strong></span> <span class='ocrx_word' id='word_1_165' title='bbox 3586 798 3795 854; x_wconf 90' lang='lat' dir='ltr'><strong>argen-</strong></span> 
     </span>
    </p>
   </div>
   <div class='ocr_carea' id='block_1_23' title="bbox 2138 865 3792 938">
    <p class='ocr_par' dir='ltr' id='par_1_23' title="bbox 2138 865 3792 938">
     <span class='ocr_line' id='line_1_24' title="bbox 2138 865 3792 938; baseline 0.004 -17"><span class='ocrx_word' id='word_1_166' title='bbox 2138 871 2232 922; x_wconf 86' lang='lat' dir='ltr'><strong>tea</strong></span> <span class='ocrx_word' id='word_1_167' title='bbox 2279 865 2448 924; x_wconf 71' lang='lat' dir='ltr'><strong>Novas</strong></span> <span class='ocrx_word' id='word_1_168' title='bbox 2505 865 2761 922; x_wconf 62' lang='lat' dir='ltr'><strong>ecclesia</strong></span> <span class='ocrx_word' id='word_1_169' title='bbox 2819 866 3196 938; x_wconf 80' lang='lat' dir='ltr'><strong>polycandela</strong></span> <span class='ocrx_word' id='word_1_170' title='bbox 3281 885 3379 924; x_wconf 90' lang='lat' dir='ltr'><strong>seu</strong></span> <span class='ocrx_word' id='word_1_171' title='bbox 3441 870 3792 927; x_wconf 81' lang='lat' dir='ltr'><strong>candelabra</strong></span> 
     </span>
    </p>
   </div>
   <div class='ocr_carea' id='block_1_24' title="bbox 2139 956 3793 1017">
    <p class='ocr_par' dir='ltr' id='par_1_24' title="bbox 2139 956 3793 1017">
     <span class='ocr_line' id='line_1_25' title="bbox 2139 956 3793 1017; baseline 0.003 -5"><span class='ocrx_word' id='word_1_172' title='bbox 2139 956 2456 1012; x_wconf 89' lang='lat' dir='ltr'><strong>multorum</strong></span> <span class='ocrx_word' id='word_1_173' title='bbox 2509 973 2809 1013; x_wconf 89' lang='lat' dir='ltr'><strong>cereorum</strong></span> <span class='ocrx_word' id='word_1_174' title='bbox 2864 957 3044 1012; x_wconf 87' lang='lat' dir='ltr'><strong>hastis</strong></span> <span class='ocrx_word' id='word_1_175' title='bbox 3093 973 3192 1013; x_wconf 90' lang='lat' dir='ltr'><strong>seu</strong></span> <span class='ocrx_word' id='word_1_176' title='bbox 3253 957 3493 1015; x_wconf 86' lang='lat' dir='ltr'><strong>t&#39;oveolis</strong></span> <span class='ocrx_word' id='word_1_177' title='bbox 3541 964 3599 1015; x_wconf 92' lang='lat' dir='ltr'><strong>et</strong></span> <span class='ocrx_word' id='word_1_178' title='bbox 3654 978 3793 1017; x_wconf 88' lang='lat' dir='ltr'><strong>can-</strong></span> 
     </span>
    </p>
   </div>
   <div class='ocr_carea' id='block_1_25' title="bbox 2137 1046 3790 1118">
    <p class='ocr_par' dir='ltr' id='par_1_25' title="bbox 2137 1046 3790 1118">
     <span class='ocr_line' id='line_1_26' title="bbox 2137 1046 3790 1118; baseline 0.002 -16"><span class='ocrx_word' id='word_1_179' title='bbox 2137 1046 2322 1102; x_wconf 87' lang='lat' dir='ltr'><strong>tharis</strong></span> <span class='ocrx_word' id='word_1_180' title='bbox 2381 1046 2701 1118; x_wconf 83' lang='lat' dir='ltr'><strong>multisque</strong></span> <span class='ocrx_word' id='word_1_181' title='bbox 2759 1047 2943 1103; x_wconf 86' lang='lat' dir='ltr'><strong>cereis</strong></span> <span class='ocrx_word' id='word_1_182' title='bbox 3001 1046 3060 1102; x_wconf 90' lang='lat' dir='ltr'><strong>in</strong></span> <span class='ocrx_word' id='word_1_183' title='bbox 3123 1048 3409 1104; x_wconf 79' lang='lat' dir='ltr'><strong>ambitum</strong></span> <span class='ocrx_word' id='word_1_184' title='bbox 3491 1050 3790 1108; x_wconf 85' lang='lat' dir='ltr'><strong>instructa.</strong></span> 
     </span>
    </p>
   </div>
   <div class='ocr_carea' id='block_1_26' title="bbox 2138 1136 3796 1210">
    <p class='ocr_par' dir='ltr' id='par_1_26' title="bbox 2138 1136 3796 1210">
     <span class='ocr_line' id='line_1_27' title="bbox 2138 1136 3796 1210; baseline 0.004 -18"><span class='ocrx_word' id='word_1_185' title='bbox 2138 1137 2294 1192; x_wconf 74' lang='lat'><strong>880</strong></span> <span class='ocrx_word' id='word_1_186' title='bbox 2359 1136 2790 1194; x_wconf 87' lang='lat' dir='ltr'><strong>Collocaverant</strong></span> <span class='ocrx_word' id='word_1_187' title='bbox 2859 1154 3093 1210; x_wconf 90' lang='lat' dir='ltr'><strong>quoque</strong></span> <span class='ocrx_word' id='word_1_188' title='bbox 3163 1140 3222 1195; x_wconf 91' lang='lat' dir='ltr'><strong>in</strong></span> <span class='ocrx_word' id='word_1_189' title='bbox 3281 1141 3482 1197; x_wconf 89' lang='lat' dir='ltr'><strong>eodem</strong></span> <span class='ocrx_word' id='word_1_190' title='bbox 3544 1141 3796 1198; x_wconf 89' lang='lat' dir='ltr'><strong>triclinio</strong></span> 
     </span>
    </p>
   </div>
   <div class='ocr_carea' id='block_1_27' title="bbox 2139 1227 3798 1303">
    <p class='ocr_par' dir='ltr' id='par_1_27' title="bbox 2139 1227 3798 1303">
     <span class='ocr_line' id='line_1_28' title="bbox 2139 1227 3798 1303; baseline 0.003 -21"><span class='ocrx_word' id='word_1_191' title='bbox 2139 1242 2472 1297; x_wconf 70' lang='lat' dir='ltr'><strong>magnaurte</strong></span> <span class='ocrx_word' id='word_1_192' title='bbox 2522 1243 2554 1281; x_wconf 89' lang='lat' dir='ltr'><strong>a</strong></span> <span class='ocrx_word' id='word_1_193' title='bbox 2602 1227 2806 1282; x_wconf 82' lang='lat' dir='ltr'><strong>dextra</strong></span> <span class='ocrx_word' id='word_1_194' title='bbox 2847 1231 3010 1298; x_wconf 89' lang='lat' dir='ltr'><strong>parte</strong></span> <span class='ocrx_word' id='word_1_195' title='bbox 3061 1227 3321 1284; x_wconf 90' lang='lat' dir='ltr'><strong>medium</strong></span> <span class='ocrx_word' id='word_1_196' title='bbox 3367 1229 3521 1286; x_wconf 89' lang='lat' dir='ltr'><strong>intra</strong></span> <span class='ocrx_word' id='word_1_197' title='bbox 3553 1247 3798 1303; x_wconf 87' lang='lat' dir='ltr'><strong>magnas</strong></span> 
     </span>
    </p>
   </div>
   <div class='ocr_carea' id='block_1_28' title="bbox 2138 1315 3794 1386">
    <p class='ocr_par' dir='ltr' id='par_1_28' title="bbox 2138 1315 3794 1386">
     <span class='ocr_line' id='line_1_29' title="bbox 2138 1315 3794 1386; baseline 0.002 -14"><span class='ocrx_word' id='word_1_198' title='bbox 2138 1315 2438 1372; x_wconf 84' lang='lat' dir='ltr'><strong>columnas</strong></span> <span class='ocrx_word' id='word_1_199' title='bbox 2487 1331 2728 1370; x_wconf 75' lang='lat' dir='ltr'><strong>aureum</strong></span> <span class='ocrx_word' id='word_1_200' title='bbox 2771 1332 3050 1386; x_wconf 82' lang='lat' dir='ltr'><strong>organum</strong></span> <span class='ocrx_word' id='word_1_201' title='bbox 3081 1325 3244 1373; x_wconf 86' lang='lat' dir='ltr'><strong>extra</strong></span> <span class='ocrx_word' id='word_1_202' title='bbox 3286 1319 3412 1374; x_wconf 89' lang='lat' dir='ltr'><strong>vela</strong></span> <span class='ocrx_word' id='word_1_203' title='bbox 3441 1335 3510 1373; x_wconf 88' lang='lat' dir='ltr'><strong>ex</strong></span> <span class='ocrx_word' id='word_1_204' title='bbox 3553 1319 3669 1376; x_wconf 82' lang='lat' dir='ltr'><strong>illis</strong></span> <span class='ocrx_word' id='word_1_205' title='bbox 3696 1337 3794 1377; x_wconf 85' lang='lat' dir='ltr'><strong>co-</strong></span> 
     </span>
    </p>
   </div>
   <div class='ocr_carea' id='block_1_29' title="bbox 2137 1404 3790 1479">
    <p class='ocr_par' dir='ltr' id='par_1_29' title="bbox 2137 1404 3790 1479">
     <span class='ocr_line' id='line_1_30' title="bbox 2137 1404 3790 1479; baseline 0.003 -19"><span class='ocrx_word' id='word_1_206' title='bbox 2137 1404 2357 1460; x_wconf 90' lang='lat' dir='ltr'><strong>lumnis</strong></span> <span class='ocrx_word' id='word_1_207' title='bbox 2399 1405 2800 1474; x_wconf 89' lang='lat' dir='ltr'><strong>dependentia,</strong></span> <span class='ocrx_word' id='word_1_208' title='bbox 2843 1415 2897 1460; x_wconf 92' lang='lat' dir='ltr'><strong>et</strong></span> <span class='ocrx_word' id='word_1_209' title='bbox 2943 1407 3015 1461; x_wconf 91' lang='lat' dir='ltr'><strong>ab</strong></span> <span class='ocrx_word' id='word_1_210' title='bbox 3056 1411 3303 1478; x_wconf 88' lang='lat' dir='ltr'><strong>utraque</strong></span> <span class='ocrx_word' id='word_1_211' title='bbox 3349 1407 3476 1477; x_wconf 79' lang='lat' dir='ltr'><strong>eius</strong></span> <span class='ocrx_word' id='word_1_212' title='bbox 3519 1414 3677 1479; x_wconf 86' lang='lat' dir='ltr'><strong>parte</strong></span> <span class='ocrx_word' id='word_1_213' title='bbox 3716 1411 3790 1466; x_wconf 88' lang='lat' dir='ltr'><strong>ad</strong></span> 
     </span>
    </p>
   </div>
   <div class='ocr_carea' id='block_1_30' title="bbox 2137 1495 3794 1572">
    <p class='ocr_par' dir='ltr' id='par_1_30' title="bbox 2137 1495 3794 1572">
     <span class='ocr_line' id='line_1_31' title="bbox 2137 1495 3794 1572; baseline 0.004 -20"><span class='ocrx_word' id='word_1_214' title='bbox 2137 1495 2399 1552; x_wconf 84' lang='lat' dir='ltr'><strong>dextram</strong></span> <span class='ocrx_word' id='word_1_215' title='bbox 2422 1496 2661 1567; x_wconf 89' lang='lat' dir='ltr'><strong>quidem</strong></span> <span class='ocrx_word' id='word_1_216' title='bbox 2684 1497 2956 1567; x_wconf 86' lang='lat' dir='ltr'><strong>superius</strong></span> <span class='ocrx_word' id='word_1_217' title='bbox 2975 1513 3178 1554; x_wconf 88' lang='lat' dir='ltr'><strong>versus</strong></span> <span class='ocrx_word' id='word_1_218' title='bbox 3199 1498 3482 1555; x_wconf 86' lang='lat' dir='ltr'><strong>orientem</strong></span> <span class='ocrx_word' id='word_1_219' title='bbox 3505 1516 3794 1572; x_wconf 82' lang='lat' dir='ltr'><strong>organum</strong></span> 
     </span>
    </p>
   </div>
   <div class='ocr_carea' id='block_1_31' title="bbox 2139 1583 3801 1656">
    <p class='ocr_par' dir='ltr' id='par_1_31' title="bbox 2139 1583 3801 1656">
     <span class='ocr_line' id='line_1_32' title="bbox 2139 1583 3801 1656; baseline 0.004 -15"><span class='ocrx_word' id='word_1_220' title='bbox 2139 1589 2484 1656; x_wconf 87' lang='lat' dir='ltr'><strong>argenteum</strong></span> <span class='ocrx_word' id='word_1_221' title='bbox 2515 1583 2744 1640; x_wconf 63' lang='lat' dir='ltr'><strong>Venetae</strong></span> <span class='ocrx_word' id='word_1_222' title='bbox 2777 1586 3067 1656; x_wconf 73' lang='lat' dir='ltr'><strong>factionis,</strong></span> <span class='ocrx_word' id='word_1_223' title='bbox 3100 1589 3170 1642; x_wconf 85' lang='lat' dir='ltr'><strong>ad</strong></span> <span class='ocrx_word' id='word_1_224' title='bbox 3201 1586 3504 1644; x_wconf 88' lang='lat' dir='ltr'><strong>sinistram</strong></span> <span class='ocrx_word' id='word_1_225' title='bbox 3538 1606 3674 1646; x_wconf 86' lang='lat' dir='ltr'><strong>vero</strong></span> <span class='ocrx_word' id='word_1_226' title='bbox 3707 1590 3801 1647; x_wconf 92' lang='lat' dir='ltr'><strong>in-</strong></span> 
     </span>
    </p>
   </div>
   <div class='ocr_carea' id='block_1_32' title="bbox 2139 1676 3798 1746">
    <p class='ocr_par' dir='ltr' id='par_1_32' title="bbox 2139 1676 3798 1746">
     <span class='ocr_line' id='line_1_33' title="bbox 2139 1676 3798 1746; baseline 0.004 -17"><span class='ocrx_word' id='word_1_227' title='bbox 2139 1676 2319 1731; x_wconf 82' lang='lat' dir='ltr'><strong>ferius</strong></span> <span class='ocrx_word' id='word_1_228' title='bbox 2373 1690 2661 1746; x_wconf 84' lang='lat' dir='ltr'><strong>organum</strong></span> <span class='ocrx_word' id='word_1_229' title='bbox 2695 1679 3036 1746; x_wconf 87' lang='lat' dir='ltr'><strong>argenteum</strong></span> <span class='ocrx_word' id='word_1_230' title='bbox 3066 1676 3318 1732; x_wconf 76' lang='lat' dir='ltr'><strong>Prasinas</strong></span> <span class='ocrx_word' id='word_1_231' title='bbox 3348 1677 3640 1735; x_wconf 86' lang='lat' dir='ltr'><strong>factionis.</strong></span> <span class='ocrx_word' id='word_1_232' title='bbox 3688 1682 3798 1735; x_wconf 86' lang='lat' dir='ltr'><strong>Ar-</strong></span> 
     </span>
    </p>
   </div>
   <div class='ocr_carea' id='block_1_33' title="bbox 2139 1762 3796 1825">
    <p class='ocr_par' dir='ltr' id='par_1_33' title="bbox 2139 1762 3796 1825">
     <span class='ocr_line' id='line_1_34' title="bbox 2139 1762 3796 1825; baseline 0.003 -6"><span class='ocrx_word' id='word_1_233' title='bbox 2139 1765 2406 1819; x_wconf 91' lang='lat' dir='ltr'><strong>horetum</strong></span> <span class='ocrx_word' id='word_1_234' title='bbox 2458 1762 2546 1818; x_wconf 86' lang='lat' dir='ltr'><strong>vel</strong></span> <span class='ocrx_word' id='word_1_235' title='bbox 2605 1766 2817 1818; x_wconf 85' lang='lat' dir='ltr'><strong>atrium</strong></span> <span class='ocrx_word' id='word_1_236' title='bbox 2875 1764 3110 1820; x_wconf 87' lang='lat' dir='ltr'><strong>triclinii</strong></span> <span class='ocrx_word' id='word_1_237' title='bbox 3170 1767 3480 1822; x_wconf 88' lang='lat' dir='ltr'><strong>arboribus</strong></span> <span class='ocrx_word' id='word_1_238' title='bbox 3539 1768 3796 1825; x_wconf 76' lang='lat' dir='ltr'><strong>obsitum</strong></span> 
     </span>
    </p>
   </div>
   <div class='ocr_carea' id='block_1_34' title="bbox 373 1842 2020 1931">
    <p class='ocr_par' dir='ltr' id='par_1_34' title="bbox 373 1849 2020 1931">
     <span class='ocr_line' id='line_1_35' title="bbox 373 1849 2020 1931; baseline 0.003 -26"><span class='ocrx_word' id='word_1_239' title='bbox 373 1853 479 1905; x_wconf 81' lang='grc' dir='ltr'>νῶν</span> <span class='ocrx_word' id='word_1_240' title='bbox 647 1849 938 1923; x_wconf 82' lang='grc' dir='ltr'>ἐλθόντων,</span> <span class='ocrx_word' id='word_1_241' title='bbox 979 1851 1195 1928; x_wconf 83' lang='grc' dir='ltr'>γέγονεν</span> <span class='ocrx_word' id='word_1_242' title='bbox 1257 1851 1399 1930; x_wconf 82' lang='grc' dir='ltr'><strong>δοχὴ</strong></span> <span class='ocrx_word' id='word_1_243' title='bbox 1453 1857 1592 1910; x_wconf 80' lang='grc' dir='ltr'>κατὰ</span> <span class='ocrx_word' id='word_1_244' title='bbox 1639 1859 1814 1912; x_wconf 83' lang='grc' dir='ltr'>πάντα</span> <span class='ocrx_word' id='word_1_245' title='bbox 1862 1856 2020 1931; x_wconf 84' lang='grc' dir='ltr'>ὁμοία</span> 
     </span>
    </p>
   </div>
   <div class='ocr_carea' id='block_1_35' title="bbox 2133 1842 3792 1931">
    <p class='ocr_par' dir='ltr' id='par_1_35' title="bbox 2137 1852 3792 1926">
     <span class='ocr_line' id='line_1_36' title="bbox 2137 1852 3792 1926; baseline 0.003 -17"><span class='ocrx_word' id='word_1_246' title='bbox 2137 1853 2586 1909; x_wconf 78' lang='lat' dir='ltr'><strong>efformaverant</strong></span> <span class='ocrx_word' id='word_1_247' title='bbox 2624 1852 2846 1908; x_wconf 67' lang='lat' dir='ltr'><strong>aulaerii</strong></span> <span class='ocrx_word' id='word_1_248' title='bbox 2901 1869 2933 1908; x_wconf 82' lang='grc' dir='ltr'><strong>θ</strong></span> <span class='ocrx_word' id='word_1_249' title='bbox 2980 1856 3194 1926; x_wconf 88' lang='lat' dir='ltr'><strong>pannis</strong></span> <span class='ocrx_word' id='word_1_250' title='bbox 3239 1857 3450 1912; x_wconf 90' lang='lat' dir='ltr'><strong>sendes</strong></span> <span class='ocrx_word' id='word_1_251' title='bbox 3481 1857 3554 1911; x_wconf 89' lang='lat' dir='ltr'><strong>ad</strong></span> <span class='ocrx_word' id='word_1_252' title='bbox 3605 1857 3792 1914; x_wconf 89' lang='lat' dir='ltr'><strong>instar</strong></span> 
     </span>
    </p>
   </div>
   <div class='ocr_carea' id='block_1_36' title="bbox 1402 1957 2752 2022">
    <p class='ocr_par' dir='ltr' id='par_1_36' title="bbox 1402 1957 2752 2022">
     <span class='ocr_line' id='line_1_37' title="bbox 1402 1957 2752 2022; baseline -0.003 -4"><span class='ocrx_word' id='word_1_253' title='bbox 1402 1962 1609 2018; x_wconf 85' lang='lat' dir='ltr'><strong>JOAN.</strong></span> <span class='ocrx_word' id='word_1_254' title='bbox 1649 1967 1796 2022; x_wconf 84' lang='lat' dir='ltr'><strong>JAC.</strong></span> <span class='ocrx_word' id='word_1_255' title='bbox 1842 1963 2104 2020; x_wconf 79' lang='lat' dir='ltr'><strong>BEISKII</strong></span> <span class='ocrx_word' id='word_1_256' title='bbox 2146 1957 2752 2016; x_wconf 80' lang='lat' dir='ltr'><strong>COMMENTARIUS.</strong></span> 
     </span>
    </p>
   </div>
   <div class='ocr_carea' id='block_1_37' title="bbox 431 2049 2019 2123">
    <p class='ocr_par' dir='ltr' id='par_1_37' title="bbox 431 2049 2019 2123">
     <span class='ocr_line' id='line_1_38' title="bbox 431 2049 2019 2123; baseline 0.004 -19"><span class='ocrx_word' id='word_1_257' title='bbox 431 2049 546 2121; x_wconf 78' lang='grc'><strong>(64)</strong></span> <span class='ocrx_word' id='word_1_258' title='bbox 579 2049 741 2107; x_wconf 88' lang='lat' dir='ltr'><strong>Verti</strong></span> <span class='ocrx_word' id='word_1_259' title='bbox 773 2049 1018 2118; x_wconf 80' lang='lat' dir='ltr'><strong>trichila,</strong></span> <span class='ocrx_word' id='word_1_260' title='bbox 1069 2051 1130 2106; x_wconf 92' lang='lat' dir='ltr'><strong>id</strong></span> <span class='ocrx_word' id='word_1_261' title='bbox 1164 2056 1253 2108; x_wconf 89' lang='lat' dir='ltr'><strong>est</strong></span> <span class='ocrx_word' id='word_1_262' title='bbox 1300 2052 1556 2123; x_wconf 90' lang='lat' dir='ltr'><strong>porticus</strong></span> <span class='ocrx_word' id='word_1_263' title='bbox 1599 2070 1790 2123; x_wconf 90' lang='lat' dir='ltr'><strong>curva,</strong></span> <span class='ocrx_word' id='word_1_264' title='bbox 1833 2055 2019 2110; x_wconf 89' lang='lat' dir='ltr'><strong>hemi-</strong></span> 
     </span>
    </p>
   </div>
   <div class='ocr_carea' id='block_1_38' title="bbox 356 2123 2019 2197">
    <p class='ocr_par' dir='ltr' id='par_1_38' title="bbox 356 2123 2019 2197">
     <span class='ocr_line' id='line_1_39' title="bbox 356 2123 2019 2197; baseline 0.003 -21"><span class='ocrx_word' id='word_1_265' title='bbox 356 2123 674 2197; x_wconf 73' lang='lat' dir='ltr'><strong>sphaerium</strong></span> <span class='ocrx_word' id='word_1_266' title='bbox 692 2123 930 2194; x_wconf 89' lang='lat' dir='ltr'><strong>pensile,</strong></span> <span class='ocrx_word' id='word_1_267' title='bbox 948 2124 1361 2197; x_wconf 84' lang='lat' dir='ltr'><strong>ambulacrum</strong></span> <span class='ocrx_word' id='word_1_268' title='bbox 1375 2127 1784 2197; x_wconf 86' lang='lat' dir='ltr'><strong>cujuscunque</strong></span> <span class='ocrx_word' id='word_1_269' title='bbox 1799 2127 2019 2197; x_wconf 72' lang='lat' dir='ltr'><strong>formae,</strong></span> 
     </span>
    </p>
   </div>
   <div class='ocr_carea' id='block_1_39' title="bbox 355 2193 2021 2266">
    <p class='ocr_par' dir='ltr' id='par_1_39' title="bbox 355 2193 2021 2266">
     <span class='ocr_line' id='line_1_40' title="bbox 355 2193 2021 2266; baseline 0.003 -18"><span class='ocrx_word' id='word_1_270' title='bbox 355 2193 480 2248; x_wconf 86' lang='lat' dir='ltr'><strong>sive</strong></span> <span class='ocrx_word' id='word_1_271' title='bbox 522 2194 580 2247; x_wconf 90' lang='lat' dir='ltr'><strong>in</strong></span> <span class='ocrx_word' id='word_1_272' title='bbox 622 2193 861 2266; x_wconf 83' lang='lat' dir='ltr'><strong>longum</strong></span> <span class='ocrx_word' id='word_1_273' title='bbox 907 2195 1278 2265; x_wconf 88' lang='lat' dir='ltr'><strong>productum,</strong></span> <span class='ocrx_word' id='word_1_274' title='bbox 1318 2193 1802 2252; x_wconf 44' lang='lat' dir='ltr'><strong>sivo&#39;rotundum</strong></span> <span class='ocrx_word' id='word_1_275' title='bbox 1845 2193 2021 2266; x_wconf 73' lang='lat' dir='ltr'><strong>esset,</strong></span> 
     </span>
    </p>
   </div>
   <div class='ocr_carea' id='block_1_40' title="bbox 353 2265 2018 2339">
    <p class='ocr_par' dir='ltr' id='par_1_40' title="bbox 353 2265 2018 2339">
     <span class='ocr_line' id='line_1_41' title="bbox 353 2265 2018 2339; baseline 0.002 -19"><span class='ocrx_word' id='word_1_276' title='bbox 353 2280 708 2337; x_wconf 89' lang='lat' dir='ltr'><strong>quacunque</strong></span> <span class='ocrx_word' id='word_1_277' title='bbox 729 2265 963 2339; x_wconf 86' lang='lat' dir='ltr'><strong>tandem</strong></span> <span class='ocrx_word' id='word_1_278' title='bbox 983 2281 1065 2333; x_wconf 88' lang='lat' dir='ltr'><strong>re,</strong></span> <span class='ocrx_word' id='word_1_279' title='bbox 1082 2282 1182 2321; x_wconf 91' lang='lat' dir='ltr'><strong>seu</strong></span> <span class='ocrx_word' id='word_1_280' title='bbox 1202 2267 1442 2339; x_wconf 82' lang='lat' dir='ltr'><strong>vitibus,</strong></span> <span class='ocrx_word' id='word_1_281' title='bbox 1460 2284 1559 2324; x_wconf 90' lang='lat' dir='ltr'><strong>seu</strong></span> <span class='ocrx_word' id='word_1_282' title='bbox 1579 2268 1770 2338; x_wconf 89' lang='lat' dir='ltr'><strong>palliis</strong></span> <span class='ocrx_word' id='word_1_283' title='bbox 1792 2271 2018 2339; x_wconf 88' lang='lat' dir='ltr'><strong>sericis,</strong></span> 
     </span>
    </p>
   </div>
   <div class='ocr_carea' id='block_1_41' title="bbox 356 2338 2016 2413">
    <p class='ocr_par' dir='ltr' id='par_1_41' title="bbox 356 2338 2016 2413">
     <span class='ocr_line' id='line_1_42' title="bbox 356 2338 2016 2413; baseline 0.004 -23"><span class='ocrx_word' id='word_1_284' title='bbox 356 2341 587 2413; x_wconf 69' lang='lat' dir='ltr'><strong>tectum</strong></span> <span class='ocrx_word' id='word_1_285' title='bbox 632 2341 688 2391; x_wconf 87' lang='lat' dir='ltr'><strong>et</strong></span> <span class='ocrx_word' id='word_1_286' title='bbox 739 2338 1176 2413; x_wconf 73' lang='lat' dir='ltr'><strong>obumbratum.</strong></span> <span class='ocrx_word' id='word_1_287' title='bbox 1227 2338 1308 2393; x_wconf 91' lang='lat' dir='ltr'><strong>Ad</strong></span> <span class='ocrx_word' id='word_1_288' title='bbox 1361 2339 1619 2395; x_wconf 70' lang='lat' dir='ltr'><strong>Athenaei</strong></span> <span class='ocrx_word' id='word_1_289' title='bbox 1686 2343 2016 2413; x_wconf 83' lang='lat' dir='ltr'><strong>exemplum</strong></span> 
     </span>
    </p>
   </div>
   <div class='ocr_carea' id='block_1_42' title="bbox 362 2403 2025 2481">
    <p class='ocr_par' dir='ltr' id='par_1_42' title="bbox 362 2403 2025 2481">
     <span class='ocr_line' id='line_1_43' title="bbox 362 2403 2025 2481; baseline 0.002 -18"><span class='ocrx_word' id='word_1_290' title='bbox 362 2423 422 2478; x_wconf 90' lang='lat' dir='ltr'><strong>p.</strong></span> <span class='ocrx_word' id='word_1_291' title='bbox 486 2407 610 2478; x_wconf 78' lang='grc'><strong>148,</strong></span> <span class='ocrx_word' id='word_1_292' title='bbox 673 2403 894 2480; x_wconf 80' lang='grc' dir='ltr'>σχεδιάν</span> <span class='ocrx_word' id='word_1_293' title='bbox 964 2412 1062 2481; x_wconf 32' lang='grc' dir='ltr'>ειη</span> <span class='ocrx_word' id='word_1_294' title='bbox 1102 2407 1316 2481; x_wconf 79' lang='grc' dir='ltr'>ἄντρον,</span> <span class='ocrx_word' id='word_1_295' title='bbox 1366 2426 1476 2466; x_wconf 84' lang='lat' dir='ltr'><strong>une</strong></span> <span class='ocrx_word' id='word_1_296' title='bbox 1548 2415 1742 2480; x_wconf 76' lang='lat' dir='ltr'><strong>grotte,</strong></span> <span class='ocrx_word' id='word_1_297' title='bbox 1801 2403 2025 2468; x_wconf 72' lang='lat' dir='ltr'><strong>antrum</strong></span> 
     </span>
    </p>
   </div>
   <div class='ocr_carea' id='block_1_43' title="bbox 356 2479 2024 2554">
    <p class='ocr_par' dir='ltr' id='par_1_43' title="bbox 356 2479 2024 2554">
     <span class='ocr_line' id='line_1_44' title="bbox 356 2479 2024 2554; baseline 0.002 -20"><span class='ocrx_word' id='word_1_298' title='bbox 356 2481 666 2554; x_wconf 73' lang='lat' dir='ltr'><strong>laetitiam,</strong></span> <span class='ocrx_word' id='word_1_299' title='bbox 685 2479 1105 2554; x_wconf 5' lang='lat' dir='ltr'><strong>Ac’itqslructileu</strong></span> <span class='ocrx_word' id='word_1_300' title='bbox 1128 2479 1399 2552; x_wconf 76' lang='lat' dir='ltr'><strong>appelles.</strong></span> <span class='ocrx_word' id='word_1_301' title='bbox 1427 2482 1588 2537; x_wconf 83' lang='lat' dir='ltr'><strong>Coof.</strong></span> <span class='ocrx_word' id='word_1_302' title='bbox 1620 2484 1808 2554; x_wconf 91' lang='lat' dir='ltr'><strong>ejusd.</strong></span> <span class='ocrx_word' id='word_1_303' title='bbox 1844 2501 1897 2554; x_wconf 93' lang='lat' dir='ltr'><strong>p.</strong></span> <span class='ocrx_word' id='word_1_304' title='bbox 1921 2483 2024 2538; x_wconf 84' lang='lat'><strong>196</strong></span> 
     </span>
    </p>
   </div>
   <div class='ocr_carea' id='block_1_44' title="bbox 359 2550 2025 2622">
    <p class='ocr_par' dir='ltr' id='par_1_44' title="bbox 359 2550 2025 2622">
     <span class='ocr_line' id='line_1_45' title="bbox 359 2550 2025 2622; baseline 0.003 -17"><span class='ocrx_word' id='word_1_305' title='bbox 359 2554 414 2622; x_wconf 82' lang='lat' dir='ltr'><strong>et</strong></span> <span class='ocrx_word' id='word_1_306' title='bbox 471 2567 530 2622; x_wconf 93' lang='lat' dir='ltr'><strong>p.</strong></span> <span class='ocrx_word' id='word_1_307' title='bbox 601 2550 728 2606; x_wconf 90' lang='lat'><strong>200.</strong></span> <span class='ocrx_word' id='word_1_308' title='bbox 790 2550 864 2606; x_wconf 94' lang='lat' dir='ltr'><strong>Ut</strong></span> <span class='ocrx_word' id='word_1_309' title='bbox 922 2551 1112 2606; x_wconf 86' lang='lat' dir='ltr'><strong>Latini</strong></span> <span class='ocrx_word' id='word_1_310' title='bbox 1172 2550 1399 2608; x_wconf 74' lang='lat' dir='ltr'><strong>curvam</strong></span> <span class='ocrx_word' id='word_1_311' title='bbox 1455 2558 1511 2609; x_wconf 92' lang='lat' dir='ltr'><strong>et</strong></span> <span class='ocrx_word' id='word_1_312' title='bbox 1565 2550 1876 2621; x_wconf 71' lang='lat' dir='ltr'><strong>curvulam,</strong></span> <span class='ocrx_word' id='word_1_313' title='bbox 1937 2555 2025 2610; x_wconf 93' lang='lat' dir='ltr'><strong>sic</strong></span> 
     </span>
    </p>
   </div>
   <div class='ocr_carea' id='block_1_45' title="bbox 357 2620 2023 2698">
    <p class='ocr_par' dir='ltr' id='par_1_45' title="bbox 357 2620 2023 2698">
     <span class='ocr_line' id='line_1_46' title="bbox 357 2620 2023 2698; baseline 0.002 -22"><span class='ocrx_word' id='word_1_314' title='bbox 357 2620 546 2678; x_wconf 65' lang='lat' dir='ltr'><strong>Graici</strong></span> <span class='ocrx_word' id='word_1_315' title='bbox 624 2623 903 2698; x_wconf 67' lang='grc' dir='ltr'><strong>τροπικήνΔ</strong></span> <span class='ocrx_word' id='word_1_316' title='bbox 960 2621 1387 2698; x_wconf 78' lang='lat' dir='ltr'><strong>appellabant</strong></span> <span class='ocrx_word' id='word_1_317' title='bbox 1442 2642 1475 2680; x_wconf 89' lang='lat' dir='ltr'><strong>a</strong></span> <span class='ocrx_word' id='word_1_318' title='bbox 1525 2623 1767 2698; x_wconf 76' lang='lat' dir='ltr'><strong>_&#39;t&#39;pému,</strong></span> <span class='ocrx_word' id='word_1_319' title='bbox 1852 2620 2023 2692; x_wconf 84' lang='lat' dir='ltr'><strong>verto,</strong></span> 
     </span>
    </p>
   </div>
   <div class='ocr_carea' id='block_1_46' title="bbox 361 2694 2022 2769">
    <p class='ocr_par' dir='ltr' id='par_1_46' title="bbox 361 2694 2022 2769">
     <span class='ocr_line' id='line_1_47' title="bbox 361 2694 2022 2769; baseline 0.002 -21"><span class='ocrx_word' id='word_1_320' title='bbox 361 2709 552 2769; x_wconf 74' lang='lat' dir='ltr'><strong>curvo,</strong></span> <span class='ocrx_word' id='word_1_321' title='bbox 587 2694 780 2769; x_wconf 56' lang='lat' dir='ltr'><strong>valeo,</strong></span> <span class='ocrx_word' id='word_1_322' title='bbox 818 2694 1082 2769; x_wconf 70' lang='lat' dir='ltr'><strong>volutum,</strong></span> <span class='ocrx_word' id='word_1_323' title='bbox 1128 2711 1240 2769; x_wconf 54' lang='lat' dir='ltr'><strong>iure</strong></span> <span class='ocrx_word' id='word_1_324' title='bbox 1294 2697 1472 2752; x_wconf 82' lang='lat' dir='ltr'><strong>voille.</strong></span> <span class='ocrx_word' id='word_1_325' title='bbox 1522 2694 1831 2769; x_wconf 86' lang='lat' dir='ltr'><strong>Propterea</strong></span> <span class='ocrx_word' id='word_1_326' title='bbox 1873 2705 2022 2769; x_wconf 86' lang='lat' dir='ltr'><strong>recte</strong></span> 
     </span>
    </p>
   </div>
   <div class='ocr_carea' id='block_1_47' title="bbox 363 2764 2023 2839">
    <p class='ocr_par' dir='ltr' id='par_1_47' title="bbox 363 2764 2023 2839">
     <span class='ocr_line' id='line_1_48' title="bbox 363 2764 2023 2839; baseline 0.002 -19"><span class='ocrx_word' id='word_1_327' title='bbox 363 2764 786 2839; x_wconf 37' lang='lat' dir='ltr'><strong>Combe_ﬁs.ui_n</strong></span> <span class='ocrx_word' id='word_1_328' title='bbox 853 2766 1082 2839; x_wconf 79' lang='lat' dir='ltr'><strong>Contin.</strong></span> <span class='ocrx_word' id='word_1_329' title='bbox 1143 2767 1485 2839; x_wconf 87' lang='lat' dir='ltr'><strong>Theophan.</strong></span> <span class='ocrx_word' id='word_1_330' title='bbox 1549 2764 1764 2837; x_wconf 50' lang='lat' dir='ltr'><strong>p.&#39;87,</strong></span> <span class='ocrx_word' id='word_1_331' title='bbox 1854 2768 2023 2823; x_wconf 81' lang='lat' dir='ltr'><strong>vertit</strong></span> 
     </span>
    </p>
   </div>
   <div class='ocr_carea' id='block_1_48' title="bbox 372 2835 2020 2967">
    <p class='ocr_par' dir='ltr' id='par_1_48' title="bbox 372 2835 2020 2967">
     <span class='ocr_line' id='line_1_49' title="bbox 372 2835 2020 2910; baseline 0.003 -22"><span class='ocrx_word' id='word_1_332' title='bbox 372 2839 532 2903; x_wconf 83' lang='lat' dir='ltr'><strong>apsis.</strong></span> <span class='ocrx_word' id='word_1_333' title='bbox 562 2836 622 2890; x_wconf 90' lang='lat' dir='ltr'><strong>P.</strong></span> <span class='ocrx_word' id='word_1_334' title='bbox 654 2835 761 2890; x_wconf 85' lang='grc'><strong>273</strong></span> <span class='ocrx_word' id='word_1_335' title='bbox 794 2837 962 2892; x_wconf 89' lang='lat' dir='ltr'><strong>vertit</strong></span> <span class='ocrx_word' id='word_1_336' title='bbox 1017 2839 1247 2907; x_wconf 77' lang='lat' dir='ltr'><strong>tropica,</strong></span> <span class='ocrx_word' id='word_1_337' title='bbox 1279 2835 1360 2893; x_wconf 76' lang='lat' dir='ltr'><strong>sic</strong></span> <span class='ocrx_word' id='word_1_338' title='bbox 1399 2835 1577 2893; x_wconf 79' lang='lat' dir='ltr'><strong>dictus</strong></span> <span class='ocrx_word' id='word_1_339' title='bbox 1612 2841 1819 2910; x_wconf 81' lang='lat' dir='ltr'><strong>palatii</strong></span> <span class='ocrx_word' id='word_1_340' title='bbox 1847 2839 2020 2894; x_wconf 86' lang='lat' dir='ltr'><strong>locus.</strong></span> 
     </span>
     <span class='ocr_line' id='line_1_50' title="bbox 378 2905 2020 2967; baseline 0.005 -9"><span class='ocrx_word' id='word_1_341' title='bbox 378 2905 538 2959; x_wconf 88' lang='lat' dir='ltr'><strong>Forte</strong></span> <span class='ocrx_word' id='word_1_342' title='bbox 563 2907 787 2963; x_wconf 85' lang='lat' dir='ltr'><strong>induxit</strong></span> <span class='ocrx_word' id='word_1_343' title='bbox 818 2923 972 2967; x_wconf 88' lang='lat' dir='ltr'><strong>eum.</strong></span> <span class='ocrx_word' id='word_1_344' title='bbox 1000 2912 1061 2963; x_wconf 93' lang='lat' dir='ltr'><strong>ut</strong></span> <span class='ocrx_word' id='word_1_345' title='bbox 1091 2909 1282 2963; x_wconf 90' lang='lat' dir='ltr'><strong>locum</strong></span> <span class='ocrx_word' id='word_1_346' title='bbox 1309 2908 1506 2967; x_wconf 86' lang='lat' dir='ltr'><strong>palatii</strong></span> <span class='ocrx_word' id='word_1_347' title='bbox 1541 2911 1626 2966; x_wconf 89' lang='lat' dir='ltr'><strong>sic</strong></span> <span class='ocrx_word' id='word_1_348' title='bbox 1657 2912 1880 2967; x_wconf 90' lang='lat' dir='ltr'><strong>dictum</strong></span> <span class='ocrx_word' id='word_1_349' title='bbox 1906 2927 2020 2966; x_wconf 91' lang='lat' dir='ltr'><strong>cre-</strong></span> 
     </span>
    </p>
   </div>
   <div class='ocr_carea' id='block_1_49' title="bbox 372 2927 2020 3053">
    <p class='ocr_par' dir='ltr' id='par_1_49' title="bbox 372 2927 2020 3053">
     <span class='ocr_line' id='line_1_51' title="bbox 378 2927 2020 2980; baseline 0.005 -22"><span class='ocrx_word' id='word_1_350' title='bbox 378 2927 538 2959; x_wconf 76' lang='lat' dir='ltr'><strong>rorie</strong></span> <span class='ocrx_word' id='word_1_351' title='bbox 563 2927 787 2963; x_wconf 79' lang='lat' dir='ltr'><strong>inauxu</strong></span> <span class='ocrx_word' id='word_1_352' title='bbox 818 2927 972 2974; x_wconf 87' lang='lat' dir='ltr'><strong>eum,</strong></span> <span class='ocrx_word' id='word_1_353' title='bbox 1000 2927 1061 2963; x_wconf 76' lang='lat' dir='ltr'><strong>ut</strong></span> <span class='ocrx_word' id='word_1_354' title='bbox 1091 2927 1282 2963; x_wconf 76' lang='lat' dir='ltr'><strong>locum</strong></span> <span class='ocrx_word' id='word_1_355' title='bbox 1309 2927 1506 2980; x_wconf 74' lang='lat' dir='ltr'><strong>paraui</strong></span> <span class='ocrx_word' id='word_1_356' title='bbox 1541 2927 1626 2966; x_wconf 74' lang='lat' dir='ltr'><strong>etc</strong></span> <span class='ocrx_word' id='word_1_357' title='bbox 1657 2927 1880 2967; x_wconf 72' lang='lat' dir='ltr'><strong>anetum</strong></span> <span class='ocrx_word' id='word_1_358' title='bbox 1906 2927 2020 2966; x_wconf 92' lang='lat' dir='ltr'><strong>cre-</strong></span> 
     </span>
     <span class='ocr_line' id='line_1_52' title="bbox 372 2975 2020 3053; baseline 0.004 -23"><span class='ocrx_word' id='word_1_359' title='bbox 372 2975 543 3044; x_wconf 86' lang='lat' dir='ltr'><strong>deret,</strong></span> <span class='ocrx_word' id='word_1_360' title='bbox 574 2981 653 3048; x_wconf 89' lang='lat' dir='ltr'><strong>(in</strong></span> <span class='ocrx_word' id='word_1_361' title='bbox 688 2995 806 3053; x_wconf 80' lang='lat' dir='ltr'><strong>quo</strong></span> <span class='ocrx_word' id='word_1_362' title='bbox 850 2978 1062 3053; x_wconf 81' lang='lat' dir='ltr'><strong>falsum</strong></span> <span class='ocrx_word' id='word_1_363' title='bbox 1113 2996 1248 3053; x_wconf 86' lang='lat' dir='ltr'><strong>eum</strong></span> <span class='ocrx_word' id='word_1_364' title='bbox 1301 2981 1476 3036; x_wconf 83' lang='lat' dir='ltr'><strong>fuisse</strong></span> <span class='ocrx_word' id='word_1_365' title='bbox 1513 2982 1696 3053; x_wconf 80' lang='lat' dir='ltr'><strong>nolim</strong></span> <span class='ocrx_word' id='word_1_366' title='bbox 1747 2982 2020 3053; x_wconf 88' lang='lat' dir='ltr'><strong>equidem</strong></span> 
     </span>
    </p>
   </div>
   <div class='ocr_carea' id='block_1_50' title="bbox 363 3050 2022 3122">
    <p class='ocr_par' dir='ltr' id='par_1_50' title="bbox 363 3050 2022 3122">
     <span class='ocr_line' id='line_1_53' title="bbox 363 3050 2022 3122; baseline 0.004 -20"><span class='ocrx_word' id='word_1_367' title='bbox 363 3050 726 3122; x_wconf 74' lang='lat' dir='ltr'><strong>asseverare),</strong></span> <span class='ocrx_word' id='word_1_368' title='bbox 762 3050 1350 3122; x_wconf 82' lang='lat' dir='ltr'><strong>locus&#39;l‘heophanis</strong></span> <span class='ocrx_word' id='word_1_369' title='bbox 1391 3069 1446 3122; x_wconf 91' lang='lat' dir='ltr'><strong>p.</strong></span> <span class='ocrx_word' id='word_1_370' title='bbox 1502 3052 1608 3106; x_wconf 87' lang='lat'><strong>373</strong></span> <span class='ocrx_word' id='word_1_371' title='bbox 1640 3054 1774 3122; x_wconf 81' lang='lat' dir='ltr'><strong>fine,</strong></span> <span class='ocrx_word' id='word_1_372' title='bbox 1807 3050 1917 3107; x_wconf 79' lang='lat' dir='ltr'><strong>ubi</strong></span> <span class='ocrx_word' id='word_1_373' title='bbox 1950 3054 2022 3108; x_wconf 90' lang='lat' dir='ltr'><strong>de</strong></span> 
     </span>
    </p>
   </div>
   <div class='ocr_carea' id='block_1_51' title="bbox 358 3118 2026 3193">
    <p class='ocr_par' dir='ltr' id='par_1_51' title="bbox 358 3118 2026 3193">
     <span class='ocr_line' id='line_1_54' title="bbox 358 3118 2026 3193; baseline 0.002 -19"><span class='ocrx_word' id='word_1_374' title='bbox 358 3118 558 3193; x_wconf 63' lang='lat' dir='ltr'><strong>Niceta</strong></span> <span class='ocrx_word' id='word_1_375' title='bbox 577 3118 911 3192; x_wconf 84' lang='lat' dir='ltr'><strong>patriarcha</strong></span> <span class='ocrx_word' id='word_1_376' title='bbox 941 3118 1296 3193; x_wconf 76' lang='lat' dir='ltr'><strong>imaginibus</strong></span> <span class='ocrx_word' id='word_1_377' title='bbox 1317 3118 1547 3179; x_wconf 79' lang='lat' dir='ltr'><strong>inimico</strong></span> <span class='ocrx_word' id='word_1_378' title='bbox 1565 3124 1685 3180; x_wconf 74' lang='lat' dir='ltr'><strong>haec</strong></span> <span class='ocrx_word' id='word_1_379' title='bbox 1703 3118 1908 3180; x_wconf 85' lang='lat' dir='ltr'><strong>habet:</strong></span> <span class='ocrx_word' id='word_1_380' title='bbox 1928 3122 2026 3184; x_wconf 79' lang='grc' dir='ltr'>τὰς</span> 
     </span>
    </p>
   </div>
   <div class='ocr_carea' id='block_1_52' title="bbox 356 3188 2020 3283">
    <p class='ocr_par' dir='ltr' id='par_1_52' title="bbox 356 3188 2020 3283">
     <span class='ocr_line' id='line_1_55' title="bbox 356 3188 2020 3283; baseline 0.004 -41"><span class='ocrx_word' id='word_1_381' title='bbox 356 3188 408 3242; x_wconf 83' lang='grc' dir='ltr'><strong>ἐν</strong></span> <span class='ocrx_word' id='word_1_382' title='bbox 466 3188 996 3283; x_wconf 64' lang='grc' dir='ltr'>τῷ’πατριαρχείῳ</span> <span class='ocrx_word' id='word_1_383' title='bbox 1062 3188 1278 3256; x_wconf 68' lang='grc' dir='ltr'>εἰκόνας</span> <span class='ocrx_word' id='word_1_384' title='bbox 1334 3197 1431 3247; x_wconf 74' lang='grc' dir='ltr'>τοῦ</span> <span class='ocrx_word' id='word_1_385' title='bbox 1488 3198 1687 3268; x_wconf 75' lang='grc' dir='ltr'>μικροῦ</span> <span class='ocrx_word' id='word_1_386' title='bbox 1764 3195 2020 3265; x_wconf 78' lang='grc' dir='ltr'>σεκρέτου</span> 
     </span>
     <span class='ocr_line' id='line_1_56' title="bbox 359 3258 1982 3283; baseline 0 0"><span class='ocrx_word' id='word_1_387' title='bbox 359 3258 384 3283; x_wconf 62' lang='lat'><strong>9</strong></span> <span class='ocrx_word' id='word_1_388' title='bbox 420 3260 441 3283; x_wconf 69' lang='lat'><strong>3.</strong></span> <span class='ocrx_word' id='word_1_389' title='bbox 559 3281 570 3283; x_wconf 64' lang='grc'><em>,</em></span> <span class='ocrx_word' id='word_1_390' title='bbox 687 3262 698 3283; x_wconf 74' lang='grc' dir='ltr'><em>ν</em></span> <span class='ocrx_word' id='word_1_391' title='bbox 863 3264 874 3283; x_wconf 73' lang='grc' dir='ltr'><em>ι</em></span> <span class='ocrx_word' id='word_1_392' title='bbox 1037 3260 1085 3283; x_wconf 71' lang='grc'><strong>’1)</strong></span> <span class='ocrx_word' id='word_1_393' title='bbox 1350 3264 1364 3283; x_wconf 82' lang='lat'><strong><em>\</em></strong></span> <span class='ocrx_word' id='word_1_394' title='bbox 1474 3264 1500 3275; x_wconf 65' lang='grc'><strong>’-</strong></span> <span class='ocrx_word' id='word_1_395' title='bbox 1669 3266 1710 3283; x_wconf 59' lang='lat' dir='ltr'><strong>rx</strong></span> <span class='ocrx_word' id='word_1_396' title='bbox 1973 3264 1982 3282; x_wconf 74' lang='grc' dir='ltr'><em>ο</em></span> 
     </span>
    </p>
   </div>
   <div class='ocr_carea' id='block_1_53' title="bbox 357 3258 2026 3339">
    <p class='ocr_par' dir='ltr' id='par_1_53' title="bbox 357 3258 2026 3339">
     <span class='ocr_line' id='line_1_57' title="bbox 357 3258 2026 3339; baseline 0.004 -26"><span class='ocrx_word' id='word_1_397' title='bbox 357 3258 446 3314; x_wconf 73' lang='grc' dir='ltr'><strong>διὰ</strong></span> <span class='ocrx_word' id='word_1_398' title='bbox 510 3258 764 3332; x_wconf 75' lang='grc' dir='ltr'>μουσείου</span> <span class='ocrx_word' id='word_1_399' title='bbox 813 3258 977 3326; x_wconf 60' lang='grc' dir='ltr'>οὖσας</span> <span class='ocrx_word' id='word_1_400' title='bbox 1007 3260 1226 3339; x_wconf 65' lang='grc' dir='ltr'><strong>Δἕξεσςεν,</strong></span> <span class='ocrx_word' id='word_1_401' title='bbox 1275 3264 1365 3318; x_wconf 75' lang='grc' dir='ltr'><strong>καὶ</strong></span> <span class='ocrx_word' id='word_1_402' title='bbox 1393 3258 1503 3339; x_wconf 47' lang='lat' dir='ltr'><strong>fros</strong></span> <span class='ocrx_word' id='word_1_403' title='bbox 1548 3258 1790 3339; x_wconf 73' lang='grc' dir='ltr'>μεγάλου</span> <span class='ocrx_word' id='word_1_404' title='bbox 1833 3258 2026 3339; x_wconf 80' lang='grc' dir='ltr'>σέκρέ-</span> 
     </span>
    </p>
   </div>
   <div class='ocr_carea' id='block_1_54' title="bbox 2133 2042 3794 2127">
    <p class='ocr_par' dir='ltr' id='par_1_54' title="bbox 2133 2042 3794 2127">
     <span class='ocr_line' id='line_1_58' title="bbox 2133 2042 3794 2127; baseline 0.003 -21"><span class='ocrx_word' id='word_1_405' title='bbox 2133 2051 2294 2127; x_wconf 84' lang='lat' dir='ltr'><strong>illam</strong></span> <span class='ocrx_word' id='word_1_406' title='bbox 2343 2042 2661 2123; x_wconf 77' lang='grc' dir='ltr'>κουρϐούλα</span> <span class='ocrx_word' id='word_1_407' title='bbox 2707 2067 2741 2105; x_wconf 89' lang='lat' dir='ltr'><strong>a</strong></span> <span class='ocrx_word' id='word_1_408' title='bbox 2797 2050 2999 2127; x_wconf 78' lang='lat' dir='ltr'><strong>Latino</strong></span> <span class='ocrx_word' id='word_1_409' title='bbox 3044 2067 3235 2120; x_wconf 84' lang='lat' dir='ltr'><strong>curva,</strong></span> <span class='ocrx_word' id='word_1_410' title='bbox 3278 2056 3530 2127; x_wconf 77' lang='lat' dir='ltr'><strong>curvata,</strong></span> <span class='ocrx_word' id='word_1_411' title='bbox 3585 2070 3794 2127; x_wconf 88' lang='lat' dir='ltr'><strong>nempe</strong></span> 
     </span>
    </p>
   </div>
   <div class='ocr_carea' id='block_1_55' title="bbox 2132 2119 3788 2197">
    <p class='ocr_par' dir='ltr' id='par_1_55' title="bbox 2132 2119 3788 2197">
     <span class='ocr_line' id='line_1_59' title="bbox 2132 2119 3788 2197; baseline 0.003 -20"><span class='ocrx_word' id='word_1_412' title='bbox 2132 2123 2406 2197; x_wconf 82' lang='lat' dir='ltr'><strong>porticus,</strong></span> <span class='ocrx_word' id='word_1_413' title='bbox 2451 2119 2643 2197; x_wconf 80' lang='lat' dir='ltr'><strong>quam</strong></span> <span class='ocrx_word' id='word_1_414' title='bbox 2695 2139 2728 2176; x_wconf 87' lang='lat' dir='ltr'><strong>a</strong></span> <span class='ocrx_word' id='word_1_415' title='bbox 2757 2119 3023 2197; x_wconf 57' lang='lat' dir='ltr'><strong>_X0t’)pp.oc</strong></span> <span class='ocrx_word' id='word_1_416' title='bbox 3081 2140 3183 2194; x_wconf 88' lang='lat' dir='ltr'><strong>pro</strong></span> <span class='ocrx_word' id='word_1_417' title='bbox 3222 2119 3474 2197; x_wconf 65' lang='grc' dir='ltr'>κόρμος,</span> <span class='ocrx_word' id='word_1_418' title='bbox 3515 2119 3788 2196; x_wconf 73' lang='grc' dir='ltr'>ἰνιιησᾱε,</span> 
     </span>
    </p>
   </div>
   <div class='ocr_carea' id='block_1_56' title="bbox 2131 2192 3786 2266">
    <p class='ocr_par' dir='ltr' id='par_1_56' title="bbox 2131 2192 3786 2266">
     <span class='ocr_line' id='line_1_60' title="bbox 2131 2192 3786 2266; baseline 0.003 -17"><span class='ocrx_word' id='word_1_419' title='bbox 2131 2195 2389 2266; x_wconf 69' lang='lat' dir='ltr'><strong>derivare</strong></span> <span class='ocrx_word' id='word_1_420' title='bbox 2447 2192 2966 2266; x_wconf 13' lang='grc' dir='ltr'><strong>Δγιῑιειιὶω..,Ριιωὶθι-</strong></span> <span class='ocrx_word' id='word_1_421' title='bbox 3031 2192 3532 2266; x_wconf 59' lang='grc' dir='ltr'><strong>θέθωριαΊλυλυε</strong></span> <span class='ocrx_word' id='word_1_422' title='bbox 3606 2192 3786 2264; x_wconf 74' lang='lat' dir='ltr'><strong>vocis,</strong></span> 
     </span>
    </p>
   </div>
   <div class='ocr_carea' id='block_1_57' title="bbox 2131 2263 3786 2340">
    <p class='ocr_par' dir='ltr' id='par_1_57' title="bbox 2131 2263 3786 2340">
     <span class='ocr_line' id='line_1_61' title="bbox 2131 2263 3786 2340; baseline 0.003 -20"><span class='ocrx_word' id='word_1_423' title='bbox 2131 2281 2259 2340; x_wconf 72' lang='lat' dir='ltr'><strong>quae</strong></span> <span class='ocrx_word' id='word_1_424' title='bbox 2299 2264 2386 2340; x_wconf 76' lang='lat' dir='ltr'><strong>Du</strong></span> <span class='ocrx_word' id='word_1_425' title='bbox 2436 2263 2631 2336; x_wconf 88' lang='lat' dir='ltr'><strong>Cange</strong></span> <span class='ocrx_word' id='word_1_426' title='bbox 2678 2263 2766 2320; x_wconf 87' lang='lat' dir='ltr'><strong>Gl.</strong></span> <span class='ocrx_word' id='word_1_427' title='bbox 2800 2265 3136 2340; x_wconf 10' lang='lat' dir='ltr'><strong>AGr7.A1618,</strong></span> <span class='ocrx_word' id='word_1_428' title='bbox 3199 2263 3257 2321; x_wconf 81' lang='lat' dir='ltr'><strong>in</strong></span> <span class='ocrx_word' id='word_1_429' title='bbox 3309 2263 3458 2340; x_wconf 81' lang='lat' dir='ltr'><strong>serie</strong></span> <span class='ocrx_word' id='word_1_430' title='bbox 3519 2263 3786 2340; x_wconf 83' lang='lat' dir='ltr'><strong>protulit,</strong></span> 
     </span>
    </p>
   </div>
   <div class='ocr_carea' id='block_1_58' title="bbox 2133 2335 3793 2408">
    <p class='ocr_par' dir='ltr' id='par_1_58' title="bbox 2133 2335 3793 2408">
     <span class='ocr_line' id='line_1_62' title="bbox 2133 2335 3793 2408; baseline 0.002 -16"><span class='ocrx_word' id='word_1_431' title='bbox 2133 2335 2307 2392; x_wconf 86' lang='lat' dir='ltr'><strong>habet</strong></span> <span class='ocrx_word' id='word_1_432' title='bbox 2328 2337 2479 2391; x_wconf 90' lang='lat' dir='ltr'><strong>idem</strong></span> <span class='ocrx_word' id='word_1_433' title='bbox 2502 2335 2737 2408; x_wconf 87' lang='lat' dir='ltr'><strong>quoque</strong></span> <span class='ocrx_word' id='word_1_434' title='bbox 2759 2335 2917 2391; x_wconf 89' lang='lat' dir='ltr'><strong>aliud</strong></span> <span class='ocrx_word' id='word_1_435' title='bbox 2942 2337 3003 2391; x_wconf 89' lang='lat' dir='ltr'><strong>in</strong></span> <span class='ocrx_word' id='word_1_436' title='bbox 3033 2353 3089 2392; x_wconf 86' lang='grc' dir='ltr'>ν.</span> <span class='ocrx_word' id='word_1_437' title='bbox 3124 2335 3531 2408; x_wconf 58' lang='grc' dir='ltr'>Παρακὲλλιονξ</span> <span class='ocrx_word' id='word_1_438' title='bbox 3555 2335 3793 2407; x_wconf 77' lang='lat' dir='ltr'><strong>latrina,</strong></span> 
     </span>
    </p>
   </div>
   <div class='ocr_carea' id='block_1_59' title="bbox 2134 2407 3792 2482">
    <p class='ocr_par' dir='ltr' id='par_1_59' title="bbox 2134 2407 3792 2482">
     <span class='ocr_line' id='line_1_63' title="bbox 2134 2407 3792 2482; baseline 0.004 -20"><span class='ocrx_word' id='word_1_439' title='bbox 2134 2425 2191 2479; x_wconf 93' lang='lat' dir='ltr'><strong>p.</strong></span> <span class='ocrx_word' id='word_1_440' title='bbox 2224 2407 2691 2482; x_wconf 5' lang='lat' dir='ltr'><strong>630.jconcludo</strong></span> <span class='ocrx_word' id='word_1_441' title='bbox 2726 2424 2792 2462; x_wconf 84' lang='lat' dir='ltr'><strong>ex</strong></span> <span class='ocrx_word' id='word_1_442' title='bbox 2836 2409 3112 2482; x_wconf 78' lang='lat' dir='ltr'><strong>hactenus</strong></span> <span class='ocrx_word' id='word_1_443' title='bbox 3142 2407 3337 2478; x_wconf 88' lang='lat' dir='ltr'><strong>dictis,</strong></span> <span class='ocrx_word' id='word_1_444' title='bbox 3371 2416 3652 2482; x_wconf 88' lang='lat' dir='ltr'><strong>tropicam</strong></span> <span class='ocrx_word' id='word_1_445' title='bbox 3687 2429 3792 2468; x_wconf 88' lang='lat' dir='ltr'><strong>no-</strong></span> 
     </span>
    </p>
   </div>
   <div class='ocr_carea' id='block_1_60' title="bbox 2135 2478 3791 2552">
    <p class='ocr_par' dir='ltr' id='par_1_60' title="bbox 2135 2478 3791 2552">
     <span class='ocr_line' id='line_1_64' title="bbox 2135 2478 3791 2552; baseline 0.002 -18"><span class='ocrx_word' id='word_1_446' title='bbox 2135 2478 2241 2534; x_wconf 86' lang='lat' dir='ltr'><strong>stri</strong></span> <span class='ocrx_word' id='word_1_447' title='bbox 2273 2479 2385 2552; x_wconf 86' lang='lat' dir='ltr'><strong>loci</strong></span> <span class='ocrx_word' id='word_1_448' title='bbox 2433 2478 2637 2552; x_wconf 13' lang='lat' dir='ltr'><strong>fuisse,</strong></span> <span class='ocrx_word' id='word_1_449' title='bbox 2661 2479 3164 2552; x_wconf 82' lang='lat' dir='ltr'><strong>deambulacrum,</strong></span> <span class='ocrx_word' id='word_1_450' title='bbox 3194 2478 3506 2552; x_wconf 77' lang='lat' dir='ltr'><strong>porticum,</strong></span> <span class='ocrx_word' id='word_1_451' title='bbox 3534 2499 3791 2552; x_wconf 87' lang='lat' dir='ltr'><strong>curvam,</strong></span> 
     </span>
    </p>
   </div>
   <div class='ocr_carea' id='block_1_61' title="bbox 2135 2549 3792 2625">
    <p class='ocr_par' dir='ltr' id='par_1_61' title="bbox 2135 2549 3792 2625">
     <span class='ocr_line' id='line_1_65' title="bbox 2135 2549 3792 2625; baseline 0.004 -21"><span class='ocrx_word' id='word_1_452' title='bbox 2135 2549 2434 2625; x_wconf 80' lang='lat' dir='ltr'><strong>pergulam</strong></span> <span class='ocrx_word' id='word_1_453' title='bbox 2468 2555 2568 2625; x_wconf 82' lang='lat' dir='ltr'><strong>aut</strong></span> <span class='ocrx_word' id='word_1_454' title='bbox 2588 2550 2809 2606; x_wconf 89' lang='lat' dir='ltr'><strong>vitibus</strong></span> <span class='ocrx_word' id='word_1_455' title='bbox 2840 2567 3038 2606; x_wconf 88' lang='lat' dir='ltr'><strong>revera</strong></span> <span class='ocrx_word' id='word_1_456' title='bbox 3066 2549 3570 2609; x_wconf 43' lang='lat' dir='ltr'><strong>obumbratam&#39;et</strong></span> <span class='ocrx_word' id='word_1_457' title='bbox 3601 2549 3792 2625; x_wconf 83' lang='lat' dir='ltr'><strong>palliis</strong></span> 
     </span>
    </p>
   </div>
   <div class='ocr_carea' id='block_1_62' title="bbox 2135 2621 3798 2693">
    <p class='ocr_par' dir='ltr' id='par_1_62' title="bbox 2135 2621 3798 2693">
     <span class='ocr_line' id='line_1_66' title="bbox 2135 2621 3798 2693; baseline 0.002 -16"><span class='ocrx_word' id='word_1_458' title='bbox 2135 2621 2337 2677; x_wconf 81' lang='lat' dir='ltr'><strong>sericis</strong></span> <span class='ocrx_word' id='word_1_459' title='bbox 2368 2621 2438 2675; x_wconf 87' lang='lat' dir='ltr'><strong>ad</strong></span> <span class='ocrx_word' id='word_1_460' title='bbox 2471 2622 2907 2693; x_wconf 15' lang='lat' dir='ltr'><strong>brevertempus</strong></span> <span class='ocrx_word' id='word_1_461' title='bbox 2932 2637 3151 2693; x_wconf 79' lang='lat' dir='ltr'><strong>pompae</strong></span> <span class='ocrx_word' id='word_1_462' title='bbox 3183 2639 3364 2679; x_wconf 91' lang='lat' dir='ltr'><strong>causa</strong></span> <span class='ocrx_word' id='word_1_463' title='bbox 3395 2621 3620 2680; x_wconf 78' lang='lat' dir='ltr'><strong>tantum</strong></span> <span class='ocrx_word' id='word_1_464' title='bbox 3653 2627 3798 2681; x_wconf 86' lang='lat' dir='ltr'><strong>ami-</strong></span> 
     </span>
    </p>
   </div>
   <div class='ocr_carea' id='block_1_63' title="bbox 2135 2692 3790 2765">
    <p class='ocr_par' dir='ltr' id='par_1_63' title="bbox 2135 2692 3790 2765">
     <span class='ocr_line' id='line_1_67' title="bbox 2135 2692 3790 2765; baseline 0.002 -17"><span class='ocrx_word' id='word_1_465' title='bbox 2135 2699 2324 2762; x_wconf 86' lang='lat' dir='ltr'><strong>ctam;</strong></span> <span class='ocrx_word' id='word_1_466' title='bbox 2369 2696 2470 2746; x_wconf 90' lang='lat' dir='ltr'><strong>aut</strong></span> <span class='ocrx_word' id='word_1_467' title='bbox 2519 2692 2810 2763; x_wconf 86' lang='lat' dir='ltr'><strong>porticum</strong></span> <span class='ocrx_word' id='word_1_468' title='bbox 2845 2695 2914 2748; x_wconf 89' lang='lat' dir='ltr'><strong>ad</strong></span> <span class='ocrx_word' id='word_1_469' title='bbox 2969 2692 3096 2748; x_wconf 84' lang='lat' dir='ltr'><strong>talis</strong></span> <span class='ocrx_word' id='word_1_470' title='bbox 3139 2695 3395 2765; x_wconf 67' lang='lat' dir='ltr'><strong>pergulae</strong></span> <span class='ocrx_word' id='word_1_471' title='bbox 3430 2697 3668 2751; x_wconf 92' lang='lat' dir='ltr'><strong>modum</strong></span> <span class='ocrx_word' id='word_1_472' title='bbox 3705 2699 3790 2752; x_wconf 85' lang='lat' dir='ltr'><strong>fa-</strong></span> 
     </span>
    </p>
   </div>
   <div class='ocr_carea' id='block_1_64' title="bbox 2136 2765 3792 2838">
    <p class='ocr_par' dir='ltr' id='par_1_64' title="bbox 2136 2765 3792 2838">
     <span class='ocr_line' id='line_1_68' title="bbox 2136 2765 3792 2838; baseline 0.003 -19"><span class='ocrx_word' id='word_1_473' title='bbox 2136 2769 2314 2832; x_wconf 89' lang='lat' dir='ltr'><strong>ctam,</strong></span> <span class='ocrx_word' id='word_1_474' title='bbox 2347 2779 2464 2818; x_wconf 90' lang='lat' dir='ltr'><strong>non</strong></span> <span class='ocrx_word' id='word_1_475' title='bbox 2513 2768 2710 2838; x_wconf 81' lang='lat' dir='ltr'><strong>tamen</strong></span> <span class='ocrx_word' id='word_1_476' title='bbox 2761 2765 2980 2838; x_wconf 86' lang='lat' dir='ltr'><strong>vitibus</strong></span> <span class='ocrx_word' id='word_1_477' title='bbox 3022 2766 3379 2838; x_wconf 80' lang='lat' dir='ltr'><strong>perplexam,</strong></span> <span class='ocrx_word' id='word_1_478' title='bbox 3413 2769 3510 2821; x_wconf 89' lang='lat' dir='ltr'><strong>sed</strong></span> <span class='ocrx_word' id='word_1_479' title='bbox 3563 2783 3792 2838; x_wconf 61' lang='lat' dir='ltr'><strong>pompm</strong></span> 
     </span>
    </p>
   </div>
   <div class='ocr_carea' id='block_1_65' title="bbox 2136 2836 3791 2893">
    <p class='ocr_par' dir='ltr' id='par_1_65' title="bbox 2136 2836 3791 2893">
     <span class='ocr_line' id='line_1_69' title="bbox 2136 2836 3791 2893; baseline 0.002 -3"><span class='ocrx_word' id='word_1_480' title='bbox 2136 2851 2311 2890; x_wconf 90' lang='lat' dir='ltr'><strong>causa</strong></span> <span class='ocrx_word' id='word_1_481' title='bbox 2327 2836 2734 2890; x_wconf 87' lang='lat' dir='ltr'><strong>tantummodo</strong></span> <span class='ocrx_word' id='word_1_482' title='bbox 2756 2837 3052 2892; x_wconf 88' lang='lat' dir='ltr'><strong>asseribus</strong></span> <span class='ocrx_word' id='word_1_483' title='bbox 3071 2845 3166 2890; x_wconf 89' lang='lat' dir='ltr'><strong>aut</strong></span> <span class='ocrx_word' id='word_1_484' title='bbox 3195 2836 3440 2892; x_wconf 89' lang='lat' dir='ltr'><strong>schidiis</strong></span> <span class='ocrx_word' id='word_1_485' title='bbox 3461 2836 3791 2893; x_wconf 49' lang='lat' dir='ltr'><strong>tumultu—a—</strong></span> 
     </span>
    </p>
   </div>
   <div class='ocr_carea' id='block_1_66' title="bbox 2135 2907 3791 2981">
    <p class='ocr_par' dir='ltr' id='par_1_66' title="bbox 2135 2907 3791 2981">
     <span class='ocr_line' id='line_1_70' title="bbox 2135 2907 3791 2981; baseline 0.002 -20"><span class='ocrx_word' id='word_1_486' title='bbox 2135 2907 2243 2981; x_wconf 5' lang='lat' dir='ltr'><strong>riou</strong></span> <span class='ocrx_word' id='word_1_487' title='bbox 2277 2922 2448 2981; x_wconf 88' lang='lat' dir='ltr'><strong>opore</strong></span> <span class='ocrx_word' id='word_1_488' title='bbox 2493 2910 3062 2981; x_wconf 28' lang='lat' dir='ltr'><strong>constructamtquo</strong></span> <span class='ocrx_word' id='word_1_489' title='bbox 3111 2908 3338 2963; x_wconf 91' lang='lat' dir='ltr'><strong>amiciri</strong></span> <span class='ocrx_word' id='word_1_490' title='bbox 3372 2915 3566 2980; x_wconf 91' lang='lat' dir='ltr'><strong>posset</strong></span> <span class='ocrx_word' id='word_1_491' title='bbox 3600 2909 3791 2981; x_wconf 87' lang='lat' dir='ltr'><strong>palliis</strong></span> 
     </span>
    </p>
   </div>
   <div class='ocr_carea' id='block_1_67' title="bbox 2134 2977 3796 3047">
    <p class='ocr_par' dir='ltr' id='par_1_67' title="bbox 2134 2977 3796 3047">
     <span class='ocr_line' id='line_1_71' title="bbox 2134 2977 3796 3047; baseline 0.002 -14"><span class='ocrx_word' id='word_1_492' title='bbox 2134 2979 2356 3043; x_wconf 88' lang='lat' dir='ltr'><strong>sericis,</strong></span> <span class='ocrx_word' id='word_1_493' title='bbox 2418 2977 2529 3032; x_wconf 90' lang='lat' dir='ltr'><strong>sub</strong></span> <span class='ocrx_word' id='word_1_494' title='bbox 2577 2994 2824 3047; x_wconf 91' lang='lat' dir='ltr'><strong>quorum</strong></span> <span class='ocrx_word' id='word_1_495' title='bbox 2856 2977 2981 3033; x_wconf 86' lang='lat' dir='ltr'><strong>velo</strong></span> <span class='ocrx_word' id='word_1_496' title='bbox 3030 2982 3087 3031; x_wconf 91' lang='lat' dir='ltr'><strong>et</strong></span> <span class='ocrx_word' id='word_1_497' title='bbox 3147 2977 3690 3036; x_wconf 41' lang='lat' dir='ltr'><strong>umbra—consid&#39;eri</strong></span> <span class='ocrx_word' id='word_1_498' title='bbox 3740 2990 3796 3037; x_wconf 88' lang='lat' dir='ltr'><strong>et</strong></span> 
     </span>
    </p>
   </div>
   <div class='ocr_carea' id='block_1_68' title="bbox 2135 3047 3791 3122">
    <p class='ocr_par' dir='ltr' id='par_1_68' title="bbox 2135 3047 3791 3122">
     <span class='ocr_line' id='line_1_72' title="bbox 2135 3047 3791 3122; baseline 0.002 -18"><span class='ocrx_word' id='word_1_499' title='bbox 2135 3047 2505 3122; x_wconf 85' lang='lat' dir='ltr'><strong>deambulari,</strong></span> <span class='ocrx_word' id='word_1_500' title='bbox 2538 3065 2793 3122; x_wconf 85' lang='lat' dir='ltr'><strong>auraque</strong></span> <span class='ocrx_word' id='word_1_501' title='bbox 2823 3049 3003 3122; x_wconf 71' lang='lat' dir='ltr'><strong>libere</strong></span> <span class='ocrx_word' id='word_1_502' title='bbox 3036 3053 3372 3122; x_wconf 79' lang='lat' dir='ltr'><strong>perspirans</strong></span> <span class='ocrx_word' id='word_1_503' title='bbox 3403 3054 3624 3122; x_wconf 86' lang='lat' dir='ltr'><strong>captari</strong></span> <span class='ocrx_word' id='word_1_504' title='bbox 3658 3069 3791 3122; x_wconf 90' lang='lat' dir='ltr'><strong>pos-</strong></span> 
     </span>
    </p>
   </div>
   <div class='ocr_carea' id='block_1_69' title="bbox 2135 3116 3788 3194">
    <p class='ocr_par' dir='ltr' id='par_1_69' title="bbox 2135 3116 3788 3194">
     <span class='ocr_line' id='line_1_73' title="bbox 2135 3116 3788 3194; baseline 0.003 -19"><span class='ocrx_word' id='word_1_505' title='bbox 2135 3129 2243 3175; x_wconf 89' lang='lat' dir='ltr'><strong>set.</strong></span> <span class='ocrx_word' id='word_1_506' title='bbox 2279 3121 2478 3194; x_wconf 74' lang='lat' dir='ltr'><strong>Dilfert</strong></span> <span class='ocrx_word' id='word_1_507' title='bbox 2502 3116 2797 3194; x_wconf 64' lang='lat' dir='ltr'><strong>igituer</strong></span> <span class='ocrx_word' id='word_1_508' title='bbox 2841 3116 3256 3193; x_wconf 67' lang='lat' dir='ltr'><strong>dvaSevaa’zSiov</strong></span> <span class='ocrx_word' id='word_1_509' title='bbox 3297 3140 3330 3176; x_wconf 88' lang='lat' dir='ltr'><strong>a</strong></span> <span class='ocrx_word' id='word_1_510' title='bbox 3361 3116 3604 3194; x_wconf 79' lang='lat' dir='ltr'><strong>tropica.</strong></span> <span class='ocrx_word' id='word_1_511' title='bbox 3640 3116 3788 3180; x_wconf 79' lang='lat' dir='ltr'><strong>Illud</strong></span> 
     </span>
    </p>
   </div>
   <div class='ocr_carea' id='block_1_70' title="bbox 2137 3191 3768 3262">
    <p class='ocr_par' dir='ltr' id='par_1_70' title="bbox 2137 3191 3768 3262">
     <span class='ocr_line' id='line_1_74' title="bbox 2137 3191 3768 3262; baseline 0.003 -16"><span class='ocrx_word' id='word_1_512' title='bbox 2137 3198 2227 3246; x_wconf 91' lang='lat' dir='ltr'><strong>est</strong></span> <span class='ocrx_word' id='word_1_513' title='bbox 2259 3192 2400 3247; x_wconf 90' lang='lat' dir='ltr'><strong>seris</strong></span> <span class='ocrx_word' id='word_1_514' title='bbox 2432 3191 2705 3246; x_wconf 90' lang='lat' dir='ltr'><strong>arborum</strong></span> <span class='ocrx_word' id='word_1_515' title='bbox 2738 3191 3084 3262; x_wconf 79' lang='lat' dir='ltr'><strong>erectarum,</strong></span> <span class='ocrx_word' id='word_1_516' title='bbox 3118 3195 3400 3249; x_wconf 89' lang='lat' dir='ltr'><strong>stantium</strong></span> <span class='ocrx_word' id='word_1_517' title='bbox 3433 3191 3491 3249; x_wconf 82' lang='lat' dir='ltr'><strong>et</strong></span> <span class='ocrx_word' id='word_1_518' title='bbox 3511 3195 3768 3251; x_wconf 89' lang='lat' dir='ltr'><strong>liberum</strong></span> 
     </span>
    </p>
   </div>
   <div class='ocr_carea' id='block_1_71' title="bbox 2137 3262 3795 3337">
    <p class='ocr_par' dir='ltr' id='par_1_71' title="bbox 2137 3262 3795 3337">
     <span class='ocr_line' id='line_1_75' title="bbox 2137 3262 3795 3337; baseline 0.001 -18"><span class='ocrx_word' id='word_1_519' title='bbox 2137 3262 2264 3337; x_wconf 88' lang='lat' dir='ltr'><strong>coeli</strong></span> <span class='ocrx_word' id='word_1_520' title='bbox 2315 3271 2614 3337; x_wconf 77' lang='lat' dir='ltr'><strong>aspectum</strong></span> <span class='ocrx_word' id='word_1_521' title='bbox 2649 3264 3132 3337; x_wconf 84' lang='lat' dir='ltr'><strong>permittentium,</strong></span> <span class='ocrx_word' id='word_1_522' title='bbox 3167 3271 3320 3320; x_wconf 86' lang='lat' dir='ltr'><strong>certo</strong></span> <span class='ocrx_word' id='word_1_523' title='bbox 3352 3266 3555 3321; x_wconf 90' lang='lat' dir='ltr'><strong>ordine</strong></span> <span class='ocrx_word' id='word_1_524' title='bbox 3599 3268 3795 3337; x_wconf 90' lang='lat' dir='ltr'><strong>dispo-</strong></span> 
     </span>
    </p>
   </div>
   <div class='ocr_carea' id='block_1_72' title="bbox 355 3333 2020 3415">
    <p class='ocr_par' dir='ltr' id='par_1_72' title="bbox 355 3333 2020 3415">
     <span class='ocr_line' id='line_1_76' title="bbox 355 3333 2020 3415; baseline 0.002 -29"><span class='ocrx_word' id='word_1_525' title='bbox 355 3353 456 3386; x_wconf 90' lang='grc' dir='ltr'><strong>του</strong></span> <span class='ocrx_word' id='word_1_526' title='bbox 516 3340 618 3402; x_wconf 83' lang='grc' dir='ltr'>τῆς</span> <span class='ocrx_word' id='word_1_527' title='bbox 676 3343 945 3415; x_wconf 76' lang='grc' dir='ltr'>τροπικῆς</span> <span class='ocrx_word' id='word_1_528' title='bbox 1003 3333 1081 3404; x_wconf 21' lang='grc' dir='ltr'>έξί</span> <span class='ocrx_word' id='word_1_529' title='bbox 1131 3334 1476 3415; x_wconf 31' lang='grc' dir='ltr'>ὑλογραφίας-</span> <span class='ocrx_word' id='word_1_530' title='bbox 1528 3333 1688 3415; x_wconf 64' lang='grc' dir='ltr'>οὕσικς</span> <span class='ocrx_word' id='word_1_531' title='bbox 1765 3333 2020 3415; x_wconf 74' lang='grc' dir='ltr'>κατήνεγ-</span> 
     </span>
    </p>
   </div>
   <div class='ocr_carea' id='block_1_73' title="bbox 2133 3333 3793 3415">
    <p class='ocr_par' dir='ltr' id='par_1_73' title="bbox 2137 3333 3793 3415">
     <span class='ocr_line' id='line_1_77' title="bbox 2137 3333 3793 3415; baseline 0.002 -26"><span class='ocrx_word' id='word_1_532' title='bbox 2137 3336 2398 3415; x_wconf 59' lang='lat' dir='ltr'><strong>sitarum:</strong></span> <span class='ocrx_word' id='word_1_533' title='bbox 2433 3335 2494 3388; x_wconf 89' lang='lat' dir='ltr'><strong>In</strong></span> <span class='ocrx_word' id='word_1_534' title='bbox 2528 3335 2633 3415; x_wconf 72' lang='lat' dir='ltr'><strong>huc</strong></span> <span class='ocrx_word' id='word_1_535' title='bbox 2654 3351 2786 3415; x_wconf 83' lang='lat' dir='ltr'><strong>vero</strong></span> <span class='ocrx_word' id='word_1_536' title='bbox 2822 3335 2985 3415; x_wconf 80' lang='lat' dir='ltr'><strong>vites</strong></span> <span class='ocrx_word' id='word_1_537' title='bbox 3006 3342 3103 3415; x_wconf 66' lang='lat' dir='ltr'><strong>aut</strong></span> <span class='ocrx_word' id='word_1_538' title='bbox 3133 3337 3258 3415; x_wconf 54' lang='lat' dir='ltr'><strong>alia;</strong></span> <span class='ocrx_word' id='word_1_539' title='bbox 3300 3339 3533 3415; x_wconf 80' lang='lat' dir='ltr'><strong>arbores</strong></span> <span class='ocrx_word' id='word_1_540' title='bbox 3560 3333 3793 3415; x_wconf 68' lang='lat' dir='ltr'><strong>ﬂexiles</strong></span> 
     </span>
    </p>
   </div>
   <div class='ocr_carea' id='block_1_74' title="bbox 354 3411 2022 3479">
    <p class='ocr_par' dir='ltr' id='par_1_74' title="bbox 354 3411 2022 3479">
     <span class='ocr_line' id='line_1_78' title="bbox 354 3411 2022 3479; baseline 0.005 -23"><span class='ocrx_word' id='word_1_541' title='bbox 354 3424 488 3479; x_wconf 74' lang='lat' dir='ltr'><strong>xev,_</strong></span> <span class='ocrx_word' id='word_1_542' title='bbox 530 3414 810 3464; x_wconf 76' lang='lat' dir='ltr'><strong>exstantes</strong></span> <span class='ocrx_word' id='word_1_543' title='bbox 884 3412 939 3464; x_wconf 87' lang='lat' dir='ltr'><strong>in</strong></span> <span class='ocrx_word' id='word_1_544' title='bbox 1025 3411 1370 3478; x_wconf 82' lang='lat' dir='ltr'><strong>patriarcheo</strong></span> <span class='ocrx_word' id='word_1_545' title='bbox 1457 3412 1750 3479; x_wconf 80' lang='lat' dir='ltr'><strong>imagines,</strong></span> <span class='ocrx_word' id='word_1_546' title='bbox 1808 3411 2022 3465; x_wconf 84' lang='lat' dir='ltr'><strong>musivo</strong></span> 
     </span>
    </p>
   </div>
   <div class='ocr_carea' id='block_1_75' title="bbox 354 3477 2021 3551">
    <p class='ocr_par' dir='ltr' id='par_1_75' title="bbox 354 3477 2021 3551">
     <span class='ocr_line' id='line_1_79' title="bbox 354 3477 2021 3551; baseline 0.004 -21"><span class='ocrx_word' id='word_1_547' title='bbox 354 3477 579 3550; x_wconf 79' lang='lat' dir='ltr'><strong>quidem</strong></span> <span class='ocrx_word' id='word_1_548' title='bbox 642 3494 802 3549; x_wconf 87' lang='lat' dir='ltr'><strong>opere</strong></span> <span class='ocrx_word' id='word_1_549' title='bbox 857 3477 1036 3550; x_wconf 84' lang='lat' dir='ltr'><strong>factas</strong></span> <span class='ocrx_word' id='word_1_550' title='bbox 1092 3480 1152 3534; x_wconf 86' lang='lat' dir='ltr'><strong>in</strong></span> <span class='ocrx_word' id='word_1_551' title='bbox 1205 3497 1375 3551; x_wconf 88' lang='lat' dir='ltr'><strong>parvo</strong></span> <span class='ocrx_word' id='word_1_552' title='bbox 1423 3477 1628 3536; x_wconf 78' lang='lat' dir='ltr'><strong>secreto</strong></span> <span class='ocrx_word' id='word_1_553' title='bbox 1682 3482 1900 3547; x_wconf 82' lang='lat' dir='ltr'><strong>abradi,</strong></span> <span class='ocrx_word' id='word_1_554' title='bbox 1961 3483 2021 3536; x_wconf 86' lang='lat' dir='ltr'><strong>in</strong></span> 
     </span>
    </p>
   </div>
   <div class='ocr_carea' id='block_1_76' title="bbox 354 3551 2025 3624">
    <p class='ocr_par' dir='ltr' id='par_1_76' title="bbox 354 3551 2025 3624">
     <span class='ocr_line' id='line_1_80' title="bbox 354 3551 2025 3624; baseline 0.002 -21"><span class='ocrx_word' id='word_1_555' title='bbox 354 3565 558 3624; x_wconf 84' lang='lat' dir='ltr'><strong>magno</strong></span> <span class='ocrx_word' id='word_1_556' title='bbox 610 3561 794 3624; x_wconf 77' lang='lat' dir='ltr'><strong>autem</strong></span> <span class='ocrx_word' id='word_1_557' title='bbox 841 3555 1045 3607; x_wconf 83' lang='lat' dir='ltr'><strong>secreto</strong></span> <span class='ocrx_word' id='word_1_558' title='bbox 1092 3551 1316 3620; x_wconf 71' lang='lat' dir='ltr'><strong>tropica:</strong></span> <span class='ocrx_word' id='word_1_559' title='bbox 1363 3552 1425 3607; x_wconf 84' lang='lat' dir='ltr'><strong>in</strong></span> <span class='ocrx_word' id='word_1_560' title='bbox 1476 3553 1624 3623; x_wconf 88' lang='lat' dir='ltr'><strong>ligno</strong></span> <span class='ocrx_word' id='word_1_561' title='bbox 1671 3556 1851 3624; x_wconf 83' lang='lat' dir='ltr'><strong>pictas</strong></span> <span class='ocrx_word' id='word_1_562' title='bbox 1901 3552 2025 3608; x_wconf 86' lang='lat' dir='ltr'><strong>tolli</strong></span> 
     </span>
    </p>
   </div>
   <div class='ocr_carea' id='block_1_77' title="bbox 355 3622 2020 3693">
    <p class='ocr_par' dir='ltr' id='par_1_77' title="bbox 355 3622 2020 3693">
     <span class='ocr_line' id='line_1_81' title="bbox 355 3622 2020 3693; baseline 0.002 -19"><span class='ocrx_word' id='word_1_563' title='bbox 355 3622 602 3693; x_wconf 77' lang='lat' dir='ltr'><strong>curavit.</strong></span> <span class='ocrx_word' id='word_1_564' title='bbox 627 3623 687 3693; x_wconf 89' lang='lat' dir='ltr'><strong>In</strong></span> <span class='ocrx_word' id='word_1_565' title='bbox 723 3624 982 3693; x_wconf 90' lang='lat' dir='ltr'><strong>quoloco</strong></span> <span class='ocrx_word' id='word_1_566' title='bbox 1006 3624 1439 3693; x_wconf 89' lang='lat' dir='ltr'><strong>interpretando</strong></span> <span class='ocrx_word' id='word_1_567' title='bbox 1475 3622 1749 3680; x_wconf 84' lang='lat' dir='ltr'><strong>instituta</strong></span> <span class='ocrx_word' id='word_1_568' title='bbox 1771 3641 1804 3679; x_wconf 89' lang='lat' dir='ltr'><strong>a</strong></span> <span class='ocrx_word' id='word_1_569' title='bbox 1832 3624 2020 3679; x_wconf 91' lang='lat' dir='ltr'><strong>Goaro</strong></span> 
     </span>
    </p>
   </div>
   <div class='ocr_carea' id='block_1_78' title="bbox 355 3692 2024 3766">
    <p class='ocr_par' dir='ltr' id='par_1_78' title="bbox 355 3692 2024 3766">
     <span class='ocr_line' id='line_1_82' title="bbox 355 3692 2024 3766; baseline 0.002 -20"><span class='ocrx_word' id='word_1_570' title='bbox 355 3692 508 3766; x_wconf 80' lang='lat' dir='ltr'><strong>ratio</strong></span> <span class='ocrx_word' id='word_1_571' title='bbox 538 3692 680 3747; x_wconf 89' lang='lat' dir='ltr'><strong>mihi</strong></span> <span class='ocrx_word' id='word_1_572' title='bbox 711 3692 950 3765; x_wconf 87' lang='lat' dir='ltr'><strong>quidem</strong></span> <span class='ocrx_word' id='word_1_573' title='bbox 993 3711 1108 3750; x_wconf 89' lang='lat' dir='ltr'><strong>non</strong></span> <span class='ocrx_word' id='word_1_574' title='bbox 1143 3692 1355 3764; x_wconf 89' lang='lat' dir='ltr'><strong>placet.</strong></span> <span class='ocrx_word' id='word_1_575' title='bbox 1391 3697 1587 3750; x_wconf 88' lang='lat' dir='ltr'><strong>Potuit</strong></span> <span class='ocrx_word' id='word_1_576' title='bbox 1619 3697 1849 3766; x_wconf 89' lang='lat' dir='ltr'><strong>quidem</strong></span> <span class='ocrx_word' id='word_1_577' title='bbox 1885 3696 2024 3750; x_wconf 82' lang='lat' dir='ltr'><strong>Tro-</strong></span> 
     </span>
    </p>
   </div>
   <div class='ocr_carea' id='block_1_79' title="bbox 359 3763 2019 3838">
    <p class='ocr_par' dir='ltr' id='par_1_79' title="bbox 359 3763 2019 3838">
     <span class='ocr_line' id='line_1_83' title="bbox 359 3763 2019 3838; baseline 0.004 -22"><span class='ocrx_word' id='word_1_578' title='bbox 359 3763 490 3838; x_wconf 83' lang='lat' dir='ltr'><strong>pica</strong></span> <span class='ocrx_word' id='word_1_579' title='bbox 521 3763 743 3838; x_wconf 76' lang='lat' dir='ltr'><strong>nomen</strong></span> <span class='ocrx_word' id='word_1_580' title='bbox 765 3767 1060 3838; x_wconf 82' lang='lat' dir='ltr'><strong>praprium</strong></span> <span class='ocrx_word' id='word_1_581' title='bbox 1095 3763 1343 3838; x_wconf 83' lang='lat' dir='ltr'><strong>alicujus</strong></span> <span class='ocrx_word' id='word_1_582' title='bbox 1373 3763 1676 3822; x_wconf 72' lang='lat' dir='ltr'><strong>structurée</strong></span> <span class='ocrx_word' id='word_1_583' title='bbox 1710 3769 1767 3822; x_wconf 90' lang='lat' dir='ltr'><strong>in</strong></span> <span class='ocrx_word' id='word_1_584' title='bbox 1803 3766 2019 3838; x_wconf 86' lang='lat' dir='ltr'><strong>palatio</strong></span> 
     </span>
    </p>
   </div>
   <div class='ocr_carea' id='block_1_80' title="bbox 355 3834 2020 3908">
    <p class='ocr_par' dir='ltr' id='par_1_80' title="bbox 355 3834 2020 3908">
     <span class='ocr_line' id='line_1_84' title="bbox 355 3834 2020 3908; baseline 0.003 -19"><span class='ocrx_word' id='word_1_585' title='bbox 355 3834 742 3908; x_wconf 82' lang='lat' dir='ltr'><strong>fuisse,eique</strong></span> <span class='ocrx_word' id='word_1_586' title='bbox 763 3834 818 3891; x_wconf 87' lang='lat' dir='ltr'><strong>id</strong></span> <span class='ocrx_word' id='word_1_587' title='bbox 849 3834 1062 3892; x_wconf 77' lang='lat' dir='ltr'><strong>nomen</strong></span> <span class='ocrx_word' id='word_1_588' title='bbox 1084 3834 1403 3893; x_wconf 63' lang='lat' dir='ltr'><strong>adhaesisse</strong></span> <span class='ocrx_word' id='word_1_589' title='bbox 1426 3839 1496 3894; x_wconf 91' lang='lat' dir='ltr'><strong>ab</strong></span> <span class='ocrx_word' id='word_1_590' title='bbox 1530 3834 1820 3908; x_wconf 55' lang='lat' dir='ltr'><strong>adjuncta&#39;</strong></span> <span class='ocrx_word' id='word_1_591' title='bbox 1839 3855 2020 3894; x_wconf 90' lang='lat' dir='ltr'><strong>curva</strong></span> 
     </span>
    </p>
   </div>
   <div class='ocr_carea' id='block_1_81' title="bbox 352 3907 2019 3981">
    <p class='ocr_par' dir='ltr' id='par_1_81' title="bbox 352 3907 2019 3981">
     <span class='ocr_line' id='line_1_85' title="bbox 352 3907 2019 3981; baseline 0.003 -21"><span class='ocrx_word' id='word_1_592' title='bbox 352 3907 606 3981; x_wconf 91' lang='lat' dir='ltr'><strong>porticu_.</strong></span> <span class='ocrx_word' id='word_1_593' title='bbox 631 3908 736 3981; x_wconf 75' lang='lat' dir='ltr'><strong>Sed</strong></span> <span class='ocrx_word' id='word_1_594' title='bbox 763 3908 821 3963; x_wconf 91' lang='lat' dir='ltr'><strong>in</strong></span> <span class='ocrx_word' id='word_1_595' title='bbox 852 3909 960 3964; x_wconf 90' lang='lat' dir='ltr'><strong>hoc</strong></span> <span class='ocrx_word' id='word_1_596' title='bbox 984 3909 1213 3980; x_wconf 89' lang='lat' dir='ltr'><strong>quidem</strong></span> <span class='ocrx_word' id='word_1_597' title='bbox 1239 3909 1365 3965; x_wconf 90' lang='lat' dir='ltr'><strong>loco</strong></span> <span class='ocrx_word' id='word_1_598' title='bbox 1387 3907 1767 3980; x_wconf 87' lang='lat' dir='ltr'><strong>Theophanis</strong></span> <span class='ocrx_word' id='word_1_599' title='bbox 1797 3911 2019 3981; x_wconf 84' lang='lat' dir='ltr'><strong>tropica</strong></span> 
     </span>
    </p>
   </div>
   <div class='ocr_carea' id='block_1_82' title="bbox 355 3978 2022 4051">
    <p class='ocr_par' dir='ltr' id='par_1_82' title="bbox 355 3978 2022 4051">
     <span class='ocr_line' id='line_1_86' title="bbox 355 3978 2022 4051; baseline 0.002 -19"><span class='ocrx_word' id='word_1_600' title='bbox 355 3992 475 4032; x_wconf 89' lang='lat' dir='ltr'><strong>non</strong></span> <span class='ocrx_word' id='word_1_601' title='bbox 511 3978 730 4051; x_wconf 80' lang='lat' dir='ltr'><strong>palatii,</strong></span> <span class='ocrx_word' id='word_1_602' title='bbox 762 3981 863 4035; x_wconf 89' lang='lat' dir='ltr'><strong>sed</strong></span> <span class='ocrx_word' id='word_1_603' title='bbox 897 3978 1240 4051; x_wconf 77' lang='lat' dir='ltr'><strong>patriarchei</strong></span> <span class='ocrx_word' id='word_1_604' title='bbox 1265 3978 1642 4046; x_wconf 79' lang='lat' dir='ltr'><strong>memoratur,</strong></span> <span class='ocrx_word' id='word_1_605' title='bbox 1669 3987 1726 4037; x_wconf 91' lang='lat' dir='ltr'><strong>et</strong></span> <span class='ocrx_word' id='word_1_606' title='bbox 1753 3978 2022 4037; x_wconf 70' lang='lat' dir='ltr'><strong>secretum</strong></span> 
     </span>
    </p>
   </div>
   <div class='ocr_carea' id='block_1_83' title="bbox 350 4050 2018 4124">
    <p class='ocr_par' dir='ltr' id='par_1_83' title="bbox 350 4050 2018 4124">
     <span class='ocr_line' id='line_1_87' title="bbox 350 4050 2018 4124; baseline 0.004 -22"><span class='ocrx_word' id='word_1_607' title='bbox 350 4051 578 4124; x_wconf 75' lang='lat' dir='ltr'><strong>tropica:</strong></span> <span class='ocrx_word' id='word_1_608' title='bbox 609 4050 830 4124; x_wconf 84' lang='lat' dir='ltr'><strong>dictum</strong></span> <span class='ocrx_word' id='word_1_609' title='bbox 865 4050 993 4106; x_wconf 88' lang='lat' dir='ltr'><strong>ideo</strong></span> <span class='ocrx_word' id='word_1_610' title='bbox 1030 4051 1184 4124; x_wconf 79' lang='lat' dir='ltr'><strong>mihi</strong></span> <span class='ocrx_word' id='word_1_611' title='bbox 1232 4053 1479 4120; x_wconf 84' lang='lat' dir='ltr'><strong>videtur,</strong></span> <span class='ocrx_word' id='word_1_612' title='bbox 1515 4053 1670 4124; x_wconf 90' lang='lat' dir='ltr'><strong>quod</strong></span> <span class='ocrx_word' id='word_1_613' title='bbox 1711 4055 2018 4109; x_wconf 87' lang='lat' dir='ltr'><strong>curvulam</strong></span> 
     </span>
    </p>
   </div>
   <div class='ocr_carea' id='block_1_84' title="bbox 353 4119 2018 4196">
    <p class='ocr_par' dir='ltr' id='par_1_84' title="bbox 353 4119 2018 4196">
     <span class='ocr_line' id='line_1_88' title="bbox 353 4119 2018 4196; baseline 0.003 -22"><span class='ocrx_word' id='word_1_614' title='bbox 353 4119 705 4196; x_wconf 78' lang='lat' dir='ltr'><strong>udjunctam</strong></span> <span class='ocrx_word' id='word_1_615' title='bbox 728 4121 981 4179; x_wconf 89' lang='lat' dir='ltr'><strong>haberet.</strong></span> <span class='ocrx_word' id='word_1_616' title='bbox 1012 4122 1394 4196; x_wconf 72' lang='lat' dir='ltr'><strong>Consuevisse</strong></span> <span class='ocrx_word' id='word_1_617' title='bbox 1417 4119 1562 4180; x_wconf 78' lang='lat' dir='ltr'><strong>tales</strong></span> <span class='ocrx_word' id='word_1_618' title='bbox 1590 4124 2018 4196; x_wconf 15' lang='lat' dir='ltr'><strong>porticusiviti-</strong></span> 
     </span>
    </p>
   </div>
   <div class='ocr_carea' id='block_1_85' title="bbox 355 4191 2020 4264">
    <p class='ocr_par' dir='ltr' id='par_1_85' title="bbox 355 4191 2020 4264">
     <span class='ocr_line' id='line_1_89' title="bbox 355 4191 2020 4264; baseline 0.002 -18"><span class='ocrx_word' id='word_1_619' title='bbox 355 4191 470 4246; x_wconf 90' lang='lat' dir='ltr'><strong>bus</strong></span> <span class='ocrx_word' id='word_1_620' title='bbox 512 4193 890 4264; x_wconf 89' lang='lat' dir='ltr'><strong>obumbratas</strong></span> <span class='ocrx_word' id='word_1_621' title='bbox 938 4194 1164 4264; x_wconf 86' lang='lat' dir='ltr'><strong>palatiis</strong></span> <span class='ocrx_word' id='word_1_622' title='bbox 1202 4200 1260 4249; x_wconf 89' lang='lat' dir='ltr'><strong>et</strong></span> <span class='ocrx_word' id='word_1_623' title='bbox 1315 4191 1706 4251; x_wconf 40' lang='lat' dir='ltr'><strong>basilicis-seu</strong></span> <span class='ocrx_word' id='word_1_624' title='bbox 1756 4195 2020 4251; x_wconf 90' lang='lat' dir='ltr'><strong>ecclesiis</strong></span> 
     </span>
    </p>
   </div>
   <div class='ocr_carea' id='block_1_86' title="bbox 355 4263 2020 4336">
    <p class='ocr_par' dir='ltr' id='par_1_86' title="bbox 355 4263 2020 4336">
     <span class='ocr_line' id='line_1_90' title="bbox 355 4263 2020 4336; baseline 0.001 -18"><span class='ocrx_word' id='word_1_625' title='bbox 355 4263 601 4336; x_wconf 78' lang='lat' dir='ltr'><strong>apponi,</strong></span> <span class='ocrx_word' id='word_1_626' title='bbox 634 4270 863 4320; x_wconf 87' lang='lat' dir='ltr'><strong>constat</strong></span> <span class='ocrx_word' id='word_1_627' title='bbox 893 4263 1038 4321; x_wconf 26' lang='lat' dir='ltr'><strong>e’Du</strong></span> <span class='ocrx_word' id='word_1_628' title='bbox 1063 4267 1276 4336; x_wconf 87' lang='lat' dir='ltr'><strong>Cangio</strong></span> <span class='ocrx_word' id='word_1_629' title='bbox 1297 4283 1352 4319; x_wconf 92' lang='lat' dir='ltr'><strong>v.</strong></span> <span class='ocrx_word' id='word_1_630' title='bbox 1380 4267 1544 4321; x_wconf 83' lang='lat' dir='ltr'><strong>Lobia</strong></span> <span class='ocrx_word' id='word_1_631' title='bbox 1577 4274 1630 4322; x_wconf 89' lang='lat' dir='ltr'><strong>et</strong></span> <span class='ocrx_word' id='word_1_632' title='bbox 1662 4269 1869 4321; x_wconf 86' lang='lat' dir='ltr'><strong>Laubia</strong></span> <span class='ocrx_word' id='word_1_633' title='bbox 1895 4270 2020 4332; x_wconf 83' lang='lat' dir='ltr'><strong>[vox</strong></span> 
     </span>
    </p>
   </div>
   <div class='ocr_carea' id='block_1_87' title="bbox 354 4333 2017 4406">
    <p class='ocr_par' dir='ltr' id='par_1_87' title="bbox 354 4333 2017 4406">
     <span class='ocr_line' id='line_1_91' title="bbox 354 4333 2017 4406; baseline 0.002 -18"><span class='ocrx_word' id='word_1_634' title='bbox 354 4333 455 4389; x_wconf 85' lang='lat' dir='ltr'><strong>est</strong></span> <span class='ocrx_word' id='word_1_635' title='bbox 506 4333 898 4406; x_wconf 88' lang='lat' dir='ltr'><strong>Germanica],</strong></span> <span class='ocrx_word' id='word_1_636' title='bbox 961 4337 1114 4392; x_wconf 89' lang='lat' dir='ltr'><strong>unde</strong></span> <span class='ocrx_word' id='word_1_637' title='bbox 1173 4333 1288 4392; x_wconf 83' lang='lat' dir='ltr'><strong>duo</strong></span> <span class='ocrx_word' id='word_1_638' title='bbox 1346 4343 1568 4393; x_wconf 87' lang='lat' dir='ltr'><strong>tantum</strong></span> <span class='ocrx_word' id='word_1_639' title='bbox 1625 4338 1799 4392; x_wconf 89' lang='lat' dir='ltr'><strong>hosce</strong></span> <span class='ocrx_word' id='word_1_640' title='bbox 1861 4339 2017 4392; x_wconf 91' lang='lat' dir='ltr'><strong>locos</strong></span> 
     </span>
    </p>
   </div>
   <div class='ocr_carea' id='block_1_88' title="bbox 356 4407 2012 4478">
    <p class='ocr_par' dir='ltr' id='par_1_88' title="bbox 356 4407 2012 4478">
     <span class='ocr_line' id='line_1_92' title="bbox 356 4407 2012 4478; baseline 0.001 -18"><span class='ocrx_word' id='word_1_641' title='bbox 356 4421 669 4478; x_wconf 85' lang='lat' dir='ltr'><strong>excerpere</strong></span> <span class='ocrx_word' id='word_1_642' title='bbox 708 4409 899 4478; x_wconf 88' lang='lat' dir='ltr'><strong>juvat,</strong></span> <span class='ocrx_word' id='word_1_643' title='bbox 947 4425 1132 4464; x_wconf 87' lang='lat' dir='ltr'><strong>unum</strong></span> <span class='ocrx_word' id='word_1_644' title='bbox 1175 4410 1391 4464; x_wconf 73' lang='lat' dir='ltr'><strong>chartae</strong></span> <span class='ocrx_word' id='word_1_645' title='bbox 1420 4409 1632 4464; x_wconf 87' lang='lat' dir='ltr'><strong>veteris</strong></span> <span class='ocrx_word' id='word_1_646' title='bbox 1664 4411 1815 4478; x_wconf 90' lang='lat' dir='ltr'><strong>apud</strong></span> <span class='ocrx_word' id='word_1_647' title='bbox 1850 4407 2012 4463; x_wconf 91' lang='lat' dir='ltr'><strong>Puri-</strong></span> 
     </span>
    </p>
   </div>
   <div class='ocr_carea' id='block_1_89' title="bbox 351 4477 2019 4550">
    <p class='ocr_par' dir='ltr' id='par_1_89' title="bbox 351 4477 2019 4550">
     <span class='ocr_line' id='line_1_93' title="bbox 351 4477 2019 4550; baseline 0.001 -18"><span class='ocrx_word' id='word_1_648' title='bbox 351 4477 569 4534; x_wconf 90' lang='lat' dir='ltr'><strong>cellum</strong></span> <span class='ocrx_word' id='word_1_649' title='bbox 605 4495 618 4531; x_wconf 91' lang='lat'><strong>:</strong></span> <span class='ocrx_word' id='word_1_650' title='bbox 650 4477 801 4545; x_wconf 83' lang='lat' dir='ltr'><strong>Peto,</strong></span> <span class='ocrx_word' id='word_1_651' title='bbox 837 4487 898 4536; x_wconf 88' lang='lat' dir='ltr'><strong>ut</strong></span> <span class='ocrx_word' id='word_1_652' title='bbox 936 4487 1142 4536; x_wconf 83' lang='lat' dir='ltr'><strong>tectum</strong></span> <span class='ocrx_word' id='word_1_653' title='bbox 1171 4496 1264 4534; x_wconf 84' lang='lat' dir='ltr'><strong>seu</strong></span> <span class='ocrx_word' id='word_1_654' title='bbox 1317 4481 1522 4536; x_wconf 80' lang='lat' dir='ltr'><strong>lobiam</strong></span> <span class='ocrx_word' id='word_1_655' title='bbox 1568 4477 1821 4535; x_wconf 85' lang='lat' dir='ltr'><strong>moveant</strong></span> <span class='ocrx_word' id='word_1_656' title='bbox 1858 4478 2019 4550; x_wconf 84' lang='lat' dir='ltr'><strong>peni-</strong></span> 
     </span>
    </p>
   </div>
   <div class='ocr_carea' id='block_1_90' title="bbox 357 4551 2016 4622">
    <p class='ocr_par' dir='ltr' id='par_1_90' title="bbox 357 4551 2016 4622">
     <span class='ocr_line' id='line_1_94' title="bbox 357 4551 2016 4622; baseline 0.002 -21"><span class='ocrx_word' id='word_1_657' title='bbox 357 4558 447 4622; x_wconf 64' lang='lat' dir='ltr'><strong>tus</strong></span> <span class='ocrx_word' id='word_1_658' title='bbox 491 4558 542 4603; x_wconf 87' lang='lat' dir='ltr'><strong>et</strong></span> <span class='ocrx_word' id='word_1_659' title='bbox 581 4553 861 4620; x_wconf 81' lang='lat' dir='ltr'><strong>auferant,</strong></span> <span class='ocrx_word' id='word_1_660' title='bbox 915 4568 1082 4622; x_wconf 84' lang='lat' dir='ltr'><strong>quam</strong></span> <span class='ocrx_word' id='word_1_661' title='bbox 1133 4551 1391 4622; x_wconf 78' lang='lat' dir='ltr'><strong>fecerunt</strong></span> <span class='ocrx_word' id='word_1_662' title='bbox 1425 4554 1510 4607; x_wconf 85' lang='lat' dir='ltr'><strong>vel</strong></span> <span class='ocrx_word' id='word_1_663' title='bbox 1561 4551 1689 4620; x_wconf 85' lang='lat' dir='ltr'><strong>ﬁeri</strong></span> <span class='ocrx_word' id='word_1_664' title='bbox 1737 4555 2016 4620; x_wconf 83' lang='lat' dir='ltr'><strong>fecerunt,</strong></span> 
     </span>
    </p>
   </div>
   <div class='ocr_carea' id='block_1_91' title="bbox 352 4620 2016 4690">
    <p class='ocr_par' dir='ltr' id='par_1_91' title="bbox 352 4620 2016 4690">
     <span class='ocr_line' id='line_1_95' title="bbox 352 4620 2016 4690; baseline 0.002 -17"><span class='ocrx_word' id='word_1_665' title='bbox 352 4620 520 4688; x_wconf 65' lang='lat' dir='ltr'><strong>iuxta</strong></span> <span class='ocrx_word' id='word_1_666' title='bbox 559 4637 786 4676; x_wconf 88' lang='lat' dir='ltr'><strong>murum</strong></span> <span class='ocrx_word' id='word_1_667' title='bbox 831 4620 1101 4690; x_wconf 73' lang='lat' dir='ltr'><strong>ecclesiae,</strong></span> <span class='ocrx_word' id='word_1_668' title='bbox 1133 4620 1186 4677; x_wconf 84' lang='lat' dir='ltr'><strong>et</strong></span> <span class='ocrx_word' id='word_1_669' title='bbox 1235 4623 1486 4679; x_wconf 89' lang='lat' dir='ltr'><strong>alterum</strong></span> <span class='ocrx_word' id='word_1_670' title='bbox 1532 4622 1773 4678; x_wconf 84' lang='lat' dir='ltr'><strong>alterius</strong></span> <span class='ocrx_word' id='word_1_671' title='bbox 1803 4623 2016 4677; x_wconf 66' lang='lat' dir='ltr'><strong>chartas</strong></span> 
     </span>
    </p>
   </div>
   <div class='ocr_carea' id='block_1_92' title="bbox 354 4691 2094 4778">
    <p class='ocr_par' dir='ltr' id='par_1_92' title="bbox 354 4691 2094 4778">
     <span class='ocr_line' id='line_1_96' title="bbox 354 4691 2094 4778; baseline 0.002 -34"><span class='ocrx_word' id='word_1_672' title='bbox 354 4691 634 4778; x_wconf 52' lang='lat' dir='ltr'><strong>Ludovici</strong></span> <span class='ocrx_word' id='word_1_673' title='bbox 659 4695 732 4748; x_wconf 86' lang='lat' dir='ltr'><strong>IV</strong></span> <span class='ocrx_word' id='word_1_674' title='bbox 757 4696 1077 4778; x_wconf 56' lang='lat' dir='ltr'><strong>Imp.apufl</strong></span> <span class='ocrx_word' id='word_1_675' title='bbox 1113 4693 1450 4778; x_wconf 60' lang='lat' dir='ltr'><strong>llghellum,</strong></span> <span class='ocrx_word' id='word_1_676' title='bbox 1474 4710 1599 4778; x_wconf 66' lang='lat' dir='ltr'><strong>qua:</strong></span> <span class='ocrx_word' id='word_1_677' title='bbox 1632 4694 1767 4778; x_wconf 74' lang='lat' dir='ltr'><strong>data</strong></span> <span class='ocrx_word' id='word_1_678' title='bbox 1797 4694 2012 4778; x_wconf 76' lang='lat' dir='ltr'><strong>dicitur</strong></span> <span class='ocrx_word' id='word_1_679' title='bbox 2048 4714 2094 4778; x_wconf 83' lang='lat' dir='ltr'><strong>D</strong></span> 
     </span>
    </p>
   </div>
   <div class='ocr_carea' id='block_1_93' title="bbox 350 4764 2014 4838">
    <p class='ocr_par' dir='ltr' id='par_1_93' title="bbox 350 4764 2014 4838">
     <span class='ocr_line' id='line_1_97' title="bbox 350 4764 2014 4838; baseline 0.001 -21"><span class='ocrx_word' id='word_1_680' title='bbox 350 4764 417 4838; x_wconf 80' lang='lat' dir='ltr'><strong>in</strong></span> <span class='ocrx_word' id='word_1_681' title='bbox 453 4764 687 4838; x_wconf 73' lang='lat' dir='ltr'><strong>palatio.</strong></span> <span class='ocrx_word' id='word_1_682' title='bbox 719 4764 861 4835; x_wconf 87' lang='lat' dir='ltr'><strong>quod</strong></span> <span class='ocrx_word' id='word_1_683' title='bbox 902 4764 978 4822; x_wconf 83' lang='lat' dir='ltr'><strong>est</strong></span> <span class='ocrx_word' id='word_1_684' title='bbox 1021 4765 1318 4836; x_wconf 83' lang='lat' dir='ltr'><strong>fundatum</strong></span> <span class='ocrx_word' id='word_1_685' title='bbox 1353 4764 1778 4838; x_wconf 10' lang='lat' dir='ltr'><strong>juxtaibizsilica</strong></span> <span class='ocrx_word' id='word_1_686' title='bbox 1817 4766 2014 4838; x_wconf 78' lang='lat' dir='ltr'><strong>beatis-</strong></span> 
     </span>
    </p>
   </div>
   <div class='ocr_carea' id='block_1_94' title="bbox 352 4835 2017 4908">
    <p class='ocr_par' dir='ltr' id='par_1_94' title="bbox 352 4835 2017 4908">
     <span class='ocr_line' id='line_1_98' title="bbox 352 4835 2017 4908; baseline 0.003 -21"><span class='ocrx_word' id='word_1_687' title='bbox 352 4835 488 4908; x_wconf 79' lang='lat' dir='ltr'><strong>simi</strong></span> <span class='ocrx_word' id='word_1_688' title='bbox 581 4837 859 4908; x_wconf 75' lang='lat' dir='ltr'><strong>principis</strong></span> <span class='ocrx_word' id='word_1_689' title='bbox 947 4835 1365 4908; x_wconf 34' lang='lat' dir='ltr'><strong>Apostolorum,</strong></span> <span class='ocrx_word' id='word_1_690' title='bbox 1401 4837 1714 4908; x_wconf 12' lang='lat' dir='ltr'><strong>inflaubia</strong></span> <span class='ocrx_word' id='word_1_691' title='bbox 1809 4837 2017 4908; x_wconf 87' lang='lat' dir='ltr'><strong>majore</strong></span> 
     </span>
    </p>
   </div>
   <div class='ocr_carea' id='block_1_95' title="bbox 355 4906 2016 4979">
    <p class='ocr_par' dir='ltr' id='par_1_95' title="bbox 355 4906 2016 4979">
     <span class='ocr_line' id='line_1_99' title="bbox 355 4906 2016 4979; baseline 0.002 -20"><span class='ocrx_word' id='word_1_692' title='bbox 355 4906 532 4979; x_wconf 84' lang='lat' dir='ltr'><strong>ipsius</strong></span> <span class='ocrx_word' id='word_1_693' title='bbox 585 4907 806 4970; x_wconf 80' lang='lat' dir='ltr'><strong>palatii.</strong></span> <span class='ocrx_word' id='word_1_694' title='bbox 866 4906 1062 4964; x_wconf 84' lang='lat' dir='ltr'><strong>Talem</strong></span> <span class='ocrx_word' id='word_1_695' title='bbox 1123 4910 1438 4979; x_wconf 90' lang='lat' dir='ltr'><strong>porticum,</strong></span> <span class='ocrx_word' id='word_1_696' title='bbox 1485 4907 1699 4964; x_wconf 79' lang='lat' dir='ltr'><strong>lobiam</strong></span> <span class='ocrx_word' id='word_1_697' title='bbox 1732 4912 1790 4978; x_wconf 77' lang='grc' dir='ltr'><strong>(θ.</strong></span> <span class='ocrx_word' id='word_1_698' title='bbox 1841 4906 2016 4974; x_wconf 87' lang='lat' dir='ltr'><strong>Laub,</strong></span> 
     </span>
    </p>
   </div>
   <div class='ocr_carea' id='block_1_96' title="bbox 355 4977 2019 5051">
    <p class='ocr_par' dir='ltr' id='par_1_96' title="bbox 355 4977 2019 5051">
     <span class='ocr_line' id='line_1_100' title="bbox 355 4977 2019 5051; baseline 0.002 -21"><span class='ocrx_word' id='word_1_699' title='bbox 355 4977 885 5051; x_wconf 87' lang='lat' dir='ltr'><strong>id_est_frondibus</strong></span> <span class='ocrx_word' id='word_1_700' title='bbox 925 4985 981 5035; x_wconf 90' lang='lat' dir='ltr'><strong>et</strong></span> <span class='ocrx_word' id='word_1_701' title='bbox 1011 4977 1278 5051; x_wconf 80' lang='lat' dir='ltr'><strong>virgultis</strong></span> <span class='ocrx_word' id='word_1_702' title='bbox 1320 4981 1560 5046; x_wconf 87' lang='lat' dir='ltr'><strong>dictam)</strong></span> <span class='ocrx_word' id='word_1_703' title='bbox 1610 4977 1839 5035; x_wconf 82' lang='lat' dir='ltr'><strong>Marone</strong></span> <span class='ocrx_word' id='word_1_704' title='bbox 1898 4996 2019 5034; x_wconf 88' lang='lat' dir='ltr'><strong>car-</strong></span> 
     </span>
    </p>
   </div>
   <div class='ocr_carea' id='block_1_97' title="bbox 356 5047 2016 5121">
    <p class='ocr_par' dir='ltr' id='par_1_97' title="bbox 356 5047 2016 5121">
     <span class='ocr_line' id='line_1_101' title="bbox 356 5047 2016 5121; baseline 0.003 -20"><span class='ocrx_word' id='word_1_705' title='bbox 356 5047 518 5102; x_wconf 88' lang='lat' dir='ltr'><strong>mine</strong></span> <span class='ocrx_word' id='word_1_706' title='bbox 549 5048 699 5121; x_wconf 12' lang='lat' dir='ltr'><strong>iniS.</strong></span> <span class='ocrx_word' id='word_1_707' title='bbox 750 5047 1130 5106; x_wconf 77' lang='lat' dir='ltr'><strong>Benedictum</strong></span> <span class='ocrx_word' id='word_1_708' title='bbox 1177 5051 1430 5121; x_wconf 89' lang='lat' dir='ltr'><strong>appellat</strong></span> <span class='ocrx_word' id='word_1_709' title='bbox 1465 5052 1663 5106; x_wconf 78' lang='lat' dir='ltr'><strong>silvam</strong></span> <span class='ocrx_word' id='word_1_710' title='bbox 1705 5053 1878 5105; x_wconf 87' lang='lat' dir='ltr'><strong>comis</strong></span> <span class='ocrx_word' id='word_1_711' title='bbox 1920 5053 2016 5106; x_wconf 85' lang='lat' dir='ltr'><strong>do-</strong></span> 
     </span>
    </p>
   </div>
   <div class='ocr_carea' id='block_1_98' title="bbox 352 5120 2012 5194">
    <p class='ocr_par' dir='ltr' id='par_1_98' title="bbox 352 5120 2012 5194">
     <span class='ocr_line' id='line_1_102' title="bbox 352 5120 2012 5194; baseline 0.003 -22"><span class='ocrx_word' id='word_1_712' title='bbox 352 5125 585 5188; x_wconf 77' lang='lat' dir='ltr'><strong>ma/am,</strong></span> <span class='ocrx_word' id='word_1_713' title='bbox 617 5120 675 5176; x_wconf 91' lang='lat' dir='ltr'><strong>id</strong></span> <span class='ocrx_word' id='word_1_714' title='bbox 709 5132 796 5178; x_wconf 88' lang='lat' dir='ltr'><strong>est</strong></span> <span class='ocrx_word' id='word_1_715' title='bbox 826 5121 886 5178; x_wconf 89' lang='lat' dir='ltr'><strong>in</strong></span> <span class='ocrx_word' id='word_1_716' title='bbox 917 5124 1126 5190; x_wconf 69' lang='lat' dir='ltr'><strong>domas,</strong></span> <span class='ocrx_word' id='word_1_717' title='bbox 1161 5120 1307 5178; x_wconf 79' lang='lat' dir='ltr'><strong>theli</strong></span> <span class='ocrx_word' id='word_1_718' title='bbox 1339 5140 1438 5179; x_wconf 91' lang='lat' dir='ltr'><strong>seu</strong></span> <span class='ocrx_word' id='word_1_719' title='bbox 1473 5121 1737 5194; x_wconf 67' lang='lat' dir='ltr'><strong>cuppolse</strong></span> <span class='ocrx_word' id='word_1_720' title='bbox 1770 5123 2012 5177; x_wconf 91' lang='lat' dir='ltr'><strong>modum</strong></span> 
     </span>
    </p>
   </div>
   <div class='ocr_carea' id='block_1_99' title="bbox 356 5196 714 5248">
    <p class='ocr_par' dir='ltr' id='par_1_99' title="bbox 356 5196 714 5248">
     <span class='ocr_line' id='line_1_103' title="bbox 356 5196 714 5248; baseline 0.011 -4"><span class='ocrx_word' id='word_1_721' title='bbox 356 5196 664 5247; x_wconf 84' lang='lat' dir='ltr'><strong>arcuatum</strong></span> <span class='ocrx_word' id='word_1_722' title='bbox 702 5209 714 5248; x_wconf 92' lang='lat'>:</span> 
     </span>
    </p>
   </div>
   <div class='ocr_carea' id='block_1_100' title="bbox 581 5298 1800 5373">
    <p class='ocr_par' dir='ltr' id='par_1_100' title="bbox 581 5298 1800 5373">
     <span class='ocr_line' id='line_1_104' title="bbox 581 5298 1800 5373; baseline 0.004 -21"><span class='ocrx_word' id='word_1_723' title='bbox 581 5298 992 5373; x_wconf 78' lang='lat' dir='ltr'><strong>Pomiferisque</strong></span> <span class='ocrx_word' id='word_1_724' title='bbox 1020 5303 1161 5356; x_wconf 86' lang='lat' dir='ltr'><strong>viret</strong></span> <span class='ocrx_word' id='word_1_725' title='bbox 1189 5302 1331 5357; x_wconf 82' lang='lat' dir='ltr'><strong>silva</strong></span> <span class='ocrx_word' id='word_1_726' title='bbox 1361 5301 1583 5357; x_wconf 85' lang='lat' dir='ltr'><strong>domata</strong></span> <span class='ocrx_word' id='word_1_727' title='bbox 1611 5302 1800 5357; x_wconf 84' lang='lat' dir='ltr'><strong>comis.</strong></span> 
     </span>
    </p>
   </div>
   <div class='ocr_carea' id='block_1_101' title="bbox 355 5403 2014 5478">
    <p class='ocr_par' dir='ltr' id='par_1_101' title="bbox 355 5403 2014 5478">
     <span class='ocr_line' id='line_1_105' title="bbox 355 5403 2014 5478; baseline 0.002 -20"><span class='ocrx_word' id='word_1_728' title='bbox 355 5403 451 5478; x_wconf 17' lang='lat' dir='ltr'><strong>De,</strong></span> <span class='ocrx_word' id='word_1_729' title='bbox 480 5406 694 5474; x_wconf 86' lang='lat' dir='ltr'><strong>porticu</strong></span> <span class='ocrx_word' id='word_1_730' title='bbox 752 5424 921 5463; x_wconf 87' lang='lat' dir='ltr'><strong>curva</strong></span> <span class='ocrx_word' id='word_1_731' title='bbox 977 5409 1096 5462; x_wconf 87' lang='lat' dir='ltr'><strong>vid.</strong></span> <span class='ocrx_word' id='word_1_732' title='bbox 1152 5409 1397 5464; x_wconf 84' lang='lat' dir='ltr'><strong>Salmas.</strong></span> <span class='ocrx_word' id='word_1_733' title='bbox 1458 5410 1526 5465; x_wconf 87' lang='lat' dir='ltr'><strong>ad</strong></span> <span class='ocrx_word' id='word_1_734' title='bbox 1577 5408 1700 5469; x_wconf 88' lang='lat' dir='ltr'><strong>Scr.</strong></span> <span class='ocrx_word' id='word_1_735' title='bbox 1766 5408 1827 5474; x_wconf 84' lang='lat' dir='ltr'><strong>ll,</strong></span> <span class='ocrx_word' id='word_1_736' title='bbox 1864 5409 2014 5478; x_wconf 83' lang='lat' dir='ltr'><strong>Aug-</strong></span> 
     </span>
    </p>
   </div>
   <div class='ocr_carea' id='block_1_102' title="bbox 348 5477 2012 5552">
    <p class='ocr_par' dir='ltr' id='par_1_102' title="bbox 348 5477 2012 5552">
     <span class='ocr_line' id='line_1_106' title="bbox 348 5477 2012 5552; baseline 0.002 -24"><span class='ocrx_word' id='word_1_737' title='bbox 348 5479 394 5529; x_wconf 70' lang='grc' dir='ltr'>ε.</span> <span class='ocrx_word' id='word_1_738' title='bbox 432 5477 479 5552; x_wconf 74' lang='lat' dir='ltr'><strong>l,</strong></span> <span class='ocrx_word' id='word_1_739' title='bbox 527 5493 585 5548; x_wconf 93' lang='lat' dir='ltr'><strong>p.</strong></span> <span class='ocrx_word' id='word_1_740' title='bbox 635 5478 760 5543; x_wconf 85' lang='lat'><strong>656,</strong></span> <span class='ocrx_word' id='word_1_741' title='bbox 798 5478 869 5535; x_wconf 89' lang='lat' dir='ltr'><strong>de</strong></span> <span class='ocrx_word' id='word_1_742' title='bbox 912 5479 1134 5535; x_wconf 85' lang='lat' dir='ltr'><strong>trichila</strong></span> <span class='ocrx_word' id='word_1_743' title='bbox 1191 5479 1345 5534; x_wconf 90' lang='lat' dir='ltr'><strong>idem</strong></span> <span class='ocrx_word' id='word_1_744' title='bbox 1399 5498 1455 5552; x_wconf 94' lang='lat' dir='ltr'><strong>p.</strong></span> <span class='ocrx_word' id='word_1_745' title='bbox 1511 5481 1602 5545; x_wconf 88' lang='lat'><strong>86,</strong></span> <span class='ocrx_word' id='word_1_746' title='bbox 1664 5479 1764 5552; x_wconf 77' lang='lat' dir='ltr'><strong>ubi</strong></span> <span class='ocrx_word' id='word_1_747' title='bbox 1823 5477 2012 5552; x_wconf 85' lang='lat' dir='ltr'><strong>tamen</strong></span> 
     </span>
    </p>
   </div>
   <div class='ocr_carea' id='block_1_103' title="bbox 351 5546 2016 5620">
    <p class='ocr_par' dir='ltr' id='par_1_103' title="bbox 351 5546 2016 5620">
     <span class='ocr_line' id='line_1_107' title="bbox 351 5546 2016 5620; baseline 0.002 -19"><span class='ocrx_word' id='word_1_748' title='bbox 351 5546 649 5616; x_wconf 78' lang='lat' dir='ltr'><strong>vulgatam</strong></span> <span class='ocrx_word' id='word_1_749' title='bbox 708 5565 815 5620; x_wconf 89' lang='lat' dir='ltr'><strong>ego</strong></span> <span class='ocrx_word' id='word_1_750' title='bbox 872 5552 1102 5620; x_wconf 87' lang='lat' dir='ltr'><strong>quidem</strong></span> <span class='ocrx_word' id='word_1_751' title='bbox 1164 5546 1416 5607; x_wconf 64' lang='lat' dir='ltr'><strong>servare&#39;</strong></span> <span class='ocrx_word' id='word_1_752' title='bbox 1454 5552 1674 5607; x_wconf 87' lang='lat' dir='ltr'><strong>malim.</strong></span> <span class='ocrx_word' id='word_1_753' title='bbox 1732 5549 2016 5606; x_wconf 89' lang='lat' dir='ltr'><strong>Curvulas</strong></span> 
     </span>
    </p>
   </div>
   <div class='ocr_carea' id='block_1_104' title="bbox 355 5621 2013 5693">
    <p class='ocr_par' dir='ltr' id='par_1_104' title="bbox 355 5621 2013 5693">
     <span class='ocr_line' id='line_1_108' title="bbox 355 5621 2013 5693; baseline 0.002 -21"><span class='ocrx_word' id='word_1_754' title='bbox 355 5634 586 5693; x_wconf 79' lang='lat' dir='ltr'><strong>quoque</strong></span> <span class='ocrx_word' id='word_1_755' title='bbox 617 5622 803 5676; x_wconf 90' lang='lat' dir='ltr'><strong>dictas</strong></span> <span class='ocrx_word' id='word_1_756' title='bbox 851 5623 1032 5678; x_wconf 83' lang='lat' dir='ltr'><strong>fuisse</strong></span> <span class='ocrx_word' id='word_1_757' title='bbox 1075 5623 1342 5693; x_wconf 85' lang='lat' dir='ltr'><strong>pergulas</strong></span> <span class='ocrx_word' id='word_1_758' title='bbox 1371 5624 1518 5678; x_wconf 87' lang='lat' dir='ltr'><strong>tales</strong></span> <span class='ocrx_word' id='word_1_759' title='bbox 1558 5622 1771 5677; x_wconf 89' lang='lat' dir='ltr'><strong>vitibus</strong></span> <span class='ocrx_word' id='word_1_760' title='bbox 1805 5621 2013 5676; x_wconf 91' lang='lat' dir='ltr'><strong>obum-</strong></span> 
     </span>
    </p>
   </div>
   <div class='ocr_carea' id='block_1_105' title="bbox 353 5689 2015 5767">
    <p class='ocr_par' dir='ltr' id='par_1_105' title="bbox 353 5689 2015 5767">
     <span class='ocr_line' id='line_1_109' title="bbox 353 5689 2015 5767; baseline 0.002 -24"><span class='ocrx_word' id='word_1_761' title='bbox 353 5689 632 5767; x_wconf 66' lang='lat' dir='ltr'><strong>brataset</strong></span> <span class='ocrx_word' id='word_1_762' title='bbox 655 5693 982 5767; x_wconf 82' lang='lat' dir='ltr'><strong>perplexas,</strong></span> <span class='ocrx_word' id='word_1_763' title='bbox 1007 5689 1253 5767; x_wconf 66' lang='lat' dir='ltr'><strong>conjicio</strong></span> <span class='ocrx_word' id='word_1_764' title='bbox 1276 5712 1307 5748; x_wconf 90' lang='lat' dir='ltr'><strong>e</strong></span> <span class='ocrx_word' id='word_1_765' title='bbox 1336 5694 1462 5767; x_wconf 80' lang='lat' dir='ltr'><strong>loco</strong></span> <span class='ocrx_word' id='word_1_766' title='bbox 1482 5695 1737 5767; x_wconf 83' lang='lat' dir='ltr'><strong>quodam</strong></span> <span class='ocrx_word' id='word_1_767' title='bbox 1763 5693 2015 5767; x_wconf 75' lang='lat' dir='ltr'><strong>Joannis</strong></span> 
     </span>
    </p>
   </div>
   <div class='ocr_carea' id='block_1_106' title="bbox 353 5761 2013 5837">
    <p class='ocr_par' dir='ltr' id='par_1_106' title="bbox 353 5761 2013 5837">
     <span class='ocr_line' id='line_1_110' title="bbox 353 5761 2013 5837; baseline 0.001 -22"><span class='ocrx_word' id='word_1_768' title='bbox 353 5761 577 5837; x_wconf 60' lang='lat' dir='ltr'><strong>anani</strong></span> <span class='ocrx_word' id='word_1_769' title='bbox 626 5761 682 5832; x_wconf 77' lang='grc' dir='ltr'>ρ.</span> <span class='ocrx_word' id='word_1_770' title='bbox 719 5761 882 5837; x_wconf 16' lang='grc' dir='ltr'><strong>189-εγ</strong></span> <span class='ocrx_word' id='word_1_771' title='bbox 909 5761 1218 5837; x_wconf 45' lang='grc' dir='ltr'>Κατέκαίυσε</span> <span class='ocrx_word' id='word_1_772' title='bbox 1259 5763 1352 5818; x_wconf 86' lang='grc' dir='ltr'><strong>καὶ</strong></span> <span class='ocrx_word' id='word_1_773' title='bbox 1406 5761 1683 5837; x_wconf 68' lang='grc' dir='ltr'>ένετὶύρισε</span> <span class='ocrx_word' id='word_1_774' title='bbox 1711 5761 2013 5837; x_wconf 37' lang='grc' dir='ltr'>πᾶνῼζῷλον</span> 
     </span>
    </p>
   </div>
   <div class='ocr_carea' id='block_1_107' title="bbox 351 5827 2010 5909">
    <p class='ocr_par' dir='ltr' id='par_1_107' title="bbox 351 5827 2010 5909">
     <span class='ocr_line' id='line_1_111' title="bbox 351 5827 2010 5909; baseline 0.001 -22"><span class='ocrx_word' id='word_1_775' title='bbox 351 5827 643 5909; x_wconf 60' lang='grc' dir='ltr'>κᾲρπιμρξ</span> <span class='ocrx_word' id='word_1_776' title='bbox 695 5833 786 5909; x_wconf 50' lang='grc' dir='ltr'>μὶ</span> <span class='ocrx_word' id='word_1_777' title='bbox 833 5832 1052 5909; x_wconf 83' lang='grc' dir='ltr'>δένδρον</span> <span class='ocrx_word' id='word_1_778' title='bbox 1087 5831 1384 5909; x_wconf 65' lang='grc' dir='ltr'>εὔκαρπον,</span> <span class='ocrx_word' id='word_1_779' title='bbox 1411 5837 1500 5890; x_wconf 83' lang='grc' dir='ltr'><strong>καὶ</strong></span> <span class='ocrx_word' id='word_1_780' title='bbox 1542 5827 1638 5897; x_wconf 71' lang='grc' dir='ltr'>τὰς</span> <span class='ocrx_word' id='word_1_781' title='bbox 1667 5827 2010 5909; x_wconf 74' lang='grc' dir='ltr'>κουρϐούλας</span> 
     </span>
    </p>
   </div>
   <div class='ocr_carea' id='block_1_108' title="bbox 354 5855 2010 5987">
    <p class='ocr_par' dir='ltr' id='par_1_108' title="bbox 354 5855 2010 5987">
     <span class='ocr_line' id='line_1_112' title="bbox 354 5855 2010 5909; baseline 0.001 -23"><span class='ocrx_word' id='word_1_782' title='bbox 354 5855 631 5904; x_wconf 71' lang='grc' dir='ltr'>καρπιμον</span> <span class='ocrx_word' id='word_1_783' title='bbox 697 5855 786 5888; x_wconf 83' lang='grc' dir='ltr'><strong>και</strong></span> <span class='ocrx_word' id='word_1_784' title='bbox 833 5855 953 5890; x_wconf 86' lang='grc' dir='ltr'>οενο</span> <span class='ocrx_word' id='word_1_785' title='bbox 995 5857 1052 5890; x_wconf 92' lang='grc' dir='ltr'><strong>ον</strong></span> <span class='ocrx_word' id='word_1_786' title='bbox 1092 5855 1384 5909; x_wconf 83' lang='grc' dir='ltr'>ευκαρπον,</span> <span class='ocrx_word' id='word_1_787' title='bbox 1411 5855 1500 5890; x_wconf 86' lang='grc' dir='ltr'><strong>και</strong></span> <span class='ocrx_word' id='word_1_788' title='bbox 1542 5855 1638 5897; x_wconf 81' lang='grc' dir='ltr'><strong>τας</strong></span> <span class='ocrx_word' id='word_1_789' title='bbox 1667 5855 2010 5909; x_wconf 80' lang='grc' dir='ltr'>κουροουΛας</span> 
     </span>
     <span class='ocr_line' id='line_1_113' title="bbox 354 5855 2010 5987; baseline 0.004 -29"><span class='ocrx_word' id='word_1_790' title='bbox 354 5907 466 5964; x_wconf 79' lang='grc' dir='ltr'>τῶν</span> <span class='ocrx_word' id='word_1_791' title='bbox 543 5901 888 5981; x_wconf 78' lang='grc' dir='ltr'>ἄμπελώνων</span> <span class='ocrx_word' id='word_1_792' title='bbox 958 5855 1019 5966; x_wconf 57' lang='grc' dir='ltr'><strong>εκ</strong></span> <span class='ocrx_word' id='word_1_793' title='bbox 1073 5905 1230 5987; x_wconf 80' lang='grc' dir='ltr'>ῥίζης</span> <span class='ocrx_word' id='word_1_794' title='bbox 1285 5907 1574 5985; x_wconf 82' lang='grc' dir='ltr'>ἀπέτεμον,</span> <span class='ocrx_word' id='word_1_795' title='bbox 1633 5907 1736 5966; x_wconf 84' lang='lat' dir='ltr'><strong>ubi</strong></span> <span class='ocrx_word' id='word_1_796' title='bbox 1809 5921 2010 5965; x_wconf 87' lang='lat' dir='ltr'><strong>vocem</strong></span> 
     </span>
    </p>
   </div>
   <div class='ocr_carea' id='block_1_109' title="bbox 2137 3405 3793 3480">
    <p class='ocr_par' dir='ltr' id='par_1_109' title="bbox 2137 3405 3793 3480">
     <span class='ocr_line' id='line_1_114' title="bbox 2137 3405 3793 3480; baseline 0.002 -19"><span class='ocrx_word' id='word_1_797' title='bbox 2137 3411 2346 3480; x_wconf 68' lang='lat' dir='ltr'><strong>coactae</strong></span> <span class='ocrx_word' id='word_1_798' title='bbox 2378 3405 2434 3459; x_wconf 90' lang='lat' dir='ltr'><strong>in</strong></span> <span class='ocrx_word' id='word_1_799' title='bbox 2456 3406 2719 3480; x_wconf 85' lang='lat' dir='ltr'><strong>apsidem</strong></span> <span class='ocrx_word' id='word_1_800' title='bbox 2748 3408 2994 3480; x_wconf 79' lang='lat' dir='ltr'><strong>demunt</strong></span> <span class='ocrx_word' id='word_1_801' title='bbox 3018 3409 3362 3480; x_wconf 83' lang='lat' dir='ltr'><strong>adspeetum</strong></span> <span class='ocrx_word' id='word_1_802' title='bbox 3387 3409 3532 3464; x_wconf 76' lang='lat' dir='ltr'><strong>cmli.</strong></span> <span class='ocrx_word' id='word_1_803' title='bbox 3552 3410 3793 3472; x_wconf 88' lang='lat' dir='ltr'><strong>Quando</strong></span> 
     </span>
    </p>
   </div>
   <div class='ocr_carea' id='block_1_110' title="bbox 2134 3477 3792 3548">
    <p class='ocr_par' dir='ltr' id='par_1_110' title="bbox 2134 3477 3792 3548">
     <span class='ocr_line' id='line_1_115' title="bbox 2134 3477 3792 3548; baseline 0.004 -18"><span class='ocrx_word' id='word_1_804' title='bbox 2134 3477 2311 3548; x_wconf 84' lang='lat' dir='ltr'><strong>igitur</strong></span> <span class='ocrx_word' id='word_1_805' title='bbox 2361 3479 2532 3547; x_wconf 86' lang='lat' dir='ltr'><strong>paulo</strong></span> <span class='ocrx_word' id='word_1_806' title='bbox 2565 3483 2695 3548; x_wconf 89' lang='lat' dir='ltr'><strong>post</strong></span> <span class='ocrx_word' id='word_1_807' title='bbox 2737 3479 2874 3533; x_wconf 91' lang='lat' dir='ltr'><strong>dicit</strong></span> <span class='ocrx_word' id='word_1_808' title='bbox 2907 3477 3146 3548; x_wconf 61' lang='lat' dir='ltr'><strong>Noster,</strong></span> <span class='ocrx_word' id='word_1_809' title='bbox 3171 3481 3670 3536; x_wconf 87' lang='lat' dir='ltr'><strong>anadendradium</strong></span> <span class='ocrx_word' id='word_1_810' title='bbox 3703 3483 3792 3537; x_wconf 90' lang='lat' dir='ltr'><strong>vel</strong></span> 
     </span>
    </p>
   </div>
   <div class='ocr_carea' id='block_1_111' title="bbox 2135 3548 3792 3624">
    <p class='ocr_par' dir='ltr' id='par_1_111' title="bbox 2135 3548 3792 3624">
     <span class='ocr_line' id='line_1_116' title="bbox 2135 3548 3792 3624; baseline 0.004 -22"><span class='ocrx_word' id='word_1_811' title='bbox 2135 3549 2446 3624; x_wconf 82' lang='lat' dir='ltr'><strong>topiarium</strong></span> <span class='ocrx_word' id='word_1_812' title='bbox 2468 3548 2698 3618; x_wconf 89' lang='lat' dir='ltr'><strong>injectis</strong></span> <span class='ocrx_word' id='word_1_813' title='bbox 2723 3551 2935 3620; x_wconf 87' lang='lat' dir='ltr'><strong>pannis</strong></span> <span class='ocrx_word' id='word_1_814' title='bbox 2959 3552 3160 3624; x_wconf 85' lang='lat' dir='ltr'><strong>sericis</strong></span> <span class='ocrx_word' id='word_1_815' title='bbox 3181 3554 3363 3607; x_wconf 80' lang='lat' dir='ltr'><strong>fuisse</strong></span> <span class='ocrx_word' id='word_1_816' title='bbox 3379 3553 3450 3606; x_wconf 88' lang='lat' dir='ltr'><strong>ad</strong></span> <span class='ocrx_word' id='word_1_817' title='bbox 3474 3552 3792 3624; x_wconf 79' lang='lat' dir='ltr'><strong>imaginem</strong></span> 
     </span>
    </p>
   </div>
   <div class='ocr_carea' id='block_1_112' title="bbox 2133 3621 3795 3693">
    <p class='ocr_par' dir='ltr' id='par_1_112' title="bbox 2133 3621 3795 3693">
     <span class='ocr_line' id='line_1_117' title="bbox 2133 3621 3795 3693; baseline 0.004 -19"><span class='ocrx_word' id='word_1_818' title='bbox 2133 3621 2371 3692; x_wconf 71' lang='lat' dir='ltr'><strong>tropioaa</strong></span> <span class='ocrx_word' id='word_1_819' title='bbox 2406 3624 2854 3693; x_wconf 80' lang='lat' dir='ltr'><strong>conformatum,</strong></span> <span class='ocrx_word' id='word_1_820' title='bbox 2887 3622 3180 3693; x_wconf 84' lang='lat' dir='ltr'><strong>signiﬁcat</strong></span> <span class='ocrx_word' id='word_1_821' title='bbox 3208 3623 3494 3691; x_wconf 89' lang='lat' dir='ltr'><strong>eo,l&#39;uisse</strong></span> <span class='ocrx_word' id='word_1_822' title='bbox 3520 3621 3795 3693; x_wconf 84' lang='lat' dir='ltr'><strong>tropiario</strong></span> 
     </span>
    </p>
   </div>
   <div class='ocr_carea' id='block_1_113' title="bbox 2134 3692 3794 3765">
    <p class='ocr_par' dir='ltr' id='par_1_113' title="bbox 2134 3692 3794 3765">
     <span class='ocr_line' id='line_1_118' title="bbox 2134 3692 3794 3765; baseline 0.004 -19"><span class='ocrx_word' id='word_1_823' title='bbox 2134 3692 2629 3765; x_wconf 86' lang='lat' dir='ltr'><strong>superimpositas</strong></span> <span class='ocrx_word' id='word_1_824' title='bbox 2663 3709 2930 3748; x_wconf 88' lang='lat' dir='ltr'><strong>camaras</strong></span> <span class='ocrx_word' id='word_1_825' title='bbox 2952 3692 2989 3748; x_wconf 23' lang='lat' dir='ltr'><strong>7e</strong></span> <span class='ocrx_word' id='word_1_826' title='bbox 3021 3694 3177 3750; x_wconf 85' lang='lat' dir='ltr'><strong>lattis</strong></span> <span class='ocrx_word' id='word_1_827' title='bbox 3199 3711 3302 3750; x_wconf 82' lang='lat' dir='ltr'><strong>seu</strong></span> <span class='ocrx_word' id='word_1_828' title='bbox 3326 3694 3516 3765; x_wconf 84' lang='lat' dir='ltr'><strong>longis</strong></span> <span class='ocrx_word' id='word_1_829' title='bbox 3549 3692 3794 3752; x_wconf 89' lang='lat' dir='ltr'><strong>schidiis</strong></span> 
     </span>
    </p>
   </div>
   <div class='ocr_carea' id='block_1_114' title="bbox 2136 3763 3795 3836">
    <p class='ocr_par' dir='ltr' id='par_1_114' title="bbox 2136 3763 3795 3836">
     <span class='ocr_line' id='line_1_119' title="bbox 2136 3763 3795 3836; baseline 0.002 -19"><span class='ocrx_word' id='word_1_830' title='bbox 2136 3763 2316 3836; x_wconf 85' lang='lat' dir='ltr'><strong>factas</strong></span> <span class='ocrx_word' id='word_1_831' title='bbox 2349 3779 2449 3833; x_wconf 87' lang='lat' dir='ltr'><strong>pro</strong></span> <span class='ocrx_word' id='word_1_832' title='bbox 2483 3764 2849 3836; x_wconf 72' lang='lat' dir='ltr'><strong>sustinendis</strong></span> <span class='ocrx_word' id='word_1_833' title='bbox 2883 3765 3076 3835; x_wconf 88' lang='lat' dir='ltr'><strong>palliis</strong></span> <span class='ocrx_word' id='word_1_834' title='bbox 3122 3767 3345 3831; x_wconf 86' lang='lat' dir='ltr'><strong>sericis,</strong></span> <span class='ocrx_word' id='word_1_835' title='bbox 3382 3763 3508 3836; x_wconf 67' lang='lat' dir='ltr'><strong>qum</strong></span> <span class='ocrx_word' id='word_1_836' title='bbox 3545 3767 3795 3821; x_wconf 89' lang='lat' dir='ltr'><strong>insterni</strong></span> 
     </span>
    </p>
   </div>
   <div class='ocr_carea' id='block_1_115' title="bbox 2135 3835 3794 3908">
    <p class='ocr_par' dir='ltr' id='par_1_115' title="bbox 2135 3835 3794 3908">
     <span class='ocr_line' id='line_1_120' title="bbox 2135 3835 3794 3908; baseline 0.002 -20"><span class='ocrx_word' id='word_1_837' title='bbox 2135 3835 2442 3908; x_wconf 86' lang='lat' dir='ltr'><strong>debebant.</strong></span> <span class='ocrx_word' id='word_1_838' title='bbox 2479 3835 2684 3889; x_wconf 90' lang='lat' dir='ltr'><strong>Fuisse</strong></span> <span class='ocrx_word' id='word_1_839' title='bbox 2707 3853 2924 3892; x_wconf 90' lang='lat' dir='ltr'><strong>morem</strong></span> <span class='ocrx_word' id='word_1_840' title='bbox 2960 3837 3060 3890; x_wconf 68' lang='lat' dir='ltr'><strong>aevi</strong></span> <span class='ocrx_word' id='word_1_841' title='bbox 3095 3837 3271 3892; x_wconf 90' lang='lat' dir='ltr'><strong>medii</strong></span> <span class='ocrx_word' id='word_1_842' title='bbox 3297 3835 3512 3891; x_wconf 85' lang='lat' dir='ltr'><strong>talibus</strong></span> <span class='ocrx_word' id='word_1_843' title='bbox 3535 3837 3794 3908; x_wconf 88' lang='lat' dir='ltr'><strong>pergulis</strong></span> 
     </span>
    </p>
   </div>
   <div class='ocr_carea' id='block_1_116' title="bbox 2133 3907 3793 3978">
    <p class='ocr_par' dir='ltr' id='par_1_116' title="bbox 2133 3907 3793 3978">
     <span class='ocr_line' id='line_1_121' title="bbox 2133 3907 3793 3978; baseline 0.001 -17"><span class='ocrx_word' id='word_1_844' title='bbox 2133 3922 2164 3961; x_wconf 76' lang='grc' dir='ltr'>θ</span> <span class='ocrx_word' id='word_1_845' title='bbox 2210 3907 2366 3960; x_wconf 88' lang='lat' dir='ltr'><strong>lattis</strong></span> <span class='ocrx_word' id='word_1_846' title='bbox 2395 3909 2820 3962; x_wconf 89' lang='lat' dir='ltr'><strong>concamaratis</strong></span> <span class='ocrx_word' id='word_1_847' title='bbox 2853 3923 3074 3978; x_wconf 90' lang='lat' dir='ltr'><strong>pannos</strong></span> <span class='ocrx_word' id='word_1_848' title='bbox 3105 3908 3320 3962; x_wconf 88' lang='lat' dir='ltr'><strong>sericos</strong></span> <span class='ocrx_word' id='word_1_849' title='bbox 3353 3907 3409 3978; x_wconf 87' lang='lat' dir='ltr'><strong>in</strong></span> <span class='ocrx_word' id='word_1_850' title='bbox 3453 3909 3793 3963; x_wconf 84' lang='lat' dir='ltr'><strong>ostentatio-</strong></span> 
     </span>
    </p>
   </div>
   <div class='ocr_carea' id='block_1_117' title="bbox 2135 3977 3794 4049">
    <p class='ocr_par' dir='ltr' id='par_1_117' title="bbox 2135 3977 3794 4049">
     <span class='ocr_line' id='line_1_122' title="bbox 2135 3977 3794 4049; baseline 0.002 -18"><span class='ocrx_word' id='word_1_851' title='bbox 2135 3993 2266 4031; x_wconf 87' lang='lat' dir='ltr'><strong>nem</strong></span> <span class='ocrx_word' id='word_1_852' title='bbox 2301 3978 2662 4032; x_wconf 89' lang='lat' dir='ltr'><strong>insternendi</strong></span> <span class='ocrx_word' id='word_1_853' title='bbox 2713 3984 2815 4032; x_wconf 89' lang='lat' dir='ltr'><strong>aut</strong></span> <span class='ocrx_word' id='word_1_854' title='bbox 2872 3995 2969 4033; x_wconf 92' lang='lat' dir='ltr'><strong>eos</strong></span> <span class='ocrx_word' id='word_1_855' title='bbox 3020 3980 3090 4034; x_wconf 89' lang='lat' dir='ltr'><strong>de</strong></span> <span class='ocrx_word' id='word_1_856' title='bbox 3139 3977 3405 4034; x_wconf 88' lang='lat' dir='ltr'><strong>armariis</strong></span> <span class='ocrx_word' id='word_1_857' title='bbox 3438 3979 3508 4032; x_wconf 89' lang='lat' dir='ltr'><strong>ad</strong></span> <span class='ocrx_word' id='word_1_858' title='bbox 3542 3979 3794 4049; x_wconf 89' lang='lat' dir='ltr'><strong>parietes</strong></span> 
     </span>
    </p>
   </div>
   <div class='ocr_carea' id='block_1_118' title="bbox 2133 4049 3795 4120">
    <p class='ocr_par' dir='ltr' id='par_1_118' title="bbox 2133 4049 3795 4120">
     <span class='ocr_line' id='line_1_123' title="bbox 2133 4049 3795 4120; baseline 0.002 -17"><span class='ocrx_word' id='word_1_859' title='bbox 2133 4049 2344 4103; x_wconf 90' lang='lat' dir='ltr'><strong>erectis</strong></span> <span class='ocrx_word' id='word_1_860' title='bbox 2394 4049 2815 4120; x_wconf 85' lang='lat' dir='ltr'><strong>suspendendi,</strong></span> <span class='ocrx_word' id='word_1_861' title='bbox 2851 4049 3103 4120; x_wconf 90' lang='lat' dir='ltr'><strong>probant</strong></span> <span class='ocrx_word' id='word_1_862' title='bbox 3132 4066 3246 4104; x_wconf 88' lang='lat' dir='ltr'><strong>non</strong></span> <span class='ocrx_word' id='word_1_863' title='bbox 3289 4053 3519 4104; x_wconf 89' lang='lat' dir='ltr'><strong>tantum</strong></span> <span class='ocrx_word' id='word_1_864' title='bbox 3552 4051 3661 4106; x_wconf 90' lang='lat' dir='ltr'><strong>loci</strong></span> <span class='ocrx_word' id='word_1_865' title='bbox 3696 4067 3795 4106; x_wconf 88' lang='lat' dir='ltr'><strong>au-</strong></span> 
     </span>
    </p>
   </div>
   <div class='ocr_carea' id='block_1_119' title="bbox 2134 4118 3794 4192">
    <p class='ocr_par' dir='ltr' id='par_1_119' title="bbox 2134 4118 3794 4192">
     <span class='ocr_line' id='line_1_124' title="bbox 2134 4118 3794 4192; baseline 0.002 -18"><span class='ocrx_word' id='word_1_866' title='bbox 2134 4124 2398 4192; x_wconf 65' lang='lat' dir='ltr'><strong>ctorum,</strong></span> <span class='ocrx_word' id='word_1_867' title='bbox 2421 4135 2567 4188; x_wconf 88' lang='lat' dir='ltr'><strong>quos</strong></span> <span class='ocrx_word' id='word_1_868' title='bbox 2598 4118 2678 4192; x_wconf 83' lang='lat' dir='ltr'><strong>ibi</strong></span> <span class='ocrx_word' id='word_1_869' title='bbox 2710 4118 2902 4192; x_wconf 80' lang='lat' dir='ltr'><strong>citavi,</strong></span> <span class='ocrx_word' id='word_1_870' title='bbox 2935 4121 3039 4192; x_wconf 8' lang='lat' dir='ltr'><strong>ubi?</strong></span> <span class='ocrx_word' id='word_1_871' title='bbox 3067 4121 3137 4192; x_wconf 89' lang='lat' dir='ltr'><strong>de</strong></span> <span class='ocrx_word' id='word_1_872' title='bbox 3166 4120 3626 4189; x_wconf 84' lang='lat' dir='ltr'><strong>triumphalibus</strong></span> <span class='ocrx_word' id='word_1_873' title='bbox 3656 4139 3794 4192; x_wconf 92' lang='lat' dir='ltr'><strong>pro-</strong></span> 
     </span>
    </p>
   </div>
   <div class='ocr_carea' id='block_1_120' title="bbox 2134 4190 3784 4265">
    <p class='ocr_par' dir='ltr' id='par_1_120' title="bbox 2134 4190 3784 4265">
     <span class='ocr_line' id='line_1_125' title="bbox 2134 4190 3784 4265; baseline 0.004 -22"><span class='ocrx_word' id='word_1_874' title='bbox 2134 4190 2643 4265; x_wconf 77' lang='lat' dir='ltr'><strong>cessionibusegi,</strong></span> <span class='ocrx_word' id='word_1_875' title='bbox 2677 4191 2774 4245; x_wconf 92' lang='lat' dir='ltr'><strong>sed</strong></span> <span class='ocrx_word' id='word_1_876' title='bbox 2812 4192 2988 4265; x_wconf 71' lang='lat' dir='ltr'><strong>etiam</strong></span> <span class='ocrx_word' id='word_1_877' title='bbox 3030 4191 3089 4246; x_wconf 92' lang='lat' dir='ltr'><strong>hi</strong></span> <span class='ocrx_word' id='word_1_878' title='bbox 3130 4193 3245 4265; x_wconf 88' lang='lat' dir='ltr'><strong>duo</strong></span> <span class='ocrx_word' id='word_1_879' title='bbox 3279 4209 3312 4246; x_wconf 90' lang='lat' dir='ltr'><strong>a</strong></span> <span class='ocrx_word' id='word_1_880' title='bbox 3337 4190 3700 4265; x_wconf 14' lang='lat' dir='ltr'><strong>7Du_Cangio</strong></span> <span class='ocrx_word' id='word_1_881' title='bbox 3727 4210 3784 4249; x_wconf 79' lang='grc' dir='ltr'>ν.</span> 
     </span>
    </p>
   </div>
   <div class='ocr_carea' id='block_1_121' title="bbox 2129 4261 3792 4331">
    <p class='ocr_par' dir='ltr' id='par_1_121' title="bbox 2129 4261 3792 4331">
     <span class='ocr_line' id='line_1_126' title="bbox 2129 4261 3792 4331; baseline 0.004 -18"><span class='ocrx_word' id='word_1_882' title='bbox 2129 4261 2436 4315; x_wconf 77' lang='lat' dir='ltr'><strong>Mutatorza</strong></span> <span class='ocrx_word' id='word_1_883' title='bbox 2467 4261 2649 4326; x_wconf 83' lang='lat' dir='ltr'><strong>citati,</strong></span> <span class='ocrx_word' id='word_1_884' title='bbox 2683 4279 2837 4317; x_wconf 89' lang='lat' dir='ltr'><strong>unus</strong></span> <span class='ocrx_word' id='word_1_885' title='bbox 2871 4263 2924 4316; x_wconf 95' lang='lat' dir='ltr'><strong>S.</strong></span> <span class='ocrx_word' id='word_1_886' title='bbox 2958 4263 3231 4318; x_wconf 88' lang='lat' dir='ltr'><strong>Bernardi</strong></span> <span class='ocrx_word' id='word_1_887' title='bbox 3268 4278 3281 4316; x_wconf 90' lang='lat'><strong>:</strong></span> <span class='ocrx_word' id='word_1_888' title='bbox 3316 4263 3463 4331; x_wconf 84' lang='lat' dir='ltr'><strong>Quid</strong></span> <span class='ocrx_word' id='word_1_889' title='bbox 3487 4261 3681 4330; x_wconf 67' lang='lat' dir='ltr'><strong>iuvant</strong></span> <span class='ocrx_word' id='word_1_890' title='bbox 3716 4269 3792 4320; x_wconf 82' lang='lat' dir='ltr'><strong>tot</strong></span> 
     </span>
    </p>
   </div>
   <div class='ocr_carea' id='block_1_122' title="bbox 2129 4332 3790 4405">
    <p class='ocr_par' dir='ltr' id='par_1_122' title="bbox 2129 4332 3790 4405">
     <span class='ocr_line' id='line_1_127' title="bbox 2129 4332 3790 4405; baseline 0.003 -19"><span class='ocrx_word' id='word_1_891' title='bbox 2129 4332 2431 4405; x_wconf 78' lang='lat' dir='ltr'><strong>mutatoria</strong></span> <span class='ocrx_word' id='word_1_892' title='bbox 2460 4333 2544 4405; x_wconf 74' lang='lat' dir='ltr'><strong>vel</strong></span> <span class='ocrx_word' id='word_1_893' title='bbox 2573 4336 2798 4405; x_wconf 56' lang='lat' dir='ltr'><strong>extensa</strong></span> <span class='ocrx_word' id='word_1_894' title='bbox 2826 4337 2888 4388; x_wconf 86' lang='lat' dir='ltr'><strong>in</strong></span> <span class='ocrx_word' id='word_1_895' title='bbox 2921 4335 3152 4404; x_wconf 85' lang='lat' dir='ltr'><strong>perticis</strong></span> <span class='ocrx_word' id='word_1_896' title='bbox 3192 4335 3274 4389; x_wconf 84' lang='lat' dir='ltr'><strong>vel</strong></span> <span class='ocrx_word' id='word_1_897' title='bbox 3303 4335 3507 4405; x_wconf 85' lang='lat' dir='ltr'><strong>plicata</strong></span> <span class='ocrx_word' id='word_1_898' title='bbox 3539 4337 3594 4390; x_wconf 87' lang='lat' dir='ltr'><strong>in</strong></span> <span class='ocrx_word' id='word_1_899' title='bbox 3626 4352 3790 4391; x_wconf 85' lang='lat' dir='ltr'><strong>man-</strong></span> 
     </span>
    </p>
   </div>
   <div class='ocr_carea' id='block_1_123' title="bbox 2128 4403 3792 4471">
    <p class='ocr_par' dir='ltr' id='par_1_123' title="bbox 2128 4403 3792 4471">
     <span class='ocr_line' id='line_1_128' title="bbox 2128 4403 3792 4471; baseline 0.002 -13"><span class='ocrx_word' id='word_1_900' title='bbox 2128 4403 2274 4471; x_wconf 83' lang='lat' dir='ltr'><strong>ticis,</strong></span> <span class='ocrx_word' id='word_1_901' title='bbox 2311 4405 2458 4458; x_wconf 89' lang='lat' dir='ltr'><strong>alter</strong></span> <span class='ocrx_word' id='word_1_902' title='bbox 2485 4403 2688 4459; x_wconf 89' lang='lat' dir='ltr'><strong>Jacobi</strong></span> <span class='ocrx_word' id='word_1_903' title='bbox 2728 4406 2798 4458; x_wconf 89' lang='lat' dir='ltr'><strong>de</strong></span> <span class='ocrx_word' id='word_1_904' title='bbox 2840 4403 3095 4460; x_wconf 82' lang='lat' dir='ltr'><strong>Vitriaco</strong></span> <span class='ocrx_word' id='word_1_905' title='bbox 3129 4423 3141 4460; x_wconf 92' lang='lat'><strong>:</strong></span> <span class='ocrx_word' id='word_1_906' title='bbox 3176 4403 3371 4460; x_wconf 80' lang='lat' dir='ltr'><strong>Mimus</strong></span> <span class='ocrx_word' id='word_1_907' title='bbox 3400 4416 3450 4461; x_wconf 87' lang='lat' dir='ltr'><strong>et</strong></span> <span class='ocrx_word' id='word_1_908' title='bbox 3494 4406 3690 4462; x_wconf 80' lang='lat' dir='ltr'><strong>histrio</strong></span> <span class='ocrx_word' id='word_1_909' title='bbox 3721 4407 3792 4463; x_wconf 81' lang='lat' dir='ltr'><strong>ad</strong></span> 
     </span>
    </p>
   </div>
   <div class='ocr_carea' id='block_1_124' title="bbox 2129 4476 3784 4541">
    <p class='ocr_par' dir='ltr' id='par_1_124' title="bbox 2129 4476 3784 4541">
     <span class='ocr_line' id='line_1_129' title="bbox 2129 4476 3784 4541; baseline 0.002 -12"><span class='ocrx_word' id='word_1_910' title='bbox 2129 4491 2381 4529; x_wconf 85' lang='lat' dir='ltr'><strong>mensam</strong></span> <span class='ocrx_word' id='word_1_911' title='bbox 2409 4480 2618 4541; x_wconf 78' lang='lat' dir='ltr'><strong>cantat,</strong></span> <span class='ocrx_word' id='word_1_912' title='bbox 2651 4476 2830 4530; x_wconf 88' lang='lat' dir='ltr'><strong>multa</strong></span> <span class='ocrx_word' id='word_1_913' title='bbox 2877 4479 3109 4531; x_wconf 85' lang='lat' dir='ltr'><strong>vestium</strong></span> <span class='ocrx_word' id='word_1_914' title='bbox 3135 4477 3433 4532; x_wconf 83' lang='lat' dir='ltr'><strong>mulatoria</strong></span> <span class='ocrx_word' id='word_1_915' title='bbox 3483 4478 3552 4532; x_wconf 84' lang='lat' dir='ltr'><strong>ad</strong></span> <span class='ocrx_word' id='word_1_916' title='bbox 3592 4483 3784 4534; x_wconf 84' lang='lat' dir='ltr'><strong>osten-</strong></span> 
     </span>
    </p>
   </div>
   <div class='ocr_carea' id='block_1_125' title="bbox 2129 4546 3786 4616">
    <p class='ocr_par' dir='ltr' id='par_1_125' title="bbox 2129 4546 3786 4616">
     <span class='ocr_line' id='line_1_130' title="bbox 2129 4546 3786 4616; baseline 0.003 -15"><span class='ocrx_word' id='word_1_917' title='bbox 2129 4546 2393 4601; x_wconf 80' lang='lat' dir='ltr'><strong>tationem</strong></span> <span class='ocrx_word' id='word_1_918' title='bbox 2421 4549 2689 4601; x_wconf 82' lang='lat' dir='ltr'><strong>vanilatis</strong></span> <span class='ocrx_word' id='word_1_919' title='bbox 2719 4548 2780 4600; x_wconf 89' lang='lat' dir='ltr'><strong>in</strong></span> <span class='ocrx_word' id='word_1_920' title='bbox 2816 4549 3032 4616; x_wconf 85' lang='lat' dir='ltr'><strong>pertica</strong></span> <span class='ocrx_word' id='word_1_921' title='bbox 3061 4547 3454 4615; x_wconf 72' lang='lat' dir='ltr'><strong>extenduntur,</strong></span> <span class='ocrx_word' id='word_1_922' title='bbox 3488 4553 3537 4604; x_wconf 84' lang='lat' dir='ltr'><strong>et</strong></span> <span class='ocrx_word' id='word_1_923' title='bbox 3579 4551 3786 4606; x_wconf 83' lang='lat' dir='ltr'><strong>Christi</strong></span> 
     </span>
    </p>
   </div>
   <div class='ocr_carea' id='block_1_126' title="bbox 2125 4619 3249 4690">
    <p class='ocr_par' dir='ltr' id='par_1_126' title="bbox 2125 4619 3249 4690">
     <span class='ocr_line' id='line_1_131' title="bbox 2125 4619 3249 4690; baseline 0.001 -17"><span class='ocrx_word' id='word_1_924' title='bbox 2125 4633 2405 4690; x_wconf 59' lang='lat' dir='ltr'><strong>pauperes</strong></span> <span class='ocrx_word' id='word_1_925' title='bbox 2423 4623 2569 4688; x_wconf 82' lang='lat' dir='ltr'><strong>fame</strong></span> <span class='ocrx_word' id='word_1_926' title='bbox 2596 4622 2648 4672; x_wconf 88' lang='lat' dir='ltr'><strong>et</strong></span> <span class='ocrx_word' id='word_1_927' title='bbox 2675 4619 2882 4688; x_wconf 77' lang='lat' dir='ltr'><strong>[rigore</strong></span> <span class='ocrx_word' id='word_1_928' title='bbox 2911 4621 3249 4676; x_wconf 86' lang='lat' dir='ltr'><strong>cruciantur.</strong></span> 
     </span>
    </p>
   </div>
   <div class='ocr_carea' id='block_1_127' title="bbox 2201 4687 3794 4762">
    <p class='ocr_par' dir='ltr' id='par_1_127' title="bbox 2201 4687 3794 4762">
     <span class='ocr_line' id='line_1_132' title="bbox 2201 4687 3794 4762; baseline 0.004 -20"><span class='ocrx_word' id='word_1_929' title='bbox 2201 4687 2316 4760; x_wconf 85' lang='lat'><strong>(65)</strong></span> <span class='ocrx_word' id='word_1_930' title='bbox 2361 4687 2595 4744; x_wconf 88' lang='lat' dir='ltr'><strong>Utinam</strong></span> <span class='ocrx_word' id='word_1_931' title='bbox 2614 4687 2950 4762; x_wconf 72' lang='lat' dir='ltr'><strong>addidisset</strong></span> <span class='ocrx_word' id='word_1_932' title='bbox 2981 4697 3200 4756; x_wconf 89' lang='lat' dir='ltr'><strong>auctor,</strong></span> <span class='ocrx_word' id='word_1_933' title='bbox 3234 4709 3264 4744; x_wconf 91' lang='lat' dir='ltr'><strong>a</strong></span> <span class='ocrx_word' id='word_1_934' title='bbox 3319 4706 3432 4761; x_wconf 93' lang='lat' dir='ltr'><strong>quo</strong></span> <span class='ocrx_word' id='word_1_935' title='bbox 3481 4707 3611 4762; x_wconf 81' lang='lat' dir='ltr'><strong>rege</strong></span> <span class='ocrx_word' id='word_1_936' title='bbox 3666 4692 3794 4748; x_wconf 85' lang='lat' dir='ltr'><strong>His-</strong></span> 
     </span>
    </p>
   </div>
   <div class='ocr_carea' id='block_1_128' title="bbox 2130 4761 3786 4834">
    <p class='ocr_par' dir='ltr' id='par_1_128' title="bbox 2130 4761 3786 4834">
     <span class='ocr_line' id='line_1_133' title="bbox 2130 4761 3786 4834; baseline 0.002 -19"><span class='ocrx_word' id='word_1_937' title='bbox 2130 4777 2280 4832; x_wconf 89' lang='lat' dir='ltr'><strong>pano</strong></span> <span class='ocrx_word' id='word_1_938' title='bbox 2313 4766 2370 4816; x_wconf 88' lang='lat' dir='ltr'><strong>et</strong></span> <span class='ocrx_word' id='word_1_939' title='bbox 2388 4762 2569 4834; x_wconf 76' lang='lat' dir='ltr'><strong>cujus</strong></span> <span class='ocrx_word' id='word_1_940' title='bbox 2609 4761 2904 4834; x_wconf 80' lang='lat' dir='ltr'><strong>Hispanici</strong></span> <span class='ocrx_word' id='word_1_941' title='bbox 2928 4833 2932 4834; x_wconf 12' lang='grc' dir='ltr'>ί</span> <span class='ocrx_word' id='word_1_942' title='bbox 2955 4763 3114 4832; x_wconf 81' lang='lat' dir='ltr'><strong>regni</strong></span> <span class='ocrx_word' id='word_1_943' title='bbox 3165 4763 3404 4817; x_wconf 89' lang='lat' dir='ltr'><strong>domino</strong></span> <span class='ocrx_word' id='word_1_944' title='bbox 3436 4761 3600 4834; x_wconf 84' lang='lat' dir='ltr'><strong>(tunc</strong></span> <span class='ocrx_word' id='word_1_945' title='bbox 3629 4765 3786 4820; x_wconf 89' lang='lat' dir='ltr'><strong>enim</strong></span> 
     </span>
    </p>
   </div>
   <div class='ocr_carea' id='block_1_129' title="bbox 2131 4832 3790 4904">
    <p class='ocr_par' dir='ltr' id='par_1_129' title="bbox 2131 4832 3790 4904">
     <span class='ocr_line' id='line_1_134' title="bbox 2131 4832 3790 4904; baseline 0.002 -18"><span class='ocrx_word' id='word_1_946' title='bbox 2131 4833 2322 4887; x_wconf 86' lang='lat' dir='ltr'><strong>adhuc</strong></span> <span class='ocrx_word' id='word_1_947' title='bbox 2381 4832 2653 4888; x_wconf 89' lang='lat' dir='ltr'><strong>Saraceni</strong></span> <span class='ocrx_word' id='word_1_948' title='bbox 2698 4833 3036 4904; x_wconf 87' lang='lat' dir='ltr'><strong>Hispaniam</strong></span> <span class='ocrx_word' id='word_1_949' title='bbox 3073 4835 3418 4889; x_wconf 90' lang='lat' dir='ltr'><strong>obtinebant</strong></span> <span class='ocrx_word' id='word_1_950' title='bbox 3446 4832 3450 4834; x_wconf 53' lang='grc'>⁷</span> <span class='ocrx_word' id='word_1_951' title='bbox 3475 4844 3526 4889; x_wconf 88' lang='lat' dir='ltr'><strong>et</strong></span> <span class='ocrx_word' id='word_1_952' title='bbox 3559 4835 3790 4890; x_wconf 90' lang='lat' dir='ltr'><strong>minuta</strong></span> 
     </span>
    </p>
   </div>
   <div class='ocr_carea' id='block_1_130' title="bbox 2130 4904 3786 4977">
    <p class='ocr_par' dir='ltr' id='par_1_130' title="bbox 2130 4904 3786 4977">
     <span class='ocr_line' id='line_1_135' title="bbox 2130 4904 3786 4977; baseline 0.002 -19"><span class='ocrx_word' id='word_1_953' title='bbox 2130 4919 2303 4977; x_wconf 83' lang='lat' dir='ltr'><strong>regna</strong></span> <span class='ocrx_word' id='word_1_954' title='bbox 2329 4904 2386 4957; x_wconf 89' lang='lat' dir='ltr'><strong>in</strong></span> <span class='ocrx_word' id='word_1_955' title='bbox 2421 4920 2598 4977; x_wconf 88' lang='lat' dir='ltr'><strong>unum</strong></span> <span class='ocrx_word' id='word_1_956' title='bbox 2631 4921 2844 4977; x_wconf 90' lang='lat' dir='ltr'><strong>corpus</strong></span> <span class='ocrx_word' id='word_1_957' title='bbox 2870 4906 3129 4960; x_wconf 88' lang='lat' dir='ltr'><strong>nondum</strong></span> <span class='ocrx_word' id='word_1_958' title='bbox 3153 4905 3451 4977; x_wconf 83' lang='lat' dir='ltr'><strong>coierant),</strong></span> <span class='ocrx_word' id='word_1_959' title='bbox 3471 4910 3528 4960; x_wconf 92' lang='lat' dir='ltr'><strong>et</strong></span> <span class='ocrx_word' id='word_1_960' title='bbox 3554 4908 3786 4977; x_wconf 89' lang='lat' dir='ltr'><strong>quando</strong></span> 
     </span>
    </p>
   </div>
   <div class='ocr_carea' id='block_1_131' title="bbox 2127 4975 3785 5048">
    <p class='ocr_par' dir='ltr' id='par_1_131' title="bbox 2127 4975 3785 5048">
     <span class='ocr_line' id='line_1_136' title="bbox 2127 4975 3785 5048; baseline 0.002 -18"><span class='ocrx_word' id='word_1_961' title='bbox 2127 4979 2184 5030; x_wconf 91' lang='lat' dir='ltr'><strong>et</strong></span> <span class='ocrx_word' id='word_1_962' title='bbox 2205 4976 2274 5048; x_wconf 85' lang='lat' dir='ltr'><strong>ad</strong></span> <span class='ocrx_word' id='word_1_963' title='bbox 2313 4991 2484 5048; x_wconf 87' lang='lat' dir='ltr'><strong>quem</strong></span> <span class='ocrx_word' id='word_1_964' title='bbox 2504 4975 2767 5031; x_wconf 73' lang='lat' dir='ltr'><strong>Graecum</strong></span> <span class='ocrx_word' id='word_1_965' title='bbox 2795 4978 3205 5047; x_wconf 89' lang='lat' dir='ltr'><strong>imperatorem</strong></span> <span class='ocrx_word' id='word_1_966' title='bbox 3233 4978 3348 5031; x_wconf 79' lang='lat' dir='ltr'><strong>haec</strong></span> <span class='ocrx_word' id='word_1_967' title='bbox 3372 4975 3587 5048; x_wconf 78' lang='lat' dir='ltr'><strong>legatio</strong></span> <span class='ocrx_word' id='word_1_968' title='bbox 3601 4980 3785 5034; x_wconf 86' lang='lat' dir='ltr'><strong>missa</strong></span> 
     </span>
    </p>
   </div>
   <div class='ocr_carea' id='block_1_132' title="bbox 2130 5045 3787 5119">
    <p class='ocr_par' dir='ltr' id='par_1_132' title="bbox 2130 5045 3787 5119">
     <span class='ocr_line' id='line_1_137' title="bbox 2130 5045 3787 5119; baseline 0.003 -19"><span class='ocrx_word' id='word_1_969' title='bbox 2130 5045 2322 5119; x_wconf 85' lang='lat' dir='ltr'><strong>fuerit.</strong></span> <span class='ocrx_word' id='word_1_970' title='bbox 2355 5047 2688 5103; x_wconf 81' lang='lat' dir='ltr'><strong>Concludas</strong></span> <span class='ocrx_word' id='word_1_971' title='bbox 2722 5047 2836 5102; x_wconf 85' lang='lat' dir='ltr'><strong>fere</strong></span> <span class='ocrx_word' id='word_1_972' title='bbox 2867 5045 2934 5103; x_wconf 78' lang='lat' dir='ltr'><strong>ex</strong></span> <span class='ocrx_word' id='word_1_973' title='bbox 2966 5064 3056 5114; x_wconf 91' lang='lat' dir='ltr'><strong>eo,</strong></span> <span class='ocrx_word' id='word_1_974' title='bbox 3081 5050 3232 5119; x_wconf 91' lang='lat' dir='ltr'><strong>quod</strong></span> <span class='ocrx_word' id='word_1_975' title='bbox 3264 5045 3472 5103; x_wconf 80' lang='lat' dir='ltr'><strong>horum</strong></span> <span class='ocrx_word' id='word_1_976' title='bbox 3501 5049 3645 5104; x_wconf 89' lang='lat' dir='ltr'><strong>nihil</strong></span> <span class='ocrx_word' id='word_1_977' title='bbox 3679 5065 3787 5105; x_wconf 89' lang='lat' dir='ltr'><strong>nos</strong></span> 
     </span>
    </p>
   </div>
   <div class='ocr_carea' id='block_1_133' title="bbox 2129 5118 3788 5190">
    <p class='ocr_par' dir='ltr' id='par_1_133' title="bbox 2129 5118 3788 5190">
     <span class='ocr_line' id='line_1_138' title="bbox 2129 5118 3788 5190; baseline 0.003 -18"><span class='ocrx_word' id='word_1_978' title='bbox 2129 5118 2327 5173; x_wconf 90' lang='lat' dir='ltr'><strong>docuit</strong></span> <span class='ocrx_word' id='word_1_979' title='bbox 2352 5123 2576 5190; x_wconf 89' lang='lat' dir='ltr'><strong>auctor,</strong></span> <span class='ocrx_word' id='word_1_980' title='bbox 2611 5124 2668 5174; x_wconf 91' lang='lat' dir='ltr'><strong>et</strong></span> <span class='ocrx_word' id='word_1_981' title='bbox 2690 5121 2848 5190; x_wconf 91' lang='lat' dir='ltr'><strong>quod</strong></span> <span class='ocrx_word' id='word_1_982' title='bbox 2884 5121 3001 5175; x_wconf 69' lang='lat' dir='ltr'><strong>haec</strong></span> <span class='ocrx_word' id='word_1_983' title='bbox 3035 5118 3240 5189; x_wconf 75' lang='lat' dir='ltr'><strong>legatio</strong></span> <span class='ocrx_word' id='word_1_984' title='bbox 3271 5121 3330 5174; x_wconf 90' lang='lat' dir='ltr'><strong>in</strong></span> <span class='ocrx_word' id='word_1_985' title='bbox 3364 5120 3541 5174; x_wconf 89' lang='lat' dir='ltr'><strong>rebus</strong></span> <span class='ocrx_word' id='word_1_986' title='bbox 3566 5137 3788 5176; x_wconf 91' lang='lat' dir='ltr'><strong>memo-</strong></span> 
     </span>
    </p>
   </div>
   <div class='ocr_carea' id='block_1_134' title="bbox 2128 5189 3788 5264">
    <p class='ocr_par' dir='ltr' id='par_1_134' title="bbox 2128 5189 3788 5264">
     <span class='ocr_line' id='line_1_139' title="bbox 2128 5189 3788 5264; baseline 0.003 -21"><span class='ocrx_word' id='word_1_987' title='bbox 2128 5195 2294 5264; x_wconf 74' lang='lat' dir='ltr'><strong>ratur</strong></span> <span class='ocrx_word' id='word_1_988' title='bbox 2325 5194 2434 5264; x_wconf 85' lang='lat' dir='ltr'><strong>sub</strong></span> <span class='ocrx_word' id='word_1_989' title='bbox 2466 5189 2864 5264; x_wconf 85' lang='lat' dir='ltr'><strong>Constantino,</strong></span> <span class='ocrx_word' id='word_1_990' title='bbox 2889 5191 3063 5264; x_wconf 87' lang='lat' dir='ltr'><strong>hujus</strong></span> <span class='ocrx_word' id='word_1_991' title='bbox 3095 5195 3287 5262; x_wconf 91' lang='lat' dir='ltr'><strong>operis</strong></span> <span class='ocrx_word' id='word_1_992' title='bbox 3311 5203 3564 5264; x_wconf 82' lang='lat' dir='ltr'><strong>auctore,</strong></span> <span class='ocrx_word' id='word_1_993' title='bbox 3585 5193 3788 5264; x_wconf 86' lang='lat' dir='ltr'><strong>gestis,</strong></span> 
     </span>
    </p>
   </div>
   <div class='ocr_carea' id='block_1_135' title="bbox 2127 5260 3786 5335">
    <p class='ocr_par' dir='ltr' id='par_1_135' title="bbox 2127 5260 3786 5335">
     <span class='ocr_line' id='line_1_140' title="bbox 2127 5260 3786 5335; baseline 0.003 -21"><span class='ocrx_word' id='word_1_994' title='bbox 2127 5260 2284 5335; x_wconf 72' lang='lat' dir='ltr'><strong>haud</strong></span> <span class='ocrx_word' id='word_1_995' title='bbox 2318 5261 2411 5314; x_wconf 90' lang='lat' dir='ltr'><strong>diu</strong></span> <span class='ocrx_word' id='word_1_996' title='bbox 2447 5266 2577 5317; x_wconf 89' lang='lat' dir='ltr'><strong>ante</strong></span> <span class='ocrx_word' id='word_1_997' title='bbox 2619 5261 2905 5332; x_wconf 89' lang='lat' dir='ltr'><strong>scriptum</strong></span> <span class='ocrx_word' id='word_1_998' title='bbox 2950 5260 3054 5317; x_wconf 81' lang='lat' dir='ltr'><strong>hoc</strong></span> <span class='ocrx_word' id='word_1_999' title='bbox 3099 5260 3247 5334; x_wconf 84' lang='lat' dir='ltr'><strong>opus</strong></span> <span class='ocrx_word' id='word_1_1000' title='bbox 3278 5279 3404 5319; x_wconf 89' lang='lat' dir='ltr'><strong>eam</strong></span> <span class='ocrx_word' id='word_1_1001' title='bbox 3435 5260 3786 5335; x_wconf 80' lang='lat' dir='ltr'><strong>legationem</strong></span> 
     </span>
    </p>
   </div>
   <div class='ocr_carea' id='block_1_136' title="bbox 2126 5332 3788 5404">
    <p class='ocr_par' dir='ltr' id='par_1_136' title="bbox 2126 5332 3788 5404">
     <span class='ocr_line' id='line_1_141' title="bbox 2126 5332 3788 5404; baseline 0.002 -17"><span class='ocrx_word' id='word_1_1002' title='bbox 2126 5332 2297 5387; x_wconf 85' lang='lat' dir='ltr'><strong>CPlin</strong></span> <span class='ocrx_word' id='word_1_1003' title='bbox 2331 5335 2562 5388; x_wconf 85' lang='lat' dir='ltr'><strong>venisse</strong></span> <span class='ocrx_word' id='word_1_1004' title='bbox 2595 5351 2608 5399; x_wconf 87' lang='lat'><strong>;</strong></span> <span class='ocrx_word' id='word_1_1005' title='bbox 2645 5342 2997 5404; x_wconf 89' lang='lat' dir='ltr'><strong>quapropter</strong></span> <span class='ocrx_word' id='word_1_1006' title='bbox 3037 5332 3349 5391; x_wconf 81' lang='lat' dir='ltr'><strong>crediderit</strong></span> <span class='ocrx_word' id='word_1_1007' title='bbox 3397 5332 3601 5390; x_wconf 73' lang='lat' dir='ltr'><strong>auctor</strong></span> <span class='ocrx_word' id='word_1_1008' title='bbox 3642 5336 3788 5391; x_wconf 89' lang='lat' dir='ltr'><strong>nihil</strong></span> 
     </span>
    </p>
   </div>
   <div class='ocr_carea' id='block_1_137' title="bbox 2124 5403 3786 5478">
    <p class='ocr_par' dir='ltr' id='par_1_137' title="bbox 2124 5403 3786 5478">
     <span class='ocr_line' id='line_1_142' title="bbox 2124 5403 3786 5478; baseline 0.002 -20"><span class='ocrx_word' id='word_1_1009' title='bbox 2124 5404 2476 5478; x_wconf 89' lang='lat' dir='ltr'><strong>amplius_et</strong></span> <span class='ocrx_word' id='word_1_1010' title='bbox 2510 5403 2856 5475; x_wconf 29' lang='lat' dir='ltr'><strong>propius’de</strong></span> <span class='ocrx_word' id='word_1_1011' title='bbox 2878 5403 2974 5472; x_wconf 86' lang='lat' dir='ltr'><strong>ea,</strong></span> <span class='ocrx_word' id='word_1_1012' title='bbox 3005 5411 3070 5459; x_wconf 92' lang='lat' dir='ltr'><strong>ut</strong></span> <span class='ocrx_word' id='word_1_1013' title='bbox 3116 5423 3178 5461; x_wconf 89' lang='lat' dir='ltr'><strong>re</strong></span> <span class='ocrx_word' id='word_1_1014' title='bbox 3207 5423 3396 5478; x_wconf 88' lang='lat' dir='ltr'><strong>nuper</strong></span> <span class='ocrx_word' id='word_1_1015' title='bbox 3425 5411 3589 5478; x_wconf 82' lang='lat' dir='ltr'><strong>gesta</strong></span> <span class='ocrx_word' id='word_1_1016' title='bbox 3637 5413 3695 5460; x_wconf 90' lang='lat' dir='ltr'><strong>et</strong></span> <span class='ocrx_word' id='word_1_1017' title='bbox 3727 5407 3786 5461; x_wconf 89' lang='lat' dir='ltr'><strong>in</strong></span> 
     </span>
    </p>
   </div>
   <div class='ocr_carea' id='block_1_138' title="bbox 2126 5474 3791 5541">
    <p class='ocr_par' dir='ltr' id='par_1_138' title="bbox 2126 5474 3791 5541">
     <span class='ocr_line' id='line_1_143' title="bbox 2126 5474 3791 5541; baseline 0.001 -12"><span class='ocrx_word' id='word_1_1018' title='bbox 2126 5475 2342 5530; x_wconf 92' lang='lat' dir='ltr'><strong>recenti</strong></span> <span class='ocrx_word' id='word_1_1019' title='bbox 2394 5474 2676 5530; x_wconf 89' lang='lat' dir='ltr'><strong>lectorum</strong></span> <span class='ocrx_word' id='word_1_1020' title='bbox 2736 5479 3020 5530; x_wconf 90' lang='lat' dir='ltr'><strong>memoria</strong></span> <span class='ocrx_word' id='word_1_1021' title='bbox 3077 5474 3600 5541; x_wconf 48' lang='lat' dir='ltr'><strong>adhuc&#39;hasfente,</strong></span> <span class='ocrx_word' id='word_1_1022' title='bbox 3662 5493 3791 5532; x_wconf 90' lang='lat' dir='ltr'><strong>nar-</strong></span> 
     </span>
    </p>
   </div>
   <div class='ocr_carea' id='block_1_139' title="bbox 2124 5548 3786 5617">
    <p class='ocr_par' dir='ltr' id='par_1_139' title="bbox 2124 5548 3786 5617">
     <span class='ocr_line' id='line_1_144' title="bbox 2124 5548 3786 5617; baseline 0.002 -17"><span class='ocrx_word' id='word_1_1023' title='bbox 2124 5563 2271 5603; x_wconf 90' lang='lat' dir='ltr'><strong>rare.</strong></span> <span class='ocrx_word' id='word_1_1024' title='bbox 2317 5549 2433 5617; x_wconf 89' lang='lat' dir='ltr'><strong>Ego</strong></span> <span class='ocrx_word' id='word_1_1025' title='bbox 2465 5548 2693 5616; x_wconf 89' lang='lat' dir='ltr'><strong>quidem</strong></span> <span class='ocrx_word' id='word_1_1026' title='bbox 2744 5563 2858 5601; x_wconf 90' lang='lat' dir='ltr'><strong>non</strong></span> <span class='ocrx_word' id='word_1_1027' title='bbox 2899 5548 3124 5614; x_wconf 91' lang='lat' dir='ltr'><strong>dubito,</strong></span> <span class='ocrx_word' id='word_1_1028' title='bbox 3171 5565 3499 5604; x_wconf 87' lang='lat' dir='ltr'><strong>sermonem</strong></span> <span class='ocrx_word' id='word_1_1029' title='bbox 3534 5549 3627 5601; x_wconf 89' lang='lat' dir='ltr'><strong>hic</strong></span> <span class='ocrx_word' id='word_1_1030' title='bbox 3655 5563 3786 5603; x_wconf 87' lang='lat' dir='ltr'><strong>esse</strong></span> 
     </span>
    </p>
   </div>
   <div class='ocr_carea' id='block_1_140' title="bbox 2123 5617 3788 5690">
    <p class='ocr_par' dir='ltr' id='par_1_140' title="bbox 2123 5617 3788 5690">
     <span class='ocr_line' id='line_1_145' title="bbox 2123 5617 3788 5690; baseline 0.001 -18"><span class='ocrx_word' id='word_1_1031' title='bbox 2123 5617 2194 5690; x_wconf 85' lang='lat' dir='ltr'><strong>de</strong></span> <span class='ocrx_word' id='word_1_1032' title='bbox 2241 5619 2371 5690; x_wconf 14' lang='lat' dir='ltr'><strong>illis,</strong></span> <span class='ocrx_word' id='word_1_1033' title='bbox 2411 5617 2614 5688; x_wconf 83' lang='lat' dir='ltr'><strong>legalis</strong></span> <span class='ocrx_word' id='word_1_1034' title='bbox 2665 5617 2962 5688; x_wconf 87' lang='lat' dir='ltr'><strong>Hispanis,</strong></span> <span class='ocrx_word' id='word_1_1035' title='bbox 3007 5621 3077 5675; x_wconf 91' lang='lat' dir='ltr'><strong>de</strong></span> <span class='ocrx_word' id='word_1_1036' title='bbox 3124 5621 3341 5690; x_wconf 88' lang='lat' dir='ltr'><strong>quibus</strong></span> <span class='ocrx_word' id='word_1_1037' title='bbox 3391 5617 3788 5690; x_wconf 84' lang='lat' dir='ltr'><strong>Luitprandus</strong></span> 
     </span>
    </p>
   </div>
   <div class='ocr_carea' id='block_1_141' title="bbox 2121 5689 3790 5762">
    <p class='ocr_par' dir='ltr' id='par_1_141' title="bbox 2121 5689 3790 5762">
     <span class='ocr_line' id='line_1_146' title="bbox 2121 5689 3790 5762; baseline 0 -18"><span class='ocrx_word' id='word_1_1038' title='bbox 2121 5689 2272 5744; x_wconf 88' lang='lat' dir='ltr'><strong>Hist.</strong></span> <span class='ocrx_word' id='word_1_1039' title='bbox 2314 5689 2487 5762; x_wconf 15' lang='lat' dir='ltr'><strong>V1.72,</strong></span> <span class='ocrx_word' id='word_1_1040' title='bbox 2520 5699 2826 5755; x_wconf 91' lang='lat' dir='ltr'><strong>memorat,</strong></span> <span class='ocrx_word' id='word_1_1041' title='bbox 2861 5691 3060 5746; x_wconf 87' lang='lat' dir='ltr'><strong>dicens</strong></span> <span class='ocrx_word' id='word_1_1042' title='bbox 3093 5689 3264 5762; x_wconf 82' lang='lat' dir='ltr'><strong>paulo</strong></span> <span class='ocrx_word' id='word_1_1043' title='bbox 3309 5696 3439 5762; x_wconf 90' lang='lat' dir='ltr'><strong>post</strong></span> <span class='ocrx_word' id='word_1_1044' title='bbox 3472 5689 3790 5762; x_wconf 82' lang='lat' dir='ltr'><strong>adventum</strong></span> 
     </span>
    </p>
   </div>
   <div class='ocr_carea' id='block_1_142' title="bbox 2121 5757 3789 5833">
    <p class='ocr_par' dir='ltr' id='par_1_142' title="bbox 2121 5757 3789 5833">
     <span class='ocr_line' id='line_1_147' title="bbox 2121 5757 3789 5833; baseline 0.001 -18"><span class='ocrx_word' id='word_1_1045' title='bbox 2121 5777 2292 5819; x_wconf 89' lang='lat' dir='ltr'><strong>suum</strong></span> <span class='ocrx_word' id='word_1_1046' title='bbox 2343 5761 2515 5818; x_wconf 88' lang='lat' dir='ltr'><strong>CPlin</strong></span> <span class='ocrx_word' id='word_1_1047' title='bbox 2545 5763 2750 5833; x_wconf 83' lang='lat' dir='ltr'><strong>eodem</strong></span> <span class='ocrx_word' id='word_1_1048' title='bbox 2793 5777 3027 5833; x_wconf 87' lang='lat' dir='ltr'><strong>quoque</strong></span> <span class='ocrx_word' id='word_1_1049' title='bbox 3060 5757 3292 5833; x_wconf 74' lang='lat' dir='ltr'><strong>venisse</strong></span> <span class='ocrx_word' id='word_1_1050' title='bbox 3309 5757 3553 5833; x_wconf 73' lang='lat' dir='ltr'><strong>nuntios</strong></span> <span class='ocrx_word' id='word_1_1051' title='bbox 3588 5757 3789 5829; x_wconf 83' lang='lat' dir='ltr'><strong>Hispa-</strong></span> 
     </span>
    </p>
   </div>
   <div class='ocr_carea' id='block_1_143' title="bbox 2121 5830 3786 5905">
    <p class='ocr_par' dir='ltr' id='par_1_143' title="bbox 2121 5830 3786 5905">
     <span class='ocr_line' id='line_1_148' title="bbox 2121 5830 3786 5905; baseline -0.001 -17"><span class='ocrx_word' id='word_1_1052' title='bbox 2121 5848 2246 5905; x_wconf 79' lang='lat' dir='ltr'><strong>nos.</strong></span> <span class='ocrx_word' id='word_1_1053' title='bbox 2281 5834 2376 5890; x_wconf 88' lang='lat' dir='ltr'><strong>Ait</strong></span> <span class='ocrx_word' id='word_1_1054' title='bbox 2423 5837 2616 5905; x_wconf 85' lang='lat' dir='ltr'><strong>autem</strong></span> <span class='ocrx_word' id='word_1_1055' title='bbox 2663 5831 2789 5905; x_wconf 93' lang='lat' dir='ltr'><strong>ipse</strong></span> <span class='ocrx_word' id='word_1_1056' title='bbox 2811 5830 2947 5889; x_wconf 68' lang='lat' dir='ltr'><strong>XIV</strong></span> <span class='ocrx_word' id='word_1_1057' title='bbox 2978 5831 3395 5905; x_wconf 23' lang='lat' dir='ltr'><strong>Cal.‘0cto_bris</strong></span> <span class='ocrx_word' id='word_1_1058' title='bbox 3424 5830 3565 5886; x_wconf 89' lang='lat' dir='ltr'><strong>illnc</strong></span> <span class='ocrx_word' id='word_1_1059' title='bbox 3595 5847 3786 5905; x_wconf 85' lang='lat' dir='ltr'><strong>appu-</strong></span> 
     </span>
    </p>
   </div>
   <div class='ocr_carea' id='block_1_144' title="bbox 2122 5902 3789 5980">
    <p class='ocr_par' dir='ltr' id='par_1_144' title="bbox 2122 5902 3789 5980">
     <span class='ocr_line' id='line_1_149' title="bbox 2122 5902 3789 5980; baseline -0.001 -20"><span class='ocrx_word' id='word_1_1060' title='bbox 2122 5903 2278 5965; x_wconf 87' lang='lat' dir='ltr'><strong>lisse.</strong></span> <span class='ocrx_word' id='word_1_1061' title='bbox 2299 5908 2444 5966; x_wconf 89' lang='lat' dir='ltr'><strong>Cum</strong></span> <span class='ocrx_word' id='word_1_1062' title='bbox 2459 5902 2770 5979; x_wconf 80' lang='lat' dir='ltr'><strong>igiturtem</strong></span> <span class='ocrx_word' id='word_1_1063' title='bbox 2776 5919 2985 5980; x_wconf 86' lang='lat' dir='ltr'><strong>porum</strong></span> <span class='ocrx_word' id='word_1_1064' title='bbox 3009 5903 3158 5962; x_wconf 85' lang='lat' dir='ltr'><strong>ratio</strong></span> <span class='ocrx_word' id='word_1_1065' title='bbox 3174 5903 3446 5978; x_wconf 87' lang='lat' dir='ltr'><strong>utrinque</strong></span> <span class='ocrx_word' id='word_1_1066' title='bbox 3458 5902 3789 5977; x_wconf 83' lang='lat' dir='ltr'><strong>concordet,</strong></span> 
     </span>
    </p>
   </div>
  </div>
