4052 6364
263 293 418 358 1059

1327 292 1478 354 CON
1487 290 1836 354 STANTIN
1845 290 1872 350 Ι
1915 289 2014 351 ΡΟ
2023 288 2234 349 RPHY
2244 291 2498 352 ROGEN
2507 291 2608 353 I'l‘l

3523 296 3681 358 1060

258 429 510 500 tropices
535 443 637 483 seu
667 425 992 482 ambulacri
1013 425 1301 483 fornicati.
1326 426 1413 481 Ab
1443 429 1696 498 utraque
1717 426 1892 480 auten

2019 419 2245 490 ταύτης,
2276 418 2424 490 πλήν
2455 422 2518 476 τὸ
2547 419 2958 496 ἀναδενδράδων
2987 429 3086 493 τῆς
3120 423 3430 498 μανναύρας
3463 424 3524 480 οὗ
3554 447 3682 482 κατ-

254 526 414 590 parte
444 515 853 572 columnarum
898 531 928 570 e
977 514 1188 586 pannis
1217 518 1426 572 sandes
1455 515 1592 570 inde
1623 514 1904 570 fornicem

251 606 838 678 sursumtegentibus
871 621 1061 678 usque
1087 606 1156 662 ad
1189 605 1442 662 fundum
1475 604 1907 677 suspendeban-

250 701 350 752 tur
373 697 781 768 scaramangia
812 711 1046 767 magna,
1068 712 1103 751 a
1133 695 1350 768 palatio
1383 695 1779 767 suppeditata.
1805 693 1906 750 Le-

249 787 367 859 gati
416 786 660 858 Hispani
716 801 850 841 cum
897 786 1184 850 adessent,
1229 785 1659 857 recipiebantur
1703 783 1903 839 eodem

253 892 490 949 prorsus
519 876 716 942 modo,
748 879 924 946 atque
954 874 1038 930 illi
1069 875 1404 945 Tarsensas,
1437 891 1506 930 ea
1530 879 1760 929 tantum
1791 871 1903 928 dif-

253 966 522 1036 ferentia,
555 964 711 1036 quod
741 965 1246 1020 anadendradium
1286 964 1377 1019 vel
1407 964 1747 1019 viridarium
1779 978 1903 1018 ma-

251 1071 487 1125 gnauras
508 1071 621 1110 non
645 1053 858 1126 pannis
884 1053 1113 1120 sandes,
1138 1054 1237 1108 sed
1260 1057 1448 1109 totum
1481 1051 1905 1124 scaramangiis

251 1148 590 1201 coornatum
662 1143 855 1199 fuerit.
903 1143 1413 1213 Suspendebantur
1477 1159 1710 1216 quoque
1765 1147 1904 1199 tunc

250 1249 428 1305 opera
456 1233 712 1290 materiae
733 1233 1021 1305 pretiosa,
1046 1231 1306 1288 smattita
1322 1231 1411 1288 vel
1431 1231 1704 1289 incausto
1727 1234 1902 1304 picta,

249 1340 280 1379 e
301 1323 542 1394 phylace
564 1339 666 1379 seu
695 1321 896 1377 aerario
919 1321 1211 1377 dominico
1245 1323 1614 1394 deprompta.
1637 1322 1904 1393 Hispani,

249 1427 392 1484 quos
437 1411 576 1479 dixi,
611 1411 858 1468 admissi
908 1411 1142 1466 fuerunt
1183 1410 1276 1468 die
1331 1411 1402 1465 24
1455 1409 1742 1467 Octobris.
1794 1411 1903 1467 Sed

247 1503 422 1558 redeo
463 1501 535 1558 ad
577 1508 822 1572 ereptam
863 1500 1254 1556 narrationem
1286 1499 1358 1556 de
1405 1499 1615 1572 legatis
1659 1499 1903 1556 Tarsen-

245 1591 431 1646 sibus.
465 1590 535 1646 In
565 1589 664 1645 illa
693 1589 888 1660 itaque
918 1587 1194 1660 tropieae
1225 1588 1436 1660 pannis
1471 1589 1683 1644 sendes
1714 1590 1908 1645 conte-

245 1685 340 1736 cta
395 1679 905 1751 suspendebantur
970 1685 1184 1734 catena
1243 1679 1686 1748 quatuordecim
1736 1695 1904 1734 encas

241 1771 640 1841 inargentataa,
671 1783 740 1823 ex
771 1765 1092 1822 Hormisdaa
1122 1766 1232 1836 (vel
1264 1771 1320 1821 Β.
1355 1768 1565 1839 Sergii)
1610 1773 1904 1823 monaste-

240 1861 324 1916 rio
353 1860 566 1932 petitas,
589 1866 644 1915 et
675 1857 913 1914 totidem
949 1856 1326 1929 polycandela
1357 1863 1636 1930 argentea
1665 1875 1733 1915 ex
1761 1858 1901 1922 Nee,

241 1954 302 2009 In
336 1953 554 2009 fornice
602 1955 824 2020 autem,
865 1950 965 2021 qui
997 1950 1059 2006 in
1095 1950 1416 2006 triclinium
1451 1952 1902 2007 candidatorum

247 2042 424 2108 ducit,
468 2058 756 2114 suspensa
784 2045 910 2096 erat
939 2043 1145 2095 catena
1176 2057 1294 2096 una
1323 2057 1454 2096 cum
1478 2058 1592 2097 uno
1624 2043 1902 2113 polycan-

243 2129 758 2187 delo.Triclinium
792 2128 1236 2184 candidatorum
1260 2129 1614 2186 instructum
1647 2135 1702 2186 et
1733 2147 1900 2186 orna-

236 2224 361 2276 tum
394 2220 580 2275 fuerat
628 2236 662 2273 a
691 2217 994 2274 sacellario
1029 2217 1258 2288 magnis
1299 2217 1528 2274 blatteis
1566 2235 1899 2275 sceraman-

237 2309 352 2379 giis
393 2308 686 2380 variisque
733 2305 1025 2378 argenteis
1072 2304 1475 2375 imperialibus
1516 2308 1811 2378 operibus,
1845 2313 1901 2365 et

239 2397 492 2455 habebat
511 2398 773 2468 quinque
794 2399 1046 2459 catenas,
1063 2409 1093 2450 e
1116 2395 1335 2465 quibus
1360 2395 1602 2451 totidem
1627 2404 1898 2468 argentea

237 2492 404 2543 Novas
432 2485 691 2542 ecclesiae
732 2481 1112 2555 polycandela
1143 2484 1568 2555 dependebant.
1603 2485 1894 2559 Spatium,

239 2577 395 2648 quod
457 2580 615 2630 extra
673 2572 966 2629 stabulum
1023 2573 1317 2629 mulorum
1367 2579 1475 2639 est,
1537 2579 1594 2630 et
1641 2576 1892 2648 primam

236 2667 498 2722 scholam
527 2668 832 2721 ornaverat
858 2663 1167 2735 praefectus
1194 2663 1351 2719 urbis
1383 2664 1594 2735 pannis
1617 2664 1818 2722 sericis
1839 2671 1896 2722 et

232 2753 674 2828 haplomatibus
706 2769 808 2808 seu
840 2754 1026 2807 vastis
1058 2751 1333 2807 altarium
1370 2755 1601 2825 mappis
1630 2759 1688 2810 et
1717 2755 1896 2812 sindi.

233 2846 317 2902 eis
350 2849 740 2917 praetereaque
770 2841 984 2898 ati'abre
1003 2841 1170 2897 factis
1202 2845 1258 2897 et
1281 2843 1474 2898 exscul
1485 2844 1598 2915 ptis
1617 2845 1890 2915 operibus

230 2934 542 3006 argenteis,
573 2932 647 2988 ad
693 2931 852 2987 varia
881 2929 1197 3002 hospitalia
1230 2931 1672 3002 peregrinorum
1705 2938 1762 2989 et
1795 2951 1890 2990 se-

231 3039 373 3079 num
403 3028 461 3079 et
488 3022 763 3079 ecclesias
795 3020 1253 3091 pertinentibus,
1281 3025 1338 3076 et
1363 3019 1514 3077 alias
1550 3021 1630 3077 ibi
1665 3023 1892 3094 deposi.

228 3103 326 3159 tis.
360 3106 429 3159 Et
479 3119 672 3160 coram
722 3101 954 3158 stabulo
996 3099 1288 3156 mulorum
1328 3101 1564 3171 quidem
1598 3101 1892 3173 depende-

2017 512 2300 582 ἐκοσμήθη
2334 509 2441 566 ἀπὸ
2496 509 2692 580 σενδές,
2725 509 2853 566 ἀλλ’
2904 510 3033 568 ὅλον
3083 509 3174 567 διὰ
3221 514 3676 590 σκαραμαγγίων,

2019 599 2277 672 μεγάλων
2305 601 2392 656 καὶ
2428 599 2836 676 ἐκρεμάσθησαν
2889 600 2941 656 ἐν
2988 602 3140 674 αὐτῷ
3186 603 3276 657 καὶ
3307 604 3374 658 τὰ
3405 605 3678 684 χειμευτά

2014 679 2148 764 ἔργα
2176 692 2273 743 τοῦ
2321 689 2567 766 φύλακος
2817 690 3007 766 Γέγονε
3051 690 3108 746 δὲ
3166 693 3201 761 ἡ
3241 696 3350 747 τῶν
3408 679 3677 749 Ἶσπανῶν

2016 769 2158 850 δοχὴ
2193 775 2327 848 μηνὶ
2388 773 2708 852 Ὀκτωϐρίῳ
2763 774 2844 833 κδ’
2904 778 3118 848 ’[στέον,
3171 777 3256 835 ὅτι
3311 778 3364 834 ἐν
3391 780 3562 856 ταύτῃ
3605 785 3676 855 τῇ

2012 867 2249 938 τροπικῇ
2295 869 2366 939 τῇ
2415 865 2520 921 ἀπὸ
2569 871 2675 921 τῶν
2734 865 2909 931 σενδὶς
2979 869 3470 944 κατασκευασθείσῃ
3518 868 3676 946 ἐκρε-

2019 951 2300 1024 μάσθησαν
2331 952 2584 1009 ἁλυσίδια
2621 955 2990 1034 ἀσπρόχαλκα
3043 958 3110 1032 ιγ“
3157 956 3264 1010 ἀπὸ
3313 960 3421 1011 τῶν
3469 956 3672 1030 Ὀρμί-

2015 1036 2143 1094 σδου
2201 1041 2290 1096 καί
2341 1041 2740 1114 πολυκάνδηλα
2787 1046 2998 1120 ἀργυρᾶ
3026 1045 3132 1100 ἀπὸ
3170 1052 3270 1114 τῆς
3302 1044 3440 1107 Νέας
3474 1044 3673 1116 ἐκκλη-

2013 1129 2147 1191 σίας.
2182 1130 2286 1187 Καὶ
2319 1131 2394 1196 εἰς
2420 1133 2485 1187 τὸ
2516 1134 2804 1208 φουρνικὸν
2834 1136 2897 1190 τὸ
2945 1133 3128 1210 ἐξάγον
3161 1133 3237 1196 εἷς
3265 1135 3356 1190 τὸν
3389 1133 3674 1210 τρίκλινον

2011 1221 2119 1272 τῶν
2151 1217 2487 1276 κανδιδάτων
2527 1220 2707 1298 ἕτερον
2757 1219 3036 1278 ἀλυσίόιον
3085 1223 3129 1278 α’
3179 1224 3268 1277 καὶ
3316 1221 3673 1296 πολυκάνδη-

2015 1305 2110 1362 λον
2179 1312 2246 1364 α’.
2287 1309 2509 1380 ³1πέον,
2577 1311 2661 1367 ὅτι
2728 1313 2756 1366 6
2831 1310 3110 1387 τρίκλινος
3168 1317 3276 1367 τῶν
3335 1310 3675 1368 κανδιδάτων

2013 1393 2325 1470 ἐξωπλίσθη
2394 1401 2539 1475 παρά
2611 1405 2708 1456 τοῦ
2780 1400 3145 1477 σακελλαρίου
3220 1402 3328 1456 ὰπὸ
3399 1401 3673 1477 βλαττίων

2016 1488 2435 1564 σκαραμαγγίων
2492 1489 2742 1566 μεγάλων
2791 1491 2878 1546 καὶ
2941 1490 3047 1547 ἀπὸ
3120 1491 3420 1565 βασιλικῶν
3481 1489 3677 1569 διαφό-

2015 1597 2122 1650 ρων
2181 1579 2428 1654 ἀργυρῶν
2502 1579 2693 1657 ἔργων,
2770 1582 2860 1636 καὶ
2940 1581 3345 1656 ἐκρεμάσθησαν
3409 1580 3461 1635 ἐν
3521 1580 3672 1654 αὐτῷ

2016 1665 2268 1723 ἀλυσίδια
2312 1676 2347 1723 ε’
2393 1670 2481 1724 καὶ
2533 1667 2929 1741 πολυκάνδηλα
2985 1671 3193 1746 ἀργυρᾶ
3233 1671 3339 1725 ἀπὸ
3388 1677 3488 1740 τῆς
3530 1669 3670 1734 Νέας

2015 1756 2307 1828 ἐκκλησίας
2337 1766 2386 1814 ε’.
2443 1759 2660 1828 Ἰστέον,
2721 1760 2804 1816 ὅτι
2861 1761 2924 1816 τὸ
2981 1757 3082 1830 ἔξω
3141 1764 3239 1814 τοῦ
3294 1760 3531 1816 σταύλου
3559 1765 3668 1815 τῶν

2016 1847 2264 1918 ἡμιόνων
2297 1849 2385 1902 καὶ
2415 1850 2515 1919 τὴν
2567 1850 2792 1921 πρώτην
2842 1847 3057 1924 σχολὴν
3103 1848 3402 1922 ἐξώπλισεν
3435 1851 3464 1904 6
3497 1849 3671 1926 ὕπαρ-

2015 1959 2118 2016 χος
2181 1935 2322 2003 ἔνθεν
2382 1939 2622 2003 κάκεῖθεν
2682 1939 2786 1994 ἀπὸ
2847 1938 3121 2012 βλαττίων
3177 1939 3266 1994 καὶ
3317 1939 3672 2013 ἁπλωμάτων

2013 2030 2103 2084 καὶ
2134 2027 2332 2098 σενδές,
2390 2030 2480 2084 καὶ
2540 2030 2644 2084 ἀπὸ
2702 2033 2810 2085 τῶν
2867 2030 3298 2102 ἐναποκειμένων
3342 2030 3673 2110 ἀναγλύιρων

2012 2117 2265 2192 ἀσημίων
2322 2117 2376 2174 ἐν
2430 2124 2545 2180 τοῖς
2603 2119 2790 2190 ξενῶσι
2848 2119 2937 2173 καὶ
2994 2118 3388 2193 γηροκομείοις
3428 2119 3518 2174 καὶ
3549 2126 3676 2184 ταῖς

2013 2206 2350 2278 ἐκκλησίαις.
2411 2207 2852 2282 Ἐκρεμάσθησαν
2914 2204 2971 2262 δέ
3025 2204 3279 2262 ἁλυσίδια
3345 2203 3512 2280 ἔξωθε
3573 2211 3674 2282 μὶν

2009 2301 2106 2352 τοῦ
2138 2297 2376 2352 στα-ὅλου
2405 2319 2511 2352 των
2541 2297 2789 2370 ἡμιόνων
2850 2298 2906 2351 ε¹⁶
2964 2296 3016 2351 ἐν
3077 2294 3135 2351 δὲ
3164 2302 3231 2371 τῇ
3263 2297 3456 2372 πρώτῃ
3482 2298 3669 2375 σχολῇ

2014 2386 2177 2458 μέσον
2227 2391 2324 2441 τοῦ
2374 2385 2649 2461 τρούλλου
2701 2387 2770 2440 α’·
2829 2385 2882 2441 ἐν
2934 2385 2991 2441 δὲ
3041 2390 3120 2458 τῷ
3148 2385 3412 2461 τρικλίνῳ
3441 2392 3549 2442 τῶν
3583 2388 3672 2459 ἐξ·

2008 2471 2282 2532 κουϐίτων
2317 2475 2724 2550 ἐκρεμάστησαν
2785 2472 3017 2531 ἁλυσῖδα
3078 2478 3142 2543 ς’,
3203 2477 3292 2530 καὶ
3351 2475 3404 2532 ἐν
3447 2478 3667 2540 τούτοις

2007 2560 2412 2635 ἐκρεμάσθησαν
2470 2558 2868 2630 πολυκάνδηλα
2925 2560 3138 2636 ἀργυρᾶ
3199 2560 3306 2615 ἀπὸ
3370 2566 3468 2629 τῆς
3526 2559 3661 2621 Νέας

2007 2648 2322 2720 ἐκκλησίας.
2377 2648 2592 2721 Ἰστὲον,
2643 2649 2724 2704 ὅτι
2774 2649 2837 2703 τὸ
2890 2644 3274 2724 τριϐουνάλιον
3307 2645 3601 2718 ἐξώπλισεν
3635 2650 3665 2703 6

2006 2740 2256 2814 ὕπαρχος
2305 2739 2441 2794 κατὰ
2498 2739 2560 2794 τὸ
2619 2738 2809 2799 εἰωθὸς
2866 2745 2968 2808 τῆς
3026 2736 3399 2812 προελεύσεως
3447 2736 3551 2792 ἀπό
3609 2758 3670 2792 τε

2008 2830 2283 2904 βλαττίων
2317 2828 2668 2902 ἀπλωμάτων
2719 2827 2810 2883 καὶ
2851 2825 3029 2890 σενδὲς
3069 2827 3160 2882 καὶ
3192 2826 3297 2882 ἀπὸ
3329 2822 3502 2901 ἔργων
3534 2846 3671 2902 χρυ-

2005 2924 2112 2973 σῶν
2145 2920 2233 2974 καὶ
2270 2923 2575 2998 χειμευτῶν
2635 2917 2725 2972 καὶ
2774 2916 3098 2994 ἀναγλῦφων
3149 2919 3422 2993 ἀργυρῶν,
3469 2913 3676 2987 δηλον-

2005 3011 2088 3066 ότι
2144 3015 2254 3065 τῶν
2313 3011 2742 3086 ἀργυροπρατῶν
2809 3013 2978 3064 ταῦτα
3033 3008 3412 3085 παρεχόντων.
3473 3008 3666 3082 Ἐκρε-

2005 3100 2288 3172 μάσοησαν
2356 3097 2414 3154 δὲ
2481 3096 2735 3154 ἀλυσίδια
2805 3099 2873 3173 ιβ’
2948 3097 3040 3153 καὶ
3107 3093 3507 3168 πολυκάνδηλα
3575 3096 3672 3172 ἀρ-

226 3193 367 3249 bant
394 3191 654 3265 quinque
696 3187 1073 3263 polycandela
1103 3204 1133 3244 e
1163 3188 1288 3244 suis
1319 3189 1564 3258 catenis,
1596 3171 1892 3262 inprima

2004 3171 2132 3262 γυρᾶ
2198 3189 2304 3243 ἀπὸ
2369 3194 2472 3256 τῆς
2547 3187 2688 3251 Νέας
2765 3171 3066 3256 ἐκκλησίας
3139 3185 3372 3242 δώδεκα.
3445 3186 3675 3252 Ἰστέον,

226 3298 358 3337 vero
417 3280 619 3338 schola
676 3278 1040 3351 dependebat
1107 3281 1335 3331 tantum
1386 3293 1568 3333 unum
1615 3296 1646 3335 e
1705 3279 1895 3337 medio

226 3369 426 3426 trullo.
460 3371 527 3425 In
559 3367 816 3424 triclinio
847 3365 1249 3422 excubitorum
1278 3367 1687 3438 dependebant
1717 3385 1747 3424 e
1785 3385 1888 3425 sex

2007 3278 2088 3332 δτι
2139 3278 2263 3332 τὸον
2317 3275 2595 3351 τρίκλινον
2648 3280 2757 3332 τῶν
2819 3274 3041 3352 σχολῶν
3080 3274 3376 3349 ἐξώπλισεν
3423 3276 3451 3330 6
3502 3273 3677 3348 ὕπαρο

2005 3386 2107 3442 χος
2176 3361 2321 3432 ἔνθεν
2390 3367 2630 3422 κάκεῖθεν
2708 3367 2813 3421 ἄπὸ
2901 3364 3175 3443 βλαττίων
3244 3367 3334 3420 καὶ
3401 3363 3670 3438 ἄπλωμά-

227 3459 447 3515 catenis
479 3457 718 3515 totidem
770 3461 1039 3523 argentea
1091 3456 1472 3527 polycaudela
1527 3476 1595 3515 ex
1642 3459 1886 3516 ecclesia

2004 3477 2100 3510 των
2133 3457 2223 3512 καὶ
2255 3454 2436 3519 σενδὲς
2465 3457 2554 3511 καὶ
2596 3457 2702 3512 ἀπὸ
2752 3460 2862 3510 τῶν
2913 3451 3348 3529 ἐναποκειμὲνων
3405 3453 3661 3526 ἀσημίων

226 3549 389 3602 Nova
418 3545 615 3618 petita.
641 3545 788 3600 381
825 3543 1104 3598 Tribunal
1129 3543 1254 3614 [seu
1285 3543 1610 3601 triclinium
1646 3547 1764 3602 XIX
1795 3564 1886 3603 ac-

228 3635 554 3705 cubituum]
603 3636 909 3690 ornaverat
961 3632 1265 3700 praefectus
1315 3632 1476 3689 urbis
1508 3651 1573 3690 eo
1605 3635 1789 3707 modo,
1826 3645 1887 3692 ut

229 3725 354 3781 ﬁeri
378 3723 528 3780 solet
559 3726 616 3778 in
654 3721 1152 3794 processionibus,
1177 3737 1386 3794 nempe
1414 3722 1888 3797 blatteis,haplo-

229 3814 484 3870 matibus
513 3816 570 3870 et
600 3813 814 3869 sandes
838 3811 1073 3883 pannis,
1099 3811 1234 3868 item
1259 3813 1537 3884 operibus
1569 3815 1761 3870 aureis
1792 3831 1888 3872 en-

228 3908 434 3958 causto
466 3901 779 3958 artiﬁciose
821 3900 990 3973 pictis
1023 3901 1434 3972 argenteisque
1464 3902 1760 3973 eleganter
1787 3922 1884 3962 ex-

228 3990 492 4062 sculptis,
527 4007 654 4061 quae
686 3988 1071 4046 cambiatores
1102 3990 1636 4060 suppeditaverant.
1663 3993 1882 4050 Ibidem

227 4080 631 4151 dependebant
662 4079 967 4134 duodecim
1001 4083 1274 4150 argentea
1295 4078 1671 4152 polycandela
1694 4101 1723 4139 e
1749 4085 1883 4140 toti-

231 4171 363 4225 dem
395 4170 638 4228 catenis.
659 4170 793 4225 Haec
823 4169 896 4225 ad
924 4169 1141 4226 Novam
1168 4169 1474 4226 ecclesiam
1494 4171 1879 4242 pertinebant.

1995 3541 2048 3600 ἔν
2087 3567 2146 3601 τε
2191 3551 2310 3610 τοῖς
2358 3547 2549 3616 ξενῶσι
2598 3545 2691 3600 καὶ
2739 3545 3134 3621 γηροκομείοις
3177 3545 3267 3600 καὶ
3309 3549 3428 3606 ταῖς
3459 3541 3666 3614 ἐκκλη-

1997 3635 2158 3697 σίαις’
2193 3635 2601 3710 ἐκρεμάσθησαν
2655 3631 2712 3690 δὲ
2760 3633 3022 3690 ἁλυσίδια
3051 3636 3080 3689 ι’
3119 3635 3212 3690 καὶ
3258 3630 3664 3703 πολυκάνδηλα

1994 3724 2205 3800 ἀργυρᾶ
2263 3725 2368 3780 ἀπὸ
2435 3733 2535 3795 τῆς
2609 3723 2747 3786 Nec:
2819 3722 3114 3793 ἐκκλησίας
3177 3725 3228 3781 ι’.
3293 3725 3518 3792 Ἰστὲον,
3577 3723 3664 3779 δτ.

1993 3808 2189 3878 ἔσωθεν
2248 3821 2350 3884 τῆς
2409 3812 2630 3890 χαλκῆς
2688 3811 2870 3884 πύλης
2930 3811 3085 3869 οὐδὲν
3147 3813 3252 3868 ἀπὸ
3309 3811 3567 3888 βλαττίου
3627 3811 3664 3880 ἤ

1995 3901 2335 3977 ἁπλώματος
2381 3904 2416 3974 ἢ
2449 3901 2623 3965 σενδές
2674 3902 2885 3980 γέγονεν
2935 3903 3233 3974 ἐξόπλισις,
3265 3900 3395 3957 ἁλλ’
3424 3901 3459 3972 ἤ
3494 3902 3663 3974 μόνον

1995 3992 2402 4066 ἐκρεμάσθησαν
2460 3990 2710 4047 ἂλυσίδια
2760 3989 2806 4047 ϐ’
2858 3994 2950 4048 καὶ
2999 3989 3394 4062 πολυκάνδηλα
3449 3990 3664 4066 ἀργυρᾶ

1995 4083 2100 4138 ἀπὸ
2147 4090 2246 4154 τῆς
2286 4084 2429 4145 Νέας
2485 4081 2778 4154 ἐκκλησίας
2830 4080 2947 4139 δύο.
2996 4079 3212 4149 Ἰστὲον,
3266 4081 3372 4152 δτι,
3413 4075 3514 4153 ἔξω
3550 4087 3657 4150 τῆς

1997 4171 2216 4248 χαλκῆς
2260 4171 2441 4244 πύλης
2500 4173 2794 4242 ἐξώπλισεν
2841 4173 2870 4228 ὁ
2919 4170 3166 4248 ὕπαρχος
3212 4165 3352 4226 ἔνθεν
3403 4169 3651 4236 κάκεῖθεν

1266 4266 1472 4323 JOAN.
1513 4269 1663 4326 JAC.
1709 4271 1974 4329 REISKll
2013 4273 2608 4330 COMMENTARIUS.

232 4377 347 4416 non
380 4359 584 4439 dubito
607 4358 752 4429 quin
783 4357 1131 4431 legationem
1160 4356 1588 4439 et_Luit_prandi
1609 4365 1666 4414 et
1690 4360 1890 4439 iiispa-
1920 4367 1965 4430 D
1999 4365 2153 4439 enim
2189 4364 2431 4439 Hispani
2464 4380 2494 4420 e
2527 4380 2703 4436 regno
2725 4363 3024 4439 Valentia
3055 4366 3282 4439 Cretam
3335 4361 3664 4439 imperante

233 4433 522 4507 noru_min_
553 4446 738 4486 unum
761 4432 1561 4507 commemoravit,majorem
1585 4432 1886 4507 negligens
1997 4432 2314 4507 TbeOphilo
2348 4432 2682 4507 rapuerant.
2717 4435 2867 4500 Quid
2897 4440 3092 4492 autem
3145 4436 3204 4490 in
3252 4432 3498 4507 Saganis
3531 4450 3663 4507 egeg

229 4508 286 4558 et
315 4503 693 4558 minutiarum
719 4505 1101 4569 consectator,
1136 4515 1371 4571 prorsus
1406 4507 1468 4555 ut
1488 4502 1696 4558 Noster
1726 4502 1880 4561 intra

229 4591 463 4646 quoque
538 4588 670 4646 pag.
729 4574 855 4642 343,
908 4595 949 4646 «μ
999 4573 1093 4628 Die
1149 4571 1274 4626 Kal.
1325 4572 1715 4646 Augustarum,
1777 4577 1878 4642 ait,

226 4644 406 4714 Papi}:
452 4644 720 4717 egressus,
774 4666 804 4694 »
836 4644 955 4717 sed
1003 4659 1255 4717 annum_
1286 4644 1525 4717 reticet,
1556 4668 1576 4695 ι
1634 4647 1881 4703 Venetia:

229 4713 372 4789 verti,
400 4739 428 4769 »
461 4713 576 4789 quo
590 4733 803 4789 nempe
823 4714 996 4789 QPlin
1020 4715 1148 4782 iret,
1173 4730 1205 4769 a
1223 4713 1567 4784 Berengario
1598 4720 1880 4789 secundo,

229 4790 327 4861 qui
358 4787 532 4845 'anno
578 4788 686 4843 947
737 4787 912 4844 Italiae
963 4801 1208 4861 regnum
1245 4794 1703 4861 recuperaverat,
1743 4787 1881 4847 illuc

227 4857 471 4931 legatus.
516 4882 544 4911 ι(
580 4861 698 4928 Ubi,
734 4861 939 4932 pergit,
969 4857 1401 4932 et’Salomonem
1433 4857 1883 4932 com_z'tem’(forte

225 4928 443 5004 comitis
471 4928 865 5004 appellatione
899 4928 1411 5004 protosziathariugn
1468 4929 1652 4986 voluit
1688 4928 1882 5004 eirpri-

226 4997 415 5075 mere),
458 4997 765 5075 Graecorum
809 4997 1092 5075 nuntium;
1140 4997 1490 5068 κοιτωνίτην,
1549 4997 1881 5075 θιιηιισὴὶιηι,

226 5073 408 5140 reperi
454 5073 520 5126 ab
553 5073 819 5143 Hispania
849 5082 901 5128 et
947 5072 1194 5128 Saxonta
1226 5087 1558 5142 regressum,
1596 5095 1624 5123 ››
1669 5080 1778 5130 etc.
1813 5072 1886 5132 At

230 5143 370 5212 quid
400 5153 592 5212 egerat
613 5144 846 5200 Salomo
871 5145 928 5199 in
953 5144 1228 5213 Hispania
1257 5150 1313 5199 et
1334 5143 1627 5200 Saxonia?
1645 5144 1887 5203 Videtur

229 5214 528 5270 Romanus
554 5215 877 5285 Lecapenus
904 5214 1326 5286 expeditionem
1359 5221 1557 5271 contra
1578 5215 1885 5275 Cretenses

230 5286 560 5362 Saracenos
581 5287 777 5362 animo
811 5285 1118 5362 agitan_s__in
1154 5285 1494 5362 societatem
1522 5287 1660 5344 belli
1693 5305 1882 5362 regem

231 5356 484 5431 aliquem
505 5355 896 5431 Christianum
912 5357 969 5412 in
995 5355 1882 5431 Hispania,forteArragonium,

228 5427 545 5486 sollicitare
593 5427 1259 5500 voluisse,iquiie’mari
1310 5427 1728 5500 Mediterraneo
1784 5427 1884 5489 eos

227 5501 577 5568 adoriretur,
608 5503 706 5554 aut
733 5499 993 5566 regulum
1024 5499 1302 5553 Valentini
1325 5499 1882 5561 Muhammedanum

230 5572 411 5652 armis
439 5580 688 5652 vectarat,
729 5586 915 5652 eoque
945 5569 1298 5652 prohiberet,
1341 5588 1411 5628 ne
1457 5571 1554 5652 ille
1580 5577 1884 5652 saraccnis

229 5643 628 5717 Cretensibus,
687 5641 812 5700 suis
857 5641 1106 5710 civibus,
1169 5651 1555 5702 succurreret.
1614 5646 1885 5705 Saraceni

1995 4507 2069 4562 rit
2097 4505 2218 4562 tum
2253 4505 2510 4579 quidem,
2563 4525 2678 4563 non
2711 4512 2938 4578 exputo.
2975 4507 3291 4562 Volebatne
3317 4505 3604 4579 Othonem
3640 4505 3665 4563 Ι

1990 4577 2398 4650 imperatorem
2445 4579 2504 4633 in
2535 4577 2868 4635 societatem
2903 4579 3035 4634 belli
3068 4579 3349 4633 adversus
3401 4577 3649 4634 rebelles

1989 4651 2121 4706 Cam
2133 4650 2354 4723 pagniaa
2378 4651 2608 4722 regulos
2625 4650 2982 4723 pertrahere,
3005 4653 3107 4723 aut
3126 4651 3405 4723 adversus
3417 4652 3657 4723 Bunga-

1992 4723 2091 4777 rize
2123 4720 2315 4792 regem
2348 4720 2575 4777 armare
2596 4720 2795 4788 ‘t‘Quis
2825 4737 3021 4777 verum
3052 4721 3263 4792 dixerit
3289 4720 3318 4775 ‘l
3348 4720 3645 4792 Quidquid

1992 4791 2388 4863 autem'hujus
2405 4793 2485 4849 rei
2511 4793 2610 4862 sit,
2633 4797 2903 4849 videntur
2926 4793 3164 4863 Hispani
3186 4791 3384 4864 legati,
3401 4791 3652 4862 quorum

1992 4864 2090 4919 hic
2118 4866 2182 4919 fit
2214 4865 2431 4920 mentio
2465 4865 2632 4920 missi
2667 4866 2736 4920 ab
2768 4864 2868 4919 illo
2903 4864 3158 4935 Hispano
3191 4879 3346 4935 rege,
3379 4865 3657 4935 adquem

1994 4935 2294 4991 Romanus
2314 4936 2574 5004 miserat,
2601 4945 2662 4991 ut
2680 4934 3024 5006 responsum
3050 4936 3174 5007 ejus
3196 4934 3275 4990 ad
3291 4934 3661 5007 GraeciUIega-

1993 5008 2214 5062 tionem
2249 5008 2549 5062 referrent.
2577 5005 2930 5078 Aliam’post
2964 5005 3335 5076 hoc'tempus
3367 5006 3426 5060 in
3459 5005 3665 5078 Hispa-

1995 5079 2155 5135 niam
2211 5078 2460 5152 misisse;
2526 5077 2874 5152 legationem
2934 5078 3129 5150 ipsum
3195 5077 3656 5152 Constantinum

1994 5157 2064 5219 Α,
2125 5153 2182 5204 C.
2228 5150 2385 5222 948.,
2436 5149 2695 5206 forte—ex
2734 5166 2799 5206 eo
2845 5155 3019 5222 patet,
3055 5150 3210 5222 quod
3255 5150 3408 5204 infra
3439 5166 3493 5219 p.
3525 5149 3658 5216 383,

1996 5224 2169 5292 regiae
2194 5220 2363 5277 classi
2397 5223 2672 5278 adversus
2702 5220 2928 5277 Cretam
2965 5220 3274 5277 destinatae
3303 5226 3652 5290 computan-

1994 5298 2092 5365 tur
2121 5309 2255 5365 cum
2280 5293 2409 5365 aliis
2438 5295 2552 5348 tria
2582 5293 2901 5365 navigia,et
2922 5293 3042 5348 haec
3061 5295 3278 5365 dicitur
3299 5293 3574 5365 ostiarius
3593 5296 3662 5365 et.

1996 5363 2395 5436 nipsistiarius
2425 5363 2758 5436 Stephanus
2787 5380 2920 5420 cum
2953 5364 3112 5436 regia
3140 5364 3558 5436 commissione
3589 5363 3650 5418 in

1997 5435 2331 5508 Hispaniam
2393 5435 2611 5492 missus
2661 5453 2856 5492 secum
2909 5435 3253 5508 sumpsisse.
3290 5435 3394 5491 Illa
3449 5439 3654 5491 autem

1995 5507 2200 5563 classis
2229 5509 2508 5564 adversus
2539 5510 2765 5563 Cretam
2812 5507 3076 5578 expedita
3110 5509 3233 5577 fuit,
3268 5513 3414 5564 teste
3453 5512 3658 5564 nostro

1997 5578 2278 5653 ludfivll,
2311 5583 2374 5635 A.
2409 5581 2469 5636 C.
2502 5581 2626 5634 949.
2663 5579 3099 5653 νηάἰοθυᾲαοᾴ
3132 5597 3188 5653 p.
3223 5581 3346 5635 383.

2068 5651 2178 5725 (66)
2208 5649 2349 5708 Vide
2379 5666 2553 5724 supra
2583 5656 2702 5708 not.
2733 5651 2825 5707 54.
2858 5650 2968 5712 col.
3000 5652 3124 5708 113.
