4052 6386
351 407 507 467 1073

1198 410 1297 466 DE
1344 407 1788 468 CERIMONHS
1837 410 2071 469 AULIE
2121 409 2602 470 BYZAN'l‘lNzF.
2649 411 2793 472 LIB.
2840 411 2914 470 ll.

3611 412 3718 472 107
3738 417 3765 470 δ

345 540 587 616 ροῦντων
621 541 823 594 σπαθία
861 539 951 594 καὶ
1003 542 1382 615 βασταζόντων
1440 545 1757 617 σκουτάρια.
1810 543 1877 600 Οἱ
1919 543 1968 598 οἱ

2115 561 2372 617 suasque
2403 548 2664 618 spathae.
2695 547 2900 604 Statim
2931 551 3061 620 post
3100 563 3200 604 eos
3229 548 3466 605 stabant
3498 547 3766 605 Macedo-

343 629 550 684 κειακοί
583 629 1070 704 πρωτοσπαθάριοι
1102 624 1329 700 ἔστησαν
1366 631 1442 695 εἰς
1483 635 1583 701 τήν
1618 631 1857 687 σωλαίαν
1889 634 1998 704 (82)

341 715 483 773 ἔνθεν
539 719 786 772 κάκεῖθεν
862 722 1154 796 φοροῦντες
1235 722 1614 796 σκαραμάγγια
1671 722 1997 793 πρασινορὸο

342 803 462 860 δινα
517 810 636 878 (83)
693 805 784 861 καὶ
843 806 1062 871 σπαθία.
1122 811 1223 863 Καὶ
1285 812 1401 882 μετ’
1450 807 1646 873 αὐτοὺς
1687 808 1911 880 ἔστησαν
1946 810 1998 864 οἱ

342 892 907 969 σπαθαροκανδιδάτοι
985 901 1275 974 φοροῦντες
1353 899 1741 976 σκαραμάγγια
1821 895 1999 953 πολύ-

341 1005 487 1062 χροα
535 984 625 1039 καὶ
675 985 870 1039 σπαθία
919 986 1007 1039 καὶ
1064 987 1130 1040 τὰ
1189 985 1827 1061 σπαθαροκανδιδατίκια.
1893 989 1996 1044 Καὶ

344 1076 460 1145 μετ’
528 1074 722 1138 αὐτοὺς
800 1072 1026 1147 ἔστησαν
1085 1079 1134 1131 οἱ
1195 1080 1482 1152 σπαοάριοι
1555 1084 1846 1155 φοροῦντες
1903 1080 1994 1133 καὶ

342 1163 520 1218 etiam?
568 1162 861 1238 πολύχροα
892 1164 1270 1242 σκαραμαὶγγια
1307 1168 1397 1221 καὶ
1445 1168 1513 1222 τὰ
1543 1166 1744 1222 ἑαυτῶν
1775 1167 1993 1238 σπαθία,

342 1254 699 1327 βαστάζοντες
754 1254 844 1308 καὶ
904 1251 1210 1328 ὃιστράλιςι.
1273 1257 1369 1310 Καὶ
1424 1258 1537 1328 μετ’
1587 1257 1782 1317 αὐτοὺς
1831 1255 1992 1328 ἔστη-

341 1365 436 1397 σαν
486 1344 538 1398 οἱ
613 1345 922 1420 στράτωρες
996 1351 1284 1423 φοροῦντες
1347 1347 1722 1423 σκαραμάγγια
1798 1347 1994 1404 λευκο-

341 1431 567 1496 λέοντας
625 1437 758 1508 (8-4),
823 1436 912 1490 καὶ
972 1437 1166 1509 ἑτέρων
1225 1442 1431 1511 χροιῶν
1489 1438 1580 1492 καὶ
1659 1438 1990 1511 ἐξεμπλίων.

341 1522 699 1597 βαστάζοντες
748 1524 837 1579 καὶ
890 1525 955 1580 τὰ
1003 1527 1369 1601 στρατωρέκια
1399 1529 1536 1598 (85).
1584 1529 1736 1596 Δεξιὰ
1767 1525 1825 1582 δὲ
1855 1528 1992 1601 πρὸς

334 1609 485 1666 δύσιν
519 1611 596 1674 εἷς
626 1615 724 1682 τήν
755 1613 1027 1686 σύμπηξιν
1077 1620 1183 1670 τῶν
1235 1613 1330 1670 δύο
1387 1615 1578 1691 βήλων
1623 1613 1813 1686 ἔξωθεν
1848 1615 1992 1672 ἄνω-

332 1712 420 1765 οεν
453 1706 558 1756 τῶν
593 1699 911 1778 ἀναϐάθρων
963 1708 1059 1759 τοῦ
1111 1704 1356 1780 μεγάλου
1406 1704 1690 1781 τρικλίνου
1719 1709 1818 1776 τῆς
1855 1729 1990 1780 μαν-

328 1791 529 1866 ναύρας
580 1791 706 1863 ἔστη
765 1801 865 1864 τῆς
918 1797 1030 1867 (86)
1083 1796 1335 1870 μεγάλης
1383 1797 1647 1871 ἑταιρείας
1704 1797 1986 1872 βαστάζων

2111 651 2211 690 nes
2233 652 2461 707 magna:
2508 637 2776 703 hetaeriae,
2810 643 3072 706 gerentes
3103 637 3382 695 interulas
3415 642 3472 692 et
3511 638 3758 710 spathas

2109 725 2440 797 singulares
2471 725 2558 781 vel
2591 744 2624 782 a
2653 727 2890 797 cingulo
2920 732 2977 782 et
3008 727 3325 783 femoribus
3355 728 3760 799 dependentes

2110 820 2417 885 argenteas
2450 833 2586 872 cum
2610 817 2750 873 loris
2782 817 3072 873 inauratis
3101 818 3557 888 argenteis,ite,m
3591 822 3760 874 scuta

2107 919 2280 959 aurea
2308 911 2366 960 et
2397 905 2512 962 alia
2533 923 2692 962 aenea
2720 907 2986 963 inaurata
3015 910 3072 964 et
3103 907 3287 962 ferrea
3321 922 3552 978 quoque
3579 921 3592 974 ;
3617 908 3756 962 item

2105 1009 2335 1051 secures
2367 996 2543 1052 unius
2577 995 2712 1053 ferri
2743 1002 2800 1052 et
2849 997 3154 1069 bipennes.
3205 996 3361 1052 Infra
3391 999 3587 1052 autem
3619 995 3758 1052 illos

2104 1085 2320 1154 gradus
2351 1084 2585 1140 stabant
2633 1090 2877 1157 utraque
2910 1085 3170 1154 hetaeria,
3203 1101 3416 1156 magna
3443 1089 3502 1141 et
3531 1085 3739 1154 media,

2102 1179 2158 1229 et
2188 1174 2430 1246 Fargani
2480 1181 2536 1230 et
2582 1175 2818 1230 Chazari
2845 1194 2865 1230 :
2895 1191 3098 1231 omnes
3129 1191 3245 1231 una
3275 1190 3456 1230 manu
3486 1173 3756 1246 spathae,

2103 1263 2286 1318 altera
2332 1267 2497 1319 scuta
2552 1268 2838 1335 gerentes.
2899 1264 3217 1320 Domestici
3283 1262 3747 1336 protospatharii

2103 1353 2342 1408 stabant
2372 1353 2429 1407 in
2454 1353 2611 1408 solea
2647 1353 2784 1409 hinc
2813 1358 2871 1410 et
2897 1353 3080 1424 illinc,
3105 1357 3403 1426 gestantes
3426 1369 3760 1410 scaraman-

2102 1442 2438 1514 giagemino
2453 1441 2664 1511 colore,
2686 1443 2856 1498 viridi
2885 1447 2942 1498 et
2972 1460 3158 1510 roseo,
3191 1443 3467 1499 distincta
3488 1441 3757 1514 spathae-

2102 1546 2232 1600 que.
2268 1530 2404 1586 Post
2428 1547 2530 1586 eos
2561 1531 2791 1586 stabant
2839 1531 3420 1602 spatharocandidati
3451 1535 3753 1603 gestantes

2101 1620 2341 1691 spathas
2373 1625 2429 1676 et
2465 1622 2868 1690 scaramangia
2907 1621 3304 1678 multicoloria
3341 1625 3399 1678 et
3437 1621 3751 1693 spatharo-

2101 1709 2506 1766 candidaticia.
2552 1711 2686 1766 Post
2727 1725 2826 1766 eos
2857 1713 3089 1767 stabant
3117 1709 3422 1782 spatharii,
3456 1717 3749 1782 gestantes

2097 1801 2155 1854 et
2186 1797 2245 1852 hi
2277 1814 2509 1870 quoque
2557 1799 2948 1856 multicoloria
2979 1798 3388 1871 scaramangia
3415 1803 3474 1856 et
3504 1799 3746 1871 spathas

321 1881 386 1934 τὸ
434 1882 844 1960 χρυσοΰφαντον
892 1883 1066 1946 σενδὲς
1123 1884 1404 1959 βασιλικὸν
1446 1884 1832 1959 φλάμουλλον.
1861 1889 1968 1944 Ἐνη

2097 1902 2231 1942 suas
2253 1892 2312 1942 et
2339 1886 2644 1944 dextralia.
2676 1887 2818 1943 Dein
2841 1887 3076 1944 stabant
3115 1893 3421 1958 tratores,
3448 1892 3745 1961 gestantes

321 1970 410 2024 θεν
470 1969 527 2025 δὲ
581 1973 825 2036 κάκεῖθεν
880 1978 988 2028 τῶν
1036 1974 1214 2028 αὐτῶν
1285 1969 1598 2050 ἄναϐάθρων
1660 1980 1756 2030 τοῦ
1815 1976 1980 2031 αὐτοῦ

321 2057 572 2136 μεγάλου
603 2060 883 2127 τρικλίνου
931 2069 1031 2132 τῆς
1085 2062 1388 2139 μανναῦρας
1437 2059 1628 2134 ἔξωθεν
1659 2069 1766 2120 τῶν
1801 2064 1976 2120 αὐτῶν

2092 1977 2495 2049 scaramangia
2524 1975 2792 2033 leonibus
2825 1977 2975 2034 albis
3007 1976 3252 2049 aliisque
3283 1978 3461 2034 variis
3493 1986 3608 2033 tam
3639 1994 3743 2034 co-

2091 2067 2316 2122 loribus
2366 2083 2544 2139 quam
2593 2066 2798 2138 figuris
2843 2083 3038 2123 rerum
3089 2069 3264 2139 picta.
3317 2067 3636 2124 Gestabant
3675 2066 3738 2124 bi

1360 2163 1558 2219 JOAN.
1601 2166 1749 2220 JAC.
1794 2163 2063 2220 REISKII
2101 2163 2700 2220 COMMENTARIUS.

315 2257 596 2330 pthorum
631 2259 940 2316 rebellium
966 2265 1023 2317 et
1047 2261 1487 2331 indomitorum,
1511 2262 1976 2319 Baschinusrita-

317 2346 449 2404 rum
469 2347 577 2386 suo
595 2333 833 2404 nomine
849 2334 1071 2404 dictoru
1084 2351 1133 2387 m
1147 2350 1313 2404 ,quos
1326 2337 1701 2402 Renaudot,”
1714 2336 1809 2390 ist.
1822 2335 1974 2391 Patr.

318 2401 482 2457 Alex.
530 2419 586 2472 p.
619 2402 718 2457 281
756 2403 836 2458 ait
887 2401 1330 2473 Almamurium,
1383 2422 1516 2460 cum
1578 2401 1812 2462 demare
1861 2424 1976 2463 non

321 2479 524 2545 posset
555 2474 893 2545 Bagdadum
927 2477 1298 2532 transtulisse
1321 2481 1377 2531 et
1405 2478 1463 2532 in
1497 2477 1762 2533 militiam
1807 2492 1977 2534 suam

319 2544 840 2602 abdidisse.'Certe
891 2551 1041 2616 apud
1089 2549 1359 2603 Hamzam
1410 2549 1784 2617 lspanenscm
1818 2553 1975 2606 inve.

321 2617 418 2672 nio
451 2632 637 2690 genus
670 2618 891 2690 militiis
923 2621 1282 2688 equestrisin
1307 2622 1441 2675 aula
1473 2620 1818 2690 Bngdadica,
1844 2622 1979 2676 Mis-

329 2704 490 2764 1_'_e2_rse
517 2689 936 2764 dictum.l_dem
957 2691 1456 2764 quoqueHamzah
1483 2689 1635 2746 aliud
1658 2709 1843 2764 genus
1873 2695 1975 2747 mi-

337 2759 471 2836 litia:
495 2761 847 2831 pedestrisin
874 2759 1010 2817 aula
1033 2759 1355 2836 Bajgdadica
1374 2759 1688 2826 memorat:
1706 2765 1801 2836 qui
1829 2765 1974 2819 nulli

341 2828 438 2906 alii
469 2828 708 2906 possunt
737 2849 862 2906 esse
885 2850 1058 2906 quam
1083 2828 1487 2904 cyrenasenses
1510 2851 1609 2890 seu
1637 2828 1752 2890 Afri
1787 2853 1816 2890 e
1841 2853 1971 2906 pro-

338 2899 521 2978 vincia
543 2905 737 2958 Africa
759 2899 1050 2978 desu'mpti
1078 2921 1090 2958 :
1116 2899 1390 2978 incidebat
1418 2910 1688 2962 tumultus
1721 2899 1868 2962 inter
1889 2925 1976 2978 pe-

328 2971 464 3050 dites
481 2978 670 3042 nigros
690 2981 745 3030 et
758 2971 1173 3050 Alcaraivenasi
1194 2977 1318 3048 [seu
1341 2979 1660 3048 Cyrentsos]
1683 2971 1978 3050 multisaue

323 3046 584 3118 utrinque
631 3047 815 3112 censis,
858 3047 1078 3102 tandem
1126 3046 1282 3118 nigri
1311 3046 1624 3116 superiores
1646 3046 1970 3105 evadebant.

318 3115 387 3191 Et
402 3115 689 3191 Abulfeda
703 3119 914 3173 adann.
935 3119 1044 3173 255
1058 3119 1156 3190 [Ch
1171 3115 1212 3174 τί
1246 3121 1373 3191 869]
1390 3122 1458 3176 de
1474 3137 1609 3176 casu
1635 3121 1722 3174 ΑΙ·
1736 3123 1971 3176 Motazzi

318 3187 845 3262 chalifa‘eunarrans,
879 3196 996 3244 tres
1029 3187 1291 3246 diversos
1313 3187 1547 3246 ordines
1581 3198 1974 3262 protectorum

321 3275 424 3333 seu
463 3259 686 3315 militias
715 3261 985 3333 palatinze
1011 3263 1067 3315 in
1093 3263 1228 3316 aula
1246 3259 1690 3333 Bagdadica—bos
1710 3272 1972 3321 recenset

2087 2260 2520 2335 ἁσττροκόκκινος
2552 2263 2839 2318 redderet.
2903 2261 3013 2318 Dat
3051 2261 3208 2335 enim
3240 2262 3299 2317 in
3332 2262 3422 2318 Gl.
3456 2263 3552 2318 Gr.
3584 2263 3644 2319 h.
3676 2281 3733 2324 ν.

2085 2333 2293 2405 partim
2330 2335 2506 2402 albus,
2547 2336 2759 2405 partim
2801 2337 3080 2390 coccineus
3118 2333 3205 2390 vel
3235 2337 3519 2390 coccineus
3549 2337 3739 2392 subal-

2089 2406 2264 2461 bidus.
2294 2410 2369 2478 At
2393 2406 2450 2461 in
2473 2407 2677 2461 Latino
2703 2406 3167 2478 leucoporphyrus
3194 2406 3369 2461 vertit
3389 2421 3461 2461 ex
3485 2423 3738 2478 purpura

2087 2477 2234 2532 alba.
2266 2477 2466 2551 Voluit
2496 2493 2818 2551 purpuram
2843 2477 3176 2551 dilutiorem
3199 2479 3390 2551 dicere
3419 2477 3739 2551 (nam’pur-

2088 2565 2235 2620 pura
2265 2548 2397 2603 alba
2427 2547 2514 2604 est
2543 2547 2883 2616 ἀσύστατον),
2932 2554 2999 2604 ut
3040 2553 3196 2620 patet
3224 2564 3292 2603 ex
3321 2549 3521 2604 addito
3553 2547 3736 2607 leuco-

2089 2620 2376 2684 rhodinus,
2411 2622 2561 2691 quod
2596 2621 2768 2675 vertit
2810 2635 2881 2675 ex
2908 2635 3056 2676 roseo
3086 2621 3264 2675 colore
3300 2620 3589 2676 dilutiore.

2158 2692 2452 2773 (8.4.).Supt
2483 2693 2714 2747 intextae
2739 2691 2949 2773 pannis
2979 2691 3426 2773 l'undo.coloreo_
3447 2691 3732 2773 imagines

2086 2765 2344 2817 candidis
2391 2762 2628 2818 leonum
2680 2768 2968 2818 rectorum
3003 2762 3310 2830 stantium,
3340 2761 3429 2817 vel
3477 2771 3532 2817 et
3573 2761 3736 2818 ince-

2086 2835 2373 2897 dentium,
2419 2839 2518 2888 aut
2576 2835 2749 2889 etiam
2793 2834 3028 2890 leonum
3071 2834 3357 2904 imagines
3397 2832 3638 2890 colorem
3670 2835 3731 2890 in

2085 2906 2266 2960 fundo
2295 2905 2543 2960 candido
2574 2907 2730 2960 intra
2761 2905 3044 2961 circulum
3093 2905 3534 2975 comprehenso.
3579 2906 3733 2961 Con-

2084 2977 2304 3046 spicere
2338 2981 2554 3032 vestem
2589 2977 2740 3031 hanc
2790 2977 2925 3032 licet
2970 2978 3028 3032 in
3061 2975 3330 3032 eunucho
3362 2978 3433 3030 ad
3466 2977 3730 3032 dextram

2085 3048 2456 3120 imperatoris
2487 3054 2682 3103 stante
2712 3049 2771 3102 in
2824 3047 2927 3103 illa
2957 3048 3444 3120 imagineLquam
3475 3048 3730 3118 Cerimo-

2085 3119 2222 3174 niali
2275 3125 2473 3175 nostro
2507 3121 2878 3190 praetiximus,
2928 3119 3067 3174 item
3109 3119 3167 3174 in
3200 3119 3300 3174 illa
3331 3121 3526 3191 magni
3559 3120 3731 3175 ducis

2086 3191 2396 3260 Apocauci,
2435 3191 2799 3263 quaminotis
2831 3191 2951 3246 suis
2979 3191 3049 3245 ad
3085 3191 3468 3263 Nicephorum
3506 3191 3724 3263 Grego-

2087 3279 2212 3317 ram
2245 3261 2491 3318 inseruit
2512 3263 2583 3318 cl.
2619 3262 2892 3318 Boivinus
2916 3279 2972 3332 p.
3007 3263 3096 3317 52.
3143 3262 3326 3317 Latini
3354 3262 3500 3316 tales
3531 3261 3728 3318 leones

317 3308 751 3405 Almagarebab
811 3349 908 3387 seu
963 3308 1364 3399 Magrabinosc.
1423 3336 1507 3389 vel
1559 3308 1972 3405 occidentales:
2002 3308 2044 3374 Ο
2086 3334 2143 3387 in
2177 3334 2301 3389 alea
2332 3336 2583 3389 rotunda
2613 3333 2828 3388 circulo
2861 3308 3305 3404 ctiumscripta
3335 3333 3532 3389 leones
3562 3335 3721 3389 inro-

318 3403 513 3477 Afr_os,
559 3403 919 3460 Mauritanos
952 3416 1025 3477 et
1054 3406 1294 3474 Turcas,
1329 3407 1725 3473 Farganenses
1759 3403 1967 3477 nempe

316 3478 375 3528 et
398 3473 834 3548 _Transoxanos,
869 3481 925 3530 et
969 3475 1318 3533 Pharaones.
1371 3477 1450 3531 De
1500 3473 1968 3548 Almogarabis'et

320 3543 766 3619 Almogawaris,
786 3563 996 3619 genere
1014 3548 1230 3604 militiae
1247 3549 1412 3602 etiam
1440 3543 1724 3604 Latinis'ct
1751 3551 1962 3607 Greecis

320 3616 501 3691 medii
535 3620 638 3691 gvi
671 3616 1044 3691 non'ignoto,
1079 3621 1285 3688 agendi
1321 3620 1411 3674 hic
1445 3621 1604 3675 locus
1639 3638 1751 3676 non
1785 3630 1893 3677 est.

386 3688 500 3763 (82)
525 3689 680 3763 Ergo
701 3688 876 3763 etiam
900 3696 1061 3746 extra
1092 3692 1398 3746 ecclesiam
1429 3701 1545 3746 erat
1577 3694 1754 3760 solea,
1789 3711 1964 3763 quan-

309 3759 633 3830 doquidem
662 3760 750 3815 hic
775 3761 883 3817 loci
903 3763 1060 3818 solea
1083 3763 1318 3817 triclinii
1345 3763 1668 3832 Magnauras
1702 3759 1962 3820 comme-

311 3832 739 3908 _mqratur.__D_e
786 3835 944 3889 solea
994 3833 1182 3890 fusius
1224 3835 1313 3907 egi
1375 3835 1448 3890 ad
1498 3841 1672 3907 caput
1704 3837 1961 3908 primum

305 3901 493 3971 hujus
523 3904 763 3959 codicis.

384 3974 503 4044 (8‘3)
539 3974 742 4031 Vestes
797 3975 881 4031 sic
913 3977 1098 4032 dictas
1146 3995 1178 4031 a
1221 3979 1452 4048 gemino
1478 3979 1690 4046 colore,
1727 3981 1959 4050 prasino

304 4049 588 4118 etgrorseo,
622 4052 894 4113 constat;
945 4050 1234 4118 quomodo
1275 4058 1464 4105 autem
1499 4050 1557 4104 hi
1591 4052 1706 4106 duo
1729 4049 1961 4107 colores

305 4117 473 4172 misti
506 4123 613 4192 aut
635 4118 904 4189 dispositi
954 4117 1168 4175 fuerint
1197 4121 1257 4175 in
1292 4122 1394 4176 tali
1427 4137 1642 4192 panno,
1675 4139 1788 4178 non
1821 4125 1958 4178 item

305 4194 563 4264 constat.
601 4191 1086 4264 Potueruntenim
1109 4192 1266 4247 misti
1297 4199 1354 4247 et
1383 4191 1440 4246 in
1491 4193 1758 4264 maculis,
1804 4195 1956 4261 talis,

305 4260 554 4335 orbibus
584 4261 784 4335 aliisve
830 4263 1036 4335 ﬁguris
1065 4264 1256 4333 sparsi
1305 4281 1406 4333 per
1466 4267 1652 4318 totum
1706 4260 1958 4335 pannum

307 4331 515 4397 fuisse,
551 4339 615 4389 ut
641 4331 941 4390 fundus'e.
976 4351 1025 4389 c.
1060 4331 1283 4399 roseus,
1306 4331 1546 4389 inaculaa
1580 4331 1776 4390 autem
1822 4335 1961 4389 viri-

305 4403 414 4459 des
446 4411 666 4477 essent,
700 4411 802 4460 aut
841 4412 1156 4477 potuerunt
1197 4407 1352 4461 striae
1383 4423 1557 4461 roseae
1607 4413 1662 4461 et
1713 4407 1957 4476 prasina;

303 4491 413 4549 per
441 4476 591 4532 vices
621 4476 797 4532 ductu
833 4476 1109 4549 parallelo
1136 4496 1251 4533 una
1287 4477 1442 4548 apud
1484 4479 1724 4532 alteram
1759 4481 1959 4533 decur-

305 4546 490 4615 risse;
526 4553 628 4603 aut
657 4546 909 4618 denique
941 4549 1130 4619 potuit
1162 4566 1278 4604 una
1321 4546 1568 4604 dimidia
1607 4549 1781 4604 vestis
1821 4567 1956 4621 pars

299 4622 424 4673 toto
472 4636 640 4676 rosea
671 4621 862 4676 colore
913 4638 1028 4675 non
1071 4621 1266 4686 misto,
1316 4631 1370 4676 et
1421 4621 1601 4676 altera
1648 4622 1783 4676 item
1830 4627 1948 4676 tota

301 4690 545 4773 prasina
568 4691 1301 4773 fuissesquemadmodum
1338 4694 1508 4773 hodie
1538 4708 1587 4747 e.
1615 4709 1664 4773 c._
1700 4693 1942 4773 orphani

300 4763 636 4845 in_urbibus
653 4763 829 4845 Belgii
851 4781 970 4845 u_na
990 4764 1255 4845 dimidia,
1271 4764 1530 4845 corporis
1547 4769 1704 4845 parte
1730 4763 1954 4845 pullati,

303 4833 491 4907 altera
517 4833 788 4907 pyrrhati
813 4835 900 4890 vel
932 4836 1094 4907 rubri
1127 4833 1467 4907 procedunt,
1499 4841 1600 4890 aut
1623 4836 1680 4890 in
1712 4833 1954 4907 quibus-

307 4905 444 4979 dam
481 4905 730 4979 urbibus
761 4905 1293 4979 Germaniaﬁquod
1342 4907 1466 4975 ipse
1496 4907 1633 4974 vidi,
1667 4905 1958 4979 praecones

304 4975 369 5050 in
400 4977 824 5033 certaminibus
857 4975 1279 5034 arcubalisticis
1313 4975 1794 5049 (Vogelschiessen)
1833 4979 1958 5050 pal-

300 5046 455 5131 lium
487 5053 693 5174 gerunt
722 5066 840 5104 una
890 5054 1053 5122 parte
1085 5046 1328 5137 dimidia
1357 5046 1557 5131 bruni,
1604 5052 1786 5134 altera
1833 5046 1957 5106 cro-

304 5134 390 5174 cet
423 5135 488 5174 co
515 5136 656 5174 oris.
688 5119 893 5174 Vestes
945 5120 1094 5174 tales
1142 5125 1366 5174 partitae
1403 5125 1460 5174 et
1498 5123 1690 5174 divisa:
1720 5126 1825 5174 (ita
1855 5140 1956 5174 an-

304 5119 656 5194 cei_coloris.
686 5119 906 5194 _Vestes
945 5120 1094 5177 tales
1139 5123 1366 5192 partitae
1403 5125 1460 5177 et
1498 5122 1690 5176 divisa:
1720 5123 1825 5191 (ita
1855 5140 1956 5194 ap-

347 5189 650 5264 ellabant),
685 5191 798 5248 hoc
828 5196 917 5248 est
961 5189 1222 5258 diversae,
1254 5209 1374 5248 aevo
1420 5194 1612 5248 medio
1638 5189 1957 5249 admodu‘m

297 5207 650 5317 Pallebant),
687 5207 798 5248 noc
828 5207 917 5248 es:
961 5207 1222 5258 diversae,
1254 5209 1374 5248 aevo
1420 5207 1612 5248 medio
1638 5207 1957 5249 admonum

324 5264 627 5334 requentis
661 5280 804 5319 usus
855 5269 1043 5320 erant.
1091 5265 1334 5320 Generis
1366 5275 1560 5319 autem
1593 5265 1833 5321 alterius
1864 5281 1958 5320 ve-

301 5339 445 5408 stae,
479 5352 727 5408 quarum
742 5334 965 5392 colores
991 5335 1151 5391 misti
1179 5352 1280 5407 per
1311 5341 1492 5391 totam
1525 5337 1702 5392 telam
1737 5343 1953 5404 essent,

296 5407 505 5480 (nislas
539 5407 934 5480 appellabant.
986 5408 1243 5464 Joannes
1291 5408 1633 5480 Signiensis
1662 5410 1835 5478 (apud
1870 5409 1954 5463 Du

294 5477 591 5550 Cangium
607 5477 1001 5549 vJocularis):
1033 5499 1054 5527 α
1073 5481 1207 5546 Alii,
1231 5479 1370 5549 quod
1382 5477 1958 5549 prapriejocularium

296 5553 400 5614 est,
427 5551 494 5606 ab
521 5558 759 5622 utroque
790 5551 967 5606 latere
1005 5552 1199 5606 divisis
1228 5551 1522 5617 coloribus,
1576 5554 1703 5606 item
1751 5551 1954 5617 mistis,

302 5621 633 5696 uestimenta
664 5621 1022 5696 variabant,»
1072 5623 1374 5696 Henricus
1408 5625 1484 5696 de
1529 5623 1840 5696 Knygthon
1880 5623 1958 5696 de

305 5693 631 5767 Eventibus
662 5695 907 5767 Anglia.
963 5695 1000 5750 Ι.
1043 5711 1100 5750 1v
1131 5695 1305 5766 (apud
1343 5694 1428 5749 Du
1463 5693 1742 5767 Cangium
1776 5711 1827 5750 v.
1863 5693 1958 5749 Li-

306 5765 609 5837 rilipium)
641 5767 722 5820 ait
762 5765 1018 5822 dominas
1063 5765 1286 5821 vestitas
1341 5768 1514 5835 fuisse
1544 5765 1781 5820 vestibus
1819 5782 1956 5836 par-

301 5837 445 5894 titis.
501 5837 627 5914 ipse
671 5841 748 5894 Du
804 5840 998 5912 Gange
1047 5837 1378 5907 dubitavit,
1409 5838 1703 5910 quomodo
1753 5852 1953 5896 vocem

2075 3409 2214 3460 tatas
2246 3405 2332 3461 vel
2364 3407 2782 3460 circumrotatos
2811 3404 3206 3476 appellabant.
3241 3404 3456 3461 Histor.
3489 3405 3728 3476 Episco-

2075 3493 2199 3547 por.
2233 3477 2554 3533 Antisidor.
2605 3477 2779 3547 (apud
2816 3479 2898 3531 Du
2947 3477 3230 3544 Cangium
3261 3493 3314 3530 v.
3359 3476 3732 3532 Circumrota-

2075 3551 2222 3603 tusl:
2277 3549 2401 3602 Tria
2451 3550 2912 3619 prmstantissima
2965 3547 3144 3618 pallia
3207 3547 3364 3603 mille
3419 3547 3722 3604 solidorum

2068 3621 2249 3688 pretio
2279 3623 2608 3684 constantia,
2641 3635 2878 3689 quorum
2915 3636 3089 3674 unum
3117 3619 3321 3674 viridis
3350 3619 3568 3688 coloris,
3611 3620 3728 3674 leo-

2072 3693 2240 3746 nibus
2276 3692 2717 3748 multicoloribus
2747 3691 3156 3746 circumrotatis
3199 3691 3396 3761 fulget,
3427 3691 3725 3745 secundum

2073 3762 2420 3832 imaginibus
2450 3780 2641 3833 regum
2669 3765 2886 3834 pariter
2911 3765 3322 3834 circumrotatis
3349 3762 3534 3834 regali
3561 3762 3726 3817 modo

2069 3831 2442 3905 equitantium
2473 3831 2680 3904 pollet;
2710 3835 2939 3888 tertium
2968 3848 3180 3904 quoque
3220 3831 3476 3905 leonibus
3500 3833 3724 3905 aurico-

2071 3902 2281 3960 léribus
2309 3902 2716 3961 circumrotatis
2755 3902 3147 3973 aspicientibus
3178 3903 3408 3957 arridet.
3444 3902 3725 3959 Solebant

2071 3993 2299 4047 quoque
2348 3977 2545 4032 leones
2575 3985 2629 4031 et
2666 3977 2928 4031 oviculas
2964 3977 3020 4030 in
3065 3974 3585 4047 texturajungere.
3633 3979 3718 4030 Du

2070 4045 2260 4118 Gange
2314 4066 2366 4105 v.
2423 4047 2881 4118 Scapolus,rquaa
2920 4045 3222 4118 oniculam
3272 4045 3458 4118 notat,
3511 4047 3722 4117 caligas

2070 4116 2374 4174 breu‘datas
2402 4116 2533 4173 cum‘
2555 4116 2790 4188 scapolis
2822 4127 2872 4173 et
2908 4116 3160 4173 leonibus
3196 4117 3393 4173 habet.

2141 4191 2252 4260 (85)
2284 4193 2456 4244 Juxta
2489 4192 2735 4244 formam
2759 4194 2816 4244 et
2849 4189 3313 4244 terminationem
3345 4205 3514 4244 suam
3548 4187 3719 4260 debe-

2070 4257 2156 4314 ret
2187 4257 2308 4316 haec
2335 4279 2443 4317 vox
2469 4261 2750 4333 vestitum
2783 4265 3096 4316 stratorum
3130 4267 3346 4322 notare,
3379 4265 3443 4315 ut
3474 4257 3718 4333 ιαισαρίο

2067 4351 2211 4395 κιον,
2246 4331 2618 4406 σπαθαρίκιον,
2647 4336 2768 4406 etc.
2807 4351 2821 4400 ;
2868 4333 3001 4406 quia
3059 4339 3253 4406 tamen
3296 4337 3570 4406 stratores
3603 4331 3721 4406 non

2111 4407 2276 4476 ορεῖν,
2337 4402 2491 4476 quod
2540 4404 2807 4476 verbum,
2844 4402 3077 4476 vestitui
3134 4404 3430 4472 proprium
3465 4411 3584 4476 est,
3616 4403 3719 4458 sed

2111 4423 2276 4476 ορειν,
2337 4423 2491 4476 quoa
2540 4423 2786 4457 vernum
2844 4423 3077 4459 vesutm
3134 4423 3430 4472 proprium
3477 4423 3584 4471 εει,
3616 4423 3719 4458 seu

2069 4423 2482 4550 ElatiCEtV‘Ta
2539 4475 3271 4550 orpat‘rmpimat“dicuntur,
3327 4475 3482 4544 quod
3543 4477 3614 4528 de
3659 4489 3720 4530 re

2069 4545 2331 4620 gestatili
2371 4547 2521 4620 inter
2553 4545 2844 4602 m'anus'et
2899 4545 3156 4620 libratili,
3219 4549 3282 4600 ut
3323 4551 3427 4620 est
3453 4551 3717 4620 scutum,

2069 4616 2256 4684 basta,
2285 4619 2575 4688 bipennis,
2601 4622 2736 4681 etc.,
2769 4622 2991 4672 tantum
3027 4616 3245 4688 dicitur
3274 4616 3492 4671 credidi
3523 4632 3614 4670 me
3636 4634 3722 4672 re-

1987 4677 2033 4741 D
2065 4692 2213 4746 ctius
2246 4677 2577 4756 iacturum,
2609 4689 2657 4743 si
2712 4677 3121 4757 interpretarer
3170 4687 3359 4754 virgas
3409 4689 3520 4742 sibi
3553 4703 3718 4758 pecu-

2075 4763 2266 4818 liares.
2293 4763 2458 4817 Forte
2486 4761 2796 4816 debueram
2820 4760 2971 4814 idem
2998 4759 3304 4814 consilium
3329 4765 3566 4814 secutus
3586 4775 3717 4815 esse

2067 4834 2243 4908 paulo
2293 4839 2518 4908 ante_p_.
2573 4833 2700 4899 332,
2733 4836 2789 4888 et
2815 4830 3188 4908 _reddidisse‘
3223 4847 3337 4908 non
3386 4837 3575 4897 vestes,
3609 4831 3713 4908 sed

2067 4897 2251 4975 virgas
2307 4897 2754 4975 candidatorum.
2806 4903 2983 4975 Forte
3055 4897 3456 4968 κανδιδατίκια,
3510 4902 3715 4956 σπαθα·

2068 4972 2234 5050 ρίκὶα,
2293 4972 2910 5050 σπᾳθαροκανδιδατίκιᾳ
2954 4983 3092 5030 sunt
3148 4975 3318 5050 virgae
3372 4975 3716 5050 candidato-

2065 5047 2217 5111 rum,
2251 5047 2705 5119 spathariorum,
2748 5047 3499 5119 spatbarocandidatorum.
3551 5047 3718 5102 Certe

2065 5121 2237 5184 infra,
2273 5117 2528 5175 sectione
2561 5117 2816 5174 secunda
2845 5117 3054 5189 capitis
3087 5117 3176 5185 40,
3208 5117 3551 5185 stratoricia,
3577 5133 3717 5189 can-

2064 5191 2361 5259 didaticia,
2403 5187 3075 5262 spatharocandidaticia
3107 5189 3444 5262 referuntur
3472 5190 3621 5245 inter
3648 5187 3718 5262 τὰ

2067 5262 2254 5332 σκεύη,
2288 5280 2320 5317 a
2351 5259 2568 5334 quibus
2599 5263 2824 5317 diversa
2874 5265 3032 5327 sunt,
3066 5265 3124 5315 et
3171 5266 3237 5334 ut
3276 5260 3507 5334 diversa
3543 5259 3716 5334 paulo

2066 5348 2193 5406 post
2227 5332 2470 5406 seorsim
2522 5338 2898 5388 recensentur
2929 5332 3264 5406 mutatoria.
3306 5333 3414 5389 Sed
3449 5333 3562 5406 isto
3593 5333 3718 5406 qui-

2065 5405 2195 5462 dem
2229 5405 2285 5459 in
2325 5407 2446 5460 loco
2477 5421 2603 5460 eam
2639 5405 3060 5474 interpretandi
3094 5405 3380 5460 rationem
3411 5405 3716 5458 dissuade-

2067 5479 2160 5532 bat
2192 5478 2521 5548 appositum
2546 5477 2785 5530 verbum
2819 5478 3026 5548 φορεῖν,
3060 5476 3239 5548 quod.
3266 5481 3327 5530 ut
3356 5475 3496 5541 dixi,
3523 5475 3592 5548 de
3621 5489 3717 5548 re-

2065 5551 2177 5604 bus
2201 5545 2521 5620 usurpatur
2543 5553 2657 5603 toto
2677 5545 3344 5620 corrpOregestabilibus,
3378 5562 3493 5600 non
3524 5545 3596 5599 de
3618 5545 3714 5609 iis,

2065 5637 2190 5693 quae
2226 5618 2568 5693 Bassiani,
2603 5618 2869 5693 manibus
2913 5618 3226 5693 librantur.

2136 5686 2250 5764 (86:)
2285 5691 2367 5747 Ita
2400 5686 2776 5748 membranae.
2825 5691 2935 5747 Aut
2966 5689 3182 5747 excidit
3211 5687 3262 5758 ὁ,
3295 5691 3398 5745 aut
3425 5686 3599 5745 tacite
3629 5690 3719 5746 est

2067 5763 2481 5837 supplendum.
