4052 6394
269 417 426 482 1079
1339 406 1861 474 CONSTANTINI
1904 402 2604 471 PORPHYROGENI'I‘I
3528 405 3686 468 £080

267 547 745 621 scaramangium
785 551 842 604 et
870 547 929 603 in
953 564 1019 605 eo
1049 547 1316 618 ejusdem
1363 550 1446 605 rei
1477 547 1790 604 simulacra
1827 563 1917 619 ge-

2056 545 2154 600 ιίου
2185 545 2273 600 καὶ
2306 545 2356 599 οἱ
2391 549 2488 600 τοῦ
2517 545 2831 619 τραπεζίου,
2879 546 3174 620 φοροῦντες
3219 545 3285 598 τὰ
3324 547 3416 616 μὲν
3479 545 3687 620 ἄρχον-

269 644 506 696 stantes.
541 638 847 694 Candidati
875 638 1112 693 stabant
1155 637 1218 693 in
1261 655 1367 694 suo
1399 637 1675 707 triclinio,
1709 637 1914 692 Candi-

267 729 540 782 datorum
573 743 783 798 nempe
812 726 992 792 dicto,
1043 725 1180 782 hinc
1237 731 1294 781 et
1357 726 1541 793 illinc,
1603 743 1733 780 cum
1796 727 1916 779 suis

269 817 691 888 scaramangiis
735 816 906 872 etiam
968 818 1362 872 candidaticia
1417 822 1731 889 gestantes.
1766 817 1916 871 Pone

271 907 378 963 hos
411 907 646 962 stabant
677 905 749 960 ab
790 910 1034 977 utraque
1086 910 1245 976 parte
1286 907 1654 961 mandatorcs
1678 903 1916 960 arithmi

3465 639 3686 699 σπαθία.

2028 727 2078 780 οἱ
2127 724 2184 780 δὲ
2243 725 2575 780 σαπωνιστα)
2635 727 2972 800 βεστιαρῖται
3006 725 3072 779 τὰ
3105 724 3438 799 ἀτραϐατικὰ
3479 725 3679 803 χλανίο

2029 813 2136 881 δια,
2171 817 2221 869 οἱ
2282 814 2337 869 δὲ
2393 820 2494 869 τοῦ
2532 816 2824 889 τραπεζίου
2881 815 2946 868 τὰ
3006 811 3264 888 ψευδοξέα
3293 817 3686 889 κοντομάνικα.

2028 907 2260 974 Ἐξωθεν
2292 904 2348 960 δὲ
2376 913 2476 975 τῆς
2506 904 2731 976 Χαλχῆς
2761 906 2941 974 πύλης
2973 908 3072 960 τοῦ
3103 905 3382 982 τρικλίνου
3402 912 3512 962 τῶν
3544 927 3680 962 nav-

2028 991 2261 1049 διδάτων
2310 989 2436 1064 ἔστη
2489 989 2634 1058 ἔνθεν
2689 995 2929 1049 κάκεῖθεν
2977 997 3137 1064 ἢτοῦ
3169 991 3529 1072 δρουγγαρίου
3570 1002 3682 1051 τῶν

2028 1083 2286 1156 πλοΐμων
2321 1084 2477 1139 οὐσία
2503 1087 2616 1157 (96)
2648 1085 2734 1139 καὶ
2771 1085 2798 1138 ὁ
2852 1085 3020 1160 μὲγας
3080 1084 3378 1164 πάμφυλος
3410 1088 3543 1159 (97),
3581 1087 3684 1162 βα-

2031 1175 2308 1243 στείζοντες
2352 1171 2546 1245 δόρκας
2582 1176 2695 1246 (98)
2725 1175 2815 1228 καὶ
2845 1175 2910 1229 τὰ
2958 1175 3162 1230 ἑαυτῶν
3195 1179 3484 1253 φοροῦντες
3535 1196 3676 1230 σπα·

2031 1263 2140 1320 Θία.
2175 1264 2259 1318 Ἐν
2330 1261 2383 1317 δὲ
2413 1269 2482 1337 τῇ
2529 1265 2720 1338 πρώτῃ
2779 1261 2962 1338 σχολῇ
3022 1263 3110 1318 καὶ
3158 1269 3237 1337 τῷ
3276 1262 3540 1338 τρικλίνῳ
3569 1269 3684 1319 τῶν

2033 1347 2399 1408 ὲκσκουϐίτων
2446 1349 2552 1414 ἕως
2613 1355 2708 1406 τοῦ
2758 1351 2928 1408 αὐτοῦ
3000 1348 3389 1423 τριϐουναλίου
3456 1348 3689 1424 ἔστησαν

2031 1435 2174 1496 ἔνθεν
2220 1442 2462 1496 κάκεῖθεν
2512 1441 2566 1494 αἱ
2611 1440 2791 1495 οὐσίαι
2847 1445 2954 1496 τῶν
3007 1440 3344 1518 παμφύλων,
3394 1443 3694 1516 βαστάζον-

2031 1551 2124 1593 τες
2157 1527 2351 1605 Ξόρκας
2398 1529 2487 1584 καὶ
2543 1530 2610 1584 τὰ
2659 1531 2863 1584 ἑαυτῶν
2917 1534 3213 1603 φοροῦντες
3265 1529 3484 1587 σπαθία.
3527 1531 3594 1587 Οἱ
3629 1529 3688 1585 δὲ

2035 1619 2300 1695 ἄρχοντες
2349 1625 2456 1674 τῶν
2505 1616 2765 1692 πλοΐμων
2797 1615 3041 1689 ἔστησαν
3094 1619 3184 1674 καὶ
3233 1620 3387 1674 αὐτοὶ
3420 1617 3561 1675 ἔνθεν
3593 1621 3697 1674 κᾶ-

2033 1715 2229 1777 κεῖθεν,
2255 1705 2481 1770 ἕκαστος
2515 1708 2593 1772 εἷς
2656 1709 2756 1777 τήν
2816 1705 2954 1762 ἰδίαν
2999 1709 3202 1765 οὐσίαν.
3256 1710 3343 1765 Ἐν
3380 1706 3436 1764 δὲ
3465 1715 3542 1781 τῷ
3570 1731 3696 1784 τρι-

2037 1793 2311 1871 ϐουναλίῳ
2370 1796 2496 1868 ἔστη
2533 1796 2678 1861 ἔνθεν
2745 1799 2987 1853 κάκεῖθεν
3021 1801 3056 1867 ἡ
3116 1798 3381 1868 πολιτική
3419 1799 3555 1872 μετὰ
3583 1803 3697 1854 τῶν

2038 1889 2398 1960 συστημάτων
2450 1890 2564 1960 (99)
2610 1890 2702 1942 καὶ
2748 1892 2855 1942 τῶν
2897 1885 3049 1942 ἰδίων
3100 1887 3402 1963 ἀρχόντων,
3455 1889 3698 1965 φορούν-

2036 1999 2143 2033 των
2172 1983 2280 2032 τῶν
2327 1978 2421 2050 μὲν
2472 1977 2760 2053 ἀρχόντων
2793 1978 2858 2032 τὰ
2905 1974 2958 2048 ἓξ
3013 1975 3272 2052 χλανίδια
3303 1982 3410 2032 τῶν
3449 1998 3695 2054 σεκρετι-

2041 2073 2152 2124 κῶν
2178 2069 2244 2122 τὰ
2296 2066 2579 2122 πλατώνια
2621 2070 2722 2140 (1),
2757 2068 2806 2120 οἱ
2858 2065 2916 2121 δὲ
2961 2065 3150 2122 λοιποὶ
3195 2067 3390 2130 πάντες
3421 2069 3488 2122 τὰ
3529 2067 3701 2123 λευκᾶ

2043 2156 2432 2233 χλανίδιατῶν
2460 2161 2834 2232 ταγματικῶν.
2867 2155 2970 2214 Καὶ
3024 2155 3243 2212 ὄπισθεν
3292 2157 3468 2212 αὐτῶν
3527 2156 3700 2212 πλόῖ-

2024 639 2403 714 τογεννήματα
2451 637 2517 690 τὰ
2579 637 2781 690 ἑαυτῶν
2850 636 3232 712 σκαραμάγγια
3287 637 3377 690 καὶ

274 1012 408 1052 cum
447 995 671 1067 spathis
719 1003 772 1051 et
804 995 1006 1051 scutis.
1040 995 1310 1067 Remiges
1338 994 1729 1066 imperialium
1779 996 1918 1049 dro-

273 1085 606 1142 moniorum
633 1085 867 1140 stabant
895 1083 1032 1142 hinc
1063 1090 1118 1140 et
1141 1085 1300 1142 illinc
1323 1086 1380 1141 in
1395 1086 1598 1141 eodem
1630 1084 1920 1141 Candida-

276 1184 474 1233 torum
507 1175 759 1232 triclinio
789 1192 990 1232 versus
1041 1181 1286 1232 tractum
1320 1175 1588 1233 Ecclesia
1637 1175 1864 1232 Domini
1899 1196 1913 1245 ;

277 1266 521 1321 stabant
551 1281 785 1336 quoque
816 1265 992 1321 iidem
1041 1265 1102 1321 in
1140 1265 1242 1322 illo
1280 1265 1556 1331 triclinio,
1588 1265 1647 1321 in
1682 1282 1798 1338 quo
1821 1280 1919 1322 ca-

276 1357 636 1414 melauoium
668 1360 788 1412 stat
816 1362 872 1412 et
901 1356 1169 1429 magistri
1190 1362 1461 1412 creantur
1488 1374 1502 1425 ;
1536 1356 1622 1411 uti
1655 1356 1826 1411 etiam
1859 1355 1919 1410 in

272 1447 559 1518 onopode.
594 1445 725 1501 Post
757 1461 857 1501 eos
902 1447 1135 1501 stabant
1180 1444 1241 1500 in
1276 1444 1498 1515 porticu
1540 1445 1924 1516 augusteonis

273 1553 401 1603 seu,
434 1536 581 1607 quod
615 1535 771 1590 idem
812 1543 917 1602 est,
949 1535 1008 1590 in
1065 1549 1240 1590 aurea
1295 1549 1490 1604 manu,
1550 1534 1621 1590 ab
1682 1538 1926 1604 utraque

275 1628 442 1696 parte
472 1622 1106 1695 archontogennemata
1144 1639 1243 1679 seu
1280 1623 1456 1678 valeti
1502 1622 1835 1692 nobiliores,
1868 1626 1927 1677 et

276 1713 593 1784 saponistaa
621 1713 710 1768 vel
745 1712 1149 1767 candidatores
1181 1711 1438 1767 lintearii
1469 1711 1726 1767 vestiarii
1759 1720 1814 1767 et
1841 1712 1926 1767 fa—

272 1802 414 1858 muli
446 1817 620 1857 sacrae
639 1816 870 1858 mensae.
894 1804 1114 1856 Horum
1145 1801 1775 1872 archontogennemata
1806 1801 1929 1873 qui-

273 1893 405 1948 dem
427 1891 704 1963 gerebant
732 1891 1137 1964 scaramangia
1183 1907 1290 1947 sua
1341 1894 1398 1946 et
1455 1891 1698 1964 spathas
1738 1907 1874 1946 suas
1907 1910 1922 1961 ;

273 1984 583 2054 saponistas
638 1982 954 2040 vestiaritte
1012 1988 1210 2038 autem
1268 1983 1500 2039 tunicas
1550 1983 1926 2040 atrahaticas.

273 2071 559 2130 Mensales
590 2073 827 2128 tandem
889 2072 1301 2128 contomanica
1330 2073 1657 2143 pseudoxea
1689 2087 1792 2128 seu
1843 2089 1931 2128 ve-

274 2169 393 2219 stes
425 2178 557 2218 eum
616 2161 798 2218 curtis
862 2161 1109 2217 manicis
1151 2161 1340 2217 colore
1395 2161 1576 2218 diluta
1608 2177 1924 2233 purpureo.

276 2256 456 2308 Extra
480 2253 709 2322 portam
747 2265 968 2306 teneam
993 2249 1232 2304 triclinii
1262 2249 1709 2306 Candidatorum
1743 2251 1935 2306 stabat

281 2339 417 2394 hinc
439 2343 496 2395 et
529 2338 690 2394 illinc
725 2337 1026 2409 drungarii
1061 2337 1411 2409 ploimorum
1458 2354 1552 2394 seu
1605 2338 1934 2394 classiario-

283 2445 420 2484 rum
440 2427 568 2484 usia
604 2427 713 2498 [vel
750 2426 1013 2497 familia],
1045 2432 1102 2481 et
1157 2442 1407 2498 magnus
1447 2427 1798 2499 pampbylus
1830 2445 1932 2483 seu

2048 2269 2141 2318 μοι
2199 2246 2554 2320 βαστάζοντες
2613 2243 2830 2319 δόρκας,
2896 2251 3191 2323 φοροῦντες
3248 2246 3335 2302 καὶ
3387 2247 3450 2301 τὰ
3497 2247 3704 2303 ἑαυτῶν

2047 2337 2264 2393 σπαθία.
2299 2337 2390 2398 Εἰς
2423 2333 2479 2390 δὲ
2509 2337 2603 2391 τὸν
2649 2334 2927 2412 τρικλινον
2981 2341 3089 2392 τῶν
3120 2336 3340 2412 σχολῶν
3399 2331 3542 2391 ἔνθεν
3601 2336 3703 2391 κᾶ-

2045 2431 2218 2489 κεῖθεν
2261 2420 2489 2495 ἔστησαν
2520 2424 2760 2498 πλόϊμοι
2797 2426 3159 2499 βαστάζοντες
3212 2422 3436 2500 δόρκας,
3468 2429 3703 2504 φοροῦν-

1317 2524 1516 2580 JAON.
1577 2525 1725 2581 JAG.
1762 2525 2028 2582 REISKII
2068 2524 2658 2582 COMMENTARIUS.

286 2612 433 2668 aulae
468 2610 847 2681 quotidianus
904 2611 1188 2666 candidus
1228 2616 1405 2678 esset,
1465 2617 1522 2666 et
1559 2629 1674 2667 non
1704 2615 1936 2667 tantum

289 2689 644 2756 protectores
669 2683 820 2756 sacri
849 2683 1106 2753 corporis
1128 2684 1189 2737 in
1220 2682 1488 2738 candidis
1529 2683 1702 2738 lineis
1759 2700 1938 2756 appaj

297 2754 423 2812 rere
454 2755 635 2826 (unde
675 2755 1120 2810 candidatorum
1168 2770 1379 2826 nomen
1417 2758 1807 2826 acceperunt),
1837 2754 1940 2811 sed

295 2825 472 2883 etiam
507 2841 989 2898 proceresomnes
1010 2825 1293 2882 candidas
1324 2832 1512 2882 vestes
1543 2825 1742 2898 gerere
1772 2827 1941 2883 debe-

297 2903 446 2965 rent,
474 2897 742 2953 traducto
775 2913 936 2952 more
976 2913 1045 2953 ex
1102 2898 1343 2968 antiqua
1374 2897 1579 2962 Roma,
1614 2914 1729 2969 qua
1760 2898 1939 2953 hone-

296 2969 502 3041 stiores
534 2977 694 3041 togas
724 2969 1005 3024 candidas
1058 2969 1360 3040 gerebant.
1393 2971 1554 3035 Quod
1592 2971 1772 3041 igitur
1801 2969 1940 3025 olim

297 3039 547 3095 fullones
578 3040 772 3094 Romae
793 3046 952 3095 creta
976 3041 1354 3112 perﬁciehant
1383 3041 1442 3095 in
1474 3039 1638 3112 togis
1659 3041 1948 3096 Romano.

299 3128 432 3184 rum
464 3112 751 3178 candidis,
803 3117 1001 3184 utpote
1060 3110 1267 3184 laneis,
1319 3113 1376 3184 id
1437 3110 1740 3183 saponistaa
1792 3112 1942 3184 apud

298 3182 469 3239 CPlin
503 3199 718 3254 sepone
750 3187 806 3237 et
827 3182 1061 3254 siligine
1093 3182 1662 3254 ρειῦοὶεδὴδηῑ,“υιὶο
1682 3182 1946 3238 candidis

299 3259 829 3326 magnampartem
863 3254 1055 3309 lineis.
1087 3257 1474 3310 Consuevisse
1516 3255 1670 3309 enim
1695 3255 1822 3325 jam
1848 3254 1947 3308 illo

296 3325 558 3395 tempore
587 3325 901 3381 lintealota
919 3326 1144 3396 glutine
1161 3326 1751 3397 siligineoinspissari
1784 3332 1840 3381 et
1870 3327 1950 3380 ri-

2047 2615 2245 2683 putem
2269 2610 2596 2686 saponistas
2618 2611 2799 2686 fuisse
2815 2613 3207 2686 eosde_m_cnm
3231 2611 3516 2686 magistris
3532 2611 3693 2666 linea:

2046 2685 2212 2738 vestis
2235 2690 2339 2739 aut
2369 2689 2523 2738 certe
2544 2683 2615 2738 iis
2635 2683 2879 2752 attines;
2911 2684 3025 2740 νεα.
3052 2683 3140 2740 Du
3162 2683 3444 2756 Cangium
3473 2699 3528 2741 ν.
3566 2687 3692 2738 Μα-

2085 2758 2234 2811 ister.

2047 2772 2235 2899 9:759)
2266 2825 2527 2899 Familia,
2557 2840 2689 2899 quae
2721 2827 2902 2882 alicui
2942 2831 3039 2894 est,
3102 2843 3275 2896 quam
3333 2827 3544 2899 aliquis
3577 2841 3704 2895 pos-

2052 2895 2226 2965 sidet,
2260 2898 2377 2965 ιιἱὴ
2441 2895 2724 2970 περιουσία
2774 2899 2979 2954 eodem
3038 2895 3240 2970 sensu,
3298 2895 3537 2970 qua—de
3567 2911 3708 2970 voce

2053 2987 2233 3040 supra
2255 2970 2396 3039 dixi,
2425 2968 2650 3040 familia
2669 2987 2787 3040 qua:
2817 2972 2964 3025 circa
2993 2969 3251 3040 aliquem
3279 2968 3377 3026 e31.
3413 2971 3477 3024 In
3509 2968 3707 3040 specie

2055 3039 2356 3097 dieebatur
2387 3039 2540 3094 οὒσία
2581 3043 2651 3096 de
2678 3039 2906 3097 familia
2955 3039 3290 3110 nautarum,
3341 3042 3439 3112 qui
3471 3039 3709 3112 sacrum

2056 3129 2270 3183 corpus
2299 3112 2359 3167 in
2399 3112 2720 3184 dromoniis
2750 3113 2822 3167 ad
2857 3112 3199 3168 suburbana
3257 3111 3472 3184 palatia
3501 3117 3560 3167 et
3591 3111 3709 3184 alio

2055 3182 2592 3240 vectitahant.Hinc
2624 3183 2784 3255 legas
2807 3185 2961 3255 apud
2993 3182 3357 3255 Constantia.
3383 3184 3454 3238 de
3485 3182 3710 3255 admin.

2058 3256 2303 3326 imperio
2337 3272 2391 3326 p.
2433 3255 2653 3328 140,78,
2683 3252 2760 3319 ⁷4,
2819 3252 2859 3322 ἧ
2892 3252 2991 3328 μία
3040 3252 3357 3328 οὐσίαῌρτο
3418 3271 3607 3328 μηιιηῑΔ
3647 3253 3715 3309 de

2062 3325 2271 3382 duobus
2317 3325 2667 3382 dra-monium
2724 3343 2850 3381 cum
2876 3325 3064 3383 nautis
3093 3327 3162 3382 ad
3189 3325 3716 3396 iri—pertinentibus,

297 3371 509 3470 gidaflri,
532 3398 685 3470 quod
736 3371 954 3470 Franci3
986 3371 1464 3470 ab_inspi:sando
1509 3371 1778 3468 einpeser,
1838 3414 1945 3470 nos
1979 3371 2024 3432 θ
2063 3371 2228 3470 Οδῖιξ.
2261 3371 2502 3470 intrap.
2529 3397 2654 3470 383.
2692 3399 2780 3470 _D.
2812 3400 2868 3465 2,
2901 3403 2958 3453 et
2986 3371 3166 3470 apud
3191 3371 3497 3453 ⁷Νίζιζωιῐιῖ
3527 3397 3578 3450 οἱ
3609 3371 3714 3470 τῆξ

297 3467 519 3539 itur/ten
551 3484 584 3539 a
605 3467 896 3539 rigidando
928 3467 1318 3538 appellamus,
1363 3474 1521 3539 patet
1550 3467 1617 3524 ei:
1642 3469 1768 3524 loco
1791 3469 1946 3524 Petri

302 3537 567 3614 Damiani
597 3537 812 3608 Opusc.
848 3539 937 3605 42,
968 3537 1300 3610 Landulph.
1425 3541 1492 3593 7:
1518 3543 1613 3595 Hic
1642 3541 1832 3614 itaque
1850 3543 1942 3614 ni-

301 3609 510 3666 tidulus
541 3615 593 3663 et
620 3625 836 3678 semper
858 3615 1086 3664 ornatus
1112 3618 1163 3665 et
1195 3609 1519 3678 conspicuus
1541 3609 1840 3675 incedebat,
1866 3611 1947 3666 ita

301 3685 363 3735 ut
399 3685 563 3753 caput
586 3682 1010 3753 ejusnunquam
1022 3684 1132 3735 nisi
1155 3681 1434 3750 gibetlina
1458 3683 1537 3753 [id
1568 3683 1944 3752 estzobelina]

295 3751 473 3825 petilia
493 3753 786 3820 obtegeret,
825 3751 1152 3825 indumenta
1178 3751 1474 3808 carbasino
1503 3763 1666 3825 atque
1694 3751 1948 3809 nivenlia

300 3824 465 3894 siligo
497 3839 596 3891 per
626 3833 801 3878 artem
831 3823 1066 3892 fullonis
1090 3825 1272 3894 [idest
1297 3823 1634 3894 saponistin,
1668 3825 1945 3880 candida-

301 3895 468 3968 toris]
491 3894 756 3968 inliceret.
783 3896 928 3949 Hine
949 3895 1238 3962 intelligas
1264 3896 1404 3950 illud
1435 3895 1781 3968 Ugutionis:
1813 3897 1949 3950 Can-

301 3966 574 4028 didarius,
606 3967 784 4040 fullo,
830 3969 927 4036 qui
954 3970 1114 4038 parat
1139 3968 1218 4037 [id
1251 3975 1339 4022 est
1370 3966 1554 4032 ornat,
1586 3969 1773 4040 comit]
1802 3985 1947 4039 pan-

301 4055 400 4110 nos
427 4042 482 4110 et
511 4038 843 4110 excandidat
872 4044 922 4093 et
950 4053 1038 4094 eos
1065 4041 1280 4109 [algere
1305 4042 1459 4110 facit.
1517 4040 1709 4095 Potest
1750 4038 1946 4094 tamen

301 4108 395 4185 hic
424 4107 732 4185 llgAutionis
769 4107 1748 4185 locusmquedeiultonecretatge,
1771 4127 1945 4185 quam

307 4181 378 4236 de
418 4180 638 4254 fullone
694 4180 1305 4254 saponista'intelligi.
1359 4182 1593 4238 Veteres
1641 4180 1846 4238 Franci
1894 4187 1953 4238 et

303 4251 577 4307 Germani
609 4259 790 4308 artem
817 4251 964 4308 hanc
983 4252 1159 4308 lintea
1179 4251 1489 4310 ro‘borandi
1511 4259 1567 4309 et
1597 4254 1667 4309 ad
1702 4255 1950 4309 nitorem

304 4322 854 4394 lasvigandiglissire
882 4323 1271 4395 appellabant,
1318 4326 1600 4380 vocabulo
1649 4324 1952 4380 Germanis

306 4395 606 4450 hodiernis
628 4410 741 4450 non
775 4395 1736 4466 prorsusignoto.Hahemusenim
1762 4397 1953 4452 adhuc

305 4471 382 4532 et,
414 4466 683 4539 quamvis
713 4465 925 4534 rarius,
947 4465 1300 4539 usurpamus
1315 4469 1554 4523 verbum
1586 4469 1817 4539 gleissen
1850 4483 1953 4538 pro

307 4485 382 4532 et,
414 4485 683 4536 quamVIs
713 4485 925 4534 rarius,
947 4485 1091 4521 usur
1135 4485 1554 4523 amusveroum
1586 4485 1817 4539 gieissen
1850 4485 1953 4538 pro

307 4537 612 4610 splendere,
645 4539 821 4610 nitere
852 4556 885 4610 ,ί
904 4538 1017 4593 vid.
1079 4485 1164 4593 δυ
1223 4539 1506 4610 Cangium
1539 4556 1591 4594 ν.
1628 4538 1869 4593 Glissum
1900 4544 1956 4593 et

305 4610 499 4664 locum
534 4608 803 4663 Monachi
863 4609 1267 4680 Sangallensis
1325 4608 1440 4678 lit,
1469 4612 1525 4676 3,
1573 4612 1628 4677 6,
1680 4612 1751 4665 de
1783 4611 1955 4666 rebus

305 4680 494 4736 Caroli
545 4683 620 4735 Μ.
711 4697 890 4750 supra
929 4682 1000 4736 ad

305 4896 420 4962 der,
444 4896 606 4966 quod
635 4894 779 4950 nihil
803 4895 961 4951 aliud
994 4894 1085 4950 est
1113 4912 1288 4966 quam
1347 4896 1576 4962 lavalor,
1609 4902 1665 4950 et
1693 4897 1842 4952 inter
1872 4896 1952 4951 of-

307 4965 524 5039 ficiales
555 4967 699 5039 aulae
732 4983 966 5039 quoque
987 4965 1398 5034 numerabant;
1422 4968 1633 5024 vid.Du
1664 4968 1947 5039 Cangium

308 5053 364 5090 v.
399 5035 802 5104 Lavundariuk,
835 5035 934 5094 ubi
965 5055 1170 5095 versus
1194 5039 1301 5094 hos
1333 5040 1474 5096 citat
1507 5057 1520 5094 :

495 5141 592 5215 ille
627 5151 712 5215 est
766 5144 1088 5215 sinscalcus,
1137 5161 1260 5201 vere
1291 5147 1622 5203 buliclarius
1653 5147 1770 5212 ille,

484 5211 584 5266 Ille
620 5213 880 5272 lavander
907 5219 1053 5274 adest
1075 5211 1100 5286 ’ς
1155 5221 1323 5274 etiam
1352 5219 1598 5289 focarius
1655 5211 1769 5274 ille.

309 5312 592 5397 Numer-at
647 5317 857 5376 horum
915 5339 1190 5397 versuum
1249 5330 1469 5397 auctor
1524 5326 1677 5380 inter
1729 5322 1951 5397 aulicos

306 5387 657 5471 sinscalcum,
689 5395 1054 5476 senescatcum
1104 5396 1451 5476 magistrum
1473 5412 1793 5476 sacrorum
1822 5395 1950 5476 offi-

307 5462 554 5542 ciorum,
588 5462 674 5542 sic
710 5462 1136 5542 dictum,_quod
1166 5462 1288 5542 sino
1306 5469 1398 5523 vel
1427 5468 1587 5542 sinito
1617 5469 1748 5535 (nos
1782 5466 1953 5542 hodie

309 5531 559 5588 dicimus
588 5535 711 5589 dem
767 5531 1055 5609 Gesinde,»
1084 5538 1337 5606 familiae,
1370 5531 1716 5595 comitativa:
1758 5539 1951 5609 regie)

308 5610 576 5680 praeesset
607 5623 623 5680 ;_
655 5607 979 5680 secundum
1040 5607 1441 5680 bruticularium
1499 5627 1598 5666 seu
1629 5607 1954 5680 pincerham

307 5675 397 5729 vel
427 5677 739 5754 cellarium,
773 5679 1009 5754 tertium
1061 5679 1376 5754 lavatorem,
1438 5683 1540 5754 qui
1595 5675 1841 5737 vestium
1875 5681 1952 5754 la-

307 5747 656 5821 vandarum,
699 5749 1111 5821 parandarum,
1147 5752 1202 5806 id
1234 5758 1320 5807 est
1348 5747 1771 5821 ornandarum,
1803 5757 1860 5807 et
1890 5752 1950 5808 in

310 5818 590 5896 vestiario.
611 5820 1047 5896 condendarum
1074 5818 1300 5896 gereret
1331 5839 1554 5896 curam.
1593 5818 1847 5896 Denique
1863 5825 1950 5892 fo-

307 5887 547 5961 carium,
579 5889 637 5945 id
668 5894 758 5950 est
784 5887 1152 5950 calfactore’m
1203 5892 1381 5949 simul
1412 5900 1470 5952 et
1499 5887 1771 5970 coquum:
1806 5887 1950 5952 [lino

1052 4699 1108 4752 p.
1174 4681 1230 4748 7,
1309 4681 1368 4736 in
1434 4681 1830 4754 disputatione
1887 4682 1958 4736 de

306 4732 631 4825 agitatam.
661 4732 1559 4825 atticusflammarum”
1578 4732 1959 4825 saturabat
1988 4732 2034 4797 ι)

307 4825 415 4879 hos
440 4824 709 4879 homines
749 4823 938 4895 Latini
969 4827 1329 4895 sequiores,a
1364 4823 1708 4880 nominativo
1758 4825 1957 4879 lavano

2058 3466 2354 3543 βασιλικῆς
2387 3466 2572 3543 οὐσίας
2605 3467 2817 3543 ἐλάται,
2877 3468 3024 3540 regii
3051 3466 3347 3526 'dromonii
3378 3469 3465 3526 vel
3497 3467 3718 3539 navigii

2055 3541 2308 3609 remiges.
2351 3543 2462 3597 Vid.
2498 3542 2567 3596 ad
2596 3559 2648 3610 p.
2691 3541 2817 3596 355.

2126 3613 2240 3684 (97)
2265 3617 2406 3684 Puto
2438 3614 2770 3684 praefectum
2791 3612 2965 3668 fuisse
2997 3611 3467 3684 pampbylorum,
3500 3614 3556 3666 et
3586 3610 3714 3684 hac

2060 3683 2376 3756 pamphyla
2401 3683 2629 3756 navigia
2658 3683 2928 3739 vehentia
2960 3683 3302 3756 pamphylos
3354 3700 3451 3739 seu
3496 3683 3716 3756 milites

2060 3753 2324 3811 nauticos
2355 3771 2420 3810 ex
2471 3753 2746 3810 omnibus
2802 3755 3139 3810 nationibus
3184 3753 3295 3811 non
3359 3753 3591 3822 Graecis,
3645 3757 3715 3808 ut

2062 3827 2243 3889 Italis,
2278 3827 2504 3894 Russis,
2534 3827 2760 3890 Turcis,
2798 3826 3386 3892 Mardaitis,Sclavis,
3417 3832 3529 3881 etc.

2132 3899 2243 3970 (98)
2273 3900 2439 3970 Scuta
2469 3899 2529 3952 in
2598 3899 2934 3970 universum
2985 3897 3203 3970 omnia,
3255 3899 3354 3953 sed
3394 3895 3710 3970 [praecipue

2059 3967 2325 4025 coriacea.
2359 3969 2480 4024 Vox
2513 3974 2603 4024 est
2634 3969 2886 4024 Arabicae
2914 3969 3173 4039 originis.
3207 3969 3420 4025 Darcah
3450 3967 3537 4024 vel
3566 3969 3713 4022 Dor-

2059 4042 2161 4097 cah
2199 4046 2255 4095 et
2280 4057 2408 4096 cum
2428 4041 2734 4110 praeposito
2757 4040 3001 4095 articulo
3024 4040 3113 4110 al,
3138 4041 3406 4108 Addarca,
3431 4039 3586 4110 idem
3610 4054 3714 4093 no-

2066 4119 2165 4168 tat.
2198 4111 2321 4168 Non
2355 4118 2444 4167 est
2472 4109 2640 4182 pellis
2686 4114 2933 4181 cervina,
2978 4117 3042 4166 ut
3081 4109 3328 4166 vertitur
3366 4113 3518 4181 apud
3555 4109 3714 4166 Con-

2064 4185 2305 4239 stantia.
2329 4184 2399 4239 de
2439 4188 2587 4254 imp.
2624 4183 2844 4239 admin.
2880 4200 2936 4255 p.
2988 4185 3078 4249 81,
3110 4183 3194 4255 CL
3221 4185 3255 4235 7
3287 4203 3301 4252 ;
3335 4183 3446 4238 vid.
3482 4183 3711 4253 Menag.

2065 4255 2223 4327 Orig.
2285 4256 2356 4327 L.
2397 4253 2652 4327 Francia!
2716 4272 2771 4310 v.
2828 4253 2996 4325 Targe
3052 4259 3110 4310 et
3168 4253 3256 4310 Du
3314 4255 3616 4327 Cangium
3652 4268 3710 4309 v.

2065 4325 2258 4397 Targa.
2294 4326 2438 4382 Hinc
2463 4326 2622 4381 venit
2653 4326 2713 4381 in
2741 4335 3005 4382 nostrum
3062 4341 3394 4382 sermonem
3428 4325 3536 4381 vox
3578 4325 3714 4397 Tar-

2065 4395 2232 4462 tsclie,
2263 4399 2358 4453 sed
2393 4398 2566 4453 hodie
2598 4398 2880 4468 obsoleta,
2922 4397 2982 4453 in
3043 4397 3307 4453 versione
3363 4395 3715 4468 Germanica

2068 4470 2390 4525 Bibliorum
2467 4469 2660 4524 adhuc
2742 4474 3074 4540 superstes;
3133 4485 3186 4525 v.
3229 4469 3473 4524 Frischii
3519 4467 3713 4540 Lexio.

2069 4543 2260 4596 Germ.
2293 4558 2347 4596 v.
2381 4539 2654 4607 Tartschc,
2688 4547 2744 4596 et
2777 4539 2856 4595 Du
2915 4541 3203 4612 Cangium
3247 4557 3301 4594 v.
3344 4541 3578 4612 Testina,
3612 4539 3719 4612 ubi

2068 4613 2262 4668 locum
2288 4613 2442 4668 hunc
2471 4629 2501 4667 e
2522 4618 2868 4667 testamento
2894 4609 3349 4683 regis'ltanimiri
3383 4612 3441 4667 in
3476 4609 3718 4683 historia

2070 4685 2368 4739 Pinatensi
2402 4683 2694 4750 adducit,:
2743 4685 2817 4738 Do
2860 4680 3008 4738 metis
3037 4690 3222 4738 autem
3253 4699 3458 4747 armas,
3493 4696 3619 4753 quae
3647 4680 3722 4736 ad

2064 4771 2296 4818 varones
2327 4755 2572 4828 [virilem
2604 4771 2806 4828 sexum
2843 4755 3197 4828 haereditate]
3230 4757 3510 4828 pertinent
3538 4768 3720 4828 -_—_es:-

2063 4833 2226 4899 potas
2254 4835 2304 4882 et
2329 4823 2590 4899 'adarcas
2617 4831 2669 4881 et
2706 4827 2913 4896 getmos
2934 4827 3018 4899 [id
3053 4831 3141 4899 est
3172 4823 3398 4895 helmos,
3429 4823 3716 4896 cassides]

2065 4897 2131 4941 L—
2161 4899 2384 4954 demitto
2406 4898 2477 4952 ad
2505 4898 2688 4967 ﬁlium
2715 4915 2900 4952 meum
2919 4897 3225 4954 Sanctium.

2129 4970 2240 5042 (99)
2274 4966 2528 5040 Collegia
2578 4970 2800 5024 urbana
2830 4969 3120 5042 artiﬁcum
3154 4976 3210 5025 et
3240 4969 3516 5040 opificum
3552 4966 3707 5024 desi-

2059 5039 2229 5112 gnat,
2256 5046 2321 5096 ut
2350 5039 2782 5112 mercatorum,
2825 5039 3155 5110 aurificum,
3190 5039 3480 5104 sutorum,
3516 5043 3710 5095 sarto-

2061 5111 2192 5168 rum
2227 5117 2284 5168 et
2308 5111 2554 5167 aliorum
2588 5111 2814 5169 talium.

2134 5184 2212 5256 (1)
2243 5185 2326 5239 lta
2355 5183 2571 5256 scripta
2597 5185 2652 5238 in
2671 5183 3136 5256 membranishic
3167 5187 3291 5239 erat
3320 5187 3378 5239 et
3407 5181 3588 5239 semel
3608 5183 3714 5256 aut

2059 5253 2152 5311 bis
2191 5253 2632 5324 deinceps—haec
2672 5272 2796 5311 vox.
2852 5255 3106 5311 Inferius
3164 5264 3359 5325 autem
3409 5261 3466 5310 et
3524 5253 3713 5325 p.370

2061 5328 2247 5395 reperi
2309 5328 2365 5381 in
2409 5323 2786 5384 membranis
2853 5329 3066 5383 nostris
3149 5323 3473 5382 πλατάνιον.
3524 5323 3716 5378 Ἠρά-

2061 5398 2180 5453 didi
2215 5398 2427 5468 ubique
2457 5403 2513 5454 et
2542 5399 2600 5454 in
2634 5399 2847 5456 Graecis
2870 5404 2927 5454 et
2964 5401 3020 5454 in
3079 5398 3304 5454 Latinis
3334 5400 3495 5463 hanc
3515 5411 3716 5468 vocem

2061 5466 2533 5540 qualemq‘ualem
2585 5472 2766 5527 codex
2817 5473 3039 5540 dabat,
3071 5470 3313 5526 nescius
3372 5476 3504 5525 utra
3546 5466 3721 5540 lectio

2061 5539 2269 5597 melior
2291 5539 2345 5596 et
2377 5543 2530 5596 unde
2580 5543 2916 5598 derivanda.
2979 5539 3290 5595 Πλατάνιον
3342 5542 3531 5613 possit
3560 5539 3658 5613 vel
3689 5555 3725 5613 a

2061 5613 2276 5682 platani
2311 5613 2464 5668 foliis
2497 5613 2734 5670 intextis
2775 5614 2997 5669 dictum
3032 5615 3215 5669 fuisse
3246 5607 3456 5679 videri,
3490 5610 3576 5682 vel
3615 5607 3723 5662 ἀπὸ

2059 5681 2167 5756 τῶν
2196 5682 2447 5750 πλατῶν,
2482 5685 2649 5755 quasi
2706 5685 2994 5756 scapulare
3021 5685 3112 5740 vel
3167 5685 3455 5740 humerale
3497 5681 3726 5756 fuisset.

2059 5755 2313 5828 Alteram
2369 5752 2518 5828 vero
2547 5752 2854 5828 lectionem
2903 5757 2948 5812 si
2980 5757 3278 5828 preferas,
3312 5756 3501 5828 possis
3533 5752 3612 5810 ah
3639 5753 3731 5809 in-

2057 5829 2233 5901 textis
2248 5827 2544 5901 platoniis,
2577 5827 2685 5885 hoc
2726 5833 2819 5901 est
2837 5827 3026 5901 damis
3056 5828 3146 5884 vel
3175 5827 3389 5899 cervis,
3424 5830 3728 5901 repetere;

2063 5899 2167 5959 vid.
2196 5896 2286 5957 Du
2315 5896 2600 5976 Cangium
2640 5917 2694 5958 v.
2745 5896 3084 5961 Πλατώνιον,
