4094 6384
317 387 476 446 1097

1158 387 1260 446 DE
1307 385 1758 448 CERIMONIIS
1802 387 2044 448 AULJE
2082 389 2574 457 ΒΥΖΔΝΤΙΝιΕ
2613 399 2766 459 LIB.
2812 401 2886 460 ll.

3577 405 3734 468 1098

314 512 408 569 διὰ
467 513 799 589 πολῦτίμων
855 515 1240 594 χειρομάκτων
1288 518 1401 590 (26)
1446 516 1961 590 άπομαξάμενοικαῖ

2082 520 2142 576 in
2174 525 2438 581 scamnis
2472 527 2553 584 ibi
2585 530 2814 599 positis.
2839 530 2981 587 Illuc
3017 533 3282 590 mittebat
3310 534 3456 606 ipsis
3484 536 3732 609 impera-

309 608 424 659 τῶν
457 604 778 679 μυριπνόων
812 606 930 678 (27)
968 605 1059 660 καὶ
1097 602 1314 661 εὖώδων
1345 607 1673 683 σταγμάτων
1704 606 1796 662 καὶ
1827 606 1968 678 ἀλη-

315 714 504 766 ματων
536 692 789 772 ἀφθόνως
820 692 1244 767 ἐμπλησθέντες,
1275 693 1442 749 πάλιν
1477 692 1565 750 διὰ
1584 699 1681 750 τοῦ
1741 695 1971 750 λαυσια-

308 786 411 837 κοῦ
440 783 529 838 καὶ
571 785 668 837 τοῦ
711 780 1024 860 ὡρολογίου
1054 785 1146 839 καὶ
1196 789 1294 840 τοῦ
1326 783 1784 860 χρυσοτρικλίνου
1837 785 1973 856 ἐξίε-

310 893 408 927 σαν
459 873 554 934 τὰς
601 871 932 935 ἆνατολικᾶς
971 873 1150 938 πύλας
1207 880 1305 930 τοῦ
1355 875 1836 951 χρυσοτρικλίνου,
1879 878 1970 931 καὶ

309 960 402 1016 διὰ
456 966 552 1017 τοῦ
609 962 850 1031 ἡλιακοῦ
906 968 1006 1018 τοῦ
1066 965 1250 1040 Φάρου
1308 962 1639 1038 ἐξελθῦγτες,
1683 963 1966 1039 κατῇλθον

310 1047 405 1106 διά
432 1055 529 1106 τοῦ
559 1049 799 1120 ἡλιακοῦ
836 1059 937 1122 τῆς
975 1052 1094 1116 νέας
1124 1055 1214 1109 καὶ
1267 1058 1364 1110 τοῦ
1409 1052 1655 1128 μεγάλου
1684 1052 1968 1128 τρικλίνου

306 1138 389 1200 εἷς
435 1140 500 1194 τὸ
555 1142 1028 1216 τζυκανιστήριον·
1089 1141 1262 1198 ἐκεῖσε
1327 1141 1420 1197 οὖν
1473 1143 1831 1205 ἱππεύσαντες
1870 1142 1970 1198 ἀπο

307 1227 485 1299 ἦλθον
532 1227 587 1285 ἐν
616 1234 698 1302 τῷ
729 1227 853 1304 ἰδίῳ
886 1229 1176 1306 ἀπλήκτῳ,
1209 1234 1336 1302 ἤτοι
1367 1232 1445 1296 εἷς
1501 1232 1594 1288 τὸν
1661 1231 1964 1306 ¹χρυσίωνα.

305 1317 529 1390 Ἰστέον,
563 1321 647 1374 δτι
706 1319 998 1400 ἀνάγλυφα
1051 1321 1338 1398 μινσούρια
1389 1320 1478 1377 καὶ
1530 1321 1858 1378 σκουτέλλια
1913 1320 1964 1377 ἐν

303 1413 388 1482 τῷ
417 1408 642 1485 μεγάλῳ
678 1411 937 1484 κοσμήτῇ
964 1417 1066 1466 τοῦ
1093 1409 1562 1491 χρυσοτρικλίνου
1594 1410 1778 1486 ἀκμὴν
1813 1410 1965 1486 ἐκρέ-

309 1518 502 1570 μαντο,
532 1497 622 1552 καὶ
677 1499 745 1553 τὰ
804 1497 971 1574 μικρά
1010 1497 1299 1577 ἀνάγλυφα
1355 1496 1688 1554 σκουτέλλια
1741 1498 1794 1554 ἐν
1845 1505 1965 1562 ταῖς

307 1591 675 1664 φωταγωγοῖς
757 1587 1030 1664 καμάραις
1103 1593 1201 1643 τοῦ
1281 1587 1562 1663 τρούλλου
1645 1587 1965 1663 ἐκρέμαντο.

304 1675 532 1741 ’ἰστέον,
579 1675 684 1743 ὃτι,
731 1679 956 1750 ἡμερῶν
1015 1674 1350 1741 διελθουσῶν
1384 1675 1483 1732 οὐκ
1539 1675 1770 1752 ὀλίγων,
1826 1677 1968 1752 ᾐτή-

308 1785 477 1820 σαντο
527 1766 578 1821 οἱ
635 1763 792 1842 φίλοι
827 1767 1138 1841 Σαραγηνοὶ
1189 1767 1479 1831 θεάσασθαι
1529 1766 1620 1821 καὶ
1678 1771 1964 1842 συντυχεῖν

2082 614 2174 666 tor
2203 629 2306 682 per
2330 617 2667 674 caatonitam
2711 620 3013 676 mnantbia
3037 621 3243 694 [genus
3275 626 3555 696 unguenti
3592 627 3726 699 est],

2079 704 2137 753 et
2163 716 2374 772 aquam
2409 721 2672 762 rosarum
2705 709 3061 765 stillaticiam
3095 717 3152 766 et
3177 711 3357 782 galias
3385 719 3443 769 et
3472 714 3588 770 alia
3618 732 3729 770 uu-

2077 797 2292 859 guenta
2348 797 2406 849 et
2456 793 2851 852 odoramenta.
2886 798 3202 870 Postquam
3259 801 3338 856 ibi
3397 801 3455 857 in
3507 803 3726 872 paratis

2076 876 2246 936 levati
2290 885 2483 952 operis
2531 886 2789 958 pelvibus
2838 905 2965 945 sese
3011 889 3297 959 lavarant,
3348 899 3402 947 et
3451 892 3726 964 pretiosis

2079 969 2415 1029 mantilibus
2446 991 2656 1032 manus
2691 977 3085 1034 absterserant
3130 983 3306 1051 atque
3347 979 3722 1051 siccaverant,

2075 1064 2579 1136 unguentisqueet
2601 1065 2924 1136 liquoribus
2945 1082 3117 1123 suave
3134 1068 3492 1138 spirantibus
3513 1085 3727 1142 corpus

2075 1152 2256 1220 probe
2285 1152 2613 1209 delibutum
2649 1153 2964 1225 habebant,
2997 1156 3234 1214 exibant
3259 1174 3462 1213 rursus
3485 1174 3584 1230 per
3605 1158 3727 1214 lau-

2076 1237 2296 1295 siacum
2330 1249 2387 1297 et
2417 1244 2788 1315 horologium
2821 1251 2876 1300 et
2908 1245 3464 1318 cbrysotriclinium,
3499 1253 3723 1317 portam

2075 1327 2418 1386 orientalem
2469 1331 2924 1404 cbrysotriclinii
2981 1340 3040 1390 et
3088 1334 3364 1391 solarium
3421 1336 3618 1404 Phari,
3651 1338 3725 1392 de

2075 1417 2544 1491 scandebantque
2600 1437 2704 1492 per
2759 1421 3039 1479 solarium
3099 1423 3266 1480 Novas
3328 1424 3586 1481 ecclesiae
3667 1429 3726 1482 et

2077 1506 2270 1575 magni
2296 1506 2530 1562 triclinii
2553 1508 2610 1564 in
2627 1511 3121 1568 tzucanisterium.
3141 1513 3224 1569 Ibi
3249 1513 3726 1570 conscendebant

2076 1608 2279 1649 rursus
2306 1595 2366 1650 in
2397 1613 2582 1668 equos
2611 1615 2768 1669 suos,
2800 1607 2854 1656 et
2903 1600 2987 1656 sic
3033 1601 3432 1658 avehebanlur
3471 1603 3530 1658 in
3564 1619 3724 1658 man-

2075 1683 2297 1739 sionem
2332 1702 2521 1752 suam,
2553 1687 2610 1742 id
2644 1693 2735 1744 est
2765 1687 2823 1743 in
2853 1687 3260 1762 cbryseonem.
3298 1692 3450 1747 339
3498 1695 3724 1748 Tenen-

2074 1770 2212 1826 dum
2244 1771 2457 1839 adbuc,
2482 1773 2835 1831 interrasilia
2863 1777 3133 1834 missoria
3180 1785 3236 1834 et
3274 1779 3554 1836 scutellas
3584 1797 3718 1836 sus-

303 1857 404 1910 τόν
438 1855 689 1930 βασιλέα,
719 1856 809 1912 καὶ
851 1856 967 1912 ἐπεὶ
1000 1858 1028 1912 6
1061 1857 1517 1934 χρυσοτρίκλινος
1575 1855 1961 1934 ἅπεγραμίσθη

2077 1875 2257 1954 pensa
2287 1867 2412 1916 tum
2450 1862 2627 1919 fuisse
2656 1863 2714 1918 in
2757 1881 2970 1936 magno
3022 1873 3280 1923 cosmeto
3324 1868 3721 1941 chrysotricli-

303 1952 410 2014 τῆς
439 1945 846 2021 προῤῥηθείσης
876 1955 1145 2022 γραμμῆς
1192 1950 1328 2020 ('28),
1382 1945 1434 2002 ἐν
1492 1951 1571 2019 τῷ
1628 1944 1964 2022 ἁδιαλείπτῳ

302 2033 398 2088 καὶ
457 2036 580 2097 καθ’
629 2034 855 2106 ἑκάστην
910 2035 1185 2109 ἱσταμένῳ
1229 2036 1279 2091 ἐν
1365 2041 1444 2108 τῷ
1512 2036 1963 2113 χρυσοτρικλίνῳ

302 2123 526 2200 πυργίῳ
566 2123 996 2199 ἐκρεμάσθησαν,
1055 2125 1108 2180 ἐν
1164 2131 1281 2187 τοῖς
1348 2129 1446 2180 τοῦ
1496 2125 1660 2180 αὐτοῦ
1731 2125 1961 2202 πυργίου

307 2210 717 2288 μεσοκαρδίοις,
776 2213 842 2269 τὰ
905 2214 1029 2290 τρία
1106 2215 1408 2288 στέμματα·
1479 2215 1614 2289 πρὸς
1692 2213 1962 2285 άνατολήν

305 2301 402 2374 μὲν
469 2301 532 2357 τὸ
579 2307 687 2356 τῶν
746 2303 948 2378 Ἀγιων
1001 2300 1356 2358 Ἀποστὸλων
1411 2306 1672 2378 πράσινον
1723 2302 1959 2377 στέμμα,

302 2389 452 2464 δεξιᾷ
482 2389 541 2446 δὲ
570 2393 631 2447 τὸ
660 2399 760 2463 τῆς
808 2393 1105 2470 ὑπεραγίας
1161 2393 1432 2449 Θεοτόκου
1482 2397 1579 2448 τοῦ
1635 2395 1821 2465 Φάρου
1868 2395 1958 2468 βέ-

297 2502 448 2537 νετον
510 2481 744 2555 στέμμα,
795 2482 1052 2558 ἀριστερᾷ
1112 2481 1170 2538 δὲ
1222 2484 1287 2540 τὸ
1336 2487 1434 2538 τοῦ
1492 2483 1655 2558 ἁγίου
1716 2481 1962 2558 μεγαλό-

300 2569 583 2646 μάρτυρος
615 2570 937 2647 Δημητρίου
967 2573 1177 2645 βενετον
1231 2570 1448 2645 στέμμα
1509 2571 1646 2644 μετὰ
1700 2570 1790 2626 καὶ
1847 2574 1958 2625 τῶν

300 2663 548 2725 σταυρῶν
609 2659 807 2715 αὐτῶν.
840 2660 908 2717 Αἱ
951 2657 1009 2715 δὲ
1050 2665 1157 2715 τῶν
1211 2665 1378 2734 τριῶν
1424 2659 1748 2733 στεμμάτων
1811 2664 1956 2734 τρεῖς

302 2748 615 2823 περιστεραὶ
683 2751 792 2822 (29)
855 2746 1265 2823 ἐκρεμάσθησαν
1340 2749 1394 2804 ἐν
1455 2753 1534 2822 τῷ
1611 2748 1750 2822 πρὸς
1809 2744 1958 2802 δύσιν

317 2835 656 2910 μεσοκαρδίῳ
703 2841 801 2892 τοῦ
849 2836 1013 2892 αὐτοῦ
1069 2836 1328 2914 πυργίου,
1378 2839 1566 2894 Ἔνθεν
1623 2834 1682 2892 δὲ
1743 2835 1958 2891 κάκεῖσε

311 2930 405 2981 τοῦ
463 2925 620 2982 αὗτοῦ
659 2928 894 3004 πυργίου
952 2924 1178 2997 ἔστησαν
1239 2929 1423 3000 θρόνοι
1480 2925 1596 2982 δύο·
1654 2924 1799 3000 δεξιά
1858 2927 1954 3000 μὲν

303 3015 442 3088 πρὸς
479 3013 752 3086 ἀνατολήν
786 3017 814 3072 ὁ
842 3020 940 3071 τοῦ
973 3014 1288 3089 Ἀρκαδίου,
1315 3014 1366 3070 ἐν
1421 3013 1466 3088 ᾧ
1523 3015 1778 3086 ἐκαθέσθη
1814 3016 1956 3070 Ῥω-

303 3104 471 3176 μανὸς
502 3105 530 3158 6
591 3106 1110 3180 Πορφυρογέννητος
1149 3104 1240 3159 καὶ
1280 3103 1606 3168 θεόστεπτος
1666 3102 1943 3178 βασιλεύς·

300 3192 557 3258 εὐώνυμα
597 3190 654 3247 δὲ
701 3194 730 3248 6
767 3197 866 3249 τοῦ
918 3192 1073 3269 ἁγίου
1139 3190 1551 3250 Κωνσταντίνου
1589 3191 1804 3264 θρόνος.
1837 3192 1952 3248 Ἕν-

300 3283 390 3336 θεν
425 3279 482 3336 δὲ
511 3282 774 3352 κᾶκεῖθεν,
808 3285 933 3352 ἢτοι
967 3281 1113 3354 δεξιᾶ
1145 3281 1236 3336 καὶ
1268 3281 1522 3356 ἀριστερὰ
1573 3284 1670 3334 τοῦ
1731 3298 1949 3354 χρυσο-

295 3370 606 3447 τρικλίνου,
640 3369 868 3444 ἔστησαν
903 3373 954 3427 οἱ
997 3371 1188 3426 λοιποὶ
1235 3368 1509 3445 βασίλειοι
1549 3369 1734 3443 θρόνοι
1765 3369 1856 3424 καὶ
1885 3390 1953 3424 τα

299 3459 400 3517 δύο
431 3465 613 3541 χρυσᾶ
670 3457 968 3534 κραϐάττια
1010 3459 1196 3515 καὶτὰ
1241 3457 1336 3515 δύο
1387 3460 1592 3534 ἅργυρᾶ
1639 3455 1950 3528 ἱστοπόδια,

298 3549 355 3606 ἐν
408 3553 495 3613 οἷς
551 3550 641 3606 καὶ
697 3551 761 3606 τὸ
817 3548 1031 3606 δυτικὸν
1074 3547 1282 3624 αἶ’ρεται
1353 3546 1552 3623 βῆλον·
1608 3541 1838 3618 ἔστησαν
1896 3545 1955 3603 δὲ

2077 1946 2158 2002 nii
2183 1965 2196 2002 :
2223 1965 2409 2017 parvae
2429 1953 2621 2006 autem
2640 1951 2983 2023 anaglypbes
3007 1953 3291 2008 scuttellaa
3309 1954 3721 2026 dependebant

2074 2050 2104 2091 e
2135 2035 2466 2092 fenestratis
2497 2038 2817 2095 fornicibus
2864 2040 3044 2096 trulli.
3094 2041 3218 2096 Non
3260 2042 3463 2113 paucis
3508 2043 3718 2098 diebus

2073 2130 2204 2196 post
2220 2127 2501 2198 rogabant
2520 2126 2691 2182 amici
2715 2129 2989 2185 Saraceni
3020 2129 3213 2187 denuo
3235 2131 3462 2186 veniam
3485 2132 3720 2188 videndi

2071 2212 2480 2286 imperatorem
2531 2217 2701 2288 eique
2776 2217 3166 2289 colloquendi.
3235 2220 3718 2293 Quandoquidem

2070 2319 2205 2360 vero
2249 2304 2788 2376 chrysotriclinium
2841 2306 2999 2379 pictu
3047 2307 3324 2380 cultuque
3373 2308 3496 2379 illo,
3539 2325 3717 2379 quem

2071 2409 2250 2463 supra
2281 2393 2726 2465 descripsimus,
2761 2394 2966 2452 fuisset
2994 2404 3252 2461 exutum,
3287 2399 3720 2470 suspendeban-

2069 2487 2166 2536 tur
2194 2481 2254 2537 in
2287 2483 2594 2552 turricula,
2620 2499 2748 2556 qua
2781 2484 3038 2555 quotidie
3068 2490 3125 2541 et
3163 2502 3460 2558 nunquam
3489 2503 3606 2542 non
3639 2487 3719 2544 ibi

2069 2574 2208 2638 stat,
2240 2587 2309 2626 ex
2339 2573 2468 2642 ejus
2503 2572 2712 2628 mediis
2744 2573 3028 2629 tabulatis
3058 2573 3445 2631 orientalibus
3476 2584 3591 2631 tres
3622 2575 3718 2630 ἰησ-

2070 2661 2224 2731 ΐυιω,
2258 2660 2318 2716 in
2351 2661 2542 2716 medio
2590 2667 2840 2718 stemma
2887 2662 2988 2720 SS.
3039 2663 3445 2732 Apostolorum
3493 2664 3712 2734 viride;

2066 2751 2139 2805 ad
2195 2750 2320 2820 ejus
2374 2749 2636 2805 dextram
2679 2755 2952 2806 venetum
3004 2751 3386 2808 sanctissimas
3460 2752 3716 2824 Deiparas

2067 2838 2239 2894 Phari
2266 2862 2281 2906 ;
2313 2842 2371 2893 et
2397 2839 2468 2892 ad
2501 2839 2800 2894 sinistram
2831 2843 3104 2896 venetum
3159 2844 3411 2896 stemma
3438 2843 3625 2896 sancti
3659 2844 3716 2898 et

2066 2928 2262 2999 magni
2295 2927 2572 2996 martyris
2603 2927 2899 2983 Demetrii.
2936 2928 3236 2984 [lababant
3266 2928 3367 2984 illa
3397 2930 3509 2984 tria
3540 2935 3716 2985 stem-

2067 3021 2222 3072 mata
2252 3033 2388 3072 suas
2418 3017 2661 3072 totidem
2693 3032 2898 3074 cruces
2924 3036 2939 3086 ;
2970 3021 3028 3073 at
3057 3021 3175 3073 tres
3221 3016 3501 3073 columba:
3542 3020 3614 3074 ad
3646 3036 3715 3074 ea

2065 3105 2422 3177 pertinentes
2449 3106 2858 3176 dependebant
2884 3121 2952 3162 ex
2981 3106 3245 3175 ejusdem
3289 3107 3581 3163 turriculae
3613 3124 3710 3164 seu

2063 3194 2261 3250 scrinii
2297 3193 2645 3250 meditultiis
2676 3194 3148 3251 occidentalibus.
3185 3196 3271 3250 Ab
3293 3201 3540 3268 utraque
3562 3197 3710 3266 ejus.

2064 3283 2194 3338 dem
2229 3291 2390 3354 parte
2412 3283 2644 3338 stabant
2692 3283 2883 3340 throni
2926 3285 3062 3351 duo,
3113 3285 3248 3340 hinc
3297 3302 3471 3354 unus,
3505 3301 3710 3341 vorsus

2063 3371 2344 3428 orientem
2374 3385 2602 3442 nempe,
2655 3375 2712 3426 et
2742 3388 2773 3425 a
2823 3371 3024 3427 dextra
3068 3371 3317 3429 thronus
3364 3374 3618 3444 Arcadii,
3651 3375 3709 3430 in

2063 3476 2176 3532 quo
2209 3459 2507 3515 Romanus
2537 3459 3071 3532 Porphyrogenitus
3100 3469 3156 3517 et
3192 3479 3224 3518 a
3258 3463 3368 3518 Deo
3399 3470 3711 3519 coronatus

2064 3549 2386 3620 imperator
2407 3548 2650 3605 sedebat
2670 3549 2886 3622 ;gillino
2912 3555 3108 3606 autem
3146 3567 3180 3607 a
3225 3551 3469 3609 sinistra
3515 3553 3714 3610 stabat

1360 3646 1554 3704 JOAN.
1587 3646 1729 3702 JAC.
1762 3647 2030 3704 REISKII
2058 3645 2657 3704 COMMENTARIUS.

378 3750 485 3820 (26)
544 3747 870 3823 Membran.
926 3745 1246 3823 ἀνογλύφων
1306 3751 1359 3823 et
1417 3743 1456 3799 1.
1526 3761 1588 3813 ιι,
1650 3744 1954 3823 χειρομάκ-

297 3815 411 3874 των
460 3815 562 3904 pro
622 3817 950 3894 ἀναγλύφων
981 3815 1556 3900 θῐλχέιρομάκτρων)
1606 3815 1717 3871 vid.
1746 3815 1753 3818 ’
1781 3819 1850 3870 ad

298 3893 432 3947 267.
493 3892 590 3948 Sic
653 3887 940 3960 ἀνυμένειν
1017 3889 1543 3960 ἁιουοιίῂοᾶιθιιηι
1590 3903 1703 3960 pro
1759 3884 1957 3960 ἆναμεο

298 3913 432 3947 ιοι.
494 3913 590 3948 DIC
653 3913 940 3965 ανυμενειν
1017 3913 1220 3945 αιυυυι
1276 3913 1543 3944 υυυιυτυι
1603 3913 1703 3958 PFU
1759 3913 1957 3960 αναμε·

298 3983 436 4017 νειν.
469 3962 562 4035 [At
592 3979 772 4034 quare
798 3968 919 4018 toto
950 3960 1100 4035 libro
1134 3959 1276 4015 nihil
1310 3962 1380 4015 de
1419 3959 1636 4035 campis
1667 3973 1766 4035 seu
1798 3975 1957 4035 gem-

303 4035 434 4107 mis
455 4030 800 4107 anaglypbis
839 4033 1126 4107 cavatisve
1161 4030 1800 4107 memoratur?_Credo,
1821 4034 1959 4101 quia

302 4106 472 4162 rudis
504 4103 605 4162 illa
633 4103 921 4162 bonarum
941 4105 1159 4159 artium
1178 4109 1316 4158 aetas
1339 4118 1454 4157 non
1475 4103 1824 4166 aestimabat,
1857 4117 1957 4157 ne-

301 4178 448 4234 dum
481 4177 694 4234 faceret
725 4184 843 4232 tam
891 4174 1128 4231 subtilis
1175 4182 1232 4230 et
1286 4174 1468 4228 doctas
1502 4189 1714 4228 manus
1761 4188 1954 4242 opera.

299 4253 484 4305 Juvat
530 4250 636 4305 bac
685 4246 990 4305 occasione
1037 4260 1235 4301 vocem
1283 4260 1466 4301 eamea
1521 4243 1828 4313 explicare,
1888 4244 1961 4298 de

303 4323 478 4390 cujus
508 4320 862 4393 etymologia
885 4316 1429 4393 videndisceptari.‘
1455 4315 1556 4370 Est
1591 4317 1808 4393 Graeca,
1841 4330 1956 4393 non

301 4385 551 4449 Arabica
568 4385 690 4448 vox,
713 4385 913 4447 Posset
926 4388 1160 4460 quidem
1176 4388 1249 4443 ab
1261 4387 1502 4460 Arabico
1520 4385 1961 4460 gama_h,puna:it

300 4472 466 4519 acuto
493 4467 668 4534 ferro.
713 4462 916 4534 repeti,
941 4455 1074 4516 'Sed
1125 4465 1233 4534 est,
1268 4458 1318 4514 si
1364 4474 1562 4534 verum
1613 4455 1962 4534 volumusLa

2066 3743 2316 3817 parietes
2379 3743 2699 3800 inﬁcerent.
2756 3745 3079 3813 Pingebant
3142 3762 3378 3872 quoque
3440 3747 3499 3804 in
3545 3747 3708 3804 luctu

2066 3816 2318 3872 parietes
2343 3814 2508 3872 nigro
2559 3818 2790 3872 colore:
2842 3819 2955 3872 vid.
3007 3817 3093 3872 Du
3169 3821 3333 3872 ‘anae
3367 3817 3455 3872 Gl.
3505 3817 3609 3872 lat.
3657 3835 3708 3872 ν.

2066 3814 2318 3886 parietes
2343 3814 2508 3886 nigro
2559 3818 2790 3884 colore;
2842 3819 2955 3884 vid,
3007 3817 3093 3872 Du
3142 3814 3333 3888 Cang'e
3367 3817 3455 3875 Gl.
3505 3817 3609 3873 lat.
3657 3835 3714 3874 v.

2069 3888 2244 3962 Litra.
2268 3890 2444 3962 ‘Sunt
2488 3904 2721 3962 quoque
2751 3887 3136 3962 _vpappinai,
3168 3887 3288 3961 qui
3316 3904 3431 3944 non
3480 3892 3712 3962 tantum

2065 3959 2126 4014 in
2161 3957 2720 4031 parietibus,'ligno,
2740 3957 2947 4031 linteis
2996 3957 3292 4031 coloribus
3339 3965 3396 4014 et
3444 3959 3718 4031 penicillo

2068 4030 2602 4104 rerumimagines,
2631 4030 2752 4104 _sed
2807 4031 2985 4104 etiam
3033 4030 3093 4085 in
3143 4030 3456 4104 arboribus
3501 4031 3721 4104 forcipe

2068 4101 2308 4156 resectis
2366 4100 2939 4172 eXprimebant._Si_c
2986 4117 3169 4172 supra
3246 4117 3300 4172 p.
3363 4103 3463 4158 331
3545 4100 3721 4160 babe-

2069 4173 2285 4245 bamus
2337 4168 2669 4245 γραμμίζειν
2719 4169 2836 4245 ,ἀπὸ
2886 4168 3103 4244 δαφνιῖἱν
3165 4168 3392 4245 σταυρία
3449 4172 3546 4245 καὶ
3604 4192 3721 4227 στι-

2069 4241 2248 4319 φάνια,
2272 4241 2457 4319 lauris
2486 4245 2543 4297 in
2576 4243 2839 4297 crucium
2873 4241 3132 4319 formam
3155 4241 3326 4319 sectis
3357 4249 3416 4319 et
3445 4244 3502 4298 in
3547 4251 3712 4319 serta

2070 4313 2354 4370 contortis
2386 4313 2623 4384 pingere
2653 4319 2710 4368 et
2738 4329 3018 4370 exornare
3063 4316 3338 4382 triclinia,
3369 4316 3715 4372 deambula-

2072 4401 2171 4440 cra
2227 4394 2334 4439 etc.

2075 4527 2087 4538 _
2293 4455 2470 4511 Paulo
2498 4454 2768 4538 superius
2799 4461 3056 4513 mentem
3083 4473 3272 4538 meam
3317 4459 3400 4538 de_
3426 4455 3716 4538 columbis

299 4527 557 4606 καμεῖόν,
589 4527 830 4606 lubrico.
863 4533 957 4588 Sic
998 4530 1298 4606 appellant
1329 4529 1458 4606 novi
1485 4527 1683 4606 _Gra-ci
1730 4531 1786 4584 et
1831 4527 1964 4582 offi-
1990 4602 2019 4606 _
2072 4527 3717 4606 infularumeaposuiﬂuissenempetigJurascolumbarum

301 4622 524 4674 ctnam,
583 4621 642 4661 tu
689 4621 804 4677 qua
877 4621 1220 4674 pretiosum,
1291 4621 1697 4667 aruucrosum,
1760 4621 1956 4653 rarum

303 4679 562 4762 quidque
580 4678 798 4762 ’βίηφί
833 4673 1126 4762 subtiliter
1167 4671 1394 4745 aliquid
1450 4671 1680 4726 efﬁcere
1732 4668 1956 4741 κάμνειν

303 4747 536 4806 dicunt.
569 4751 653 4804 Ea:
682 4747 970 4816 Addend.)

376 4821 494 4893 (27)
528 4820 609 4876 De
641 4835 799 4876 more
847 4828 1106 4893 veterum
1139 4815 1481 4893 Graecorum
1506 4811 1823 4893 unguentis
1854 4813 1964 4893 fra-

303 4883 614 4961 grantibus
638 4896 765 4963 post
783 4889 990 4963 epulas
1010 4902 1140 4944 sese
1171 4885 1402 4941 lavandi
1433 4890 1492 4941 et
1519 4883 1826 4940 imbuendi
1843 4883 1976 4942 vid-

302 4968 520 5020 Athen.
564 4961 758 5034 p.109
787 4961 835 5017 c.
871 4961 972 5016 fin.

378 5035 497 5110 (28)
544 5031 786 5108 Γραμμῆ
814 5041 919 5110 est
963 5030 1210 5110 pictura,
1257 5029 1566 5110 lineatam,
1596 5033 1660 5082 ut
1695 5024 1966 5110 dicebant

305 5097 506 5163 médib
573 5097 718 5174 ὼνὸξ
765 5109 831 5160 ut
899 5097 1253 5179 γραμμίζειν,
1309 5099 1540 5182 pingat?
1612 5097 1966 5179 γραμμιστής

305 5179 512 5240 pictor.
571 5177 632 5233 in
691 5175 907 5232 celebri
985 5174 1112 5230 loco
1169 5169 1548 5240 Theophanis
1596 5186 1652 5240 p.
1703 5169 1830 5224 2/37.
1894 5170 1960 5240 ῌι

297 5185 512 5251 pictor,
571 5185 632 5233 in
691 5185 907 5232 celebri
985 5185 1112 5230 loco
1169 5185 1548 5242 't‘beopnants
1596 5186 1652 5240 p.
1703 5185 1830 5224 καί.
1894 5185 1960 5223 Hi

303 5249 457 5305 tales
539 5256 697 5318 sunt,
733 5264 908 5319 ,quos
978 5244 1347 5319 Themistius
1407 5259 1482 5319 p_._
1544 5241 1702 5319 223,_
1750 5238 1970 5294 ποικίλ-

303 5319 508 5383 λοντας
574 5311 852 5393 appellat,
913 5321 1032 5393 qui
1074 5316 1343 5393 parietes
1379 5311 1601 5393 radium
1653 5311 1726 5393 ab
1798 5319 1966 5393 estus

303 5393 582 5448 dealbant
610 5388 711 5447 aut
739 5391 986 5446 calcario
1017 5388 1353 5444 incrustant
1372 5400 1564 5457 opere,
1589 5388 1749 5437 intus
1770 5391 1965 5437 autem

306 5467 564 5538 pingunt
591 5462 892 5538 coloribus
907 5467 968 5538 et
995 5459 1222 5538 figuris,
1253 5456 1420 5538 item;
1441 5456 1540 5538 qui
1588 5469 1762 5538 opere
1791 5461 1968 5536 tesse-

304 5525 547 5592 latJvel
595 5534 821 5590 musivo
874 5527 968 5586 ἐδά
1011 5525 1069 5600 ην
1097 5525 1286 5584 ἄνθινοι
1325 5525 1682 5590 efﬁciebant,
1719 5525 1791 5579 de
1838 5526 1968 5596 qui-

304 5607 422 5659 bus
469 5605 584 5659 vid.
639 5606 891 5659 Salmas.
941 5551 1013 5659 εἷ
1057 5602 1276 5659 Scrint.
1329 5598 1478 5655 Hist.
1530 5601 1674 5659 Aug.
1715 5601 1758 5652 t.
1805 5595 1965 5659 Il..p.

303 5607 422 5689 999
469 5605 614 5689 ιξίάέ.
633 5606 891 5689 ξειαξεεεο
925 5595 1013 5689 .93
1035 5595 1500 5689 'S°'iPt-..HE§E-_
1515 5595 1965 5689 ﬂuent-.1153:

300 5680 416 5736 559
455 5683 514 5733 et
554 5677 684 5740 710.
734 5677 837 5733 ubi
885 5675 991 5744 ait,
1029 5690 1130 5731 eos
1175 5669 1562 5744 dealbatores,
1615 5669 1969 5744 colpratores

303 5759 362 5808 et
421 5737 848 5810 ίνδικοπλάστας
903 5737 1116 5817 dictos,
1165 5741 1326 5819 quod
1381 5737 1584 5814 indigo
1634 5737 1723 5797 vel
1779 5737 1968 5810 glasto

629 5860 892 5941 Partica.
943 5875 1053 5938 Gn.
1100 5868 1282 5935 CXII.

689 4621 804 4677 qua
877 4599 1241 4677 pretiosum,
1291 4599 1697 4677 artificiosum,
1759 4614 1956 4677 rarum
1990 4602 2037 4664 Β
2069 4600 2341 4677 crucibus
2371 4599 2588 4677 quibﬁus
2641 4599 2828 4677 ornati
2853 4609 3044 4677 erant
3085 4599 3402 4677 infularum
3443 4600 3712 4677 vertices,

2068 4669 2396 4738 impositas.
2432 4669 2702 4725 Infixaene
2725 4671 2936 4726 fuerint
2955 4679 3010 4726 et
3030 4670 3412 4726 immobiliter
3441 4672 3510 4726 iis
3534 4671 3718 4725 inhre-

2073 4742 2274 4804 serint,
2303 4740 2382 4813 ibi
2413 4741 2778 4813 dubitabam.
2801 4746 2918 4796 Hoc
2935 4742 3110 4813 eloco
3129 4747 3387 4813 apparet,
3411 4741 3716 4797 columbas

2072 4813 2178 4868 has
2210 4811 2364 4867 demi
2394 4812 2467 4866 ab
2497 4811 2703 4884 infulis
2736 4813 3013 4882 potuisse.
3049 4811 3381 4869 Fueruntne
3412 4829 3550 4884 ergo
3588 4828 3718 4866 cru-

2073 4885 2242 4956 cibus
2264 4898 2373 4954 Ope
2393 4883 2764 4956 cochlearum
2787 4885 3076 4956 adaptatis
3099 4885 3226 4956 i‘An
3253 4885 3447 4956 potius
3477 4883 3715 4939 fuerunt

2072 4954 2392 5011 infularum
2454 4955 2751 5025 capsula?
2807 4954 2970 5013 Certe
3031 4954 3296 5012 solebant
3352 4956 3543 5010 medio
3599 4970 3718 5010 sevo

2074 5026 2349 5099 capsulas
2382 5028 2708 5099 prohrebus
2746 5027 2976 5099 sacris._
2999 5043 3148 5098 pane
3186 5032 3547 5093 consecrato,
3578 5025 3720 5082 reli-

2074 5096 2231 5170 quiis
2252 5096 2572 5170 condendis
2592 5097 2662 5170 ad
2689 5098 2876 5154 instar
2894 5096 3302 5155 columbarum
3327 5099 3719 5170 conformare,

2073 5167 2328 5225 volentes
2357 5167 2807 5240 adsigniﬁcare,
2841 5170 2956 5225 vim
2998 5170 3250 5240 Spiritus
3281 5171 3469 5226 sancti
3511 5169 3719 5226 condi-

2078 5240 2151 5298 tis
2183 5241 2345 5314 intus
2377 5239 2638 5314 reliquiis
2663 5241 2956 5314 incubare
3007 5239 3223 5314 easque
3279 5257 3626 5314 conservare
3665 5244 3724 5314 et

2077 5313 2475 5375 sanctiﬁcare;
2512 5311 2619 5366 vid.
2663 5309 2746 5365 Du
2808 5311 3000 5378 Gange
3059 5309 3142 5366 ad'
3187 5313 3348 5368 Pauli
3399 5312 3722 5369 Silentiarii

2077 5382 2399 5445 Eoiibrasin
2432 5386 2488 5437 S.
2522 5382 2751 5444 Sophia;
2787 5400 2838 5450 p.
2875 5385 2999 5447 575,
3033 5393 3090 5439 et
3127 5384 3320 5440 Gloss.
3355 5385 3478 5440 Lat.
3531 5401 3582 5436 ν.
3619 5383 3721 5436 ϐο-

2082 5454 2360 5526 ιιιτηὸαγρῐ
2389 5453 2484 5509 Gr.
2509 5470 2561 5526 v.
2585 5453 2898 5525 Περιστερά.
2936 5462 3188 5526 Apparet
3209 5473 3238 5510 e
3260 5456 3402 5511 locis
3424 5456 3500 5510 ibi
3526 5453 3723 5509 citatis

2078 5525 2359 5583 columba:
2393 5525 2708 5597 imaginem
2745 5526 2800 5580 in
2833 5525 3068 5582 cibariis
3100 5543 3279 5597 super
3324 5527 3608 5597 altaribus
3664 5527 3724 5576 et

2077 5612 2254 5668 super
2280 5595 2635 5670 baptisteriis
2654 5597 3024 5670 pependisse,
3055 5613 3086 5652 e
3103 5595 3356 5670 quorum
3377 5595 3623 5670 pedibus
3651 5607 3725 5649 ex

2078 5665 2231 5724 un'co
2259 5665 3084 5741 vel’catenula‘dependebant
3111 5665 3333 5725 cruces.

3327 5871 3404 5932 35
