  <div class='ocr_page' id='page_1' title='image "/cluster/home/n/w/nwhite01/storage/ocr_20150623/112:no.1/coo.31924054870161/559.png"; bbox 0 0 4094 6392; ppageno 0'>
   <div class='ocr_carea' id='block_1_1' title="bbox 400 401 560 487">
    <p class='ocr_par' dir='ltr' id='par_1_1' title="bbox 400 401 560 487">
     <span class='ocr_line' id='line_1_1' title="bbox 400 401 560 487; baseline 0 -29"><span class='ocrx_word' id='word_1_1' title='bbox 400 401 560 487; x_wconf 59' lang='lat' dir='ltr'><strong>nos</strong></span> 
     </span>
    </p>
   </div>
   <div class='ocr_carea' id='block_1_2' title="bbox 1404 348 2736 493">
    <p class='ocr_par' dir='ltr' id='par_1_2' title="bbox 1404 348 2736 493">
     <span class='ocr_line' id='line_1_2' title="bbox 1404 348 2736 493; baseline -0.007 -32"><span class='ocrx_word' id='word_1_2' title='bbox 1404 348 1414 360; x_wconf 40' lang='lat'><strong><em>&#39;</em></strong></span> <span class='ocrx_word' id='word_1_3' title='bbox 1449 398 1956 493; x_wconf 77' lang='lat' dir='ltr'><strong>CONSTANTIN</strong></span> <span class='ocrx_word' id='word_1_4' title='bbox 1967 397 1988 456; x_wconf 90' lang='lat' dir='ltr'><strong>l</strong></span> <span class='ocrx_word' id='word_1_5' title='bbox 2033 390 2736 457; x_wconf 72' lang='lat' dir='ltr'><strong>PORPHYROGENITI</strong></span> 
     </span>
    </p>
   </div>
   <div class='ocr_carea' id='block_1_3' title="bbox 3653 394 3815 455">
    <p class='ocr_par' dir='ltr' id='par_1_3' title="bbox 3653 394 3815 455">
     <span class='ocr_line' id='line_1_3' title="bbox 3653 394 3815 455; baseline 0 -3"><span class='ocrx_word' id='word_1_6' title='bbox 3653 394 3683 452; x_wconf 75' lang='lat' dir='ltr'><strong>l</strong></span> <span class='ocrx_word' id='word_1_7' title='bbox 3696 395 3815 455; x_wconf 73' lang='grc'><strong>104</strong></span> 
     </span>
    </p>
   </div>
   <div class='ocr_carea' id='block_1_4' title="bbox 394 518 2053 605">
    <p class='ocr_par' dir='ltr' id='par_1_4' title="bbox 394 531 2038 605">
     <span class='ocr_line' id='line_1_4' title="bbox 394 531 2038 605; baseline -0.001 -17"><span class='ocrx_word' id='word_1_8' title='bbox 394 532 567 589; x_wconf 80' lang='lat' dir='ltr'><strong>habet</strong></span> <span class='ocrx_word' id='word_1_9' title='bbox 594 533 742 589; x_wconf 92' lang='lat' dir='ltr'><strong>ritus</strong></span> <span class='ocrx_word' id='word_1_10' title='bbox 770 531 1069 605; x_wconf 87' lang='lat' dir='ltr'><strong>antiquus,</strong></span> <span class='ocrx_word' id='word_1_11' title='bbox 1100 531 1154 587; x_wconf 88' lang='lat' dir='ltr'><strong>vi</strong></span> <span class='ocrx_word' id='word_1_12' title='bbox 1185 533 1355 605; x_wconf 86' lang='lat' dir='ltr'><strong>cujus</strong></span> <span class='ocrx_word' id='word_1_13' title='bbox 1413 531 1740 588; x_wconf 86' lang='lat' dir='ltr'><strong>factionarii</strong></span> <span class='ocrx_word' id='word_1_14' title='bbox 1769 539 1825 588; x_wconf 91' lang='lat' dir='ltr'><strong>et</strong></span> <span class='ocrx_word' id='word_1_15' title='bbox 1854 531 2038 605; x_wconf 86' lang='lat' dir='ltr'><strong>picto-</strong></span> 
     </span>
    </p>
   </div>
   <div class='ocr_carea' id='block_1_5' title="bbox 2158 518 3816 605">
    <p class='ocr_par' dir='ltr' id='par_1_5' title="bbox 2158 518 3816 601">
     <span class='ocr_line' id='line_1_5' title="bbox 2158 518 3816 601; baseline -0.001 -22"><span class='ocrx_word' id='word_1_16' title='bbox 2158 524 2324 601; x_wconf 78' lang='grc' dir='ltr'>χαίων</span> <span class='ocrx_word' id='word_1_17' title='bbox 2412 521 2626 599; x_wconf 82' lang='grc' dir='ltr'>χρόνων</span> <span class='ocrx_word' id='word_1_18' title='bbox 2720 519 3289 595; x_wconf 82' lang='grc' dir='ltr'>παρακολουθήσαντα</span> <span class='ocrx_word' id='word_1_19' title='bbox 3361 518 3533 575; x_wconf 78' lang='grc' dir='ltr'>τόπον</span> <span class='ocrx_word' id='word_1_20' title='bbox 3613 521 3816 595; x_wconf 84' lang='grc' dir='ltr'>αὐτῆς,</span> 
     </span>
    </p>
   </div>
   <div class='ocr_carea' id='block_1_6' title="bbox 393 617 2042 689">
    <p class='ocr_par' dir='ltr' id='par_1_6' title="bbox 393 617 2042 689">
     <span class='ocr_line' id='line_1_6' title="bbox 393 617 2042 689; baseline -0.001 -15"><span class='ocrx_word' id='word_1_21' title='bbox 393 634 486 674; x_wconf 87' lang='lat' dir='ltr'><strong>res</strong></span> <span class='ocrx_word' id='word_1_22' title='bbox 513 623 573 673; x_wconf 87' lang='lat' dir='ltr'><strong>et</strong></span> <span class='ocrx_word' id='word_1_23' title='bbox 601 618 746 675; x_wconf 98' lang='lat' dir='ltr'><strong>fabri</strong></span> <span class='ocrx_word' id='word_1_24' title='bbox 777 618 1034 675; x_wconf 88' lang='lat' dir='ltr'><strong>victricis</strong></span> <span class='ocrx_word' id='word_1_25' title='bbox 1064 618 1475 674; x_wconf 81' lang='lat' dir='ltr'><strong>tantummodo</strong></span> <span class='ocrx_word' id='word_1_26' title='bbox 1500 617 1771 674; x_wconf 88' lang='lat' dir='ltr'><strong>factionis</strong></span> <span class='ocrx_word' id='word_1_27' title='bbox 1813 633 2042 689; x_wconf 86' lang='lat' dir='ltr'><strong>proces-</strong></span> 
     </span>
    </p>
   </div>
   <div class='ocr_carea' id='block_1_7' title="bbox 395 706 2048 773">
    <p class='ocr_par' dir='ltr' id='par_1_7' title="bbox 395 706 2048 773">
     <span class='ocr_line' id='line_1_7' title="bbox 395 706 2048 773; baseline 0 -11"><span class='ocrx_word' id='word_1_28' title='bbox 395 706 620 763; x_wconf 90' lang='lat' dir='ltr'><strong>sionem</strong></span> <span class='ocrx_word' id='word_1_29' title='bbox 652 707 1047 764; x_wconf 86' lang='lat' dir='ltr'><strong>celebrabant.</strong></span> <span class='ocrx_word' id='word_1_30' title='bbox 1076 711 1148 762; x_wconf 91' lang='lat' dir='ltr'><strong>Ut</strong></span> <span class='ocrx_word' id='word_1_31' title='bbox 1165 712 1444 763; x_wconf 73' lang='lat' dir='ltr'><strong>venerant</strong></span> <span class='ocrx_word' id='word_1_32' title='bbox 1470 707 1531 762; x_wconf 90' lang='lat' dir='ltr'><strong>in</strong></span> <span class='ocrx_word' id='word_1_33' title='bbox 1549 707 1618 773; x_wconf 90' lang='lat' dir='ltr'><strong>II,</strong></span> <span class='ocrx_word' id='word_1_34' title='bbox 1645 707 2048 763; x_wconf 76' lang='lat' dir='ltr'><strong>consistebant</strong></span> 
     </span>
    </p>
   </div>
   <div class='ocr_carea' id='block_1_8' title="bbox 392 796 2049 870">
    <p class='ocr_par' dir='ltr' id='par_1_8' title="bbox 392 796 2049 870">
     <span class='ocr_line' id='line_1_8' title="bbox 392 796 2049 870; baseline -0.002 -18"><span class='ocrx_word' id='word_1_35' title='bbox 392 797 728 870; x_wconf 74' lang='lat' dir='ltr'><strong>ibiaurigaa,</strong></span> <span class='ocrx_word' id='word_1_36' title='bbox 744 798 1187 868; x_wconf 81' lang='lat' dir='ltr'><strong>etdemarchus,</strong></span> <span class='ocrx_word' id='word_1_37' title='bbox 1210 803 1267 852; x_wconf 89' lang='lat' dir='ltr'><strong>et</strong></span> <span class='ocrx_word' id='word_1_38' title='bbox 1286 797 1595 870; x_wconf 82' lang='lat' dir='ltr'><strong>populares</strong></span> <span class='ocrx_word' id='word_1_39' title='bbox 1607 804 1664 853; x_wconf 90' lang='lat' dir='ltr'><strong>et</strong></span> <span class='ocrx_word' id='word_1_40' title='bbox 1677 796 1953 868; x_wconf 91' lang='lat' dir='ltr'><strong>pictores,</strong></span> <span class='ocrx_word' id='word_1_41' title='bbox 1992 799 2049 851; x_wconf 91' lang='lat' dir='ltr'><strong>et</strong></span> 
     </span>
    </p>
   </div>
   <div class='ocr_carea' id='block_1_9' title="bbox 395 882 2052 958">
    <p class='ocr_par' dir='ltr' id='par_1_9' title="bbox 395 882 2052 958">
     <span class='ocr_line' id='line_1_9' title="bbox 395 882 2052 958; baseline -0.003 -16"><span class='ocrx_word' id='word_1_42' title='bbox 395 901 580 958; x_wconf 76' lang='lat' dir='ltr'><strong>operm</strong></span> <span class='ocrx_word' id='word_1_43' title='bbox 612 885 872 955; x_wconf 87' lang='lat' dir='ltr'><strong>fabriles,</strong></span> <span class='ocrx_word' id='word_1_44' title='bbox 895 886 1382 958; x_wconf 79' lang='lat' dir='ltr'><strong>desultabantque</strong></span> <span class='ocrx_word' id='word_1_45' title='bbox 1404 903 1543 941; x_wconf 89' lang='lat' dir='ltr'><strong>suas</strong></span> <span class='ocrx_word' id='word_1_46' title='bbox 1573 886 1839 950; x_wconf 90' lang='lat' dir='ltr'><strong>choreas,</strong></span> <span class='ocrx_word' id='word_1_47' title='bbox 1858 882 2052 939; x_wconf 83' lang='lat' dir='ltr'><strong>dictis-</strong></span> 
     </span>
    </p>
   </div>
   <div class='ocr_carea' id='block_1_10' title="bbox 396 973 2048 1046">
    <p class='ocr_par' dir='ltr' id='par_1_10' title="bbox 396 973 2048 1046">
     <span class='ocr_line' id='line_1_10' title="bbox 396 973 2048 1046; baseline 0 -17"><span class='ocrx_word' id='word_1_48' title='bbox 396 989 509 1045; x_wconf 86' lang='lat' dir='ltr'><strong>que</strong></span> <span class='ocrx_word' id='word_1_49' title='bbox 539 975 875 1046; x_wconf 74' lang='lat' dir='ltr'><strong>imperatori</strong></span> <span class='ocrx_word' id='word_1_50' title='bbox 933 974 1227 1044; x_wconf 80' lang='lat' dir='ltr'><strong>laudibus,</strong></span> <span class='ocrx_word' id='word_1_51' title='bbox 1280 975 1523 1031; x_wconf 88' lang='lat' dir='ltr'><strong>abibant</strong></span> <span class='ocrx_word' id='word_1_52' title='bbox 1559 990 1663 1045; x_wconf 89' lang='lat' dir='ltr'><strong>per</strong></span> <span class='ocrx_word' id='word_1_53' title='bbox 1706 989 1929 1030; x_wconf 88' lang='lat' dir='ltr'><strong>mesam</strong></span> <span class='ocrx_word' id='word_1_54' title='bbox 1985 973 2048 1029; x_wconf 89' lang='lat' dir='ltr'><strong>in</strong></span> 
     </span>
    </p>
   </div>
   <div class='ocr_carea' id='block_1_11' title="bbox 395 1061 2044 1135">
    <p class='ocr_par' dir='ltr' id='par_1_11' title="bbox 395 1061 2044 1135">
     <span class='ocr_line' id='line_1_11' title="bbox 395 1061 2044 1135; baseline -0.001 -17"><span class='ocrx_word' id='word_1_55' title='bbox 395 1064 691 1135; x_wconf 77' lang='lat' dir='ltr'><strong>propriam</strong></span> <span class='ocrx_word' id='word_1_56' title='bbox 714 1080 882 1120; x_wconf 90' lang='lat' dir='ltr'><strong>suam</strong></span> <span class='ocrx_word' id='word_1_57' title='bbox 909 1062 1236 1132; x_wconf 79' lang='lat' dir='ltr'><strong>ecclesiam,</strong></span> <span class='ocrx_word' id='word_1_58' title='bbox 1269 1064 1560 1119; x_wconf 70' lang='lat' dir='ltr'><strong>inSanctze</strong></span> <span class='ocrx_word' id='word_1_59' title='bbox 1588 1061 1846 1135; x_wconf 81' lang='lat' dir='ltr'><strong>Deiparss</strong></span> <span class='ocrx_word' id='word_1_60' title='bbox 1859 1063 2044 1118; x_wconf 63' lang='lat' dir='ltr'><strong>edem</strong></span> 
     </span>
    </p>
   </div>
   <div class='ocr_carea' id='block_1_12' title="bbox 396 1152 2052 1225">
    <p class='ocr_par' dir='ltr' id='par_1_12' title="bbox 396 1152 2052 1225">
     <span class='ocr_line' id='line_1_12' title="bbox 396 1152 2052 1225; baseline -0.001 -16"><span class='ocrx_word' id='word_1_61' title='bbox 396 1163 558 1225; x_wconf 82' lang='lat' dir='ltr'><strong>puta,</strong></span> <span class='ocrx_word' id='word_1_62' title='bbox 592 1171 719 1225; x_wconf 72' lang='lat' dir='ltr'><strong>quis</strong></span> <span class='ocrx_word' id='word_1_63' title='bbox 751 1155 810 1209; x_wconf 93' lang='lat' dir='ltr'><strong>in</strong></span> <span class='ocrx_word' id='word_1_64' title='bbox 844 1152 1311 1210; x_wconf 90' lang='lat' dir='ltr'><strong>diaconissarum</strong></span> <span class='ocrx_word' id='word_1_65' title='bbox 1344 1153 1695 1209; x_wconf 91' lang='lat' dir='ltr'><strong>monasterio</strong></span> <span class='ocrx_word' id='word_1_66' title='bbox 1725 1158 1851 1223; x_wconf 86' lang='lat' dir='ltr'><strong>est;</strong></span> <span class='ocrx_word' id='word_1_67' title='bbox 1883 1158 2052 1223; x_wconf 90' lang='lat' dir='ltr'><strong>prout</strong></span> 
     </span>
    </p>
   </div>
   <div class='ocr_carea' id='block_1_13' title="bbox 395 1240 2047 1313">
    <p class='ocr_par' dir='ltr' id='par_1_13' title="bbox 395 1240 2047 1313">
     <span class='ocr_line' id='line_1_13' title="bbox 395 1240 2047 1313; baseline -0.001 -17"><span class='ocrx_word' id='word_1_68' title='bbox 395 1240 523 1296; x_wconf 85' lang='lat' dir='ltr'><strong>ﬁeri</strong></span> <span class='ocrx_word' id='word_1_69' title='bbox 553 1240 773 1297; x_wconf 90' lang='lat' dir='ltr'><strong>soletin</strong></span> <span class='ocrx_word' id='word_1_70' title='bbox 805 1242 940 1297; x_wconf 91' lang='lat' dir='ltr'><strong>ludo</strong></span> <span class='ocrx_word' id='word_1_71' title='bbox 972 1241 1162 1297; x_wconf 90' lang='lat' dir='ltr'><strong>curuli</strong></span> <span class='ocrx_word' id='word_1_72' title='bbox 1189 1242 1454 1297; x_wconf 87' lang='lat' dir='ltr'><strong>olerario.</strong></span> <span class='ocrx_word' id='word_1_73' title='bbox 1474 1241 1643 1298; x_wconf 84' lang='lat' dir='ltr'><strong>Sexto</strong></span> <span class='ocrx_word' id='word_1_74' title='bbox 1662 1242 1757 1297; x_wconf 89' lang='lat' dir='ltr'><strong>die</strong></span> <span class='ocrx_word' id='word_1_75' title='bbox 1775 1241 2047 1313; x_wconf 83' lang='lat' dir='ltr'><strong>Augusti,</strong></span> 
     </span>
    </p>
   </div>
   <div class='ocr_carea' id='block_1_14' title="bbox 395 1328 2049 1402">
    <p class='ocr_par' dir='ltr' id='par_1_14' title="bbox 395 1328 2049 1402">
     <span class='ocr_line' id='line_1_14' title="bbox 395 1328 2049 1402; baseline -0.001 -17"><span class='ocrx_word' id='word_1_76' title='bbox 395 1344 499 1386; x_wconf 88' lang='lat' dir='ltr'><strong>seu</strong></span> <span class='ocrx_word' id='word_1_77' title='bbox 534 1332 675 1385; x_wconf 84' lang='lat' dir='ltr'><strong>festo</strong></span> <span class='ocrx_word' id='word_1_78' title='bbox 707 1328 1599 1402; x_wconf 73' lang='lat' dir='ltr'><strong>splendidasTransfigurationis</strong></span> <span class='ocrx_word' id='word_1_79' title='bbox 1618 1330 1839 1386; x_wconf 84' lang='lat' dir='ltr'><strong>Domini</strong></span> <span class='ocrx_word' id='word_1_80' title='bbox 1864 1330 2049 1385; x_wconf 78' lang='lat' dir='ltr'><strong>nostri</strong></span> 
     </span>
    </p>
   </div>
   <div class='ocr_carea' id='block_1_15' title="bbox 394 1417 2050 1492">
    <p class='ocr_par' dir='ltr' id='par_1_15' title="bbox 394 1417 2050 1492">
     <span class='ocr_line' id='line_1_15' title="bbox 394 1417 2050 1492; baseline -0.001 -17"><span class='ocrx_word' id='word_1_81' title='bbox 394 1417 537 1475; x_wconf 82' lang='lat' dir='ltr'><strong>Jesu</strong></span> <span class='ocrx_word' id='word_1_82' title='bbox 597 1418 830 1484; x_wconf 77' lang='lat' dir='ltr'><strong>Christi,</strong></span> <span class='ocrx_word' id='word_1_83' title='bbox 863 1418 1245 1492; x_wconf 77' lang='lat' dir='ltr'><strong>peragebatur</strong></span> <span class='ocrx_word' id='word_1_84' title='bbox 1291 1419 1505 1475; x_wconf 86' lang='lat' dir='ltr'><strong>festum</strong></span> <span class='ocrx_word' id='word_1_85' title='bbox 1540 1422 1863 1476; x_wconf 90' lang='lat' dir='ltr'><strong>secundum</strong></span> <span class='ocrx_word' id='word_1_86' title='bbox 1895 1417 2050 1474; x_wconf 86' lang='lat' dir='ltr'><strong>anti-</strong></span> 
     </span>
    </p>
   </div>
   <div class='ocr_carea' id='block_1_16' title="bbox 400 1505 2053 1580">
    <p class='ocr_par' dir='ltr' id='par_1_16' title="bbox 400 1505 2053 1580">
     <span class='ocr_line' id='line_1_16' title="bbox 400 1505 2053 1580; baseline 0 -18"><span class='ocrx_word' id='word_1_87' title='bbox 400 1524 584 1580; x_wconf 91' lang='lat' dir='ltr'><strong>quum</strong></span> <span class='ocrx_word' id='word_1_88' title='bbox 617 1524 688 1564; x_wconf 82' lang='lat' dir='ltr'><strong>ex</strong></span> <span class='ocrx_word' id='word_1_89' title='bbox 705 1509 940 1564; x_wconf 84' lang='lat' dir='ltr'><strong>remotis</strong></span> <span class='ocrx_word' id='word_1_90' title='bbox 965 1509 1676 1578; x_wconf 87' lang='lat' dir='ltr'><strong>temporibustraductum</strong></span> <span class='ocrx_word' id='word_1_91' title='bbox 1695 1508 1901 1575; x_wconf 87' lang='lat' dir='ltr'><strong>ritum,</strong></span> <span class='ocrx_word' id='word_1_92' title='bbox 1936 1505 2053 1562; x_wconf 90' lang='lat' dir='ltr'><strong>nisi</strong></span> 
     </span>
    </p>
   </div>
   <div class='ocr_carea' id='block_1_17' title="bbox 399 1594 2049 1667">
    <p class='ocr_par' dir='ltr' id='par_1_17' title="bbox 399 1594 2049 1667">
     <span class='ocr_line' id='line_1_17' title="bbox 399 1594 2049 1667; baseline -0.001 -17"><span class='ocrx_word' id='word_1_93' title='bbox 399 1595 558 1666; x_wconf 92' lang='lat' dir='ltr'><strong>quod</strong></span> <span class='ocrx_word' id='word_1_94' title='bbox 588 1595 811 1651; x_wconf 90' lang='lat' dir='ltr'><strong>domini</strong></span> <span class='ocrx_word' id='word_1_95' title='bbox 843 1596 904 1651; x_wconf 91' lang='lat' dir='ltr'><strong>in</strong></span> <span class='ocrx_word' id='word_1_96' title='bbox 961 1595 1209 1667; x_wconf 85' lang='lat' dir='ltr'><strong>gratiam</strong></span> <span class='ocrx_word' id='word_1_97' title='bbox 1269 1596 1689 1652; x_wconf 84' lang='lat' dir='ltr'><strong>Saracenorum</strong></span> <span class='ocrx_word' id='word_1_98' title='bbox 1747 1594 2049 1666; x_wconf 89' lang='lat' dir='ltr'><strong>hospitum</strong></span> 
     </span>
    </p>
   </div>
   <div class='ocr_carea' id='block_1_18' title="bbox 394 1682 2048 1754">
    <p class='ocr_par' dir='ltr' id='par_1_18' title="bbox 394 1682 2048 1754">
     <span class='ocr_line' id='line_1_18' title="bbox 394 1682 2048 1754; baseline -0.001 -16"><span class='ocrx_word' id='word_1_99' title='bbox 394 1682 553 1739; x_wconf 90' lang='lat' dir='ltr'><strong>loros</strong></span> <span class='ocrx_word' id='word_1_100' title='bbox 583 1698 846 1753; x_wconf 90' lang='lat' dir='ltr'><strong>corpore,</strong></span> <span class='ocrx_word' id='word_1_101' title='bbox 878 1698 1078 1739; x_wconf 84' lang='lat' dir='ltr'><strong>cruces</strong></span> <span class='ocrx_word' id='word_1_102' title='bbox 1109 1689 1165 1739; x_wconf 93' lang='lat' dir='ltr'><strong>et</strong></span> <span class='ocrx_word' id='word_1_103' title='bbox 1185 1684 1413 1739; x_wconf 86' lang='lat' dir='ltr'><strong>acasias</strong></span> <span class='ocrx_word' id='word_1_104' title='bbox 1431 1684 1701 1739; x_wconf 89' lang='lat' dir='ltr'><strong>manibus</strong></span> <span class='ocrx_word' id='word_1_105' title='bbox 1722 1682 2048 1754; x_wconf 77' lang='lat' dir='ltr'><strong>gestabant.</strong></span> 
     </span>
    </p>
   </div>
   <div class='ocr_carea' id='block_1_19' title="bbox 397 1770 2053 1843">
    <p class='ocr_par' dir='ltr' id='par_1_19' title="bbox 397 1770 2053 1843">
     <span class='ocr_line' id='line_1_19' title="bbox 397 1770 2053 1843; baseline -0.002 -14"><span class='ocrx_word' id='word_1_106' title='bbox 397 1770 661 1842; x_wconf 74' lang='lat' dir='ltr'><strong>Magistri</strong></span> <span class='ocrx_word' id='word_1_107' title='bbox 689 1775 881 1825; x_wconf 86' lang='lat' dir='ltr'><strong>autem</strong></span> <span class='ocrx_word' id='word_1_108' title='bbox 905 1775 963 1826; x_wconf 92' lang='lat' dir='ltr'><strong>et</strong></span> <span class='ocrx_word' id='word_1_109' title='bbox 992 1772 1371 1841; x_wconf 82' lang='lat' dir='ltr'><strong>proconsules</strong></span> <span class='ocrx_word' id='word_1_110' title='bbox 1401 1775 1459 1827; x_wconf 91' lang='lat' dir='ltr'><strong>et</strong></span> <span class='ocrx_word' id='word_1_111' title='bbox 1485 1771 1711 1843; x_wconf 82' lang='lat' dir='ltr'><strong>patricii</strong></span> <span class='ocrx_word' id='word_1_112' title='bbox 1742 1772 2053 1843; x_wconf 83' lang='lat' dir='ltr'><strong>gestabant</strong></span> 
     </span>
    </p>
   </div>
   <div class='ocr_carea' id='block_1_20' title="bbox 395 1857 2050 1932">
    <p class='ocr_par' dir='ltr' id='par_1_20' title="bbox 395 1857 2050 1932">
     <span class='ocr_line' id='line_1_20' title="bbox 395 1857 2050 1932; baseline -0.001 -17"><span class='ocrx_word' id='word_1_113' title='bbox 395 1867 452 1915; x_wconf 92' lang='lat' dir='ltr'><strong>et</strong></span> <span class='ocrx_word' id='word_1_114' title='bbox 479 1859 589 1931; x_wconf 86' lang='lat' dir='ltr'><strong>ipsi</strong></span> <span class='ocrx_word' id='word_1_115' title='bbox 618 1875 849 1930; x_wconf 90' lang='lat' dir='ltr'><strong>quoque</strong></span> <span class='ocrx_word' id='word_1_116' title='bbox 877 1857 1056 1924; x_wconf 88' lang='lat' dir='ltr'><strong>loros,</strong></span> <span class='ocrx_word' id='word_1_117' title='bbox 1087 1860 1307 1931; x_wconf 88' lang='lat' dir='ltr'><strong>absque</strong></span> <span class='ocrx_word' id='word_1_118' title='bbox 1334 1865 1531 1915; x_wconf 89' lang='lat' dir='ltr'><strong>tamen</strong></span> <span class='ocrx_word' id='word_1_119' title='bbox 1581 1859 1940 1932; x_wconf 86' lang='lat' dir='ltr'><strong>scipionibus</strong></span> <span class='ocrx_word' id='word_1_120' title='bbox 1995 1866 2050 1914; x_wconf 90' lang='lat' dir='ltr'><strong>et</strong></span> 
     </span>
    </p>
   </div>
   <div class='ocr_carea' id='block_1_21' title="bbox 397 1947 2050 2025">
    <p class='ocr_par' dir='ltr' id='par_1_21' title="bbox 397 1947 2050 2025">
     <span class='ocr_line' id='line_1_21' title="bbox 397 1947 2050 2025; baseline -0.001 -21"><span class='ocrx_word' id='word_1_121' title='bbox 397 1950 621 2019; x_wconf 87' lang='lat' dir='ltr'><strong>absque</strong></span> <span class='ocrx_word' id='word_1_122' title='bbox 650 1947 881 2004; x_wconf 89' lang='lat' dir='ltr'><strong>acaeiis.</strong></span> <span class='ocrx_word' id='word_1_123' title='bbox 918 1947 1392 2025; x_wconf 85' lang='lat' dir='ltr'><strong>Producebantur</strong></span> <span class='ocrx_word' id='word_1_124' title='bbox 1421 1964 1585 2004; x_wconf 86' lang='lat' dir='ltr'><strong>sceve</strong></span> <span class='ocrx_word' id='word_1_125' title='bbox 1618 1964 1721 2005; x_wconf 93' lang='lat' dir='ltr'><strong>seu</strong></span> <span class='ocrx_word' id='word_1_126' title='bbox 1745 1965 1887 2003; x_wconf 88' lang='lat' dir='ltr'><strong>vasa</strong></span> <span class='ocrx_word' id='word_1_127' title='bbox 1918 1963 2050 2019; x_wconf 84' lang='lat' dir='ltr'><strong>pre-</strong></span> 
     </span>
    </p>
   </div>
   <div class='ocr_carea' id='block_1_22' title="bbox 398 2036 2057 2109">
    <p class='ocr_par' dir='ltr' id='par_1_22' title="bbox 398 2036 2057 2109">
     <span class='ocr_line' id='line_1_22' title="bbox 398 2036 2057 2109; baseline -0.001 -16"><span class='ocrx_word' id='word_1_128' title='bbox 398 2040 557 2093; x_wconf 88' lang='lat' dir='ltr'><strong>tiosa</strong></span> <span class='ocrx_word' id='word_1_129' title='bbox 598 2041 656 2092; x_wconf 88' lang='lat' dir='ltr'><strong>et</strong></span> <span class='ocrx_word' id='word_1_130' title='bbox 686 2036 942 2107; x_wconf 72' lang='lat' dir='ltr'><strong>reliquiis</strong></span> <span class='ocrx_word' id='word_1_131' title='bbox 974 2037 1543 2105; x_wconf 87' lang='lat' dir='ltr'><strong>sanctorum,omnia</strong></span> <span class='ocrx_word' id='word_1_132' title='bbox 1571 2037 1928 2109; x_wconf 90' lang='lat' dir='ltr'><strong>inobsequio</strong></span> <span class='ocrx_word' id='word_1_133' title='bbox 1953 2052 2057 2109; x_wconf 92' lang='lat' dir='ltr'><strong>pro</strong></span> 
     </span>
    </p>
   </div>
   <div class='ocr_carea' id='block_1_23' title="bbox 399 2125 2060 2197">
    <p class='ocr_par' dir='ltr' id='par_1_23' title="bbox 399 2125 2060 2197">
     <span class='ocr_line' id='line_1_23' title="bbox 399 2125 2060 2197; baseline 0 -15"><span class='ocrx_word' id='word_1_134' title='bbox 399 2141 562 2182; x_wconf 89' lang='lat' dir='ltr'><strong>more</strong></span> <span class='ocrx_word' id='word_1_135' title='bbox 583 2130 887 2193; x_wconf 88' lang='lat' dir='ltr'><strong>consueto,</strong></span> <span class='ocrx_word' id='word_1_136' title='bbox 920 2129 987 2181; x_wconf 86' lang='lat' dir='ltr'><strong>ut</strong></span> <span class='ocrx_word' id='word_1_137' title='bbox 1010 2140 1222 2197; x_wconf 89' lang='lat' dir='ltr'><strong>magna</strong></span> <span class='ocrx_word' id='word_1_138' title='bbox 1250 2142 1415 2191; x_wconf 80' lang='lat' dir='ltr'><strong>crux,</strong></span> <span class='ocrx_word' id='word_1_139' title='bbox 1443 2127 1607 2197; x_wconf 86' lang='lat' dir='ltr'><strong>virga</strong></span> <span class='ocrx_word' id='word_1_140' title='bbox 1630 2125 1806 2182; x_wconf 83' lang='lat' dir='ltr'><strong>Mosis</strong></span> <span class='ocrx_word' id='word_1_141' title='bbox 1826 2132 2060 2197; x_wconf 84' lang='lat' dir='ltr'><strong>sceptra</strong></span> 
     </span>
    </p>
   </div>
   <div class='ocr_carea' id='block_1_24' title="bbox 400 2212 2056 2286">
    <p class='ocr_par' dir='ltr' id='par_1_24' title="bbox 400 2212 2056 2286">
     <span class='ocr_line' id='line_1_24' title="bbox 400 2212 2056 2286; baseline -0.002 -16"><span class='ocrx_word' id='word_1_142' title='bbox 400 2215 531 2286; x_wconf 89' lang='lat' dir='ltr'><strong>[seu</strong></span> <span class='ocrx_word' id='word_1_143' title='bbox 558 2213 789 2285; x_wconf 82' lang='lat' dir='ltr'><strong>vexilla]</strong></span> <span class='ocrx_word' id='word_1_144' title='bbox 823 2212 1104 2281; x_wconf 79' lang='lat' dir='ltr'><strong>Romana,</strong></span> <span class='ocrx_word' id='word_1_145' title='bbox 1126 2214 1400 2286; x_wconf 79' lang='lat' dir='ltr'><strong>eutychia</strong></span> <span class='ocrx_word' id='word_1_146' title='bbox 1430 2213 1541 2286; x_wconf 91' lang='lat' dir='ltr'><strong>[vel</strong></span> <span class='ocrx_word' id='word_1_147' title='bbox 1570 2215 1742 2285; x_wconf 87' lang='lat' dir='ltr'><strong>signa</strong></span> <span class='ocrx_word' id='word_1_148' title='bbox 1770 2213 2056 2284; x_wconf 67' lang='lat' dir='ltr'><strong>Fortunae]</strong></span> 
     </span>
    </p>
   </div>
   <div class='ocr_carea' id='block_1_25' title="bbox 402 2301 2061 2375">
    <p class='ocr_par' dir='ltr' id='par_1_25' title="bbox 402 2301 2061 2375">
     <span class='ocr_line' id='line_1_25' title="bbox 402 2301 2061 2375; baseline -0.001 -16"><span class='ocrx_word' id='word_1_149' title='bbox 402 2308 464 2360; x_wconf 86' lang='lat' dir='ltr'><strong>et</strong></span> <span class='ocrx_word' id='word_1_150' title='bbox 491 2303 617 2359; x_wconf 81' lang='lat' dir='ltr'><strong>alias</strong></span> <span class='ocrx_word' id='word_1_151' title='bbox 657 2318 1012 2375; x_wconf 83' lang='lat' dir='ltr'><strong>quaecunque</strong></span> <span class='ocrx_word' id='word_1_152' title='bbox 1040 2302 1296 2373; x_wconf 73' lang='lat' dir='ltr'><strong>reliquias</strong></span> <span class='ocrx_word' id='word_1_153' title='bbox 1350 2303 1412 2359; x_wconf 89' lang='lat' dir='ltr'><strong>in</strong></span> <span class='ocrx_word' id='word_1_154' title='bbox 1441 2302 1659 2371; x_wconf 89' lang='lat' dir='ltr'><strong>templo</strong></span> <span class='ocrx_word' id='word_1_155' title='bbox 1702 2302 1935 2359; x_wconf 90' lang='lat' dir='ltr'><strong>Domini</strong></span> <span class='ocrx_word' id='word_1_156' title='bbox 1966 2301 2061 2358; x_wconf 85' lang='lat' dir='ltr'><strong>de-</strong></span> 
     </span>
    </p>
   </div>
   <div class='ocr_carea' id='block_1_26' title="bbox 406 2390 2061 2463">
    <p class='ocr_par' dir='ltr' id='par_1_26' title="bbox 406 2390 2061 2463">
     <span class='ocr_line' id='line_1_26' title="bbox 406 2390 2061 2463; baseline -0.002 -14"><span class='ocrx_word' id='word_1_157' title='bbox 406 2392 631 2463; x_wconf 67' lang='lat' dir='ltr'><strong>posita.</strong></span> <span class='ocrx_word' id='word_1_158' title='bbox 663 2392 916 2447; x_wconf 85' lang='lat' dir='ltr'><strong>Aderant</strong></span> <span class='ocrx_word' id='word_1_159' title='bbox 944 2407 1074 2447; x_wconf 92' lang='lat' dir='ltr'><strong>cum</strong></span> <span class='ocrx_word' id='word_1_160' title='bbox 1107 2391 1457 2447; x_wconf 84' lang='lat' dir='ltr'><strong>factionibus</strong></span> <span class='ocrx_word' id='word_1_161' title='bbox 1488 2390 1691 2463; x_wconf 73' lang='lat' dir='ltr'><strong>psaltze</strong></span> <span class='ocrx_word' id='word_1_162' title='bbox 1737 2390 2061 2463; x_wconf 73' lang='lat' dir='ltr'><strong>apostolitas</strong></span> 
     </span>
    </p>
   </div>
   <div class='ocr_carea' id='block_1_27' title="bbox 410 2478 2062 2553">
    <p class='ocr_par' dir='ltr' id='par_1_27' title="bbox 410 2478 2062 2553">
     <span class='ocr_line' id='line_1_27' title="bbox 410 2478 2062 2553; baseline -0.002 -15"><span class='ocrx_word' id='word_1_163' title='bbox 410 2486 471 2539; x_wconf 88' lang='lat' dir='ltr'><strong>et</strong></span> <span class='ocrx_word' id='word_1_164' title='bbox 500 2480 925 2553; x_wconf 73' lang='lat' dir='ltr'><strong>bagiosOphitie</strong></span> <span class='ocrx_word' id='word_1_165' title='bbox 966 2480 1069 2549; x_wconf 89' lang='lat' dir='ltr'><strong>ibi,</strong></span> <span class='ocrx_word' id='word_1_166' title='bbox 1094 2480 1190 2535; x_wconf 92' lang='lat' dir='ltr'><strong>ubi</strong></span> <span class='ocrx_word' id='word_1_167' title='bbox 1219 2484 1585 2535; x_wconf 86' lang='lat' dir='ltr'><strong>transeuntes</strong></span> <span class='ocrx_word' id='word_1_168' title='bbox 1602 2479 1872 2537; x_wconf 89' lang='lat' dir='ltr'><strong>dominos</strong></span> <span class='ocrx_word' id='word_1_169' title='bbox 1907 2478 2062 2535; x_wconf 86' lang='lat' dir='ltr'><strong>salu-</strong></span> 
     </span>
    </p>
   </div>
   <div class='ocr_carea' id='block_1_28' title="bbox 404 2567 2059 2635">
    <p class='ocr_par' dir='ltr' id='par_1_28' title="bbox 404 2567 2059 2635">
     <span class='ocr_line' id='line_1_28' title="bbox 404 2567 2059 2635; baseline -0.001 -10"><span class='ocrx_word' id='word_1_170' title='bbox 404 2575 529 2625; x_wconf 85' lang='lat' dir='ltr'><strong>tare</strong></span> <span class='ocrx_word' id='word_1_171' title='bbox 558 2567 731 2625; x_wconf 91' lang='lat' dir='ltr'><strong>bonis</strong></span> <span class='ocrx_word' id='word_1_172' title='bbox 760 2567 950 2624; x_wconf 85' lang='lat' dir='ltr'><strong>verbis</strong></span> <span class='ocrx_word' id='word_1_173' title='bbox 980 2574 1039 2624; x_wconf 89' lang='lat' dir='ltr'><strong>et</strong></span> <span class='ocrx_word' id='word_1_174' title='bbox 1067 2569 1330 2624; x_wconf 87' lang='lat' dir='ltr'><strong>venerari</strong></span> <span class='ocrx_word' id='word_1_175' title='bbox 1381 2585 1511 2624; x_wconf 89' lang='lat' dir='ltr'><strong>mos</strong></span> <span class='ocrx_word' id='word_1_176' title='bbox 1539 2573 1649 2635; x_wconf 90' lang='lat' dir='ltr'><strong>est,</strong></span> <span class='ocrx_word' id='word_1_177' title='bbox 1711 2569 1903 2624; x_wconf 85' lang='lat' dir='ltr'><strong>fausta</strong></span> <span class='ocrx_word' id='word_1_178' title='bbox 1941 2567 2059 2624; x_wconf 88' lang='lat' dir='ltr'><strong>illis</strong></span> 
     </span>
    </p>
   </div>
   <div class='ocr_carea' id='block_1_29' title="bbox 404 2657 2059 2729">
    <p class='ocr_par' dir='ltr' id='par_1_29' title="bbox 404 2657 2059 2729">
     <span class='ocr_line' id='line_1_29' title="bbox 404 2657 2059 2729; baseline -0.001 -15"><span class='ocrx_word' id='word_1_179' title='bbox 404 2657 795 2714; x_wconf 85' lang='lat' dir='ltr'><strong>acclamanles</strong></span> <span class='ocrx_word' id='word_1_180' title='bbox 824 2663 881 2713; x_wconf 91' lang='lat' dir='ltr'><strong>et</strong></span> <span class='ocrx_word' id='word_1_181' title='bbox 918 2657 1112 2712; x_wconf 91' lang='lat' dir='ltr'><strong>induti</strong></span> <span class='ocrx_word' id='word_1_182' title='bbox 1144 2657 1475 2712; x_wconf 86' lang='lat' dir='ltr'><strong>mutatoriis</strong></span> <span class='ocrx_word' id='word_1_183' title='bbox 1504 2658 1738 2722; x_wconf 78' lang='lat' dir='ltr'><strong>iisdem,</strong></span> <span class='ocrx_word' id='word_1_184' title='bbox 1772 2673 1896 2729; x_wconf 70' lang='lat' dir='ltr'><strong>quas</strong></span> <span class='ocrx_word' id='word_1_185' title='bbox 1930 2657 2059 2714; x_wconf 87' lang='lat' dir='ltr'><strong>illos</strong></span> 
     </span>
    </p>
   </div>
   <div class='ocr_carea' id='block_1_30' title="bbox 405 2744 2055 2817">
    <p class='ocr_par' dir='ltr' id='par_1_30' title="bbox 405 2744 2055 2817">
     <span class='ocr_line' id='line_1_30' title="bbox 405 2744 2055 2817; baseline -0.001 -17"><span class='ocrx_word' id='word_1_186' title='bbox 405 2746 467 2801; x_wconf 90' lang='lat' dir='ltr'><strong>in</strong></span> <span class='ocrx_word' id='word_1_187' title='bbox 490 2746 826 2817; x_wconf 83' lang='lat' dir='ltr'><strong>exceptione</strong></span> <span class='ocrx_word' id='word_1_188' title='bbox 855 2744 1179 2817; x_wconf 89' lang='lat' dir='ltr'><strong>legatorum</strong></span> <span class='ocrx_word' id='word_1_189' title='bbox 1204 2750 1466 2817; x_wconf 88' lang='lat' dir='ltr'><strong>gestasse</strong></span> <span class='ocrx_word' id='word_1_190' title='bbox 1488 2753 1659 2801; x_wconf 86' lang='lat' dir='ltr'><strong>antea</strong></span> <span class='ocrx_word' id='word_1_191' title='bbox 1690 2747 2055 2801; x_wconf 84' lang='lat' dir='ltr'><strong>dicebamus.</strong></span> 
     </span>
    </p>
   </div>
   <div class='ocr_carea' id='block_1_31' title="bbox 402 2832 2060 2907">
    <p class='ocr_par' dir='ltr' id='par_1_31' title="bbox 402 2832 2060 2907">
     <span class='ocr_line' id='line_1_31' title="bbox 402 2832 2060 2907; baseline 0.001 -18"><span class='ocrx_word' id='word_1_192' title='bbox 402 2832 703 2902; x_wconf 86' lang='lat' dir='ltr'><strong>Tribunal,</strong></span> <span class='ocrx_word' id='word_1_193' title='bbox 740 2835 798 2891; x_wconf 90' lang='lat' dir='ltr'><strong>in</strong></span> <span class='ocrx_word' id='word_1_194' title='bbox 829 2850 946 2906; x_wconf 93' lang='lat' dir='ltr'><strong>quo</strong></span> <span class='ocrx_word' id='word_1_195' title='bbox 977 2843 1126 2890; x_wconf 86' lang='lat' dir='ltr'><strong>stare</strong></span> <span class='ocrx_word' id='word_1_196' title='bbox 1157 2835 1379 2890; x_wconf 89' lang='lat' dir='ltr'><strong>amicos</strong></span> <span class='ocrx_word' id='word_1_197' title='bbox 1399 2841 1732 2907; x_wconf 87' lang='lat' dir='ltr'><strong>etspectare</strong></span> <span class='ocrx_word' id='word_1_198' title='bbox 1754 2835 2060 2906; x_wconf 88' lang='lat' dir='ltr'><strong>imperato-</strong></span> 
     </span>
    </p>
   </div>
   <div class='ocr_carea' id='block_1_32' title="bbox 403 2923 2059 2994">
    <p class='ocr_par' dir='ltr' id='par_1_32' title="bbox 403 2923 2059 2994">
     <span class='ocr_line' id='line_1_32' title="bbox 403 2923 2059 2994; baseline 0.001 -15"><span class='ocrx_word' id='word_1_199' title='bbox 403 2939 526 2979; x_wconf 88' lang='lat' dir='ltr'><strong>rem</strong></span> <span class='ocrx_word' id='word_1_200' title='bbox 559 2938 690 2979; x_wconf 87' lang='lat' dir='ltr'><strong>mos</strong></span> <span class='ocrx_word' id='word_1_201' title='bbox 719 2929 830 2992; x_wconf 87' lang='lat' dir='ltr'><strong>est,</strong></span> <span class='ocrx_word' id='word_1_202' title='bbox 863 2923 1017 2979; x_wconf 69' lang='grc'><strong>³42</strong></span> <span class='ocrx_word' id='word_1_203' title='bbox 1042 2935 1158 2978; x_wconf 84' lang='lat' dir='ltr'><strong>tam</strong></span> <span class='ocrx_word' id='word_1_204' title='bbox 1190 2923 1264 2979; x_wconf 89' lang='lat' dir='ltr'><strong>ad</strong></span> <span class='ocrx_word' id='word_1_205' title='bbox 1304 2923 1610 2979; x_wconf 87' lang='lat' dir='ltr'><strong>ecclesiam</strong></span> <span class='ocrx_word' id='word_1_206' title='bbox 1650 2924 1706 2978; x_wconf 92' lang='lat' dir='ltr'><strong>in</strong></span> <span class='ocrx_word' id='word_1_207' title='bbox 1742 2923 2059 2994; x_wconf 88' lang='lat' dir='ltr'><strong>processio-</strong></span> 
     </span>
    </p>
   </div>
   <div class='ocr_carea' id='block_1_33' title="bbox 402 3009 2060 3082">
    <p class='ocr_par' dir='ltr' id='par_1_33' title="bbox 402 3009 2060 3082">
     <span class='ocr_line' id='line_1_33' title="bbox 402 3009 2060 3082; baseline -0.001 -14"><span class='ocrx_word' id='word_1_208' title='bbox 402 3027 478 3068; x_wconf 91' lang='lat' dir='ltr'><strong>ne</strong></span> <span class='ocrx_word' id='word_1_209' title='bbox 506 3016 766 3082; x_wconf 90' lang='lat' dir='ltr'><strong>euntem,</strong></span> <span class='ocrx_word' id='word_1_210' title='bbox 800 3026 973 3082; x_wconf 86' lang='lat' dir='ltr'><strong>quam</strong></span> <span class='ocrx_word' id='word_1_211' title='bbox 1004 3009 1142 3066; x_wconf 91' lang='lat' dir='ltr'><strong>inde</strong></span> <span class='ocrx_word' id='word_1_212' title='bbox 1166 3013 1528 3081; x_wconf 89' lang='lat' dir='ltr'><strong>redeuntem,</strong></span> <span class='ocrx_word' id='word_1_213' title='bbox 1559 3021 1903 3068; x_wconf 84' lang='lat' dir='ltr'><strong>exornatum</strong></span> <span class='ocrx_word' id='word_1_214' title='bbox 1935 3017 2060 3069; x_wconf 86' lang='lat' dir='ltr'><strong>erat</strong></span> 
     </span>
    </p>
   </div>
   <div class='ocr_carea' id='block_1_34' title="bbox 404 3099 2052 3172">
    <p class='ocr_par' dir='ltr' id='par_1_34' title="bbox 404 3099 2052 3172">
     <span class='ocr_line' id='line_1_34' title="bbox 404 3099 2052 3172; baseline -0.002 -16"><span class='ocrx_word' id='word_1_215' title='bbox 404 3101 604 3156; x_wconf 90' lang='lat' dir='ltr'><strong>eodem</strong></span> <span class='ocrx_word' id='word_1_216' title='bbox 637 3100 832 3169; x_wconf 87' lang='lat' dir='ltr'><strong>modo,</strong></span> <span class='ocrx_word' id='word_1_217' title='bbox 865 3116 981 3171; x_wconf 93' lang='lat' dir='ltr'><strong>quo</strong></span> <span class='ocrx_word' id='word_1_218' title='bbox 1012 3101 1267 3155; x_wconf 85' lang='lat' dir='ltr'><strong>diximus</strong></span> <span class='ocrx_word' id='word_1_219' title='bbox 1322 3099 1385 3155; x_wconf 85' lang='lat' dir='ltr'><strong>in</strong></span> <span class='ocrx_word' id='word_1_220' title='bbox 1441 3100 1781 3172; x_wconf 81' lang='lat' dir='ltr'><strong>exceptione</strong></span> <span class='ocrx_word' id='word_1_221' title='bbox 1829 3115 2052 3157; x_wconf 89' lang='lat' dir='ltr'><strong>eorum.</strong></span> 
     </span>
    </p>
   </div>
   <div class='ocr_carea' id='block_1_35' title="bbox 2147 609 3812 689">
    <p class='ocr_par' dir='ltr' id='par_1_35' title="bbox 2147 609 3812 689">
     <span class='ocr_line' id='line_1_35' title="bbox 2147 609 3812 689; baseline -0.002 -20"><span class='ocrx_word' id='word_1_222' title='bbox 2147 612 2295 684; x_wconf 74' lang='grc' dir='ltr'>πλὴν</span> <span class='ocrx_word' id='word_1_223' title='bbox 2324 610 2413 667; x_wconf 77' lang='grc' dir='ltr'>διὰ</span> <span class='ocrx_word' id='word_1_224' title='bbox 2435 610 2563 675; x_wconf 71' lang='grc' dir='ltr'>τοὺς</span> <span class='ocrx_word' id='word_1_225' title='bbox 2591 610 2788 689; x_wconf 71' lang='grc' dir='ltr'>φίλους</span> <span class='ocrx_word' id='word_1_226' title='bbox 2828 610 3176 683; x_wconf 75' lang='grc' dir='ltr'>Σαρακηνοὺς</span> <span class='ocrx_word' id='word_1_227' title='bbox 3228 609 3488 687; x_wconf 72' lang='grc' dir='ltr'>ὶιρόρεσαν</span> <span class='ocrx_word' id='word_1_228' title='bbox 3538 610 3593 664; x_wconf 72' lang='grc' dir='ltr'>οἱ</span> <span class='ocrx_word' id='word_1_229' title='bbox 3646 612 3812 685; x_wconf 87' lang='grc' dir='ltr'>βασι-</span> 
     </span>
    </p>
   </div>
   <div class='ocr_carea' id='block_1_36' title="bbox 2147 697 3800 775">
    <p class='ocr_par' dir='ltr' id='par_1_36' title="bbox 2147 697 3800 775">
     <span class='ocr_line' id='line_1_36' title="bbox 2147 697 3800 775; baseline -0.001 -18"><span class='ocrx_word' id='word_1_230' title='bbox 2147 700 2265 764; x_wconf 79' lang='grc' dir='ltr'>λεῖς</span> <span class='ocrx_word' id='word_1_231' title='bbox 2310 700 2437 764; x_wconf 74' lang='grc' dir='ltr'>τοὺς</span> <span class='ocrx_word' id='word_1_232' title='bbox 2484 697 2724 773; x_wconf 80' lang='grc' dir='ltr'>λώρους,</span> <span class='ocrx_word' id='word_1_233' title='bbox 2776 697 3131 772; x_wconf 74' lang='grc' dir='ltr'><strong>βαστάσαντες</strong></span> <span class='ocrx_word' id='word_1_234' title='bbox 3187 698 3278 753; x_wconf 80' lang='grc' dir='ltr'>καὶ</span> <span class='ocrx_word' id='word_1_235' title='bbox 3348 698 3481 759; x_wconf 78' lang='grc' dir='ltr'>τοὺς</span> <span class='ocrx_word' id='word_1_236' title='bbox 3531 699 3800 775; x_wconf 70' lang='grc' dir='ltr'>σταυροὺς</span> 
     </span>
    </p>
   </div>
   <div class='ocr_carea' id='block_1_37' title="bbox 2147 783 3813 864">
    <p class='ocr_par' dir='ltr' id='par_1_37' title="bbox 2147 783 3813 864">
     <span class='ocr_line' id='line_1_37' title="bbox 2147 783 3813 864; baseline 0 -19"><span class='ocrx_word' id='word_1_237' title='bbox 2147 791 2237 845; x_wconf 80' lang='grc' dir='ltr'><strong>καὶ</strong></span> <span class='ocrx_word' id='word_1_238' title='bbox 2261 792 2355 850; x_wconf 78' lang='grc' dir='ltr'><strong>τας</strong></span> <span class='ocrx_word' id='word_1_239' title='bbox 2389 786 2632 849; x_wconf 82' lang='grc' dir='ltr'>ἆκακίας.</span> <span class='ocrx_word' id='word_1_240' title='bbox 2665 788 2732 845; x_wconf 77' lang='lat'><strong>0&quot;.</strong></span> <span class='ocrx_word' id='word_1_241' title='bbox 2755 783 2813 842; x_wconf 65' lang='grc' dir='ltr'>δὲ</span> <span class='ocrx_word' id='word_1_242' title='bbox 2858 788 3173 864; x_wconf 74' lang='grc' dir='ltr'>μάγιστροι,</span> <span class='ocrx_word' id='word_1_243' title='bbox 3214 785 3307 841; x_wconf 85' lang='grc' dir='ltr'><strong>καὶ</strong></span> <span class='ocrx_word' id='word_1_244' title='bbox 3358 785 3685 861; x_wconf 76' lang='grc' dir='ltr'>ἀνθύπατοι,</span> <span class='ocrx_word' id='word_1_245' title='bbox 3715 790 3813 845; x_wconf 84' lang='grc' dir='ltr'><strong>καὶ</strong></span> 
     </span>
    </p>
   </div>
   <div class='ocr_carea' id='block_1_38' title="bbox 2147 876 3811 956">
    <p class='ocr_par' dir='ltr' id='par_1_38' title="bbox 2147 876 3811 956">
     <span class='ocr_line' id='line_1_38' title="bbox 2147 876 3811 956; baseline -0.001 -20"><span class='ocrx_word' id='word_1_246' title='bbox 2147 879 2426 955; x_wconf 80' lang='grc' dir='ltr'>πατρίκιοι</span> <span class='ocrx_word' id='word_1_247' title='bbox 2464 877 2721 956; x_wconf 72' lang='grc' dir='ltr'>ἐφόρεσαν</span> <span class='ocrx_word' id='word_1_248' title='bbox 2776 884 2866 933; x_wconf 69' lang='grc' dir='ltr'>καὶ</span> <span class='ocrx_word' id='word_1_249' title='bbox 2905 878 3060 933; x_wconf 82' lang='grc' dir='ltr'>αὐτοὶ</span> <span class='ocrx_word' id='word_1_250' title='bbox 3106 876 3234 939; x_wconf 66' lang='grc' dir='ltr'>τοὺς</span> <span class='ocrx_word' id='word_1_251' title='bbox 3284 877 3527 953; x_wconf 81' lang='grc' dir='ltr'>λώρους,</span> <span class='ocrx_word' id='word_1_252' title='bbox 3576 877 3639 935; x_wconf 75' lang='grc' dir='ltr'><strong>οὐ</strong></span> <span class='ocrx_word' id='word_1_253' title='bbox 3685 879 3811 953; x_wconf 76' lang='grc' dir='ltr'>μὲν-</span> 
     </span>
    </p>
   </div>
   <div class='ocr_carea' id='block_1_39' title="bbox 2149 962 3814 1039">
    <p class='ocr_par' dir='ltr' id='par_1_39' title="bbox 2149 962 3814 1039">
     <span class='ocr_line' id='line_1_39' title="bbox 2149 962 3814 1039; baseline 0.001 -16"><span class='ocrx_word' id='word_1_254' title='bbox 2149 990 2237 1024; x_wconf 86' lang='grc' dir='ltr'><strong>τοι</strong></span> <span class='ocrx_word' id='word_1_255' title='bbox 2285 966 2343 1024; x_wconf 71' lang='grc' dir='ltr'>δὲ</span> <span class='ocrx_word' id='word_1_256' title='bbox 2400 972 2706 1030; x_wconf 87' lang='grc' dir='ltr'>σκεπεῶνας</span> <span class='ocrx_word' id='word_1_257' title='bbox 2760 967 2794 1037; x_wconf 69' lang='grc' dir='ltr'><strong>ἢ</strong></span> <span class='ocrx_word' id='word_1_258' title='bbox 2844 966 3069 1028; x_wconf 80' lang='grc' dir='ltr'>ἀκακίας</span> <span class='ocrx_word' id='word_1_259' title='bbox 3137 962 3464 1024; x_wconf 73' lang='grc' dir='ltr'>ἐϐάστασαν.</span> <span class='ocrx_word' id='word_1_260' title='bbox 3547 968 3814 1039; x_wconf 80' lang='grc' dir='ltr'>Ἐξῇλθον</span> 
     </span>
    </p>
   </div>
   <div class='ocr_carea' id='block_1_40' title="bbox 2152 1055 3814 1129">
    <p class='ocr_par' dir='ltr' id='par_1_40' title="bbox 2152 1055 3814 1129">
     <span class='ocr_line' id='line_1_40' title="bbox 2152 1055 3814 1129; baseline 0 -16"><span class='ocrx_word' id='word_1_261' title='bbox 2152 1055 2328 1113; x_wconf 80' lang='grc' dir='ltr'>δὲκαὶ</span> <span class='ocrx_word' id='word_1_262' title='bbox 2376 1057 2547 1113; x_wconf 78' lang='grc' dir='ltr'>πάντα</span> <span class='ocrx_word' id='word_1_263' title='bbox 2597 1056 2665 1111; x_wconf 79' lang='grc' dir='ltr'><strong>τὰ</strong></span> <span class='ocrx_word' id='word_1_264' title='bbox 2708 1055 2871 1126; x_wconf 76' lang='grc' dir='ltr'>σκεύη</span> <span class='ocrx_word' id='word_1_265' title='bbox 2903 1055 2994 1110; x_wconf 78' lang='grc' dir='ltr'><strong>καὶ</strong></span> <span class='ocrx_word' id='word_1_266' title='bbox 3048 1055 3344 1129; x_wconf 75' lang='grc' dir='ltr'>όψίκευσαν</span> <span class='ocrx_word' id='word_1_267' title='bbox 3391 1057 3530 1111; x_wconf 86' lang='grc' dir='ltr'>κατᾶ</span> <span class='ocrx_word' id='word_1_268' title='bbox 3570 1057 3634 1112; x_wconf 88' lang='grc' dir='ltr'>τὸ</span> <span class='ocrx_word' id='word_1_269' title='bbox 3682 1058 3814 1113; x_wconf 80' lang='grc' dir='ltr'>εἰω-</span> 
     </span>
    </p>
   </div>
   <div class='ocr_carea' id='block_1_41' title="bbox 2153 1141 3808 1222">
    <p class='ocr_par' dir='ltr' id='par_1_41' title="bbox 2153 1141 3808 1222">
     <span class='ocr_line' id='line_1_41' title="bbox 2153 1141 3808 1222; baseline 0.001 -22"><span class='ocrx_word' id='word_1_270' title='bbox 2153 1146 2270 1215; x_wconf 86' lang='grc' dir='ltr'>θὸς,</span> <span class='ocrx_word' id='word_1_271' title='bbox 2298 1146 2424 1215; x_wconf 76' lang='grc' dir='ltr'>ἤτοι</span> <span class='ocrx_word' id='word_1_272' title='bbox 2464 1146 2492 1201; x_wconf 85' lang='grc' dir='ltr'><strong>ὁ</strong></span> <span class='ocrx_word' id='word_1_273' title='bbox 2542 1143 2711 1220; x_wconf 80' lang='grc' dir='ltr'>μέγας</span> <span class='ocrx_word' id='word_1_274' title='bbox 2751 1144 3005 1220; x_wconf 76' lang='grc' dir='ltr'>σταυρὸς,</span> <span class='ocrx_word' id='word_1_275' title='bbox 3059 1145 3094 1213; x_wconf 79' lang='grc' dir='ltr'><strong>ἡ</strong></span> <span class='ocrx_word' id='word_1_276' title='bbox 3143 1147 3242 1199; x_wconf 81' lang='grc' dir='ltr'><strong>τοῦ</strong></span> <span class='ocrx_word' id='word_1_277' title='bbox 3274 1143 3524 1208; x_wconf 79' lang='grc' dir='ltr'><strong>Μωσέως</strong></span> <span class='ocrx_word' id='word_1_278' title='bbox 3583 1141 3808 1222; x_wconf 71' lang='grc' dir='ltr'>ῥάϐδος,</span> 
     </span>
    </p>
   </div>
   <div class='ocr_carea' id='block_1_42' title="bbox 2150 1231 3807 1309">
    <p class='ocr_par' dir='ltr' id='par_1_42' title="bbox 2150 1231 3807 1309">
     <span class='ocr_line' id='line_1_42' title="bbox 2150 1231 3807 1309; baseline 0.001 -19"><span class='ocrx_word' id='word_1_279' title='bbox 2150 1236 2219 1290; x_wconf 78' lang='grc' dir='ltr'>τὰ</span> <span class='ocrx_word' id='word_1_280' title='bbox 2276 1236 2525 1308; x_wconf 88' lang='grc' dir='ltr'>Ῥωμαῖα</span> <span class='ocrx_word' id='word_1_281' title='bbox 2563 1240 2835 1305; x_wconf 79' lang='grc' dir='ltr'>σκῆπτρα,</span> <span class='ocrx_word' id='word_1_282' title='bbox 2867 1232 2935 1288; x_wconf 71' lang='grc' dir='ltr'><strong>τὰ</strong></span> <span class='ocrx_word' id='word_1_283' title='bbox 2981 1231 3195 1309; x_wconf 82' lang='grc' dir='ltr'>πτυχία</span> <span class='ocrx_word' id='word_1_284' title='bbox 3253 1233 3345 1288; x_wconf 83' lang='grc' dir='ltr'><strong>καὶ</strong></span> <span class='ocrx_word' id='word_1_285' title='bbox 3402 1234 3502 1289; x_wconf 86' lang='grc' dir='ltr'>’ὀσα</span> <span class='ocrx_word' id='word_1_286' title='bbox 3548 1231 3705 1308; x_wconf 73' lang='grc' dir='ltr'>’ἕτερα</span> <span class='ocrx_word' id='word_1_287' title='bbox 3753 1235 3807 1291; x_wconf 78' lang='grc' dir='ltr'>ἐν</span> 
     </span>
    </p>
   </div>
   <div class='ocr_carea' id='block_1_43' title="bbox 2151 1319 3811 1399">
    <p class='ocr_par' dir='ltr' id='par_1_43' title="bbox 2151 1319 3811 1399">
     <span class='ocr_line' id='line_1_43' title="bbox 2151 1319 3811 1399; baseline 0 -20"><span class='ocrx_word' id='word_1_288' title='bbox 2151 1322 2232 1397; x_wconf 81' lang='grc' dir='ltr'><strong>τῷ</strong></span> <span class='ocrx_word' id='word_1_289' title='bbox 2258 1327 2355 1379; x_wconf 76' lang='grc' dir='ltr'><strong>τοῦ</strong></span> <span class='ocrx_word' id='word_1_290' title='bbox 2394 1322 2597 1399; x_wconf 77' lang='grc' dir='ltr'>Κυρίου</span> <span class='ocrx_word' id='word_1_291' title='bbox 2648 1323 2957 1378; x_wconf 72' lang='grc' dir='ltr'><strong>ἀπόκεινται</strong></span> <span class='ocrx_word' id='word_1_292' title='bbox 3005 1326 3140 1395; x_wconf 82' lang='grc' dir='ltr'>ναῷ.</span> <span class='ocrx_word' id='word_1_293' title='bbox 3172 1322 3187 1342; x_wconf 76' lang='lat'><strong>&#39;</strong></span> <span class='ocrx_word' id='word_1_294' title='bbox 3222 1319 3383 1378; x_wconf 78' lang='grc' dir='ltr'><strong>Δλλᾶ</strong></span> <span class='ocrx_word' id='word_1_295' title='bbox 3424 1322 3517 1378; x_wconf 81' lang='grc' dir='ltr'><strong>καὶ</strong></span> <span class='ocrx_word' id='word_1_296' title='bbox 3566 1325 3619 1379; x_wconf 76' lang='grc' dir='ltr'>οἱ</span> <span class='ocrx_word' id='word_1_297' title='bbox 3666 1322 3811 1398; x_wconf 79' lang='grc' dir='ltr'>ψάλ-</span> 
     </span>
    </p>
   </div>
   <div class='ocr_carea' id='block_1_44' title="bbox 2152 1409 3813 1490">
    <p class='ocr_par' dir='ltr' id='par_1_44' title="bbox 2152 1409 3813 1490">
     <span class='ocr_line' id='line_1_44' title="bbox 2152 1409 3813 1490; baseline 0 -22"><span class='ocrx_word' id='word_1_298' title='bbox 2152 1434 2264 1481; x_wconf 86' lang='grc' dir='ltr'>ται,</span> <span class='ocrx_word' id='word_1_299' title='bbox 2296 1409 2656 1468; x_wconf 73' lang='grc' dir='ltr'>ἀποπολῖται</span> <span class='ocrx_word' id='word_1_300' title='bbox 2695 1412 2785 1468; x_wconf 85' lang='grc' dir='ltr'>καὶ</span> <span class='ocrx_word' id='word_1_301' title='bbox 2825 1413 3197 1490; x_wconf 74' lang='grc' dir='ltr'>άγιοσοιρῖται,</span> <span class='ocrx_word' id='word_1_302' title='bbox 3250 1418 3485 1481; x_wconf 75' lang='grc' dir='ltr'>συνῆσαν</span> <span class='ocrx_word' id='word_1_303' title='bbox 3537 1417 3661 1475; x_wconf 78' lang='grc' dir='ltr'>τοῖς</span> <span class='ocrx_word' id='word_1_304' title='bbox 3713 1410 3813 1483; x_wconf 75' lang='grc' dir='ltr'>δή·</span> 
     </span>
    </p>
   </div>
   <div class='ocr_carea' id='block_1_45' title="bbox 2160 1496 3813 1579">
    <p class='ocr_par' dir='ltr' id='par_1_45' title="bbox 2160 1496 3813 1579">
     <span class='ocr_line' id='line_1_45' title="bbox 2160 1496 3813 1579; baseline 0 -23"><span class='ocrx_word' id='word_1_305' title='bbox 2160 1521 2284 1575; x_wconf 86' lang='grc' dir='ltr'>μοις</span> <span class='ocrx_word' id='word_1_306' title='bbox 2315 1498 2367 1556; x_wconf 79' lang='grc' dir='ltr'>ἒν</span> <span class='ocrx_word' id='word_1_307' title='bbox 2385 1506 2506 1558; x_wconf 82' lang='grc' dir='ltr'>ταῖς</span> <span class='ocrx_word' id='word_1_308' title='bbox 2548 1497 2745 1575; x_wconf 78' lang='grc' dir='ltr'>δοχαῖς</span> <span class='ocrx_word' id='word_1_309' title='bbox 2778 1497 3175 1579; x_wconf 68' lang='grc' dir='ltr'><strong>εὐφημοῦντες,</strong></span> <span class='ocrx_word' id='word_1_310' title='bbox 3208 1496 3470 1569; x_wconf 85' lang='grc' dir='ltr'>δηλονότι</span> <span class='ocrx_word' id='word_1_311' title='bbox 3522 1501 3590 1557; x_wconf 78' lang='grc' dir='ltr'>τὰ</span> <span class='ocrx_word' id='word_1_312' title='bbox 3638 1498 3813 1576; x_wconf 72' lang='grc' dir='ltr'>προβ-</span> 
     </span>
    </p>
   </div>
   <div class='ocr_carea' id='block_1_46' title="bbox 2155 1586 3816 1666">
    <p class='ocr_par' dir='ltr' id='par_1_46' title="bbox 2155 1586 3816 1666">
     <span class='ocr_line' id='line_1_46' title="bbox 2155 1586 3816 1666; baseline 0 -22"><span class='ocrx_word' id='word_1_313' title='bbox 2155 1590 2388 1664; x_wconf 68' lang='grc' dir='ltr'>ῥηθέντα</span> <span class='ocrx_word' id='word_1_314' title='bbox 2426 1589 2478 1644; x_wconf 81' lang='grc' dir='ltr'>ἐν</span> <span class='ocrx_word' id='word_1_315' title='bbox 2498 1592 2569 1662; x_wconf 77' lang='grc' dir='ltr'><strong>τῇ</strong></span> <span class='ocrx_word' id='word_1_316' title='bbox 2601 1587 2748 1666; x_wconf 79' lang='grc' dir='ltr'>δοχῇ</span> <span class='ocrx_word' id='word_1_317' title='bbox 2782 1593 3074 1664; x_wconf 75' lang='grc' dir='ltr'>φοροῦντες</span> <span class='ocrx_word' id='word_1_318' title='bbox 3105 1586 3411 1661; x_wconf 79' lang='grc' dir='ltr'>ἀλλάξιμα.</span> <span class='ocrx_word' id='word_1_319' title='bbox 3461 1589 3540 1646; x_wconf 77' lang='grc' dir='ltr'><strong>Τὸ</strong></span> <span class='ocrx_word' id='word_1_320' title='bbox 3580 1587 3638 1645; x_wconf 69' lang='grc' dir='ltr'>δὲ</span> <span class='ocrx_word' id='word_1_321' title='bbox 3694 1610 3816 1665; x_wconf 84' lang='grc' dir='ltr'>τρι-</span> 
     </span>
    </p>
   </div>
   <div class='ocr_carea' id='block_1_47' title="bbox 2154 1673 3815 1756">
    <p class='ocr_par' dir='ltr' id='par_1_47' title="bbox 2154 1673 3815 1756">
     <span class='ocr_line' id='line_1_47' title="bbox 2154 1673 3815 1756; baseline 0.001 -24"><span class='ocrx_word' id='word_1_322' title='bbox 2154 1673 2473 1748; x_wconf 72' lang='grc' dir='ltr'>ϐουνάλιον,</span> <span class='ocrx_word' id='word_1_323' title='bbox 2502 1677 2554 1732; x_wconf 81' lang='grc' dir='ltr'>ἐν</span> <span class='ocrx_word' id='word_1_324' title='bbox 2587 1678 2633 1749; x_wconf 84' lang='grc' dir='ltr'>ᾧ</span> <span class='ocrx_word' id='word_1_325' title='bbox 2680 1678 2817 1733; x_wconf 83' lang='grc' dir='ltr'>κατᾶ</span> <span class='ocrx_word' id='word_1_326' title='bbox 2875 1677 3048 1733; x_wconf 76' lang='grc' dir='ltr'>τύπον</span> <span class='ocrx_word' id='word_1_327' title='bbox 3098 1675 3346 1733; x_wconf 67' lang='grc' dir='ltr'>ἵστανται</span> <span class='ocrx_word' id='word_1_328' title='bbox 3397 1679 3450 1733; x_wconf 77' lang='grc' dir='ltr'>οἱ</span> <span class='ocrx_word' id='word_1_329' title='bbox 3509 1678 3669 1756; x_wconf 71' lang='grc' dir='ltr'>φίλοι</span> <span class='ocrx_word' id='word_1_330' title='bbox 3724 1678 3815 1734; x_wconf 85' lang='grc' dir='ltr'><strong>καὶ</strong></span> 
     </span>
    </p>
   </div>
   <div class='ocr_carea' id='block_1_48' title="bbox 2154 1764 3814 1843">
    <p class='ocr_par' dir='ltr' id='par_1_48' title="bbox 2154 1764 3814 1843">
     <span class='ocr_line' id='line_1_48' title="bbox 2154 1764 3814 1843; baseline 0.001 -22"><span class='ocrx_word' id='word_1_331' title='bbox 2154 1766 2446 1841; x_wconf 75' lang='grc' dir='ltr'>θεωροῦσιν</span> <span class='ocrx_word' id='word_1_332' title='bbox 2490 1767 2581 1821; x_wconf 81' lang='grc' dir='ltr'><strong>τὸν</strong></span> <span class='ocrx_word' id='word_1_333' title='bbox 2639 1767 2895 1841; x_wconf 75' lang='grc' dir='ltr'>βασιλέα,</span> <span class='ocrx_word' id='word_1_334' title='bbox 2951 1766 3208 1828; x_wconf 83' lang='grc' dir='ltr'>ἀπιόντος</span> <span class='ocrx_word' id='word_1_335' title='bbox 3275 1764 3328 1821; x_wconf 77' lang='grc' dir='ltr'>ἒν</span> <span class='ocrx_word' id='word_1_336' title='bbox 3387 1770 3466 1838; x_wconf 81' lang='grc' dir='ltr'><strong>τῷ</strong></span> <span class='ocrx_word' id='word_1_337' title='bbox 3528 1766 3814 1843; x_wconf 76' lang='grc' dir='ltr'>προκένσῳ</span> 
     </span>
    </p>
   </div>
   <div class='ocr_carea' id='block_1_49' title="bbox 2161 1852 3809 1933">
    <p class='ocr_par' dir='ltr' id='par_1_49' title="bbox 2161 1852 3809 1933">
     <span class='ocr_line' id='line_1_49' title="bbox 2161 1852 3809 1933; baseline -0.001 -23"><span class='ocrx_word' id='word_1_338' title='bbox 2161 1861 2261 1925; x_wconf 83' lang='grc' dir='ltr'><strong>τῆς</strong></span> <span class='ocrx_word' id='word_1_339' title='bbox 2318 1853 2611 1926; x_wconf 76' lang='grc' dir='ltr'>ἐκκλησίας</span> <span class='ocrx_word' id='word_1_340' title='bbox 2650 1855 2739 1911; x_wconf 84' lang='grc' dir='ltr'>καὶ</span> <span class='ocrx_word' id='word_1_341' title='bbox 2788 1855 2955 1910; x_wconf 81' lang='grc' dir='ltr'>πάλιν</span> <span class='ocrx_word' id='word_1_342' title='bbox 3011 1852 3464 1933; x_wconf 72' lang='grc' dir='ltr'>ὑποστρέφοντος,</span> <span class='ocrx_word' id='word_1_343' title='bbox 3497 1852 3809 1926; x_wconf 76' lang='grc' dir='ltr'>ἔξωπλίσθη</span> 
     </span>
    </p>
   </div>
   <div class='ocr_carea' id='block_1_50' title="bbox 2162 1940 3812 2023">
    <p class='ocr_par' dir='ltr' id='par_1_50' title="bbox 2162 1940 3812 2023">
     <span class='ocr_line' id='line_1_50' title="bbox 2162 1940 3812 2023; baseline -0.001 -23"><span class='ocrx_word' id='word_1_344' title='bbox 2162 1944 2297 2000; x_wconf 86' lang='grc' dir='ltr'>κατᾶ</span> <span class='ocrx_word' id='word_1_345' title='bbox 2344 1945 2444 2014; x_wconf 83' lang='grc' dir='ltr'><strong>τήν</strong></span> <span class='ocrx_word' id='word_1_346' title='bbox 2492 1944 2892 2020; x_wconf 70' lang='grc' dir='ltr'>προρρηθεῖσαν</span> <span class='ocrx_word' id='word_1_347' title='bbox 2930 1950 3030 2013; x_wconf 82' lang='grc' dir='ltr'><strong>τῆς</strong></span> <span class='ocrx_word' id='word_1_348' title='bbox 3070 1941 3247 2023; x_wconf 83' lang='grc' dir='ltr'>δοχῆς</span> <span class='ocrx_word' id='word_1_349' title='bbox 3292 1942 3585 2014; x_wconf 74' lang='grc' dir='ltr'>ἐξόπλισιν.</span> <span class='ocrx_word' id='word_1_350' title='bbox 3637 1945 3700 2001; x_wconf 90' lang='grc' dir='ltr'><strong>Ὀ</strong></span> <span class='ocrx_word' id='word_1_351' title='bbox 3749 1940 3812 1999; x_wconf 73' lang='grc' dir='ltr'>δὲ</span> 
     </span>
    </p>
   </div>
   <div class='ocr_carea' id='block_1_51' title="bbox 2161 2030 3808 2111">
    <p class='ocr_par' dir='ltr' id='par_1_51' title="bbox 2161 2030 3808 2111">
     <span class='ocr_line' id='line_1_51' title="bbox 2161 2030 3808 2111; baseline 0 -23"><span class='ocrx_word' id='word_1_352' title='bbox 2161 2036 2262 2107; x_wconf 76' lang='grc' dir='ltr'><strong>τῇς</strong></span> <span class='ocrx_word' id='word_1_353' title='bbox 2310 2034 2471 2106; x_wconf 84' lang='grc' dir='ltr'>ἁγίας</span> <span class='ocrx_word' id='word_1_354' title='bbox 2521 2033 2728 2110; x_wconf 74' lang='grc' dir='ltr'>Σοφῖας</span> <span class='ocrx_word' id='word_1_355' title='bbox 2787 2032 2959 2111; x_wconf 70' lang='grc' dir='ltr'>μέγας</span> <span class='ocrx_word' id='word_1_356' title='bbox 3016 2034 3140 2111; x_wconf 83' lang='grc' dir='ltr'>ναὸς</span> <span class='ocrx_word' id='word_1_357' title='bbox 3194 2030 3504 2104; x_wconf 79' lang='grc' dir='ltr'>ὲξωπλίσθη</span> <span class='ocrx_word' id='word_1_358' title='bbox 3562 2033 3699 2088; x_wconf 82' lang='grc' dir='ltr'>κατᾶ</span> <span class='ocrx_word' id='word_1_359' title='bbox 3743 2033 3808 2088; x_wconf 87' lang='grc' dir='ltr'>τὸ</span> 
     </span>
    </p>
   </div>
   <div class='ocr_carea' id='block_1_52' title="bbox 2163 2110 3804 2202">
    <p class='ocr_par' dir='ltr' id='par_1_52' title="bbox 2163 2110 3804 2202">
     <span class='ocr_line' id='line_1_52' title="bbox 2163 2110 3804 2202; baseline -0.001 -23"><span class='ocrx_word' id='word_1_360' title='bbox 2163 2123 2354 2188; x_wconf 74' lang='grc' dir='ltr'>εἶωθὸς</span> <span class='ocrx_word' id='word_1_361' title='bbox 2392 2129 2490 2180; x_wconf 76' lang='grc' dir='ltr'><strong>τοῦ</strong></span> <span class='ocrx_word' id='word_1_362' title='bbox 2528 2124 2742 2201; x_wconf 79' lang='grc' dir='ltr'>Πάσχα.</span> <span class='ocrx_word' id='word_1_363' title='bbox 2790 2124 2883 2185; x_wconf 81' lang='grc' dir='ltr'>Εἰς</span> <span class='ocrx_word' id='word_1_364' title='bbox 2942 2122 3000 2180; x_wconf 71' lang='grc' dir='ltr'>δὲ</span> <span class='ocrx_word' id='word_1_365' title='bbox 3056 2110 3570 2200; x_wconf 15' lang='grc' dir='ltr'>τᾶνκατηχούμενα,</span> <span class='ocrx_word' id='word_1_366' title='bbox 3625 2124 3804 2202; x_wconf 77' lang='grc' dir='ltr'>ἤγουν</span> 
     </span>
    </p>
   </div>
   <div class='ocr_carea' id='block_1_53' title="bbox 2162 2209 3812 2290">
    <p class='ocr_par' dir='ltr' id='par_1_53' title="bbox 2162 2209 3812 2290">
     <span class='ocr_line' id='line_1_53' title="bbox 2162 2209 3812 2290; baseline 0.001 -23"><span class='ocrx_word' id='word_1_367' title='bbox 2162 2209 2362 2276; x_wconf 77' lang='grc' dir='ltr'>ἄνωθεν</span> <span class='ocrx_word' id='word_1_368' title='bbox 2427 2217 2536 2267; x_wconf 90' lang='grc' dir='ltr'><strong>τῶν</strong></span> <span class='ocrx_word' id='word_1_369' title='bbox 2618 2210 2921 2287; x_wconf 80' lang='grc' dir='ltr'>βασιλικῶν</span> <span class='ocrx_word' id='word_1_370' title='bbox 2999 2213 3213 2284; x_wconf 86' lang='grc' dir='ltr'>πυλῶν,</span> <span class='ocrx_word' id='word_1_371' title='bbox 3271 2212 3680 2290; x_wconf 74' lang='grc' dir='ltr'>ἐκρεμάσθησαν</span> <span class='ocrx_word' id='word_1_372' title='bbox 3743 2213 3812 2268; x_wconf 80' lang='grc' dir='ltr'>τὰ</span> 
     </span>
    </p>
   </div>
   <div class='ocr_carea' id='block_1_54' title="bbox 2166 2296 3815 2379">
    <p class='ocr_par' dir='ltr' id='par_1_54' title="bbox 2166 2296 3815 2379">
     <span class='ocr_line' id='line_1_54' title="bbox 2166 2296 3815 2379; baseline 0.001 -24"><span class='ocrx_word' id='word_1_373' title='bbox 2166 2305 2342 2376; x_wconf 81' lang='grc' dir='ltr'>χρυσᾶ</span> <span class='ocrx_word' id='word_1_374' title='bbox 2409 2301 2561 2376; x_wconf 77' lang='grc' dir='ltr'><strong>βῆλα</strong></span> <span class='ocrx_word' id='word_1_375' title='bbox 2607 2305 2715 2356; x_wconf 87' lang='grc' dir='ltr'><strong>τῶν</strong></span> <span class='ocrx_word' id='word_1_376' title='bbox 2769 2301 2968 2357; x_wconf 86' lang='grc' dir='ltr'>κιόνων</span> <span class='ocrx_word' id='word_1_377' title='bbox 3007 2305 3106 2357; x_wconf 73' lang='grc' dir='ltr'><strong>τοῦ</strong></span> <span class='ocrx_word' id='word_1_378' title='bbox 3173 2296 3442 2379; x_wconf 78' lang='grc' dir='ltr'>κιϐωρίου</span> <span class='ocrx_word' id='word_1_379' title='bbox 3500 2302 3591 2356; x_wconf 87' lang='grc' dir='ltr'>καὶ</span> <span class='ocrx_word' id='word_1_380' title='bbox 3660 2299 3815 2375; x_wconf 84' lang='grc' dir='ltr'>ἔτερα</span> 
     </span>
    </p>
   </div>
   <div class='ocr_carea' id='block_1_55' title="bbox 2168 2387 3815 2465">
    <p class='ocr_par' dir='ltr' id='par_1_55' title="bbox 2168 2387 3815 2465">
     <span class='ocr_line' id='line_1_55' title="bbox 2168 2387 3815 2465; baseline 0.002 -23"><span class='ocrx_word' id='word_1_381' title='bbox 2168 2387 2316 2465; x_wconf 84' lang='grc' dir='ltr'>βῆλα</span> <span class='ocrx_word' id='word_1_382' title='bbox 2344 2390 2435 2444; x_wconf 83' lang='grc' dir='ltr'>καὶ</span> <span class='ocrx_word' id='word_1_383' title='bbox 2480 2387 2689 2445; x_wconf 84' lang='grc' dir='ltr'>ἐνδυταὶ</span> <span class='ocrx_word' id='word_1_384' title='bbox 2738 2390 2846 2445; x_wconf 71' lang='grc' dir='ltr'><strong>ἀπό</strong></span> <span class='ocrx_word' id='word_1_385' title='bbox 2877 2410 2935 2445; x_wconf 89' lang='grc' dir='ltr'><strong>τε</strong></span> <span class='ocrx_word' id='word_1_386' title='bbox 2984 2397 3084 2459; x_wconf 80' lang='grc' dir='ltr'><strong>τῆς</strong></span> <span class='ocrx_word' id='word_1_387' title='bbox 3144 2389 3297 2465; x_wconf 82' lang='grc' dir='ltr'>ἁγίας</span> <span class='ocrx_word' id='word_1_388' title='bbox 3347 2390 3554 2464; x_wconf 77' lang='grc' dir='ltr'>Σοφίας</span> <span class='ocrx_word' id='word_1_389' title='bbox 3586 2390 3678 2445; x_wconf 83' lang='grc' dir='ltr'><strong>καὶ</strong></span> <span class='ocrx_word' id='word_1_390' title='bbox 3715 2393 3815 2460; x_wconf 73' lang='grc' dir='ltr'>τῆς</span> 
     </span>
    </p>
   </div>
   <div class='ocr_carea' id='block_1_56' title="bbox 2161 2475 3816 2547">
    <p class='ocr_par' dir='ltr' id='par_1_56' title="bbox 2161 2475 3816 2547">
     <span class='ocr_line' id='line_1_56' title="bbox 2161 2475 3816 2547; baseline -0.001 -12"><span class='ocrx_word' id='word_1_391' title='bbox 2161 2475 2304 2540; x_wconf 73' lang='grc' dir='ltr'>Νέας</span> <span class='ocrx_word' id='word_1_392' title='bbox 2334 2477 2645 2547; x_wconf 74' lang='grc' dir='ltr'>ἐκκλησίας·</span> <span class='ocrx_word' id='word_1_393' title='bbox 2679 2477 2825 2535; x_wconf 73' lang='grc' dir='ltr'>ἀλλὰ</span> <span class='ocrx_word' id='word_1_394' title='bbox 2854 2480 2944 2533; x_wconf 85' lang='grc' dir='ltr'><strong>καὶ</strong></span> <span class='ocrx_word' id='word_1_395' title='bbox 2976 2476 3232 2535; x_wconf 80' lang='grc' dir='ltr'>ἁλυσίδια</span> <span class='ocrx_word' id='word_1_396' title='bbox 3281 2477 3515 2534; x_wconf 86' lang='grc' dir='ltr'>πλεῖστα</span> <span class='ocrx_word' id='word_1_397' title='bbox 3542 2478 3650 2534; x_wconf 87' lang='grc' dir='ltr'>ἀπὸ</span> <span class='ocrx_word' id='word_1_398' title='bbox 3696 2475 3816 2534; x_wconf 87' lang='grc' dir='ltr'>δια-</span> 
     </span>
    </p>
   </div>
   <div class='ocr_carea' id='block_1_57' title="bbox 2163 2564 3813 2644">
    <p class='ocr_par' dir='ltr' id='par_1_57' title="bbox 2163 2564 3813 2644">
     <span class='ocr_line' id='line_1_57' title="bbox 2163 2564 3813 2644; baseline -0.001 -22"><span class='ocrx_word' id='word_1_399' title='bbox 2163 2567 2345 2644; x_wconf 76' lang='grc' dir='ltr'>φόρων</span> <span class='ocrx_word' id='word_1_400' title='bbox 2397 2564 2727 2637; x_wconf 79' lang='grc' dir='ltr'>ἐκκλησιῶν,</span> <span class='ocrx_word' id='word_1_401' title='bbox 2775 2566 2866 2622; x_wconf 85' lang='grc' dir='ltr'><strong>καὶ</strong></span> <span class='ocrx_word' id='word_1_402' title='bbox 2913 2568 2980 2622; x_wconf 78' lang='grc' dir='ltr'>τὰ</span> <span class='ocrx_word' id='word_1_403' title='bbox 3025 2573 3125 2637; x_wconf 84' lang='grc' dir='ltr'><strong>τῆς</strong></span> <span class='ocrx_word' id='word_1_404' title='bbox 3173 2566 3310 2630; x_wconf 69' lang='grc' dir='ltr'>Νέας</span> <span class='ocrx_word' id='word_1_405' title='bbox 3364 2569 3537 2623; x_wconf 77' lang='grc' dir='ltr'>πάντα</span> <span class='ocrx_word' id='word_1_406' title='bbox 3599 2566 3813 2644; x_wconf 84' lang='grc' dir='ltr'>μεγάλα</span> 
     </span>
    </p>
   </div>
   <div class='ocr_carea' id='block_1_58' title="bbox 2162 2652 3816 2734">
    <p class='ocr_par' dir='ltr' id='par_1_58' title="bbox 2162 2652 3816 2734">
     <span class='ocr_line' id='line_1_58' title="bbox 2162 2652 3816 2734; baseline 0.001 -23"><span class='ocrx_word' id='word_1_407' title='bbox 2162 2652 2561 2726; x_wconf 82' lang='grc' dir='ltr'>πολυκάνδηλα</span> <span class='ocrx_word' id='word_1_408' title='bbox 2622 2653 2773 2711; x_wconf 82' lang='grc' dir='ltr'><strong>ἀλλὰ</strong></span> <span class='ocrx_word' id='word_1_409' title='bbox 2821 2655 2913 2711; x_wconf 81' lang='grc' dir='ltr'><strong>καὶ</strong></span> <span class='ocrx_word' id='word_1_410' title='bbox 2967 2657 3252 2730; x_wconf 73' lang='grc' dir='ltr'>στέμματα</span> <span class='ocrx_word' id='word_1_411' title='bbox 3297 2656 3388 2712; x_wconf 85' lang='grc' dir='ltr'><strong>καὶ</strong></span> <span class='ocrx_word' id='word_1_412' title='bbox 3446 2654 3676 2734; x_wconf 78' lang='grc' dir='ltr'>διάφορα</span> <span class='ocrx_word' id='word_1_413' title='bbox 3723 2655 3816 2731; x_wconf 64' lang='lat' dir='ltr'><strong>lp-</strong></span> 
     </span>
    </p>
   </div>
   <div class='ocr_carea' id='block_1_59' title="bbox 2162 2743 3816 2821">
    <p class='ocr_par' dir='ltr' id='par_1_59' title="bbox 2162 2743 3816 2821">
     <span class='ocr_line' id='line_1_59' title="bbox 2162 2743 3816 2821; baseline 0 -21"><span class='ocrx_word' id='word_1_414' title='bbox 2162 2746 2461 2821; x_wconf 76' lang='grc' dir='ltr'>γομούκια,</span> <span class='ocrx_word' id='word_1_415' title='bbox 2493 2744 2713 2819; x_wconf 84' lang='grc' dir='ltr'>σταυροί</span> <span class='ocrx_word' id='word_1_416' title='bbox 2743 2765 2801 2800; x_wconf 88' lang='grc' dir='ltr'><strong>τε</strong></span> <span class='ocrx_word' id='word_1_417' title='bbox 2824 2750 3026 2821; x_wconf 86' lang='grc' dir='ltr'>χρυσοῖ</span> <span class='ocrx_word' id='word_1_418' title='bbox 3057 2743 3300 2809; x_wconf 83' lang='grc' dir='ltr'>διάλιθοι</span> <span class='ocrx_word' id='word_1_419' title='bbox 3330 2746 3424 2801; x_wconf 85' lang='grc' dir='ltr'><strong>καὶ</strong></span> <span class='ocrx_word' id='word_1_420' title='bbox 3454 2745 3661 2820; x_wconf 77' lang='grc' dir='ltr'>πτυχία</span> <span class='ocrx_word' id='word_1_421' title='bbox 3707 2746 3816 2802; x_wconf 80' lang='grc' dir='ltr'><strong>Εὐ-</strong></span> 
     </span>
    </p>
   </div>
   <div class='ocr_carea' id='block_1_60' title="bbox 2162 2832 3816 2911">
    <p class='ocr_par' dir='ltr' id='par_1_60' title="bbox 2162 2832 3816 2911">
     <span class='ocr_line' id='line_1_60' title="bbox 2162 2832 3816 2911; baseline -0.001 -21"><span class='ocrx_word' id='word_1_422' title='bbox 2162 2834 2436 2911; x_wconf 80' lang='grc' dir='ltr'>αγγεΑίων</span> <span class='ocrx_word' id='word_1_423' title='bbox 2505 2833 2675 2889; x_wconf 74' lang='grc' dir='ltr'>ἐκεῖσε</span> <span class='ocrx_word' id='word_1_424' title='bbox 2711 2833 3055 2910; x_wconf 79' lang='grc' dir='ltr'>ίδρύνθησαν.</span> <span class='ocrx_word' id='word_1_425' title='bbox 3086 2835 3170 2893; x_wconf 79' lang='grc' dir='ltr'>Τὰ</span> <span class='ocrx_word' id='word_1_426' title='bbox 3227 2832 3286 2891; x_wconf 69' lang='grc' dir='ltr'>δὲ</span> <span class='ocrx_word' id='word_1_427' title='bbox 3351 2835 3475 2908; x_wconf 66' lang='grc' dir='ltr'>ἑξῆς</span> <span class='ocrx_word' id='word_1_428' title='bbox 3522 2841 3625 2904; x_wconf 82' lang='grc' dir='ltr'><strong>τῆς</strong></span> <span class='ocrx_word' id='word_1_429' title='bbox 3679 2855 3816 2910; x_wconf 71' lang='grc' dir='ltr'>προσ</span> 
     </span>
    </p>
   </div>
   <div class='ocr_carea' id='block_1_61' title="bbox 2163 2921 3819 2998">
    <p class='ocr_par' dir='ltr' id='par_1_61' title="bbox 2163 2921 3819 2998">
     <span class='ocr_line' id='line_1_61' title="bbox 2163 2921 3819 2998; baseline -0.001 -19"><span class='ocrx_word' id='word_1_430' title='bbox 2163 2921 2429 2985; x_wconf 72' lang='grc' dir='ltr'>ιλεύσεως</span> <span class='ocrx_word' id='word_1_431' title='bbox 2476 2921 2732 2993; x_wconf 80' lang='grc' dir='ltr'>ἐκελέσθη</span> <span class='ocrx_word' id='word_1_432' title='bbox 2789 2924 2928 2979; x_wconf 66' lang='grc' dir='ltr'>κατὰ</span> <span class='ocrx_word' id='word_1_433' title='bbox 2981 2923 3072 2979; x_wconf 86' lang='grc' dir='ltr'><strong>τὸν</strong></span> <span class='ocrx_word' id='word_1_434' title='bbox 3138 2923 3370 2989; x_wconf 75' lang='grc' dir='ltr'>εἰωθότα</span> <span class='ocrx_word' id='word_1_435' title='bbox 3413 2922 3607 2980; x_wconf 71' lang='grc' dir='ltr'>τύπον.</span> <span class='ocrx_word' id='word_1_436' title='bbox 3641 2925 3727 2998; x_wconf 79' lang='grc' dir='ltr'>Τῇ</span> <span class='ocrx_word' id='word_1_437' title='bbox 3760 2921 3819 2979; x_wconf 70' lang='grc' dir='ltr'>δὲ</span> 
     </span>
    </p>
   </div>
   <div class='ocr_carea' id='block_1_62' title="bbox 2162 3010 3818 3089">
    <p class='ocr_par' dir='ltr' id='par_1_62' title="bbox 2162 3010 3818 3089">
     <span class='ocr_line' id='line_1_62' title="bbox 2162 3010 3818 3089; baseline 0.001 -23"><span class='ocrx_word' id='word_1_438' title='bbox 2162 3010 2346 3086; x_wconf 71' lang='grc' dir='ltr'>ἰννάτῃ</span> <span class='ocrx_word' id='word_1_439' title='bbox 2373 3014 2470 3067; x_wconf 81' lang='grc' dir='ltr'><strong>τοῦ</strong></span> <span class='ocrx_word' id='word_1_440' title='bbox 2530 3010 2852 3089; x_wconf 72' lang='grc' dir='ltr'>Αὐγούστου</span> <span class='ocrx_word' id='word_1_441' title='bbox 2905 3013 3096 3085; x_wconf 82' lang='grc' dir='ltr'>μηνὸς,</span> <span class='ocrx_word' id='word_1_442' title='bbox 3147 3012 3333 3087; x_wconf 76' lang='grc' dir='ltr'>ἡμέρᾳ</span> <span class='ocrx_word' id='word_1_443' title='bbox 3379 3014 3645 3087; x_wconf 76' lang='grc' dir='ltr'>κυριακῇ,</span> <span class='ocrx_word' id='word_1_444' title='bbox 3697 3010 3818 3089; x_wconf 75' lang='grc' dir='ltr'><strong>ἐγὲ-</strong></span> 
     </span>
    </p>
   </div>
   <div class='ocr_carea' id='block_1_63' title="bbox 2163 3097 3820 3176">
    <p class='ocr_par' dir='ltr' id='par_1_63' title="bbox 2163 3097 3820 3176">
     <span class='ocr_line' id='line_1_63' title="bbox 2163 3097 3820 3176; baseline 0 -22"><span class='ocrx_word' id='word_1_445' title='bbox 2163 3121 2285 3156; x_wconf 88' lang='grc' dir='ltr'>νετο</span> <span class='ocrx_word' id='word_1_446' title='bbox 2328 3097 2648 3176; x_wconf 85' lang='grc' dir='ltr'>κλητώριον</span> <span class='ocrx_word' id='word_1_447' title='bbox 2692 3098 2743 3155; x_wconf 71' lang='grc' dir='ltr'>ἰν</span> <span class='ocrx_word' id='word_1_448' title='bbox 2791 3105 2872 3173; x_wconf 78' lang='grc' dir='ltr'><strong>τῷ</strong></span> <span class='ocrx_word' id='word_1_449' title='bbox 2930 3098 3196 3175; x_wconf 87' lang='grc' dir='ltr'>τρικλίνῳ</span> <span class='ocrx_word' id='word_1_450' title='bbox 3252 3104 3351 3157; x_wconf 79' lang='grc' dir='ltr'><strong>τοῦ</strong></span> <span class='ocrx_word' id='word_1_451' title='bbox 3409 3101 3820 3171; x_wconf 80' lang='grc' dir='ltr'>Ἰουστινιανοῦ,</span> 
     </span>
    </p>
   </div>
   <div class='ocr_carea' id='block_1_64' title="bbox 404 3186 2053 3267">
    <p class='ocr_par' dir='ltr' id='par_1_64' title="bbox 404 3188 2053 3261">
     <span class='ocr_line' id='line_1_64' title="bbox 404 3188 2053 3261; baseline 0.001 -16"><span class='ocrx_word' id='word_1_452' title='bbox 404 3189 681 3261; x_wconf 78' lang='lat' dir='ltr'><strong>Magnum</strong></span> <span class='ocrx_word' id='word_1_453' title='bbox 714 3189 941 3244; x_wconf 62' lang='lat' dir='ltr'><strong>Sancta:</strong></span> <span class='ocrx_word' id='word_1_454' title='bbox 958 3188 1189 3260; x_wconf 73' lang='lat' dir='ltr'><strong>Sophim</strong></span> <span class='ocrx_word' id='word_1_455' title='bbox 1218 3188 1508 3260; x_wconf 88' lang='lat' dir='ltr'><strong>templum</strong></span> <span class='ocrx_word' id='word_1_456' title='bbox 1540 3194 1814 3245; x_wconf 86' lang='lat' dir='ltr'><strong>ornatum</strong></span> <span class='ocrx_word' id='word_1_457' title='bbox 1846 3194 2053 3260; x_wconf 71' lang='lat' dir='ltr'><strong>ersten</strong></span> 
     </span>
    </p>
   </div>
   <div class='ocr_carea' id='block_1_65' title="bbox 2158 3186 3826 3267">
    <p class='ocr_par' dir='ltr' id='par_1_65' title="bbox 2166 3186 3826 3267">
     <span class='ocr_line' id='line_1_65' title="bbox 2166 3186 3826 3267; baseline 0 -23"><span class='ocrx_word' id='word_1_458' title='bbox 2166 3186 2390 3260; x_wconf 72' lang='grc' dir='ltr'>ἐξῆλθεν</span> <span class='ocrx_word' id='word_1_459' title='bbox 2424 3186 2483 3243; x_wconf 69' lang='grc' dir='ltr'>δὲ</span> <span class='ocrx_word' id='word_1_460' title='bbox 2509 3189 2572 3244; x_wconf 89' lang='grc' dir='ltr'>τὸ</span> <span class='ocrx_word' id='word_1_461' title='bbox 2624 3186 2933 3267; x_wconf 75' lang='grc' dir='ltr'>ἂνάγλυφον</span> <span class='ocrx_word' id='word_1_462' title='bbox 2991 3189 3231 3262; x_wconf 69' lang='grc' dir='ltr'>ἀσήμιον</span> <span class='ocrx_word' id='word_1_463' title='bbox 3270 3190 3318 3227; x_wconf 68' lang='grc' dir='ltr'><strong>³ο</strong></span> <span class='ocrx_word' id='word_1_464' title='bbox 3362 3188 3427 3244; x_wconf 86' lang='grc' dir='ltr'>τὸ</span> <span class='ocrx_word' id='word_1_465' title='bbox 3470 3187 3826 3261; x_wconf 71' lang='grc' dir='ltr'>ἑναποκείμε-</span> 
     </span>
    </p>
   </div>
   <div class='ocr_carea' id='block_1_66' title="bbox 403 3249 2053 3354">
    <p class='ocr_par' dir='ltr' id='par_1_66' title="bbox 403 3249 2053 3350">
     <span class='ocr_line' id='line_1_66' title="bbox 403 3249 2053 3350; baseline -0.001 -15"><span class='ocrx_word' id='word_1_466' title='bbox 403 3249 596 3350; x_wconf 72' lang='lat' dir='ltr'><strong>modo,</strong></span> <span class='ocrx_word' id='word_1_467' title='bbox 644 3293 758 3349; x_wconf 88' lang='lat' dir='ltr'><strong>quo</strong></span> <span class='ocrx_word' id='word_1_468' title='bbox 789 3278 934 3333; x_wconf 90' lang='lat' dir='ltr'><strong>solet</strong></span> <span class='ocrx_word' id='word_1_469' title='bbox 965 3249 1068 3349; x_wconf 70' lang='lat' dir='ltr'><strong>per</strong></span> <span class='ocrx_word' id='word_1_470' title='bbox 1097 3278 1306 3333; x_wconf 85' lang='lat' dir='ltr'><strong>festum</strong></span> <span class='ocrx_word' id='word_1_471' title='bbox 1339 3249 1643 3333; x_wconf 67' lang='lat' dir='ltr'><strong>i’aschatis</strong></span> <span class='ocrx_word' id='word_1_472' title='bbox 1682 3292 1832 3335; x_wconf 91' lang='lat' dir='ltr'><strong>esse.</strong></span> <span class='ocrx_word' id='word_1_473' title='bbox 1863 3278 1929 3333; x_wconf 90' lang='lat' dir='ltr'><strong>In</strong></span> <span class='ocrx_word' id='word_1_474' title='bbox 1959 3250 2053 3334; x_wconf 78' lang='lat' dir='ltr'><strong>ca-</strong></span> 
     </span>
    </p>
   </div>
   <div class='ocr_carea' id='block_1_67' title="bbox 2158 3249 3827 3354">
    <p class='ocr_par' dir='ltr' id='par_1_67' title="bbox 2166 3249 3827 3354">
     <span class='ocr_line' id='line_1_67' title="bbox 2200 3249 3738 3267; baseline 0.001 -7"><span class='ocrx_word' id='word_1_475' title='bbox 2200 3249 2254 3260; x_wconf 85' lang='lat'><strong>..</strong></span> <span class='ocrx_word' id='word_1_476' title='bbox 2311 3249 2327 3254; x_wconf 74' lang='lat'><strong>-</strong></span> <span class='ocrx_word' id='word_1_477' title='bbox 2736 3249 2748 3264; x_wconf 90' lang='lat'><strong>.</strong></span> <span class='ocrx_word' id='word_1_478' title='bbox 2847 3249 2858 3267; x_wconf 84' lang='grc'><strong>,</strong></span> <span class='ocrx_word' id='word_1_479' title='bbox 3086 3249 3118 3262; x_wconf 89' lang='grc'><strong>..</strong></span> <span class='ocrx_word' id='word_1_480' title='bbox 3727 3249 3738 3261; x_wconf 92' lang='grc'><strong>.</strong></span> 
     </span>
     <span class='ocr_line' id='line_1_68' title="bbox 2166 3276 3827 3354; baseline 0 -20"><span class='ocrx_word' id='word_1_481' title='bbox 2166 3300 2257 3334; x_wconf 89' lang='grc' dir='ltr'><strong>νον</strong></span> <span class='ocrx_word' id='word_1_482' title='bbox 2315 3278 2368 3333; x_wconf 77' lang='grc' dir='ltr'>ἐν</span> <span class='ocrx_word' id='word_1_483' title='bbox 2413 3282 2494 3351; x_wconf 79' lang='grc' dir='ltr'>τῷ</span> <span class='ocrx_word' id='word_1_484' title='bbox 2528 3278 2819 3353; x_wconf 83' lang='grc' dir='ltr'>βεστιαρίῳ</span> <span class='ocrx_word' id='word_1_485' title='bbox 2869 3284 2972 3335; x_wconf 74' lang='grc' dir='ltr'><strong>τοῦ</strong></span> <span class='ocrx_word' id='word_1_486' title='bbox 3032 3283 3323 3354; x_wconf 80' lang='grc' dir='ltr'>Καριανοῦ,</span> <span class='ocrx_word' id='word_1_487' title='bbox 3381 3279 3471 3335; x_wconf 85' lang='grc' dir='ltr'><strong>καὶ</strong></span> <span class='ocrx_word' id='word_1_488' title='bbox 3530 3276 3602 3335; x_wconf 84' lang='grc' dir='ltr'><strong>δι’</strong></span> <span class='ocrx_word' id='word_1_489' title='bbox 3658 3279 3827 3334; x_wconf 77' lang='grc' dir='ltr'>αὐτοῦ</span> 
     </span>
    </p>
   </div>
   <div class='ocr_carea' id='block_1_68' title="bbox 403 3365 2057 3439">
    <p class='ocr_par' dir='ltr' id='par_1_68' title="bbox 403 3365 2057 3439">
     <span class='ocr_line' id='line_1_69' title="bbox 403 3365 2057 3439; baseline 0 -17"><span class='ocrx_word' id='word_1_490' title='bbox 403 3366 769 3423; x_wconf 90' lang='lat' dir='ltr'><strong>tecbumenis</strong></span> <span class='ocrx_word' id='word_1_491' title='bbox 826 3382 929 3422; x_wconf 91' lang='lat' dir='ltr'><strong>seu</strong></span> <span class='ocrx_word' id='word_1_492' title='bbox 974 3382 1149 3436; x_wconf 80' lang='lat' dir='ltr'><strong>supra</strong></span> <span class='ocrx_word' id='word_1_493' title='bbox 1208 3369 1435 3438; x_wconf 87' lang='lat' dir='ltr'><strong>portam</strong></span> <span class='ocrx_word' id='word_1_494' title='bbox 1496 3365 1715 3436; x_wconf 88' lang='lat' dir='ltr'><strong>regiam</strong></span> <span class='ocrx_word' id='word_1_495' title='bbox 1770 3382 2057 3439; x_wconf 83' lang='lat' dir='ltr'><strong>suspensa</strong></span> 
     </span>
    </p>
   </div>
   <div class='ocr_carea' id='block_1_69' title="bbox 403 3453 2058 3527">
    <p class='ocr_par' dir='ltr' id='par_1_69' title="bbox 403 3453 2058 3527">
     <span class='ocr_line' id='line_1_70' title="bbox 403 3453 2058 3527; baseline -0.001 -16"><span class='ocrx_word' id='word_1_496' title='bbox 403 3461 572 3511; x_wconf 87' lang='lat' dir='ltr'><strong>erant</strong></span> <span class='ocrx_word' id='word_1_497' title='bbox 601 3470 777 3510; x_wconf 88' lang='lat' dir='ltr'><strong>aurea</strong></span> <span class='ocrx_word' id='word_1_498' title='bbox 804 3453 930 3511; x_wconf 89' lang='lat' dir='ltr'><strong>vela</strong></span> <span class='ocrx_word' id='word_1_499' title='bbox 950 3454 1361 3510; x_wconf 90' lang='lat' dir='ltr'><strong>columnarum</strong></span> <span class='ocrx_word' id='word_1_500' title='bbox 1408 3453 1615 3510; x_wconf 90' lang='lat' dir='ltr'><strong>ciborii</strong></span> <span class='ocrx_word' id='word_1_501' title='bbox 1663 3454 1896 3527; x_wconf 88' lang='lat' dir='ltr'><strong>aliaque</strong></span> <span class='ocrx_word' id='word_1_502' title='bbox 1931 3454 2058 3511; x_wconf 88' lang='lat' dir='ltr'><strong>vela</strong></span> 
     </span>
    </p>
   </div>
   <div class='ocr_carea' id='block_1_70' title="bbox 403 3542 2057 3614">
    <p class='ocr_par' dir='ltr' id='par_1_70' title="bbox 403 3542 2057 3614">
     <span class='ocr_line' id='line_1_71' title="bbox 403 3542 2057 3614; baseline 0.001 -15"><span class='ocrx_word' id='word_1_503' title='bbox 403 3551 463 3599; x_wconf 89' lang='lat' dir='ltr'><strong>et</strong></span> <span class='ocrx_word' id='word_1_504' title='bbox 492 3545 758 3611; x_wconf 81' lang='lat' dir='ltr'><strong>instrata,</strong></span> <span class='ocrx_word' id='word_1_505' title='bbox 803 3549 921 3598; x_wconf 90' lang='lat' dir='ltr'><strong>tam</strong></span> <span class='ocrx_word' id='word_1_506' title='bbox 952 3558 982 3598; x_wconf 93' lang='lat' dir='ltr'><strong>e</strong></span> <span class='ocrx_word' id='word_1_507' title='bbox 1029 3542 1240 3599; x_wconf 86' lang='lat' dir='ltr'><strong>Sancta</strong></span> <span class='ocrx_word' id='word_1_508' title='bbox 1294 3543 1510 3614; x_wconf 76' lang='lat' dir='ltr'><strong>Sophia</strong></span> <span class='ocrx_word' id='word_1_509' title='bbox 1556 3559 1733 3614; x_wconf 87' lang='lat' dir='ltr'><strong>quam</strong></span> <span class='ocrx_word' id='word_1_510' title='bbox 1774 3559 1844 3599; x_wconf 74' lang='lat' dir='ltr'><strong>ex</strong></span> <span class='ocrx_word' id='word_1_511' title='bbox 1899 3544 2057 3601; x_wconf 82' lang='lat' dir='ltr'><strong>Nova</strong></span> 
     </span>
    </p>
   </div>
   <div class='ocr_carea' id='block_1_71' title="bbox 402 3630 2057 3707">
    <p class='ocr_par' dir='ltr' id='par_1_71' title="bbox 402 3630 2057 3707">
     <span class='ocr_line' id='line_1_72' title="bbox 402 3630 2057 3707; baseline 0.002 -21"><span class='ocrx_word' id='word_1_512' title='bbox 402 3630 648 3687; x_wconf 90' lang='lat' dir='ltr'><strong>ecclesia</strong></span> <span class='ocrx_word' id='word_1_513' title='bbox 671 3634 885 3704; x_wconf 88' lang='lat' dir='ltr'><strong>petita:</strong></span> <span class='ocrx_word' id='word_1_514' title='bbox 917 3630 1059 3707; x_wconf 80' lang='lat' dir='ltr'><strong>item</strong></span> <span class='ocrx_word' id='word_1_515' title='bbox 1091 3637 1307 3686; x_wconf 66' lang='lat' dir='ltr'><strong>catenae</strong></span> <span class='ocrx_word' id='word_1_516' title='bbox 1348 3631 1527 3686; x_wconf 88' lang='lat' dir='ltr'><strong>variis</strong></span> <span class='ocrx_word' id='word_1_517' title='bbox 1566 3648 1635 3687; x_wconf 78' lang='lat' dir='ltr'><strong>ex</strong></span> <span class='ocrx_word' id='word_1_518' title='bbox 1668 3632 1932 3689; x_wconf 89' lang='lat' dir='ltr'><strong>ecclesiis</strong></span> <span class='ocrx_word' id='word_1_519' title='bbox 1955 3633 2057 3689; x_wconf 89' lang='lat' dir='ltr'><strong>de-</strong></span> 
     </span>
    </p>
   </div>
   <div class='ocr_carea' id='block_1_72' title="bbox 401 3719 2058 3795">
    <p class='ocr_par' dir='ltr' id='par_1_72' title="bbox 401 3719 2058 3795">
     <span class='ocr_line' id='line_1_73' title="bbox 401 3719 2058 3795; baseline 0.001 -19"><span class='ocrx_word' id='word_1_520' title='bbox 401 3727 713 3795; x_wconf 64' lang='lat' dir='ltr'><strong>prompta,</strong></span> <span class='ocrx_word' id='word_1_521' title='bbox 743 3736 773 3776; x_wconf 92' lang='lat' dir='ltr'>e</span> <span class='ocrx_word' id='word_1_522' title='bbox 795 3720 1015 3792; x_wconf 90' lang='lat' dir='ltr'><strong>quibus</strong></span> <span class='ocrx_word' id='word_1_523' title='bbox 1028 3719 1439 3790; x_wconf 86' lang='lat' dir='ltr'><strong>dependebant</strong></span> <span class='ocrx_word' id='word_1_524' title='bbox 1469 3720 1856 3792; x_wconf 73' lang='lat' dir='ltr'><strong>magnaNovaa</strong></span> <span class='ocrx_word' id='word_1_525' title='bbox 1872 3720 2058 3778; x_wconf 88' lang='lat' dir='ltr'><strong>eccle-</strong></span> 
     </span>
    </p>
   </div>
   <div class='ocr_carea' id='block_1_73' title="bbox 400 3806 2058 3879">
    <p class='ocr_par' dir='ltr' id='par_1_73' title="bbox 400 3806 2058 3879">
     <span class='ocr_line' id='line_1_74' title="bbox 400 3806 2058 3879; baseline 0.001 -16"><span class='ocrx_word' id='word_1_526' title='bbox 400 3807 500 3863; x_wconf 69' lang='lat' dir='ltr'><strong>sias</strong></span> <span class='ocrx_word' id='word_1_527' title='bbox 528 3806 947 3879; x_wconf 84' lang='lat' dir='ltr'><strong>polycandela;</strong></span> <span class='ocrx_word' id='word_1_528' title='bbox 987 3806 1127 3862; x_wconf 88' lang='lat' dir='ltr'><strong>item</strong></span> <span class='ocrx_word' id='word_1_529' title='bbox 1158 3806 1356 3862; x_wconf 67' lang='lat' dir='ltr'><strong>infula</strong></span> <span class='ocrx_word' id='word_1_530' title='bbox 1414 3812 1471 3862; x_wconf 88' lang='lat' dir='ltr'><strong>et</strong></span> <span class='ocrx_word' id='word_1_531' title='bbox 1498 3808 1662 3863; x_wconf 87' lang='lat' dir='ltr'><strong>varia</strong></span> <span class='ocrx_word' id='word_1_532' title='bbox 1717 3808 2058 3879; x_wconf 88' lang='lat' dir='ltr'><strong>ergomucia</strong></span> 
     </span>
    </p>
   </div>
   <div class='ocr_carea' id='block_1_74' title="bbox 402 3894 2053 3967">
    <p class='ocr_par' dir='ltr' id='par_1_74' title="bbox 402 3894 2053 3967">
     <span class='ocr_line' id='line_1_75' title="bbox 402 3894 2053 3967; baseline 0.001 -17"><span class='ocrx_word' id='word_1_533' title='bbox 402 3910 719 3965; x_wconf 88' lang='lat' dir='ltr'><strong>crucesque</strong></span> <span class='ocrx_word' id='word_1_534' title='bbox 756 3910 944 3950; x_wconf 69' lang='lat' dir='ltr'><strong>aurem</strong></span> <span class='ocrx_word' id='word_1_535' title='bbox 977 3899 1305 3966; x_wconf 72' lang='lat' dir='ltr'><strong>gemmatis,</strong></span> <span class='ocrx_word' id='word_1_536' title='bbox 1346 3894 1572 3950; x_wconf 88' lang='lat' dir='ltr'><strong>codices</strong></span> <span class='ocrx_word' id='word_1_537' title='bbox 1618 3894 2053 3967; x_wconf 87' lang='lat' dir='ltr'><strong>evangeliorum</strong></span> 
     </span>
    </p>
   </div>
   <div class='ocr_carea' id='block_1_75' title="bbox 404 3981 2055 4055">
    <p class='ocr_par' dir='ltr' id='par_1_75' title="bbox 404 3981 2055 4055">
     <span class='ocr_line' id='line_1_76' title="bbox 404 3981 2055 4055; baseline 0.002 -17"><span class='ocrx_word' id='word_1_538' title='bbox 404 3982 730 4054; x_wconf 91' lang='lat' dir='ltr'><strong>quoqueibi</strong></span> <span class='ocrx_word' id='word_1_539' title='bbox 753 3981 1202 4038; x_wconf 85' lang='lat' dir='ltr'><strong>collocabantur.</strong></span> <span class='ocrx_word' id='word_1_540' title='bbox 1264 3981 1505 4053; x_wconf 79' lang='lat' dir='ltr'><strong>Reliqua</strong></span> <span class='ocrx_word' id='word_1_541' title='bbox 1535 3983 1922 4055; x_wconf 89' lang='lat' dir='ltr'><strong>processionis</strong></span> <span class='ocrx_word' id='word_1_542' title='bbox 1953 3985 2055 4041; x_wconf 87' lang='lat' dir='ltr'><strong>fie-</strong></span> 
     </span>
    </p>
   </div>
   <div class='ocr_carea' id='block_1_76' title="bbox 403 4070 2055 4129">
    <p class='ocr_par' dir='ltr' id='par_1_76' title="bbox 403 4070 2055 4129">
     <span class='ocr_line' id='line_1_77' title="bbox 403 4070 2055 4129; baseline 0.001 -3"><span class='ocrx_word' id='word_1_543' title='bbox 403 4070 547 4126; x_wconf 84' lang='lat' dir='ltr'><strong>bant</strong></span> <span class='ocrx_word' id='word_1_544' title='bbox 574 4074 900 4126; x_wconf 89' lang='lat' dir='ltr'><strong>secundum</strong></span> <span class='ocrx_word' id='word_1_545' title='bbox 931 4076 1273 4127; x_wconf 75' lang='lat' dir='ltr'><strong>consuetam</strong></span> <span class='ocrx_word' id='word_1_546' title='bbox 1308 4073 1575 4129; x_wconf 81' lang='lat' dir='ltr'><strong>l&#39;ormatn.</strong></span> <span class='ocrx_word' id='word_1_547' title='bbox 1620 4072 1725 4128; x_wconf 91' lang='lat' dir='ltr'><strong>Die</strong></span> <span class='ocrx_word' id='word_1_548' title='bbox 1757 4089 1911 4128; x_wconf 91' lang='lat' dir='ltr'><strong>nona</strong></span> <span class='ocrx_word' id='word_1_549' title='bbox 1942 4079 2055 4127; x_wconf 79' lang='lat' dir='ltr'><strong>Au-</strong></span> 
     </span>
    </p>
   </div>
   <div class='ocr_carea' id='block_1_77' title="bbox 402 4159 2051 4232">
    <p class='ocr_par' dir='ltr' id='par_1_77' title="bbox 402 4159 2051 4232">
     <span class='ocr_line' id='line_1_78' title="bbox 402 4159 2051 4232; baseline 0.002 -17"><span class='ocrx_word' id='word_1_550' title='bbox 402 4159 557 4232; x_wconf 85' lang='lat' dir='ltr'><strong>gusti</strong></span> <span class='ocrx_word' id='word_1_551' title='bbox 586 4161 907 4231; x_wconf 89' lang='lat' dir='ltr'><strong>eademque</strong></span> <span class='ocrx_word' id='word_1_552' title='bbox 948 4159 1252 4216; x_wconf 87' lang='lat' dir='ltr'><strong>Dominica</strong></span> <span class='ocrx_word' id='word_1_553' title='bbox 1281 4161 1679 4218; x_wconf 87' lang='lat' dir='ltr'><strong>celebrabatur</strong></span> <span class='ocrx_word' id='word_1_554' title='bbox 1743 4162 2051 4219; x_wconf 82' lang='lat' dir='ltr'><strong>cletorium</strong></span> 
     </span>
    </p>
   </div>
   <div class='ocr_carea' id='block_1_78' title="bbox 403 4248 2049 4307">
    <p class='ocr_par' dir='ltr' id='par_1_78' title="bbox 403 4248 2049 4307">
     <span class='ocr_line' id='line_1_79' title="bbox 403 4248 2049 4307; baseline 0.001 -3"><span class='ocrx_word' id='word_1_555' title='bbox 403 4265 506 4305; x_wconf 89' lang='lat' dir='ltr'><strong>seu</strong></span> <span class='ocrx_word' id='word_1_556' title='bbox 524 4263 755 4305; x_wconf 87' lang='lat' dir='ltr'><strong>sacrum</strong></span> <span class='ocrx_word' id='word_1_557' title='bbox 778 4248 1016 4304; x_wconf 87' lang='lat' dir='ltr'><strong>solenne</strong></span> <span class='ocrx_word' id='word_1_558' title='bbox 1046 4251 1377 4305; x_wconf 88' lang='lat' dir='ltr'><strong>convivium</strong></span> <span class='ocrx_word' id='word_1_559' title='bbox 1407 4250 1471 4307; x_wconf 88' lang='lat' dir='ltr'><strong>in</strong></span> <span class='ocrx_word' id='word_1_560' title='bbox 1486 4250 1738 4306; x_wconf 89' lang='lat' dir='ltr'><strong>triclinio</strong></span> <span class='ocrx_word' id='word_1_561' title='bbox 1758 4250 2049 4307; x_wconf 85' lang='lat' dir='ltr'><strong>Justinia-</strong></span> 
     </span>
    </p>
   </div>
   <div class='ocr_carea' id='block_1_79' title="bbox 402 4337 2051 4410">
    <p class='ocr_par' dir='ltr' id='par_1_79' title="bbox 402 4337 2051 4410">
     <span class='ocr_line' id='line_1_80' title="bbox 402 4337 2051 4410; baseline 0.001 -17"><span class='ocrx_word' id='word_1_562' title='bbox 402 4337 483 4394; x_wconf 91' lang='lat' dir='ltr'><strong>ni.</strong></span> <span class='ocrx_word' id='word_1_563' title='bbox 516 4337 945 4393; x_wconf 87' lang='lat' dir='ltr'><strong>Producebatur</strong></span> <span class='ocrx_word' id='word_1_564' title='bbox 971 4341 1099 4392; x_wconf 91' lang='lat' dir='ltr'><strong>tum</strong></span> <span class='ocrx_word' id='word_1_565' title='bbox 1129 4338 1457 4410; x_wconf 79' lang='lat' dir='ltr'><strong>anaglypha</strong></span> <span class='ocrx_word' id='word_1_566' title='bbox 1502 4354 1602 4395; x_wconf 83' lang='lat' dir='ltr'><strong>seu</strong></span> <span class='ocrx_word' id='word_1_567' title='bbox 1651 4345 1918 4396; x_wconf 82' lang='lat' dir='ltr'><strong>exstante</strong></span> <span class='ocrx_word' id='word_1_568' title='bbox 1946 4355 2051 4396; x_wconf 72' lang='lat' dir='ltr'><strong>cae-</strong></span> 
     </span>
    </p>
   </div>
   <div class='ocr_carea' id='block_1_80' title="bbox 398 4425 2048 4501">
    <p class='ocr_par' dir='ltr' id='par_1_80' title="bbox 398 4425 2048 4501">
     <span class='ocr_line' id='line_1_81' title="bbox 398 4425 2048 4501; baseline 0.002 -20"><span class='ocrx_word' id='word_1_569' title='bbox 398 4426 590 4483; x_wconf 86' lang='lat' dir='ltr'><strong>latura</strong></span> <span class='ocrx_word' id='word_1_570' title='bbox 617 4425 930 4497; x_wconf 88' lang='lat' dir='ltr'><strong>conspicua</strong></span> <span class='ocrx_word' id='word_1_571' title='bbox 958 4426 1569 4500; x_wconf 82' lang='lat' dir='ltr'><strong>suppellexargentea,</strong></span> <span class='ocrx_word' id='word_1_572' title='bbox 1602 4444 1735 4501; x_wconf 73' lang='lat' dir='ltr'><strong>quin</strong></span> <span class='ocrx_word' id='word_1_573' title='bbox 1756 4428 1816 4484; x_wconf 89' lang='lat' dir='ltr'><strong>in</strong></span> <span class='ocrx_word' id='word_1_574' title='bbox 1838 4427 2048 4485; x_wconf 88' lang='lat' dir='ltr'><strong>vestia-</strong></span> 
     </span>
    </p>
   </div>
   <div class='ocr_carea' id='block_1_81' title="bbox 2162 3367 3831 3446">
    <p class='ocr_par' dir='ltr' id='par_1_81' title="bbox 2162 3367 3831 3446">
     <span class='ocr_line' id='line_1_82' title="bbox 2162 3367 3831 3446; baseline 0 -23"><span class='ocrx_word' id='word_1_575' title='bbox 2162 3369 2384 3446; x_wconf 80' lang='grc' dir='ltr'>γὲγονεν</span> <span class='ocrx_word' id='word_1_576' title='bbox 2441 3371 2477 3438; x_wconf 79' lang='grc' dir='ltr'>ἡ</span> <span class='ocrx_word' id='word_1_577' title='bbox 2526 3372 2671 3423; x_wconf 82' lang='grc' dir='ltr'>πᾶσα</span> <span class='ocrx_word' id='word_1_578' title='bbox 2725 3368 2995 3445; x_wconf 80' lang='grc' dir='ltr'>ὑπηρεσία</span> <span class='ocrx_word' id='word_1_579' title='bbox 3053 3373 3152 3425; x_wconf 76' lang='grc' dir='ltr'><strong>τοῦ</strong></span> <span class='ocrx_word' id='word_1_580' title='bbox 3219 3367 3535 3444; x_wconf 84' lang='grc' dir='ltr'>τραπεζίου·</span> <span class='ocrx_word' id='word_1_581' title='bbox 3605 3367 3831 3443; x_wconf 78' lang='grc' dir='ltr'>ἔπαιξαν</span> 
     </span>
    </p>
   </div>
   <div class='ocr_carea' id='block_1_82' title="bbox 2166 3453 3826 3535">
    <p class='ocr_par' dir='ltr' id='par_1_82' title="bbox 2166 3453 3826 3535">
     <span class='ocr_line' id='line_1_83' title="bbox 2166 3453 3826 3535; baseline -0.001 -22"><span class='ocrx_word' id='word_1_582' title='bbox 2166 3453 2225 3513; x_wconf 73' lang='grc' dir='ltr'>δὲ</span> <span class='ocrx_word' id='word_1_583' title='bbox 2281 3456 2373 3513; x_wconf 82' lang='grc' dir='ltr'><strong>καὶ</strong></span> <span class='ocrx_word' id='word_1_584' title='bbox 2430 3457 2499 3512; x_wconf 73' lang='grc' dir='ltr'><strong>τὰ</strong></span> <span class='ocrx_word' id='word_1_585' title='bbox 2551 3456 2822 3532; x_wconf 79' lang='grc' dir='ltr'>θυμελικᾶ</span> <span class='ocrx_word' id='word_1_586' title='bbox 2868 3459 3045 3514; x_wconf 71' lang='grc' dir='ltr'>πάντα</span> <span class='ocrx_word' id='word_1_587' title='bbox 3101 3458 3350 3535; x_wconf 84' lang='grc' dir='ltr'>παίγνια.</span> <span class='ocrx_word' id='word_1_588' title='bbox 3412 3459 3651 3535; x_wconf 77' lang='grc' dir='ltr'>Ἐφαγον</span> <span class='ocrx_word' id='word_1_589' title='bbox 3683 3456 3741 3513; x_wconf 75' lang='grc' dir='ltr'>δὲ</span> <span class='ocrx_word' id='word_1_590' title='bbox 3772 3458 3826 3512; x_wconf 72' lang='grc' dir='ltr'>ἐν</span> 
     </span>
    </p>
   </div>
   <div class='ocr_carea' id='block_1_83' title="bbox 2162 3543 3830 3623">
    <p class='ocr_par' dir='ltr' id='par_1_83' title="bbox 2162 3543 3830 3623">
     <span class='ocr_line' id='line_1_84' title="bbox 2162 3543 3830 3623; baseline 0 -21"><span class='ocrx_word' id='word_1_591' title='bbox 2162 3550 2245 3619; x_wconf 77' lang='grc' dir='ltr'><strong>τῷ</strong></span> <span class='ocrx_word' id='word_1_592' title='bbox 2294 3547 2446 3620; x_wconf 79' lang='grc' dir='ltr'><strong>αὐτῷ</strong></span> <span class='ocrx_word' id='word_1_593' title='bbox 2474 3544 2773 3622; x_wconf 88' lang='grc' dir='ltr'>κλητωρίῳ</span> <span class='ocrx_word' id='word_1_594' title='bbox 2804 3547 2857 3602; x_wconf 73' lang='grc' dir='ltr'>οἱ</span> <span class='ocrx_word' id='word_1_595' title='bbox 2889 3543 2987 3603; x_wconf 73' lang='grc' dir='ltr'>δύο</span> <span class='ocrx_word' id='word_1_596' title='bbox 3018 3545 3173 3623; x_wconf 81' lang='grc' dir='ltr'>φίλοι</span> <span class='ocrx_word' id='word_1_597' title='bbox 3204 3551 3462 3621; x_wconf 78' lang='grc' dir='ltr'>Ταρσῖται</span> <span class='ocrx_word' id='word_1_598' title='bbox 3512 3548 3604 3604; x_wconf 79' lang='grc' dir='ltr'><strong>καὶ</strong></span> <span class='ocrx_word' id='word_1_599' title='bbox 3636 3548 3689 3603; x_wconf 70' lang='grc' dir='ltr'>οἱ</span> <span class='ocrx_word' id='word_1_600' title='bbox 3728 3546 3830 3603; x_wconf 77' lang='grc' dir='ltr'><strong>ἄν-</strong></span> 
     </span>
    </p>
   </div>
   <div class='ocr_carea' id='block_1_84' title="bbox 2166 3631 3826 3712">
    <p class='ocr_par' dir='ltr' id='par_1_84' title="bbox 2166 3631 3826 3712">
     <span class='ocr_line' id='line_1_85' title="bbox 2166 3631 3826 3712; baseline 0 -22"><span class='ocrx_word' id='word_1_601' title='bbox 2166 3645 2378 3710; x_wconf 87' lang='grc' dir='ltr'>θρωποι</span> <span class='ocrx_word' id='word_1_602' title='bbox 2412 3634 2613 3704; x_wconf 82' lang='grc' dir='ltr'>αὐτῶν,</span> <span class='ocrx_word' id='word_1_603' title='bbox 2654 3637 2745 3690; x_wconf 82' lang='grc' dir='ltr'><strong>καὶ</strong></span> <span class='ocrx_word' id='word_1_604' title='bbox 2789 3631 2979 3710; x_wconf 73' lang='grc' dir='ltr'>δὲσμοι</span> <span class='ocrx_word' id='word_1_605' title='bbox 3024 3637 3142 3711; x_wconf 82' lang='grc'><strong>(31)</strong></span> <span class='ocrx_word' id='word_1_606' title='bbox 3177 3635 3284 3692; x_wconf 81' lang='grc' dir='ltr'>ἀπὸ</span> <span class='ocrx_word' id='word_1_607' title='bbox 3334 3640 3433 3693; x_wconf 77' lang='grc' dir='ltr'><strong>τοῦ</strong></span> <span class='ocrx_word' id='word_1_608' title='bbox 3480 3637 3826 3712; x_wconf 82' lang='grc' dir='ltr'>πραιτωρίου</span> 
     </span>
    </p>
   </div>
   <div class='ocr_carea' id='block_1_85' title="bbox 2164 3718 3829 3801">
    <p class='ocr_par' dir='ltr' id='par_1_85' title="bbox 2164 3718 3829 3801">
     <span class='ocr_line' id='line_1_86' title="bbox 2164 3718 3829 3801; baseline 0.001 -21"><span class='ocrx_word' id='word_1_609' title='bbox 2164 3726 2429 3798; x_wconf 82' lang='grc' dir='ltr'>Ταρσῖται</span> <span class='ocrx_word' id='word_1_610' title='bbox 2465 3724 2537 3797; x_wconf 85' lang='grc' dir='ltr'>μ’.</span> <span class='ocrx_word' id='word_1_611' title='bbox 2568 3718 2810 3780; x_wconf 77' lang='grc' dir='ltr'>Ἕλαϐον</span> <span class='ocrx_word' id='word_1_612' title='bbox 2857 3722 2914 3781; x_wconf 79' lang='grc' dir='ltr'>δὲ</span> <span class='ocrx_word' id='word_1_613' title='bbox 2963 3724 3015 3781; x_wconf 69' lang='grc' dir='ltr'>ἂν</span> <span class='ocrx_word' id='word_1_614' title='bbox 3057 3731 3289 3801; x_wconf 88' lang='grc' dir='ltr'>χρυσοῖς</span> <span class='ocrx_word' id='word_1_615' title='bbox 3338 3724 3721 3786; x_wconf 77' lang='grc' dir='ltr'>σγουτελλίοις</span> <span class='ocrx_word' id='word_1_616' title='bbox 3772 3727 3829 3781; x_wconf 74' lang='grc' dir='ltr'>οἱ</span> 
     </span>
    </p>
   </div>
   <div class='ocr_carea' id='block_1_86' title="bbox 2169 3810 3834 3892">
    <p class='ocr_par' dir='ltr' id='par_1_86' title="bbox 2169 3810 3834 3892">
     <span class='ocr_line' id='line_1_87' title="bbox 2169 3810 3834 3892; baseline 0.002 -26"><span class='ocrx_word' id='word_1_617' title='bbox 2169 3813 2264 3886; x_wconf 70' lang='grc' dir='ltr'><strong>μὶν</strong></span> <span class='ocrx_word' id='word_1_618' title='bbox 2298 3810 2395 3868; x_wconf 78' lang='grc' dir='ltr'><strong>δύο</strong></span> <span class='ocrx_word' id='word_1_619' title='bbox 2425 3814 2585 3891; x_wconf 74' lang='grc' dir='ltr'>φίλοι</span> <span class='ocrx_word' id='word_1_620' title='bbox 2615 3813 2716 3868; x_wconf 76' lang='grc' dir='ltr'><strong>ἀνα</strong></span> <span class='ocrx_word' id='word_1_621' title='bbox 2748 3812 3119 3887; x_wconf 81' lang='grc' dir='ltr'>μιλιαρησίων</span> <span class='ocrx_word' id='word_1_622' title='bbox 3146 3821 3217 3892; x_wconf 74' lang='grc' dir='ltr'>φ’,</span> <span class='ocrx_word' id='word_1_623' title='bbox 3251 3815 3304 3870; x_wconf 76' lang='grc' dir='ltr'>οἱ</span> <span class='ocrx_word' id='word_1_624' title='bbox 3363 3812 3421 3871; x_wconf 78' lang='grc' dir='ltr'>δὲ</span> <span class='ocrx_word' id='word_1_625' title='bbox 3477 3812 3667 3871; x_wconf 81' lang='grc' dir='ltr'>λοιποὶ</span> <span class='ocrx_word' id='word_1_626' title='bbox 3728 3815 3834 3870; x_wconf 78' lang='grc' dir='ltr'><strong>ἄν·</strong></span> 
     </span>
    </p>
   </div>
   <div class='ocr_carea' id='block_1_87' title="bbox 2164 3900 3832 3981">
    <p class='ocr_par' dir='ltr' id='par_1_87' title="bbox 2164 3900 3832 3981">
     <span class='ocr_line' id='line_1_88' title="bbox 2164 3900 3832 3981; baseline 0.004 -26"><span class='ocrx_word' id='word_1_627' title='bbox 2164 3913 2378 3977; x_wconf 74' lang='grc' dir='ltr'>θρωποι</span> <span class='ocrx_word' id='word_1_628' title='bbox 2410 3901 2587 3956; x_wconf 82' lang='grc' dir='ltr'>αὐτῶν</span> <span class='ocrx_word' id='word_1_629' title='bbox 2620 3901 2744 3975; x_wconf 90' lang='grc' dir='ltr'>μιλ.</span> <span class='ocrx_word' id='word_1_630' title='bbox 2766 3903 2834 3977; x_wconf 83' lang='grc' dir='ltr'>“γ,</span> <span class='ocrx_word' id='word_1_631' title='bbox 2869 3903 2922 3958; x_wconf 73' lang='grc' dir='ltr'>οἱ</span> <span class='ocrx_word' id='word_1_632' title='bbox 2954 3900 3013 3958; x_wconf 77' lang='grc' dir='ltr'>δὶ</span> <span class='ocrx_word' id='word_1_633' title='bbox 3046 3910 3097 3977; x_wconf 74' lang='grc' dir='ltr'>μ’</span> <span class='ocrx_word' id='word_1_634' title='bbox 3130 3900 3346 3977; x_wconf 80' lang='grc' dir='ltr'>δέσμιοι</span> <span class='ocrx_word' id='word_1_635' title='bbox 3402 3902 3524 3979; x_wconf 91' lang='grc' dir='ltr'>μιλ.</span> <span class='ocrx_word' id='word_1_636' title='bbox 3578 3925 3643 3981; x_wconf 38' lang='grc' dir='ltr'>α..</span> <span class='ocrx_word' id='word_1_637' title='bbox 3693 3909 3832 3962; x_wconf 80' lang='grc' dir='ltr'><strong>Ἀπ-</strong></span> 
     </span>
    </p>
   </div>
   <div class='ocr_carea' id='block_1_88' title="bbox 2165 3987 3828 4067">
    <p class='ocr_par' dir='ltr' id='par_1_88' title="bbox 2165 3987 3828 4067">
     <span class='ocr_line' id='line_1_89' title="bbox 2165 3987 3828 4067; baseline 0.002 -22"><span class='ocrx_word' id='word_1_638' title='bbox 2165 3990 2472 4061; x_wconf 84' lang='grc' dir='ltr'>εστάλησαν</span> <span class='ocrx_word' id='word_1_639' title='bbox 2517 3987 2573 4046; x_wconf 72' lang='grc' dir='ltr'>δὲ</span> <span class='ocrx_word' id='word_1_640' title='bbox 2619 3991 2712 4045; x_wconf 87' lang='grc' dir='ltr'><strong>καὶ</strong></span> <span class='ocrx_word' id='word_1_641' title='bbox 2757 3995 2873 4053; x_wconf 82' lang='grc' dir='ltr'>τοῖς</span> <span class='ocrx_word' id='word_1_642' title='bbox 2922 3990 2973 4047; x_wconf 77' lang='grc' dir='ltr'>ἐν</span> <span class='ocrx_word' id='word_1_643' title='bbox 3020 3996 3102 4065; x_wconf 81' lang='grc' dir='ltr'>τῷ</span> <span class='ocrx_word' id='word_1_644' title='bbox 3145 3994 3469 4067; x_wconf 81' lang='grc' dir='ltr'>πραιτωρίῳ</span> <span class='ocrx_word' id='word_1_645' title='bbox 3528 3991 3828 4066; x_wconf 74' lang='grc' dir='ltr'>ἰναπομεί-</span> 
     </span>
    </p>
   </div>
   <div class='ocr_carea' id='block_1_89' title="bbox 2161 4073 3827 4155">
    <p class='ocr_par' dir='ltr' id='par_1_89' title="bbox 2161 4073 3827 4155">
     <span class='ocr_line' id='line_1_90' title="bbox 2161 4073 3827 4155; baseline 0.004 -24"><span class='ocrx_word' id='word_1_646' title='bbox 2161 4098 2311 4131; x_wconf 86' lang='grc' dir='ltr'>νασιν</span> <span class='ocrx_word' id='word_1_647' title='bbox 2363 4073 2610 4149; x_wconf 84' lang='grc' dir='ltr'>δεσμίοις</span> <span class='ocrx_word' id='word_1_648' title='bbox 2673 4076 2795 4151; x_wconf 91' lang='grc' dir='ltr'>μιλ.</span> <span class='ocrx_word' id='word_1_649' title='bbox 2847 4080 2963 4136; x_wconf 72' lang='grc' dir='ltr'><strong>Τοῦ</strong></span> <span class='ocrx_word' id='word_1_650' title='bbox 3032 4075 3090 4135; x_wconf 59' lang='lat' dir='ltr'><strong>at</strong></span> <span class='ocrx_word' id='word_1_651' title='bbox 3151 4078 3425 4155; x_wconf 81' lang='grc' dir='ltr'>βασιλέῶς</span> <span class='ocrx_word' id='word_1_652' title='bbox 3471 4077 3827 4151; x_wconf 80' lang='grc' dir='ltr'>ἅναστάντος,</span> 
     </span>
    </p>
   </div>
   <div class='ocr_carea' id='block_1_90' title="bbox 2161 4154 3829 4246">
    <p class='ocr_par' dir='ltr' id='par_1_90' title="bbox 2161 4154 3829 4246">
     <span class='ocr_line' id='line_1_91' title="bbox 2161 4154 3829 4246; baseline 0.002 -26"><span class='ocrx_word' id='word_1_653' title='bbox 2161 4164 2524 4237; x_wconf 70' lang='grc' dir='ltr'>ἐκαθέσθησαν</span> <span class='ocrx_word' id='word_1_654' title='bbox 2552 4164 2719 4221; x_wconf 75' lang='grc' dir='ltr'>πάλιν</span> <span class='ocrx_word' id='word_1_655' title='bbox 2749 4167 2802 4222; x_wconf 76' lang='grc' dir='ltr'>οἱ</span> <span class='ocrx_word' id='word_1_656' title='bbox 2832 4166 2992 4223; x_wconf 87' lang='grc' dir='ltr'>αὐτοὶ</span> <span class='ocrx_word' id='word_1_657' title='bbox 3018 4154 3182 4246; x_wconf 70' lang='grc' dir='ltr'>φίλοι</span> <span class='ocrx_word' id='word_1_658' title='bbox 3211 4167 3268 4224; x_wconf 76' lang='grc' dir='ltr'>ἐν</span> <span class='ocrx_word' id='word_1_659' title='bbox 3317 4154 3399 4241; x_wconf 49' lang='lat' dir='ltr'><strong>ei.)</strong></span> <span class='ocrx_word' id='word_1_660' title='bbox 3447 4167 3608 4242; x_wconf 75' lang='grc' dir='ltr'>δεξιῷ</span> <span class='ocrx_word' id='word_1_661' title='bbox 3667 4169 3829 4245; x_wconf 65' lang='grc' dir='ltr'>μέρει</span> 
     </span>
    </p>
   </div>
   <div class='ocr_carea' id='block_1_91' title="bbox 2157 4253 3827 4334">
    <p class='ocr_par' dir='ltr' id='par_1_91' title="bbox 2157 4253 3827 4334">
     <span class='ocr_line' id='line_1_92' title="bbox 2157 4253 3827 4334; baseline 0.004 -25"><span class='ocrx_word' id='word_1_662' title='bbox 2157 4258 2256 4309; x_wconf 77' lang='grc' dir='ltr'><strong>τοῦ</strong></span> <span class='ocrx_word' id='word_1_663' title='bbox 2311 4255 2479 4310; x_wconf 82' lang='grc' dir='ltr'>αὐτοῦ</span> <span class='ocrx_word' id='word_1_664' title='bbox 2541 4253 2845 4331; x_wconf 85' lang='grc' dir='ltr'>τρικλίνου,</span> <span class='ocrx_word' id='word_1_665' title='bbox 2904 4258 3022 4321; x_wconf 80' lang='grc' dir='ltr'>καθ’</span> <span class='ocrx_word' id='word_1_666' title='bbox 3078 4257 3137 4312; x_wconf 82' lang='grc' dir='ltr'><strong>’ὃν</strong></span> <span class='ocrx_word' id='word_1_667' title='bbox 3185 4257 3513 4334; x_wconf 82' lang='grc' dir='ltr'>προείρηται</span> <span class='ocrx_word' id='word_1_668' title='bbox 3590 4257 3827 4334; x_wconf 83' lang='grc' dir='ltr'>τρόπον.</span> 
     </span>
    </p>
   </div>
   <div class='ocr_carea' id='block_1_92' title="bbox 2159 4343 3834 4422">
    <p class='ocr_par' dir='ltr' id='par_1_92' title="bbox 2159 4343 3834 4422">
     <span class='ocr_line' id='line_1_93' title="bbox 2159 4343 3834 4422; baseline 0.001 -22"><span class='ocrx_word' id='word_1_669' title='bbox 2159 4343 2258 4400; x_wconf 82' lang='grc' dir='ltr'><strong>Κιῖ</strong></span> <span class='ocrx_word' id='word_1_670' title='bbox 2316 4343 2697 4416; x_wconf 78' lang='grc' dir='ltr'>ἀπεστάλησαν</span> <span class='ocrx_word' id='word_1_671' title='bbox 2745 4344 2910 4401; x_wconf 75' lang='grc' dir='ltr'>πάλιν</span> <span class='ocrx_word' id='word_1_672' title='bbox 2971 4343 3159 4412; x_wconf 81' lang='grc' dir='ltr'>αὐτοῖς</span> <span class='ocrx_word' id='word_1_673' title='bbox 3207 4343 3300 4403; x_wconf 67' lang='grc' dir='ltr'><strong>διὰ</strong></span> <span class='ocrx_word' id='word_1_674' title='bbox 3341 4351 3674 4405; x_wconf 88' lang='grc' dir='ltr'>κοιτωνιτῶν</span> <span class='ocrx_word' id='word_1_675' title='bbox 3716 4369 3834 4422; x_wconf 75' lang='grc' dir='ltr'>μυ·</span> 
     </span>
    </p>
   </div>
   <div class='ocr_carea' id='block_1_93' title="bbox 2158 4431 3835 4511">
    <p class='ocr_par' dir='ltr' id='par_1_93' title="bbox 2158 4431 3835 4511">
     <span class='ocr_line' id='line_1_94' title="bbox 2158 4431 3835 4511; baseline 0.002 -23"><span class='ocrx_word' id='word_1_676' title='bbox 2158 4433 2395 4506; x_wconf 75' lang='grc' dir='ltr'>ριστικὰ,</span> <span class='ocrx_word' id='word_1_677' title='bbox 2444 4431 2731 4509; x_wconf 82' lang='grc' dir='ltr'>στάγματά</span> <span class='ocrx_word' id='word_1_678' title='bbox 2775 4456 2835 4491; x_wconf 80' lang='grc' dir='ltr'><strong>τε</strong></span> <span class='ocrx_word' id='word_1_679' title='bbox 2890 4435 2982 4491; x_wconf 78' lang='grc' dir='ltr'><strong>καὶ</strong></span> <span class='ocrx_word' id='word_1_680' title='bbox 3042 4435 3365 4511; x_wconf 85' lang='grc' dir='ltr'>ἀλείμματα</span> <span class='ocrx_word' id='word_1_681' title='bbox 3447 4433 3660 4509; x_wconf 84' lang='grc' dir='ltr'>εὐώδη,</span> <span class='ocrx_word' id='word_1_682' title='bbox 3735 4439 3835 4492; x_wconf 78' lang='grc' dir='ltr'><strong>καὶ</strong></span> 
     </span>
    </p>
   </div>
   <div class='ocr_carea' id='block_1_94' title="bbox 397 4514 2053 4596">
    <p class='ocr_par' dir='ltr' id='par_1_94' title="bbox 397 4514 2049 4589">
     <span class='ocr_line' id='line_1_95' title="bbox 397 4514 2049 4589; baseline 0.002 -19"><span class='ocrx_word' id='word_1_683' title='bbox 397 4517 484 4571; x_wconf 87' lang='lat' dir='ltr'><strong>rio</strong></span> <span class='ocrx_word' id='word_1_684' title='bbox 511 4514 740 4571; x_wconf 86' lang='lat' dir='ltr'><strong>Cariani</strong></span> <span class='ocrx_word' id='word_1_685' title='bbox 770 4516 919 4571; x_wconf 87' lang='lat' dir='ltr'><strong>solet</strong></span> <span class='ocrx_word' id='word_1_686' title='bbox 956 4516 1260 4583; x_wconf 84' lang='lat' dir='ltr'><strong>asservari,</strong></span> <span class='ocrx_word' id='word_1_687' title='bbox 1311 4516 1370 4572; x_wconf 92' lang='lat' dir='ltr'><strong>in</strong></span> <span class='ocrx_word' id='word_1_688' title='bbox 1421 4532 1609 4589; x_wconf 88' lang='lat' dir='ltr'><strong>eaque</strong></span> <span class='ocrx_word' id='word_1_689' title='bbox 1646 4517 2049 4574; x_wconf 83' lang='lat' dir='ltr'><strong>inferebantur</strong></span> 
     </span>
    </p>
   </div>
   <div class='ocr_carea' id='block_1_95' title="bbox 2158 4514 3835 4596">
    <p class='ocr_par' dir='ltr' id='par_1_95' title="bbox 2158 4520 3835 4596">
     <span class='ocr_line' id='line_1_96' title="bbox 2158 4520 3835 4596; baseline 0.004 -20"><span class='ocrx_word' id='word_1_690' title='bbox 2158 4521 2445 4596; x_wconf 75' lang='grc' dir='ltr'>νιψάμενοι</span> <span class='ocrx_word' id='word_1_691' title='bbox 2500 4523 2593 4578; x_wconf 82' lang='grc' dir='ltr'><strong>καὶ</strong></span> <span class='ocrx_word' id='word_1_692' title='bbox 2636 4520 3055 4588; x_wconf 69' lang='grc' dir='ltr'>εὐωδιασθὲντες</span> <span class='ocrx_word' id='word_1_693' title='bbox 3102 4521 3334 4595; x_wconf 80' lang='grc' dir='ltr'>διῆλθον</span> <span class='ocrx_word' id='word_1_694' title='bbox 3384 4523 3555 4582; x_wconf 82' lang='grc' dir='ltr'>πάλιν</span> <span class='ocrx_word' id='word_1_695' title='bbox 3606 4524 3697 4582; x_wconf 80' lang='grc' dir='ltr'><strong>διὰ</strong></span> <span class='ocrx_word' id='word_1_696' title='bbox 3727 4532 3835 4583; x_wconf 78' lang='grc' dir='ltr'>τοῦ</span> 
     </span>
    </p>
   </div>
   <div class='ocr_carea' id='block_1_96' title="bbox 397 4604 2053 4690">
    <p class='ocr_par' dir='ltr' id='par_1_96' title="bbox 397 4604 2042 4677">
     <span class='ocr_line' id='line_1_97' title="bbox 397 4604 2042 4677; baseline 0.002 -17"><span class='ocrx_word' id='word_1_697' title='bbox 397 4605 581 4677; x_wconf 89' lang='lat' dir='ltr'><strong>dapes</strong></span> <span class='ocrx_word' id='word_1_698' title='bbox 610 4604 902 4676; x_wconf 86' lang='lat' dir='ltr'><strong>fiebatque</strong></span> <span class='ocrx_word' id='word_1_699' title='bbox 928 4606 1221 4676; x_wconf 87' lang='lat' dir='ltr'><strong>reliquum</strong></span> <span class='ocrx_word' id='word_1_700' title='bbox 1261 4620 1436 4661; x_wconf 89' lang='lat' dir='ltr'><strong>omne</strong></span> <span class='ocrx_word' id='word_1_701' title='bbox 1466 4607 1623 4661; x_wconf 91' lang='lat' dir='ltr'><strong>circa</strong></span> <span class='ocrx_word' id='word_1_702' title='bbox 1653 4621 1910 4662; x_wconf 87' lang='lat' dir='ltr'><strong>mensam</strong></span> <span class='ocrx_word' id='word_1_703' title='bbox 1942 4608 2042 4663; x_wconf 88' lang='lat' dir='ltr'><strong>mi-</strong></span> 
     </span>
    </p>
   </div>
   <div class='ocr_carea' id='block_1_97' title="bbox 2158 4604 3833 4690">
    <p class='ocr_par' dir='ltr' id='par_1_97' title="bbox 2158 4610 3833 4690">
     <span class='ocr_line' id='line_1_98' title="bbox 2158 4610 3833 4690; baseline 0.004 -26"><span class='ocrx_word' id='word_1_704' title='bbox 2158 4611 2614 4690; x_wconf 75' lang='grc' dir='ltr'>χρυσοτρικλίνου</span> <span class='ocrx_word' id='word_1_705' title='bbox 2660 4610 2751 4666; x_wconf 84' lang='grc' dir='ltr'><strong>καὶ</strong></span> <span class='ocrx_word' id='word_1_706' title='bbox 2780 4616 2889 4667; x_wconf 87' lang='grc' dir='ltr'><strong>τῶν</strong></span> <span class='ocrx_word' id='word_1_707' title='bbox 2927 4611 3269 4668; x_wconf 80' lang='grc' dir='ltr'>ἀνατολικῶν</span> <span class='ocrx_word' id='word_1_708' title='bbox 3323 4611 3545 4687; x_wconf 82' lang='grc' dir='ltr'>πυλῶν,</span> <span class='ocrx_word' id='word_1_709' title='bbox 3599 4616 3717 4669; x_wconf 84' lang='grc' dir='ltr'>καθ’</span> <span class='ocrx_word' id='word_1_710' title='bbox 3767 4616 3833 4671; x_wconf 77' lang='grc' dir='ltr'><strong>ὅν</strong></span> 
     </span>
    </p>
   </div>
   <div class='ocr_carea' id='block_1_98' title="bbox 398 4694 2053 4776">
    <p class='ocr_par' dir='ltr' id='par_1_98' title="bbox 398 4694 2053 4767">
     <span class='ocr_line' id='line_1_99' title="bbox 398 4694 2053 4767; baseline 0.002 -18"><span class='ocrx_word' id='word_1_711' title='bbox 398 4695 729 4751; x_wconf 89' lang='lat' dir='ltr'><strong>nisterium.</strong></span> <span class='ocrx_word' id='word_1_712' title='bbox 753 4694 1096 4767; x_wconf 87' lang='lat' dir='ltr'><strong>Spectacula</strong></span> <span class='ocrx_word' id='word_1_713' title='bbox 1117 4694 1295 4751; x_wconf 88' lang='lat' dir='ltr'><strong>simul</strong></span> <span class='ocrx_word' id='word_1_714' title='bbox 1323 4694 1609 4751; x_wconf 83' lang='lat' dir='ltr'><strong>ludebant</strong></span> <span class='ocrx_word' id='word_1_715' title='bbox 1647 4712 1751 4752; x_wconf 89' lang='lat' dir='ltr'><strong>seu</strong></span> <span class='ocrx_word' id='word_1_716' title='bbox 1800 4696 2053 4753; x_wconf 85' lang='lat' dir='ltr'><strong>edeban-</strong></span> 
     </span>
    </p>
   </div>
   <div class='ocr_carea' id='block_1_99' title="bbox 2158 4694 2830 4776">
    <p class='ocr_par' dir='ltr' id='par_1_99' title="bbox 2167 4698 2830 4776">
     <span class='ocr_line' id='line_1_100' title="bbox 2167 4698 2830 4776; baseline 0.005 -22"><span class='ocrx_word' id='word_1_717' title='bbox 2167 4698 2369 4776; x_wconf 87' lang='grc' dir='ltr'>τρόπον</span> <span class='ocrx_word' id='word_1_718' title='bbox 2393 4701 2830 4775; x_wconf 74' lang='grc' dir='ltr'>προειρήκαμεν.</span> 
     </span>
    </p>
   </div>
   <div class='ocr_carea' id='block_1_100' title="bbox 395 4786 3833 4872">
    <p class='ocr_par' dir='ltr' id='par_1_100' title="bbox 395 4786 3833 4872">
     <span class='ocr_line' id='line_1_101' title="bbox 395 4786 3833 4872; baseline 0.004 -31"><span class='ocrx_word' id='word_1_719' title='bbox 395 4790 496 4842; x_wconf 89' lang='lat' dir='ltr'><strong>tur</strong></span> <span class='ocrx_word' id='word_1_720' title='bbox 522 4787 715 4844; x_wconf 87' lang='lat' dir='ltr'><strong>omnis</strong></span> <span class='ocrx_word' id='word_1_721' title='bbox 743 4787 973 4860; x_wconf 88' lang='lat' dir='ltr'><strong>generis</strong></span> <span class='ocrx_word' id='word_1_722' title='bbox 1004 4786 1256 4842; x_wconf 87' lang='lat' dir='ltr'><strong>scenica.</strong></span> <span class='ocrx_word' id='word_1_723' title='bbox 1289 4786 1760 4844; x_wconf 88' lang='lat' dir='ltr'><strong>Convivabantur</strong></span> <span class='ocrx_word' id='word_1_724' title='bbox 1789 4790 1913 4845; x_wconf 91' lang='lat' dir='ltr'><strong>tum</strong></span> <span class='ocrx_word' id='word_1_725' title='bbox 1941 4790 2116 4847; x_wconf 90' lang='lat' dir='ltr'><strong>ambo</strong></span> <span class='ocrx_word' id='word_1_726' title='bbox 2141 4791 2315 4849; x_wconf 88' lang='lat' dir='ltr'><strong>amici</strong></span> <span class='ocrx_word' id='word_1_727' title='bbox 2346 4808 2448 4849; x_wconf 87' lang='lat' dir='ltr'><strong>seu</strong></span> <span class='ocrx_word' id='word_1_728' title='bbox 2481 4789 2654 4865; x_wconf 90' lang='lat' dir='ltr'><strong>legati</strong></span> <span class='ocrx_word' id='word_1_729' title='bbox 2683 4797 2742 4850; x_wconf 89' lang='lat' dir='ltr'><strong>ct</strong></span> <span class='ocrx_word' id='word_1_730' title='bbox 2771 4790 3034 4867; x_wconf 87' lang='lat' dir='ltr'><strong>hospites</strong></span> <span class='ocrx_word' id='word_1_731' title='bbox 3074 4794 3416 4868; x_wconf 88' lang='lat' dir='ltr'><strong>Tarsenses,</strong></span> <span class='ocrx_word' id='word_1_732' title='bbox 3451 4814 3679 4872; x_wconf 86' lang='lat' dir='ltr'><strong>unaque</strong></span> <span class='ocrx_word' id='word_1_733' title='bbox 3722 4815 3833 4856; x_wconf 70' lang='lat' dir='ltr'><strong>co~</strong></span> 
     </span>
    </p>
   </div>
   <div class='ocr_carea' id='block_1_101' title="bbox 1772 4906 2457 4966">
    <p class='ocr_par' dir='ltr' id='par_1_101' title="bbox 1772 4906 2457 4966">
     <span class='ocr_line' id='line_1_102' title="bbox 1772 4906 2457 4966; baseline 0.003 -3"><span class='ocrx_word' id='word_1_734' title='bbox 1772 4906 2009 4965; x_wconf 67' lang='lat' dir='ltr'><strong>VARI/ﬁ</strong></span> <span class='ocrx_word' id='word_1_735' title='bbox 2046 4907 2457 4966; x_wconf 77' lang='lat' dir='ltr'><strong>LBCTIONES.</strong></span> 
     </span>
    </p>
   </div>
   <div class='ocr_carea' id='block_1_102' title="bbox 471 5011 1971 5089">
    <p class='ocr_par' dir='ltr' id='par_1_102' title="bbox 471 5011 1971 5089">
     <span class='ocr_line' id='line_1_103' title="bbox 471 5011 1971 5089; baseline 0.006 -23"><span class='ocrx_word' id='word_1_736' title='bbox 471 5013 516 5048; x_wconf 80' lang='grc' dir='ltr'><strong>³ο</strong></span> <span class='ocrx_word' id='word_1_737' title='bbox 546 5012 752 5086; x_wconf 79' lang='grc' dir='ltr'>ἆσίμην</span> <span class='ocrx_word' id='word_1_738' title='bbox 782 5015 911 5072; x_wconf 91' lang='lat' dir='ltr'><strong>cod.</strong></span> <span class='ocrx_word' id='word_1_739' title='bbox 951 5017 1012 5072; x_wconf 94' lang='lat' dir='ltr'><strong>et</strong></span> <span class='ocrx_word' id='word_1_740' title='bbox 1040 5011 1158 5083; x_wconf 90' lang='lat' dir='ltr'><strong>ed.,</strong></span> <span class='ocrx_word' id='word_1_741' title='bbox 1186 5016 1251 5071; x_wconf 91' lang='lat' dir='ltr'><strong>ut</strong></span> <span class='ocrx_word' id='word_1_742' title='bbox 1270 5013 1509 5086; x_wconf 66' lang='lat' dir='ltr'><strong>sapius.</strong></span> <span class='ocrx_word' id='word_1_743' title='bbox 1544 5013 1630 5070; x_wconf 82' lang='lat' dir='ltr'><strong>Cf.</strong></span> <span class='ocrx_word' id='word_1_744' title='bbox 1653 5015 1724 5071; x_wconf 88' lang='lat' dir='ltr'><strong>ad</strong></span> <span class='ocrx_word' id='word_1_745' title='bbox 1751 5030 1887 5089; x_wconf 86' lang='lat' dir='ltr'><strong>pag.</strong></span> <span class='ocrx_word' id='word_1_746' title='bbox 1912 5016 1971 5075; x_wconf 90' lang='lat'><strong>7.</strong></span> 
     </span>
    </p>
   </div>
   <div class='ocr_carea' id='block_1_103' title="bbox 1413 5133 2763 5199">
    <p class='ocr_par' dir='ltr' id='par_1_103' title="bbox 1413 5133 2763 5199">
     <span class='ocr_line' id='line_1_104' title="bbox 1413 5133 2763 5199; baseline 0.006 -8"><span class='ocrx_word' id='word_1_747' title='bbox 1413 5133 1615 5192; x_wconf 82' lang='lat' dir='ltr'><strong>JOAN.</strong></span> <span class='ocrx_word' id='word_1_748' title='bbox 1653 5135 1796 5193; x_wconf 85' lang='lat' dir='ltr'><strong>JAC.</strong></span> <span class='ocrx_word' id='word_1_749' title='bbox 1850 5135 2112 5194; x_wconf 82' lang='lat' dir='ltr'><strong>REISKII</strong></span> <span class='ocrx_word' id='word_1_750' title='bbox 2165 5137 2763 5199; x_wconf 76' lang='lat' dir='ltr'><strong>COMMENTARIUS.</strong></span> 
     </span>
    </p>
   </div>
   <div class='ocr_carea' id='block_1_104' title="bbox 470 5222 2047 5352">
    <p class='ocr_par' dir='ltr' id='par_1_104' title="bbox 470 5222 2047 5352">
     <span class='ocr_line' id='line_1_105' title="bbox 470 5222 2047 5352; baseline 0.003 -77"><span class='ocrx_word' id='word_1_751' title='bbox 470 5222 587 5302; x_wconf 77' lang='lat'><strong>(_31)</strong></span> <span class='ocrx_word' id='word_1_752' title='bbox 607 5223 825 5349; x_wconf 49' lang='lat' dir='ltr'><strong>Captivi</strong></span> <span class='ocrx_word' id='word_1_753' title='bbox 852 5226 1120 5308; x_wconf 77' lang='lat' dir='ltr'><strong>Saraceni</strong></span> <span class='ocrx_word' id='word_1_754' title='bbox 1178 5223 1560 5307; x_wconf 70' lang='lat' dir='ltr'><strong>servabantur</strong></span> <span class='ocrx_word' id='word_1_755' title='bbox 1614 5223 1753 5309; x_wconf 83' lang='lat' dir='ltr'><strong>olim</strong></span> <span class='ocrx_word' id='word_1_756' title='bbox 1797 5224 1857 5280; x_wconf 91' lang='lat' dir='ltr'><strong>in</strong></span> <span class='ocrx_word' id='word_1_757' title='bbox 1891 5241 2047 5352; x_wconf 58' lang='lat' dir='ltr'><strong>(pras-</strong></span> 
     </span>
     <span class='ocr_line' id='line_1_106' title="bbox 470 5295 2045 5352; baseline 0.003 -5"><span class='ocrx_word' id='word_1_758' title='bbox 470 5308 566 5352; x_wconf 81' lang='lat' dir='ltr'><strong>no.</strong></span> <span class='ocrx_word' id='word_1_759' title='bbox 599 5298 663 5348; x_wconf 93' lang='lat' dir='ltr'><strong>ut</strong></span> <span class='ocrx_word' id='word_1_760' title='bbox 730 5296 951 5351; x_wconf 77' lang='lat' dir='ltr'><strong>odiem</strong></span> <span class='ocrx_word' id='word_1_761' title='bbox 995 5305 1216 5352; x_wconf 86' lang='lat' dir='ltr'><strong>sentem</strong></span> <span class='ocrx_word' id='word_1_762' title='bbox 1248 5312 1334 5350; x_wconf 78' lang='lat' dir='ltr'><strong>sic</strong></span> <span class='ocrx_word' id='word_1_763' title='bbox 1380 5295 1553 5352; x_wconf 80' lang='lat' dir='ltr'><strong>dictis</strong></span> <span class='ocrx_word' id='word_1_764' title='bbox 1601 5295 1861 5352; x_wconf 79' lang='lat' dir='ltr'><strong>turribus</strong></span> <span class='ocrx_word' id='word_1_765' title='bbox 1912 5297 2045 5352; x_wconf 79' lang='lat' dir='ltr'><strong>‘Pli.</strong></span> 
     </span>
    </p>
   </div>
   <div class='ocr_carea' id='block_1_105' title="bbox 401 5295 2045 5368">
    <p class='ocr_par' dir='ltr' id='par_1_105' title="bbox 401 5295 2045 5368">
     <span class='ocr_line' id='line_1_107' title="bbox 401 5295 2045 5368; baseline 0.003 -22"><span class='ocrx_word' id='word_1_766' title='bbox 401 5295 566 5361; x_wconf 88' lang='lat' dir='ltr'><strong>torio,</strong></span> <span class='ocrx_word' id='word_1_767' title='bbox 599 5298 663 5368; x_wconf 87' lang='lat' dir='ltr'><strong>ut</strong></span> <span class='ocrx_word' id='word_1_768' title='bbox 692 5295 862 5368; x_wconf 87' lang='lat' dir='ltr'><strong>hodie</strong></span> <span class='ocrx_word' id='word_1_769' title='bbox 891 5298 951 5351; x_wconf 92' lang='lat' dir='ltr'><strong>in</strong></span> <span class='ocrx_word' id='word_1_770' title='bbox 995 5305 1216 5368; x_wconf 88' lang='lat' dir='ltr'><strong>septem</strong></span> <span class='ocrx_word' id='word_1_771' title='bbox 1248 5296 1334 5350; x_wconf 91' lang='lat' dir='ltr'><strong>sic</strong></span> <span class='ocrx_word' id='word_1_772' title='bbox 1380 5295 1553 5352; x_wconf 89' lang='lat' dir='ltr'><strong>dictis</strong></span> <span class='ocrx_word' id='word_1_773' title='bbox 1598 5295 1861 5368; x_wconf 77' lang='lat' dir='ltr'><strong>turribus</strong></span> <span class='ocrx_word' id='word_1_774' title='bbox 1891 5295 2045 5365; x_wconf 87' lang='lat' dir='ltr'><strong>CPli,</strong></span> 
     </span>
    </p>
   </div>
   <div class='ocr_carea' id='block_1_106' title="bbox 2158 5227 3837 5310">
    <p class='ocr_par' dir='ltr' id='par_1_106' title="bbox 2158 5227 3837 5310">
     <span class='ocr_line' id='line_1_108' title="bbox 2158 5227 3837 5310; baseline 0.007 -27"><span class='ocrx_word' id='word_1_775' title='bbox 2158 5227 2377 5310; x_wconf 72' lang='lat' dir='ltr'><strong>operis,</strong></span> <span class='ocrx_word' id='word_1_776' title='bbox 2405 5227 2518 5284; x_wconf 82' lang='lat' dir='ltr'><strong>vid.</strong></span> <span class='ocrx_word' id='word_1_777' title='bbox 2552 5227 2640 5286; x_wconf 89' lang='lat' dir='ltr'><strong>Du</strong></span> <span class='ocrx_word' id='word_1_778' title='bbox 2669 5232 2953 5310; x_wconf 51' lang='grc' dir='ltr'>βετσεεν.</span> <span class='ocrx_word' id='word_1_779' title='bbox 2974 5232 3339 5310; x_wconf 71' lang='grc' dir='ltr'>ῌαηιαηίιαε,</span> <span class='ocrx_word' id='word_1_780' title='bbox 3361 5235 3837 5310; x_wconf 73' lang='lat' dir='ltr'><strong>sed_eliamtota</strong></span> 
     </span>
    </p>
   </div>
   <div class='ocr_carea' id='block_1_107' title="bbox 2158 5301 3834 5381">
    <p class='ocr_par' dir='ltr' id='par_1_107' title="bbox 2158 5301 3834 5381">
     <span class='ocr_line' id='line_1_109' title="bbox 2158 5301 3834 5381; baseline 0.009 -29"><span class='ocrx_word' id='word_1_781' title='bbox 2158 5301 3006 5381; x_wconf 59' lang='lat' dir='ltr'><strong>septimana_paschali&#39;libsri</strong></span> <span class='ocrx_word' id='word_1_782' title='bbox 3034 5311 3249 5381; x_wconf 60' lang='lat' dir='ltr'><strong>erant;</strong></span> <span class='ocrx_word' id='word_1_783' title='bbox 3282 5301 3411 5381; x_wconf 58' lang='lat' dir='ltr'><strong>vid.</strong></span> <span class='ocrx_word' id='word_1_784' title='bbox 3459 5306 3721 5366; x_wconf 89' lang='lat' dir='ltr'><strong>Durand.</strong></span> <span class='ocrx_word' id='word_1_785' title='bbox 3763 5326 3834 5381; x_wconf 89' lang='lat' dir='ltr'><strong>p.</strong></span> 
     </span>
    </p>
   </div>
   <div class='ocr_carea' id='block_1_108' title="bbox 399 5365 3837 5445">
    <p class='ocr_par' dir='ltr' id='par_1_108' title="bbox 399 5365 3837 5445">
     <span class='ocr_line' id='line_1_110' title="bbox 399 5365 3837 5445; baseline 0.006 -26"><span class='ocrx_word' id='word_1_786' title='bbox 399 5370 502 5419; x_wconf 88' lang='lat' dir='ltr'><strong>aut</strong></span> <span class='ocrx_word' id='word_1_787' title='bbox 532 5365 683 5445; x_wconf 77' lang='lat' dir='ltr'><strong>utin</strong></span> <span class='ocrx_word' id='word_1_788' title='bbox 716 5366 944 5445; x_wconf 76' lang='lat' dir='ltr'><strong>urbium</strong></span> <span class='ocrx_word' id='word_1_789' title='bbox 974 5365 1188 5445; x_wconf 49' lang='lat' dir='ltr'><strong>africa;</strong></span> <span class='ocrx_word' id='word_1_790' title='bbox 1224 5368 1448 5445; x_wconf 87' lang='lat' dir='ltr'><strong>balneis</strong></span> <span class='ocrx_word' id='word_1_791' title='bbox 1500 5365 1674 5445; x_wconf 78' lang='lat' dir='ltr'><strong>hodie</strong></span> <span class='ocrx_word' id='word_1_792' title='bbox 1728 5368 2048 5445; x_wconf 46' lang='lat' dir='ltr'><strong>Chrytiani</strong></span> <span class='ocrx_word' id='word_1_793' title='bbox 2154 5365 2284 5445; x_wconf 65' lang='grc'>545.</span> <span class='ocrx_word' id='word_1_794' title='bbox 2316 5385 2369 5426; x_wconf 87' lang='grc' dir='ltr'><strong>ο.</strong></span> <span class='ocrx_word' id='word_1_795' title='bbox 2424 5365 2547 5440; x_wconf 67' lang='grc'>117,</span> <span class='ocrx_word' id='word_1_796' title='bbox 2598 5374 3068 5445; x_wconf 76' lang='lat' dir='ltr'><strong>_et_spectabant</strong></span> <span class='ocrx_word' id='word_1_797' title='bbox 3137 5365 3311 5434; x_wconf 54' lang='lat' dir='ltr'><strong>lud&#39;os</strong></span> <span class='ocrx_word' id='word_1_798' title='bbox 3363 5365 3658 5437; x_wconf 85' lang='lat' dir='ltr'><strong>circenses</strong></span> <span class='ocrx_word' id='word_1_799' title='bbox 3707 5365 3837 5440; x_wconf 67' lang='lat' dir='ltr'><strong>non</strong></span> 
     </span>
    </p>
   </div>
   <div class='ocr_carea' id='block_1_109' title="bbox 1490 5437 2048 5496">
    <p class='ocr_par' dir='ltr' id='par_1_109' title="bbox 1490 5437 2048 5496">
     <span class='ocr_line' id='line_1_111' title="bbox 1490 5437 2048 5496; baseline 0.007 -4"><span class='ocrx_word' id='word_1_800' title='bbox 1490 5454 1559 5493; x_wconf 87' lang='lat' dir='ltr'><strong>ue</strong></span> <span class='ocrx_word' id='word_1_801' title='bbox 1577 5437 1807 5495; x_wconf 86' lang='lat' dir='ltr'><strong>Livorni</strong></span> <span class='ocrx_word' id='word_1_802' title='bbox 1842 5440 2048 5496; x_wconf 67' lang='lat' dir='ltr'><strong>Turcis</strong></span> 
     </span>
    </p>
   </div>
   <div class='ocr_carea' id='block_1_110' title="bbox 396 5507 2051 5579">
    <p class='ocr_par' dir='ltr' id='par_1_110' title="bbox 396 5507 2051 5579">
     <span class='ocr_line' id='line_1_112' title="bbox 396 5507 2051 5579; baseline 0.002 -16"><span class='ocrx_word' id='word_1_803' title='bbox 396 5509 566 5579; x_wconf 88' lang='lat' dir='ltr'><strong>capti.</strong></span> <span class='ocrx_word' id='word_1_804' title='bbox 629 5507 807 5565; x_wconf 85' lang='lat' dir='ltr'><strong>Multo</strong></span> <span class='ocrx_word' id='word_1_805' title='bbox 862 5507 1204 5579; x_wconf 84' lang='lat' dir='ltr'><strong>humanius</strong></span> <span class='ocrx_word' id='word_1_806' title='bbox 1257 5510 1342 5565; x_wconf 90' lang='lat' dir='ltr'><strong>illi</strong></span> <span class='ocrx_word' id='word_1_807' title='bbox 1419 5507 1630 5578; x_wconf 77' lang='lat' dir='ltr'><strong>captivi</strong></span> <span class='ocrx_word' id='word_1_808' title='bbox 1683 5510 1955 5566; x_wconf 84' lang='lat' dir='ltr'><strong>Saraceni</strong></span> <span class='ocrx_word' id='word_1_809' title='bbox 2017 5527 2051 5567; x_wconf 86' lang='lat' dir='ltr'><strong>a</strong></span> 
     </span>
    </p>
   </div>
   <div class='ocr_carea' id='block_1_111' title="bbox 394 5578 2051 5652">
    <p class='ocr_par' dir='ltr' id='par_1_111' title="bbox 394 5578 2051 5652">
     <span class='ocr_line' id='line_1_113' title="bbox 394 5578 2051 5652; baseline 0.004 -18"><span class='ocrx_word' id='word_1_810' title='bbox 394 5580 609 5652; x_wconf 68' lang='lat' dir='ltr'><strong>Graecis</strong></span> <span class='ocrx_word' id='word_1_811' title='bbox 639 5581 823 5652; x_wconf 90' lang='lat' dir='ltr'><strong>impp.</strong></span> <span class='ocrx_word' id='word_1_812' title='bbox 859 5578 1447 5652; x_wconf 66' lang='lat' dir='ltr'><strong>habebantur,_quam</strong></span> <span class='ocrx_word' id='word_1_813' title='bbox 1481 5582 1695 5652; x_wconf 84' lang='lat' dir='ltr'><strong>captivi</strong></span> <span class='ocrx_word' id='word_1_814' title='bbox 1723 5582 2051 5640; x_wconf 88' lang='lat' dir='ltr'><strong>Christiani</strong></span> 
     </span>
    </p>
   </div>
   <div class='ocr_carea' id='block_1_112' title="bbox 394 5648 2049 5725">
    <p class='ocr_par' dir='ltr' id='par_1_112' title="bbox 394 5648 2049 5725">
     <span class='ocr_line' id='line_1_114' title="bbox 394 5648 2049 5725; baseline 0.002 -19"><span class='ocrx_word' id='word_1_815' title='bbox 394 5650 573 5725; x_wconf 70' lang='lat' dir='ltr'><strong>hodie</strong></span> <span class='ocrx_word' id='word_1_816' title='bbox 590 5648 890 5725; x_wconf 75' lang='lat' dir='ltr'><strong>habentur</strong></span> <span class='ocrx_word' id='word_1_817' title='bbox 916 5668 947 5705; x_wconf 90' lang='lat' dir='ltr'><strong>a</strong></span> <span class='ocrx_word' id='word_1_818' title='bbox 969 5648 1198 5725; x_wconf 71' lang='lat' dir='ltr'><strong>Turcis.</strong></span> <span class='ocrx_word' id='word_1_819' title='bbox 1221 5648 1347 5725; x_wconf 64' lang='lat' dir='ltr'><strong>Non</strong></span> <span class='ocrx_word' id='word_1_820' title='bbox 1380 5648 1612 5725; x_wconf 76' lang='lat' dir='ltr'><strong>tantum</strong></span> <span class='ocrx_word' id='word_1_821' title='bbox 1640 5653 1800 5725; x_wconf 86' lang='lat' dir='ltr'><strong>enim</strong></span> <span class='ocrx_word' id='word_1_822' title='bbox 1842 5654 2049 5725; x_wconf 85' lang='lat' dir='ltr'><strong>singu-</strong></span> 
     </span>
    </p>
   </div>
   <div class='ocr_carea' id='block_1_113' title="bbox 401 5720 2053 5780">
    <p class='ocr_par' dir='ltr' id='par_1_113' title="bbox 401 5720 2053 5780">
     <span class='ocr_line' id='line_1_115' title="bbox 401 5720 2053 5780; baseline 0.003 -5"><span class='ocrx_word' id='word_1_823' title='bbox 401 5721 475 5777; x_wconf 87' lang='lat' dir='ltr'><strong>lis</strong></span> <span class='ocrx_word' id='word_1_824' title='bbox 542 5721 752 5779; x_wconf 87' lang='lat' dir='ltr'><strong>diebus</strong></span> <span class='ocrx_word' id='word_1_825' title='bbox 820 5720 1136 5777; x_wconf 86' lang='lat' dir='ltr'><strong>Dominicis</strong></span> <span class='ocrx_word' id='word_1_826' title='bbox 1221 5721 1626 5777; x_wconf 88' lang='lat' dir='ltr'><strong>liberabantur</strong></span> <span class='ocrx_word' id='word_1_827' title='bbox 1697 5720 1971 5780; x_wconf 42' lang='lat' dir='ltr'><strong>vinculis.</strong></span> <span class='ocrx_word' id='word_1_828' title='bbox 1994 5728 2053 5780; x_wconf 89' lang='lat' dir='ltr'><strong>et</strong></span> 
     </span>
    </p>
   </div>
   <div class='ocr_carea' id='block_1_114' title="bbox 399 5437 1480 5509">
    <p class='ocr_par' dir='ltr' id='par_1_114' title="bbox 399 5437 1480 5509">
     <span class='ocr_line' id='line_1_116' title="bbox 399 5437 1480 5509; baseline 0.002 -18"><span class='ocrx_word' id='word_1_829' title='bbox 399 5439 708 5509; x_wconf 72' lang='lat' dir='ltr'><strong>servantur</strong></span> <span class='ocrx_word' id='word_1_830' title='bbox 734 5441 795 5509; x_wconf 85' lang='lat' dir='ltr'><strong>et</strong></span> <span class='ocrx_word' id='word_1_831' title='bbox 809 5438 870 5492; x_wconf 88' lang='lat' dir='ltr'><strong>in</strong></span> <span class='ocrx_word' id='word_1_832' title='bbox 886 5437 1129 5509; x_wconf 83' lang='lat' dir='ltr'><strong>balneis</strong></span> <span class='ocrx_word' id='word_1_833' title='bbox 1148 5437 1362 5494; x_wconf 76' lang='lat' dir='ltr'><strong>Genuaa</strong></span> <span class='ocrx_word' id='word_1_834' title='bbox 1383 5443 1480 5509; x_wconf 88' lang='lat' dir='ltr'><strong>atq</strong></span> 
     </span>
    </p>
   </div>
   <div class='ocr_carea' id='block_1_115' title="bbox 2158 5442 3837 5534">
    <p class='ocr_par' dir='ltr' id='par_1_115' title="bbox 2158 5442 3837 5534">
     <span class='ocr_line' id='line_1_117' title="bbox 2158 5442 3837 5534; baseline 0 0"><span class='ocrx_word' id='word_1_835' title='bbox 2158 5442 3082 5534; x_wconf 54' lang='grc' dir='ltr'>φὲειιξξιέιξφιίξεξὶάίνθεενέαι</span> <span class='ocrx_word' id='word_1_836' title='bbox 3116 5447 3349 5534; x_wconf 62' lang='grc' dir='ltr'><strong>ίτξξηρ-</strong></span> <span class='ocrx_word' id='word_1_837' title='bbox 3385 5450 3598 5534; x_wconf 59' lang='grc' dir='ltr'>δξθςει</span> <span class='ocrx_word' id='word_1_838' title='bbox 3638 5452 3837 5534; x_wconf 69' lang='grc' dir='ltr'>επιει-</span> 
     </span>
    </p>
   </div>
   <div class='ocr_carea' id='block_1_116' title="bbox 2158 5513 3837 5650">
    <p class='ocr_par' dir='ltr' id='par_1_116' title="bbox 2158 5513 3837 5650">
     <span class='ocr_line' id='line_1_118' title="bbox 2158 5513 3837 5588; baseline 0.007 -19"><span class='ocrx_word' id='word_1_839' title='bbox 2158 5514 2302 5569; x_wconf 88' lang='lat' dir='ltr'><strong>dum</strong></span> <span class='ocrx_word' id='word_1_840' title='bbox 2334 5513 2768 5572; x_wconf 78' lang='lat' dir='ltr'><strong>adhibebantur</strong></span> <span class='ocrx_word' id='word_1_841' title='bbox 2796 5517 2980 5573; x_wconf 86' lang='lat' dir='ltr'><strong>sacris</strong></span> <span class='ocrx_word' id='word_1_842' title='bbox 3037 5519 3226 5588; x_wconf 87' lang='lat' dir='ltr'><strong>epulis</strong></span> <span class='ocrx_word' id='word_1_843' title='bbox 3253 5513 3313 5577; x_wconf 72' lang='lat' dir='ltr'><strong>et</strong></span> <span class='ocrx_word' id='word_1_844' title='bbox 3356 5513 3732 5579; x_wconf 84' lang='lat' dir='ltr'><strong>refectionem</strong></span> <span class='ocrx_word' id='word_1_845' title='bbox 3765 5523 3837 5581; x_wconf 88' lang='lat' dir='ltr'><strong>in</strong></span> 
     </span>
     <span class='ocr_line' id='line_1_119' title="bbox 2160 5584 3837 5650; baseline 0.006 -10"><span class='ocrx_word' id='word_1_846' title='bbox 2160 5584 2422 5641; x_wconf 87' lang='lat' dir='ltr'><strong>nummis</strong></span> <span class='ocrx_word' id='word_1_847' title='bbox 2448 5591 2503 5641; x_wconf 88' lang='lat' dir='ltr'><strong>et</strong></span> <span class='ocrx_word' id='word_1_848' title='bbox 2552 5587 2810 5645; x_wconf 88' lang='lat' dir='ltr'><strong>vestibus</strong></span> <span class='ocrx_word' id='word_1_849' title='bbox 2868 5588 3250 5650; x_wconf 86' lang='lat' dir='ltr'><strong>accipiebant.</strong></span> <span class='ocrx_word' id='word_1_850' title='bbox 3284 5594 3350 5646; x_wconf 89' lang='lat' dir='ltr'><strong>ut</strong></span> <span class='ocrx_word' id='word_1_851' title='bbox 3394 5608 3427 5649; x_wconf 90' lang='lat' dir='ltr'><strong>e</strong></span> <span class='ocrx_word' id='word_1_852' title='bbox 3455 5595 3635 5650; x_wconf 83' lang='lat' dir='ltr'><strong>variis</strong></span> <span class='ocrx_word' id='word_1_853' title='bbox 3678 5593 3837 5650; x_wconf 72' lang='lat' dir='ltr'><strong>locis</strong></span> 
     </span>
    </p>
   </div>
   <div class='ocr_carea' id='block_1_117' title="bbox 2159 5599 3839 5733">
    <p class='ocr_par' dir='ltr' id='par_1_117' title="bbox 2159 5599 3839 5733">
     <span class='ocr_line' id='line_1_120' title="bbox 2160 5599 3839 5659; baseline 0.008 -19"><span class='ocrx_word' id='word_1_854' title='bbox 2160 5599 2422 5641; x_wconf 84' lang='lat' dir='ltr'><strong>nummis</strong></span> <span class='ocrx_word' id='word_1_855' title='bbox 2448 5599 2503 5641; x_wconf 85' lang='lat' dir='ltr'><strong>et</strong></span> <span class='ocrx_word' id='word_1_856' title='bbox 2552 5599 2810 5645; x_wconf 79' lang='lat' dir='ltr'><strong>vestibus</strong></span> <span class='ocrx_word' id='word_1_857' title='bbox 2868 5599 3250 5659; x_wconf 82' lang='lat' dir='ltr'><strong>accipiebant,</strong></span> <span class='ocrx_word' id='word_1_858' title='bbox 3284 5599 3350 5646; x_wconf 89' lang='lat' dir='ltr'><strong>ut</strong></span> <span class='ocrx_word' id='word_1_859' title='bbox 3394 5608 3427 5649; x_wconf 82' lang='grc' dir='ltr'><strong>ο</strong></span> <span class='ocrx_word' id='word_1_860' title='bbox 3455 5599 3635 5651; x_wconf 82' lang='lat' dir='ltr'><strong>variis</strong></span> <span class='ocrx_word' id='word_1_861' title='bbox 3678 5599 3839 5654; x_wconf 79' lang='lat' dir='ltr'><strong>locis</strong></span> 
     </span>
     <span class='ocr_line' id='line_1_121' title="bbox 2159 5655 3718 5733; baseline 0.008 -20"><span class='ocrx_word' id='word_1_862' title='bbox 2159 5655 2343 5713; x_wconf 88' lang='lat' dir='ltr'><strong>nostri</strong></span> <span class='ocrx_word' id='word_1_863' title='bbox 2373 5655 2593 5714; x_wconf 86' lang='lat' dir='ltr'><strong>codicis</strong></span> <span class='ocrx_word' id='word_1_864' title='bbox 2638 5663 2910 5729; x_wconf 83' lang='lat' dir='ltr'><strong>constat;</strong></span> <span class='ocrx_word' id='word_1_865' title='bbox 2944 5659 3064 5715; x_wconf 80' lang='lat' dir='ltr'><strong>vid.</strong></span> <span class='ocrx_word' id='word_1_866' title='bbox 3095 5661 3165 5717; x_wconf 89' lang='lat' dir='ltr'><strong>ad</strong></span> <span class='ocrx_word' id='word_1_867' title='bbox 3195 5677 3254 5733; x_wconf 91' lang='lat' dir='ltr'><strong>p.</strong></span> <span class='ocrx_word' id='word_1_868' title='bbox 3295 5660 3406 5719; x_wconf 85' lang='lat'><strong>353</strong></span> <span class='ocrx_word' id='word_1_869' title='bbox 3445 5664 3718 5725; x_wconf 85' lang='lat' dir='ltr'><strong>dicenda.</strong></span> 
     </span>
    </p>
   </div>
  </div>
