4094 6416
292 381 446 444 1107

1349 375 1882 439 CONSTANTINI
1925 373 2626 438 POBPHYROGENITI

3558 379 3716 443 1108

289 520 405 577 dati
439 537 473 576 ιι
504 485 709 575 dextra
728 519 899 588 atque
923 513 1164 572 sinistra
1184 515 1350 586 parte
1368 513 1641 584 ejusdem
1662 509 1931 578 triclinii,

2072 509 2136 562 ιαὶ
2178 507 2232 562 οἳ
2279 503 2590 564 κανδιδσὶτοι
2623 506 2770 581 δεξιᾷ
2796 507 2889 564 καὶ
2938 508 3193 583 ἀριστερᾷ
3227 512 3326 569 τοῦ
3374 508 3544 566 αὐτοῦ
3591 532 3715 587 τρι-

291 609 350 664 in
382 607 810 678 scaramangiis
841 611 899 662 et
929 602 1359 669 candidaticiis,
1392 607 1653 658 tenentes
1684 606 1942 657 Romana

292 703 522 766 sceptra
541 695 880 768 eteutychia
892 698 949 751 et
977 693 1206 765 reliqua
1221 692 1479 765 pretiosa
1492 707 1650 748 vasa.
1676 691 1939 748 Primum

292 786 526 859 quidem
559 783 968 841 introducebat
998 783 1300 854 logotheta
1329 781 1647 838 Tarsenses
1697 780 1940 847 amicos,

291 876 561 948 quicum
593 873 739 931 satis
769 874 838 932 de
884 873 1010 928 suis
1059 872 1236 928 rebus
1283 870 1620 943 imperatori
1667 869 1940 926 collocuti

293 965 562 1032 fuissent,
591 960 983 1031 esibant,vals
1005 961 1182 1030 dicto,
1213 963 1269 1018 et
1299 958 1646 1016 desidebaot
1665 957 1726 1015 in
1759 956 1939 1015 tricli-

293 1055 390 1110 nio
420 1052 606 1122 trulli,
639 1051 736 1124 qui
771 1051 938 1121 vulgo
953 1055 1116 1108 oatos
1147 1066 1250 1106 seu
1265 1053 1498 1105 ovatum
1518 1046 1939 1120 appellari,sed

295 1142 470 1212 male,
499 1141 666 1198 solet.
692 1142 864 1197 Oatos
884 1140 1041 1198 enim
1063 1143 1152 1196 est
1175 1138 1456 1195 scrinium
1479 1138 1818 1195 chartarum
1849 1154 1940 1193 sa-

2051 596 2249 652 κλίνου
2305 597 2441 670 μετὰ
2476 597 2897 674 σκαραμαγγίων
2947 598 3036 653 καὶ
3077 603 3207 673 λιτῶν
3273 596 3714 658 κανδιδατικίων.

2050 689 2371 760 κρατοῦντες
2418 683 2482 740 τά
2528 706 2586 741 τε
2639 687 2891 759 Ῥωμαῖα
2932 694 3182 764 σκῆπτρα
3234 689 3326 746 καὶ
3384 691 3450 746 τὰ
3499 695 3717 768 πτυχία

2049 774 2139 829 καὶ
2199 773 2370 830 λοιπὰ
2426 774 2613 848 σκεύη,
2661 775 2753 831 καὶ
2803 776 3084 852 εἰσήγαγεν
3153 778 3181 833 6
3227 779 3526 854 λογοθὲτης
3585 783 3714 846 τοὺς

2052 860 2248 940 φίλους
2308 863 2571 939 Ταρσίτας
2632 865 3005 939 Σαρακηνοὺς,
3068 866 3160 920 καὶ
3246 865 3535 924 ἐθεάσαντο
3620 871 3712 927 τὸν

2053 951 2305 1026 βασιλέα,
2375 955 2464 1009 καὶ
2513 953 2612 1009 ὅσα
2659 949 2952 1009 ἐϐούλοντο
3010 955 3206 1025 εἰπεῖν,
3263 956 3562 1030 ἐλάλησαν,
3624 962 3715 1018 καὶ

2052 1039 2570 1118 ἆποχαιρετίσαντες
2619 1041 2844 1115 ἐξίεσαν,
2893 1043 2984 1098 καὶ
3042 1043 3372 1109 ἀπελθόντες
3426 1045 3716 1121 ἐκαθέσθη-

2050 1151 2142 1186 σαν
2165 1129 2218 1186 ἐν
2250 1136 2329 1203 τῷ
2358 1130 2620 1208 τρικλίνῳ
2668 1136 2764 1188 τοῦ
2803 1132 3110 1208 τροόλλου,
3147 1136 3240 1190 τόν
3273 1136 3420 1210 παρὰ
3445 1201 3448 1204 ,
3475 1137 3717 1204 πολλοῖς

294 1231 445 1289 calli.
504 1231 794 1303 Digressis
840 1229 1036 1300 itaque
1097 1227 1501 1295 Tarsensibus,
1557 1225 1943 1282 amiciebatur

2072 1223 2228 1282 ιακῶς
2257 1221 2430 1276 ὼάτον
2473 1219 2789 1295 λεγόμενον·
2845 1221 3021 1284 ὠάτος
3079 1224 3185 1298 γὰρ
3240 1225 3303 1280 τὸ
3355 1224 3527 1282 ἐκεῖσε
3584 1249 3718 1307 χαρ-

294 1321 614 1392 imperator
665 1318 1021 1389 octangulari
1082 1317 1297 1386 tunica,
1330 1321 1387 1372 et
1439 1316 1717 1370 induebat
1763 1315 1940 1386 capiti

297 1425 575 1481 magnam
608 1409 917 1466 candidam
967 1406 1232 1475 infulam,
1263 1409 1322 1463 et
1376 1405 1463 1462 sic
1510 1404 1854 1462 considebat
1882 1405 1940 1460 in

297 1500 509 1556 throno
549 1497 917 1565 Selomoneo,
945 1496 1239 1567 ﬁebatque
1287 1494 1432 1566 ipsa,
1464 1495 1533 1550 de
1581 1509 1699 1565 qua
1755 1493 1947 1550 dicere

295 1586 603 1659 coepimus,
655 1585 908 1658 receptio
955 1585 1160 1641 eodem
1192 1599 1296 1656 per
1352 1583 1549 1639 omnia
1601 1582 1797 1648 modo,
1829 1595 1946 1653 quo

297 1676 555 1736 diximus
578 1677 964 1747 receptionem
989 1672 1366 1730 Tarsensium
1389 1672 1706 1728 amicorum
1731 1671 1941 1726 factam

297 1765 501 1821 fuisse.
536 1765 821 1835 Egressus
850 1771 904 1820 et
932 1762 1032 1820 ille
1079 1761 1520 1834 [apocrisiarius
1569 1759 1943 1816 Hamdanidas

296 1854 463 1924 puta]
501 1851 894 1908 collocabatur
935 1855 1099 1907 extra
1146 1848 1382 1906 Domini
1431 1847 1736 1905 ecclesiam
1786 1863 1854 1905 eo
1885 1848 1943 1902 in

296 1943 447 2012 loco,
481 1941 582 1998 ubi
613 1940 838 1996 domini
871 1938 1066 1996 solent
1095 1937 1313 1994 infulas
1342 1938 1606 2007 induere,
1630 1937 1867 2009 quando
1893 1937 1951 1992 in

297 2029 466 2102 equis
481 2029 790 2101 procedere
803 2027 1093 2085 voluntad
1113 2027 1401 2098 templum
1421 2028 1771 2082 Sanctorum
1807 2031 1961 2098 Apo-

307 2119 590 2178 stolorum
607 2117 749 2174 feria
766 2117 1026 2174 secunda
1039 2117 1245 2188 septim
1260 2132 1381 2171 ansa
1404 2116 1790 2172 renovationis
1812 2115 1959 2186 [aut,

305 2208 459 2280 quod
487 2207 668 2275 idem,
699 2205 961 2264 secundo
991 2205 1084 2262 die
1117 2206 1260 2262 festo
1290 2204 1636 2276 Paschatis],
1669 2213 1722 2262 et
1765 2205 1960 2262 Domi-

307 2298 445 2354 nica
475 2312 625 2354 nova
654 2311 759 2352 seu
784 2297 840 2351 in
872 2295 1044 2351 albis.
1069 2295 1280 2351 Eodem
1313 2294 1440 2365 ipso
1473 2295 1566 2352 die
1584 2294 1761 2350 ﬁebat
1785 2293 1961 2351 cleto-

307 2386 465 2440 rium
493 2386 555 2442 in
585 2401 788 2457 magno
819 2384 1075 2440 triclinio
1127 2383 1533 2440 novemdecim
1593 2384 1962 2440 accubituum

304 2475 632 2531 secundum
663 2476 843 2530 ritum
866 2478 923 2530 et
938 2474 1201 2530 ordinem
1226 2472 1671 2528 dodecahemeri
1692 2472 1817 2543 [seu
1833 2488 1965 2530 con‘

304 2563 442 2619 vivii
466 2579 570 2636 per
601 2561 908 2618 duodecim
933 2577 966 2618 a
987 2561 1134 2618 festo
1163 2559 1496 2617 Nativitatis
1526 2559 1739 2616 Christi
1770 2561 1962 2634 proxi-

313 2669 446 2709 mos
476 2651 599 2708 dies
630 2649 911 2708 celebrari
938 2649 1139 2722 soliti].
1179 2651 1436 2705 Aderant
1461 2649 1616 2705 enim
1650 2650 1962 2722 praefectus

313 2740 516 2799 sacelli
565 2744 623 2797 et
669 2739 925 2798 vestiarii
956 2745 1012 2796 et
1041 2754 1240 2797 comes
1270 2739 1354 2796 rei
1385 2739 1642 2811 privatas,
1671 2754 1802 2796 cum
1838 2739 1962 2795 suis

317 2832 572 2905 quisque
588 2831 832 2888 notariis
856 2848 870 2899 ;
897 2831 977 2886 uti
1009 2837 1063 2888 et
1084 2846 1288 2888 omnes
1309 2831 1378 2886 ad
1403 2829 1746 2887 cubiculum
1780 2832 1964 2902 perti-

316 2921 511 2976 nentis
541 2918 602 2975 in
636 2919 762 2975 suis
799 2919 1129 2975 mutatoriis
1145 2919 1690 2992 sccundumtypum
1716 2918 1962 2974 dodeca-

307 3009 557 3070 hemeri.
588 3012 650 3067 In
670 3009 872 3066 dextra
892 3014 1085 3068 autem
1111 3026 1318 3068 versus
1341 3009 1702 3066 occidentem
1731 3010 1966 3084 regione

307 3099 500 3158 stabat
513 3097 980 3170 paratrapezium
999 3097 1018 3168 Ῐ
1025 3115 1123 3156 seu
1137 3096 1701 3163 mensulalateralis,
1723 3099 1961 3154 creden-

2050 1307 2300 1370 τοοεσίον
2351 1316 2452 1378 τῆς
2503 1307 2779 1382 σακέλλης
2831 1309 3179 1384 ὀνομάζεται.
3230 1313 3332 1369 Καὶ
3381 1314 3478 1372 εἶθ’
3536 1317 3713 1381 οὕτως

2050 1393 2527 1472 περιϐαλλόμενος
2560 1400 2587 1454 ὁ
2633 1397 2890 1473 βασιλεὺς
2941 1399 3004 1455 τὸ
3056 1399 3364 1475 ὀκτάγωνόν
3430 1403 3716 1479 χλανίδιον

2051 1485 2236 1544 καὶτὸ
2277 1485 2479 1561 ἄσπρον
2533 1487 2675 1565 μίγα
2738 1488 2976 1562 στέμμα,
3010 1487 3268 1561 ἐκαθέσῦη
3323 1490 3410 1549 ἐπὶ
3459 1499 3556 1550 τοῦ
3607 1501 3714 1552 Σο-

2055 1571 2405 1648 λομωντείου
2440 1577 2659 1656 θρόνου,
2692 1579 2780 1633 καὶ
2835 1578 3004 1633 πάντα
3033 1579 3100 1632 τὰ
3147 1586 3246 1649 τῆς
3287 1577 3463 1656 δοχῆς
3496 1583 3713 1660 γέγονεν

2050 1664 2186 1720 κατᾶ
2215 1666 2314 1735 τήν
2363 1665 2730 1742 προῤῥηθεῖαν
2783 1664 2956 1742 δοχήν
3005 1671 3111 1722 τῶν
3155 1665 3334 1745 φίλων
3397 1673 3711 1746 Ταρσιτῶν.

2057 1757 2268 1816 Τούτου
2301 1754 2359 1812 δὲ
2407 1754 2746 1828 ἐξελθόντος,
2804 1755 3066 1829 ἐκαθέσθη
3118 1759 3207 1813 καὶ
3257 1760 3422 1824 αὐτὸς
3481 1758 3583 1833 ἔξω
3611 1770 3712 1834 τῆς

2061 1851 2162 1901 τοῦ
2223 1846 2434 1920 Κυρίου
2497 1845 2791 1916 ἐκκλησίας
2836 1845 2887 1902 ἐν
2925 1848 2971 1919 ᾧ
3000 1846 3155 1920 τόπῳ
3202 1848 3487 1926 στέφονται
3529 1853 3582 1905 οἱ
3615 1854 3714 1925 βα-

2065 1935 2258 2006 σιλεῖς,
2324 1934 2615 2009 μέλλοντες
2672 1937 2882 1992 ἀπιέναι
2931 1935 3159 2012 ἔφιπποι
3217 1937 3268 1993 ἐν
3324 1943 3402 2012 τῷ
3446 1946 3559 2013 ναῷ
3599 1947 3705 1997 τῶν

2070 2024 2264 2101 Ἀγίων
2314 2023 2691 2096 Ἀποστόλων,
2740 2031 2809 2100 τῇ
2865 2024 3087 2102 δευτέρᾳ
3133 2034 3234 2096 τῆς
3291 2025 3707 2102 διακαινησίμου

2067 2114 2260 2188 καὶξτῆ
2304 2119 2466 2189 καινῇ
2518 2120 2781 2190 κυριακῇ.
2837 2118 2922 2190 Τῇ
2973 2113 3030 2170 δὲ
3094 2115 3230 2190 αὐτῇ
3281 2119 3460 2191 ἡμέρᾳ
3506 2116 3712 2192 ἐγένετο

2067 2202 2381 2280 κλητώριον
2418 2203 2470 2259 ἐν
2515 2209 2592 2276 τῷ
2635 2203 2858 2278 μεγάλῳ
2897 2203 3160 2279 τρικλίνῳ
3216 2211 3322 2262 τῶν
3389 2208 3452 2262 ιϐ’
3491 2203 3714 2263 ἆκουόί-

2069 2315 2175 2348 των
2210 2294 2346 2349 κατὰ
2373 2295 2465 2348 τὸν
2506 2293 2673 2348 τύπον
2723 2294 2813 2348 καὶ
2857 2296 2955 2362 τὴν
3014 2295 3162 2365 τάξιν
3202 2302 3302 2366 τῆς
3367 2293 3718 2371 δωδεκαημέ-

2073 2402 2189 2458 ρου.
2226 2388 2571 2457 Παρεστησαν
2601 2381 2845 2458 γᾶρὸτε
2895 2388 2991 2438 τοῦ
3050 2381 3344 2440 σακελλίου
3392 2387 3482 2441 καὶ
3542 2387 3570 2441 6
3621 2391 3718 2441 τοῦ

2075 2472 2385 2548 βεστιαρίου
2442 2473 2528 2527 καὶ
2572 2473 2600 2526 ὁ
2647 2469 2847 2534 εἷ’δικὸς
2906 2474 3041 2546 μετὰ
3095 2478 3204 2528 τῶν
3233 2471 3388 2529 ἰδίων
3430 2475 3718 2551 νοταρίων.

2073 2559 2285 2634 ὁμοίως
2317 2560 2408 2616 καὶ
2443 2562 2493 2614 οἱ
2523 2564 2620 2615 τοῦ
2662 2556 3080 2631 κουϐουκλείου,
3113 2564 3306 2626 πάντες
3369 2565 3504 2638 μετᾶ
3546 2562 3718 2620 ἀλλα-

2071 2647 2244 2722 ξίμων
2275 2649 2411 2706 κατᾶ
2441 2650 2532 2704 τὸν
2554 2648 2752 2725 λτῦπον
2784 2657 2884 2721 τῆς
2919 2647 3366 2728 δωδεκαημὲρου,
3401 2655 3487 2712 Ἐν
3539 2650 3594 2709 δί
3639 2657 3716 2728 τῷ

2074 2733 2232 2810 δεξιῴ
2259 2738 2397 2802 πρὸς
2431 2735 2581 2794 δύσιν
2635 2739 2786 2814 μέρει
2843 2734 2971 2810 ἔστη
3022 2739 3457 2816 παρατραπέζιον
3521 2763 3719 2818 στρογο

2071 2826 2242 2906 γύλον
2290 2824 2378 2882 διὰ
2433 2829 2496 2883 τὸ
2530 2831 2606 2900 μή
2664 2826 2817 2902 δόξαι
2849 2831 2976 2893 τοὺς
3007 2829 3203 2906 φίλους
3237 2833 3588 2907 Σαρακηνοὺς
3614 2827 3722 2887 ἔτε-

2073 2936 2164 2990 ρος
2213 2917 2309 2971 τοῦ
2368 2917 2551 2993 ἐτέρου
2630 2918 3073 2994 προκαοὲξεσθαι.
3127 2918 3518 2992 Ἐκαθὲσθησαν
3567 2917 3624 2976 δὲ
3668 2919 3720 2978 ἐν

2075 3004 2222 3079 αὖτῷ
2252 3011 2332 3080 τῷ
2390 3007 2814 3083 παρατραπεζίῳ
2871 3010 2898 3062 ὁ
2959 3008 3261 3084 μάλιστρος
3313 3011 3534 3084 Kasta};
3567 3011 3656 3066 καὶ
3693 3011 3721 3066 ό

2070 3097 2568 3170 παρακοιμώμενος
2591 3098 2676 3153 καὶ
2705 3099 2756 3152 οἱ
2791 3095 2886 3152 δύο
2917 3103 3177 3173 Ταρσῖται
3209 3097 3364 3174 φίλοι
3418 3099 3507 3155 καὶ
3549 3101 3576 3155 6
3625 3105 3722 3157 τοῦ

304 3187 431 3260 tia],
464 3166 719 3244 rotunda
741 3166 1031 3255 {rotunda
1058 3203 1194 3243 vero
1211 3193 1331 3243 erat
1362 3201 1430 3241 ea
1458 3186 1612 3256 ideo,
1647 3202 1717 3242 ne
1741 3187 1961 3242 amico-

2072 3181 2467 3259 Ἀποχαμϐδᾶν
2501 3186 2939 3261 ἀποκρισιάριος.

305 3279 434 3335 rum
485 3282 907 3335 Saracenorum
963 3293 1117 3335 unus
1175 3278 1234 3334 in
1295 3277 1554 3333 sessione
1611 3276 1720 3332 sibi
1781 3277 2099 3349 prmhaberi
2159 3281 2388 3348 putaret
2447 3293 2629 3349 eoque
2689 3277 2965 3349 injuriam
3028 3279 3168 3350 pati.
3238 3279 3584 3336 Assidehant
3636 3279 3722 3335 illi

305 3366 614 3424 credentiaa
645 3367 922 3439 magister
949 3373 1004 3423 et
1036 3380 1576 3438 paracmmomenus
1603 3364 1845 3421 Cosmas
1879 3370 1936 3422 et
1969 3365 2082 3420 duo
2113 3365 2426 3422 Tarsenses
2456 3367 2624 3422 amici
2659 3374 2711 3422 et
2743 3366 3152 3438 apocrisiarius
3184 3367 3581 3424 Hamdaoidze.

736 3456 866 3513 Alia
893 3458 1133 3526 receptio
1162 3457 1313 3525 ειυω
1349 3457 1560 3511 Russus.

379 3543 600 3602 Mensis
629 3545 990 3618 Septembris
1017 3546 1110 3601 die
1141 3561 1318 3612 nono,
1351 3545 1500 3601 feris
1523 3547 1753 3620 quarta,
1790 3544 1968 3601 ﬂebat

311 3636 564 3706 receptio
595 3632 809 3690 similis
840 3633 1188 3706 precedenti
1219 3631 1292 3692 ob
1323 3635 1640 3691 adventum
1672 3633 1842 3705 Elgsa,
1877 3649 1970 3690 ar-

313 3724 629 3782 chontissaa
663 3723 746 3781 vel
784 3723 1157 3797 principissae
1185 3724 1374 3780 Rosia
1407 3723 1495 3780 vel
1547 3725 1795 3781 Russiaa.
1839 3723 1973 3796 Ipsa

313 3813 573 3872 intrabat
592 3813 954 3871 erchontissa
986 3827 1122 3871 cum
1146 3814 1378 3886 agnatis
1397 3813 1526 3870 suis
1546 3812 1782 3870 feminis
1813 3812 1972 3884 prin-

313 3903 522 3976 cipalis
552 3903 859 3976 sanguinis
891 3908 950 3960 et
971 3903 1326 3959 conditionis
1357 3909 1412 3958 et
1443 3902 1775 3958 famulahus
1797 3901 1972 3960 bone.

314 3992 614 4048 stioribus.
641 3993 837 4050 Prima
858 3991 1115 4048 ducebat
1139 3991 1384 4049 chorum
1408 3993 1537 4066 ipsa
1561 3990 1929 4048 archontissa
1953 4013 1970 4066 ;

313 4081 550 4156 reliquae
599 4085 996 4156 sequebantur
1026 4085 1086 4142 iu
1115 4084 1338 4155 ordine,
1373 4101 1490 4144 una
1533 4088 1662 4154 post
1700 4083 1970 4142 alteram.

317 4174 522 4230 Stabat
549 4174 687 4247 Elga
713 4174 776 4230 in
807 4191 874 4232 eo
901 4174 1052 4240 loco,
1083 4191 1114 4230 ο
1153 4190 1270 4246 quo
1329 4173 1625 4246 logothela
1672 4173 1817 4230 solet
1868 4190 1970 4229 no-

318 4265 480 4320 mine
511 4263 885 4336 imperatoris
916 4263 1164 4338 legatos,
1198 4264 1412 4338 quibus
1458 4262 1744 4319 admissio
1775 4262 1970 4319 indul-

318 4355 510 4424 getur,
539 4351 921 4426 interrogare.
953 4347 1109 4412 Pone
1141 4365 1267 4409 eam
1299 4351 1600 4410 intrabant
1643 4351 1970 4423 princlpum

323 4441 547 4498 Russiae
578 4441 734 4499 844
761 4440 1124 4513 apocrisiarii
1176 4445 1234 4497 et
1279 4441 1667 4512 negotiatores
1697 4440 1844 4512 [CPli
1877 4439 1976 4496 ha-

2297 3454 2490 3526 Ἐτὲρα
2521 3451 2664 3528 δοχὴ
2698 3460 2796 3524 τῆς
2827 3455 3030 3530 ’Ἐλγας
3068 3462 3167 3524 τῆς
3218 3455 3506 3526 Ῥωσὲνης.

2081 3542 2219 3610 Μηνὶ
2267 3537 2625 3618 Σεπτεμϐρίῳ
2683 3544 2749 3610 θ’,
2807 3543 2990 3618 ἡμέρᾳ
3047 3541 3110 3612 δ’,
3165 3542 3373 3618 ἐγένετο
3420 3543 3564 3620 δοχή
3595 3547 3731 3601 κατά

2080 3627 2254 3684 πάντα
2284 3629 2449 3702 ὁμοία
2476 3635 2576 3698 τῆς
2608 3629 3034 3706 προῤῥηοείσηςο
3069 3627 3247 3708 δοχῆς
3295 3631 3382 3688 ἐπὶ
3431 3637 3499 3707 τῇ
3549 3628 3728 3710 ἐφόδῳ

2081 3718 2286 3793 Ἔλγας
2317 3721 2416 3783 τῆς
2447 3717 3100 3794 ἀρχοντίσσηςξΡωσίας,
3155 3721 3246 3778 καὶ
3290 3721 3540 3793 εἷσῆλεθν
3591 3719 3727 3790 αὐτή

2081 3808 2116 3877 ἠ
2150 3806 2484 3882 ἆρχόντισσα
2517 3810 2651 3881 μετᾶ
2696 3813 2802 3864 τῶν
2835 3810 3047 3866 οὶκείων
3081 3809 3251 3880 αὐτῆς
3311 3817 3584 3888 συγγενῶν
3639 3812 3732 3887 ἆρ-

2081 3901 2385 3975 χοντισσῶν
2437 3898 2528 3952 καὶ
2582 3901 3050 3974 προκρειτοτέρων
3119 3901 3479 3974 Θεραπαινῶν,
3553 3900 3728 3971 ἐκείνη

2086 3983 2179 4060 μὲν
2212 3985 2601 4062 προητουμένη
2639 3991 2825 4041 πασῶν
2867 3992 2975 4042 τῶν
3031 3987 3217 4044 ἄλλων
3276 3994 3569 4066 γυναικῶν,
3601 3987 3735 4044 ἐκεῖ·

2081 4094 2168 4129 ναι
2196 4070 2252 4132 δὲ
2304 4071 2591 4147 ἐνορδίνως
2641 4076 2796 4151 ὲτέρα
2840 4076 2939 4146 τὴν
2993 4072 3175 4153 ἑτέραν
3232 4077 3610 4149 ἀκολοεδθυῖαι,
3641 4084 3735 4134 καῖ

2083 4161 2209 4233 ἔστη
2243 4163 2294 4219 ἐν
2326 4164 2370 4235 ᾦ
2403 4164 2558 4236 τόπῳ
2618 4163 2806 4230 εἶ’ωθεν
2845 4168 2872 4220 ὁ
2930 4165 3231 4241 λογοθὲτης
3282 4168 3378 4229 τὰς
3435 4167 3733 4242 ἐρωτήσεις

2083 4258 2379 4312 ποιεῖσθαι.
2411 4257 2668 4314 ’Όπισθεν
2699 4253 2755 4312 δὲ
2784 4257 2952 4327 αὐτῆς
2992 4258 3248 4329 εἰσῆλθον
3297 4262 3353 4314 οἱ
3386 4265 3494 4315 τῶν
3528 4261 3735 4336 ἀρχόν-

2081 4363 2188 4399 των
2247 4344 2475 4409 Ῥωσίας
2534 4346 2941 4422 ἀποκρισιάριοι
2989 4349 3080 4403 καί
3149 4351 3584 4425 πραγματευταὶ,
3644 4352 3738 4405 καὶ

2081 4434 2311 4505 ’ἐστησαι
2353 4435 2592 4500 κάτωθεν
2645 4435 2718 4497 εἴς
2776 4437 2843 4491 τὰ
2879 4435 3047 4512 βῆλα,
3079 4436 3169 4493 καὶ
3213 4439 3278 4494 τὰ
3309 4439 3431 4512 ἑξῆς
3483 4437 3734 4510 ἐτελέσθη

320 4531 504 4586 bitere
563 4530 761 4603 soliti].
817 4529 883 4585 lli
936 4529 1279 4586 restitabent
1327 4529 1574 4585 interius
1625 4529 1777 4601 apud
1837 4527 1956 4584 vela

2089 4524 2230 4579 κατᾶ
2256 4526 2358 4591 τήν
2403 4525 2803 4601 προρρηθεῖσαν
2838 4523 3040 4604 δοχην.
3071 4527 3174 4584 Καὶ
3227 4525 3517 4598 ἐξελθοῦσα
3573 4527 3739 4584 πάλιν

323 4620 542 4676 Caetera
569 4621 788 4678 fiebant
818 4621 1144 4676 secundum
1179 4620 1414 4676 modum
1446 4619 1856 4696 praedictarum
1891 4634 1982 4674 re-

324 4712 680 4784 ceptionum.
726 4711 966 4783 Egressa
1023 4725 1226 4767 rursus
1275 4726 1306 4766 e
1362 4719 1676 4782 conspectu
1728 4707 1978 4782 domini,

323 4801 616 4857 transibat
645 4799 1014 4857 archontissa
1044 4800 1406 4867 viridarium,
1427 4799 1750 4856 triclinium
1783 4797 1984 4855 candi-

323 4889 617 4955 datorum,
640 4888 963 4945 triclinium
996 4887 1140 4944 illud
1175 4890 1233 4943 in
1259 4903 1375 4963 quo
1406 4886 1827 4943 camelaucium
1866 4891 1980 4943 stat

324 4988 379 5032 et
409 4978 679 5050 magistri
709 4982 1019 5046 creantur;
1055 4993 1154 5050 per
1183 4977 1506 5049 on0podem
1541 4990 1713 5048 porro
1770 4980 1827 5032 et
1874 4991 1978 5031 au—

327 5081 484 5126 ream
517 5081 754 5128 manum
785 5084 889 5126 seu
913 5068 1200 5139 porticum
1233 5066 1638 5139 augusteonis,
1667 5064 1768 5120 ubi
1789 5064 1980 5122 consi-

336 5153 886 5226 debat.lmperatore
899 5158 954 5212 in
970 5156 1252 5228 palatium
1271 5157 1573 5228 [magnum
1589 5171 1620 5212 e
1635 5171 1888 5229 maguau
1899 5153 1980 5226 ra]

331 5259 434 5313 pro
464 5258 624 5300 more
653 5249 932 5301 consueto
964 5261 1212 5313 reverso,
1247 5246 1422 5302 ﬂebat
1445 5246 1709 5301 secunda
1729 5243 1982 5314 receptio

328 5333 386 5388 in
421 5331 577 5387 hunc
609 5332 866 5388 modum.
902 5336 963 5390 in
995 5335 1252 5393 triclinio
1280 5333 1601 5391 Justiniani
1636 5333 1828 5390 stabat
1857 5333 1980 5406 pul-

2092 4609 2183 4667 διὰ
2212 4611 2310 4668 τοῦ
2344 4610 2763 4689 ἀναδενδραδίου
2793 4614 2884 4669 καὶ
2922 4620 3020 4670 τοῦ
3076 4614 3354 4691 τρικλίνου
3382 4622 3493 4672 τῶν
3549 4615 3742 4673 κανδι-

2093 4701 2290 4774 δάτων,
2321 4708 2418 4760 τοῦ
2449 4723 2506 4759 τε
2537 4703 2840 4778 τρικλίνου,
2873 4703 2925 4759 ἐν
2965 4707 3011 4778 ᾧ
3042 4707 3103 4762 τὸ
3160 4705 3530 4780 καμελαόκιον
3576 4707 3736 4764 ’ίστα-

2090 4815 2177 4850 ται
2203 4794 2294 4850 καὶ
2327 4794 2380 4848 οἱ
2414 4793 2702 4870 μάγιστροι
2752 4795 3017 4871 γίνονται,
3060 4793 3280 4867 διῆλθεν
3332 4797 3422 4852 διὰ
3473 4801 3572 4853 τοῦ
3617 4797 3738 4853 ὀνόο

2088 4880 2258 4945 ποδός
2287 4882 2379 4938 καὶ
2408 4889 2508 4953 τῆς
2540 4889 2754 4961 χρυσῆς
2795 4883 3004 4959 χειρὸς,
3036 4882 3162 4954 ἤτοι
3204 4890 3304 4942 τοῦ
3334 4886 3613 4962 πόρτηκος
3640 4890 3740 4942 τοῦ

2089 4972 2456 5048 αὖγουστέως,
2498 4973 2588 5026 καὶ
2645 4970 2899 5044 ἐκαθέσθη
2963 4973 3152 5032 ἐκεῖσε.
3191 4979 3297 5031 Τοῦ
3349 4973 3407 5031 δὲ
3472 4976 3744 5052 βασιλέως

2089 5062 2225 5117 κατὰ
2250 5062 2350 5130 τήν
2385 5060 2637 5126 εῗωθυῖαν
2686 5063 2835 5133 τάξιν
2869 5061 3210 5128 εἰσελθόντος
3242 5063 3293 5120 ἐν
3326 5070 3404 5138 τῷ
3463 5063 3740 5138 παλατίῳ,

2089 5152 2304 5228 γέγονεν
2364 5151 2518 5226 ὲτέρα
2569 5147 2713 5226 δοχή
2766 5152 2955 5226 τρόπῳ
2986 5151 3207 5226 τοιῷδε.
3234 5155 3325 5212 Ἐν
3368 5159 3450 5227 τῷ
3477 5153 3745 5230 τρικλίνῷ

2088 5246 2186 5297 τοῦ
2246 5244 2622 5300 Ἰουστινιανοῦ
2671 5238 2798 5309 ἔστη
2857 5240 3167 5298 πούλπιτον
3227 5243 3336 5299 ἀπὸ
3394 5245 3556 5315 ὀξέων
3613 5241 3750 5300 δινι-

2092 5330 2220 5384 σίων
2260 5332 2372 5403 (33)
2415 5329 2686 5402 βλαττίων
2721 5328 3145 5405 ἐσκεπασμένον,
3186 5332 3278 5388 καί
3319 5330 3370 5388 ἐν
3408 5330 3556 5406 αὑτῷ
3615 5327 3744 5405 ἔστη

1389 5497 1586 5555 JOAN.
1619 5496 1758 5556 JAC.
1795 5495 2061 5556 REISKII
2094 5495 2683 5552 COMMENTRAIUS.

410 5645 523 5717 (33)
557 5645 723 5701 Forte
753 5644 834 5700 sic
865 5642 1166 5717 appellatae
1197 5641 1431 5717 fuerunt
1453 5650 1637 5702 vestes
1690 5646 1887 5702 serica:
1919 5645 1977 5717 in

341 5714 602 5788 .‘Egypto,
634 5722 688 5772 et
719 5714 956 5786 quidem
990 5717 1045 5769 in
1082 5714 1224 5769 urbe
1256 5716 1448 5770 Tenuis
1487 5717 1570 5771 vel
1621 5719 1820 5772 Tinnz's
1871 5715 1978 5786 (sic

2089 5645 2493 5722 enimArabes
2525 5645 2774 5722 efferunt
2794 5650 3053 5722 veterum
3082 5648 3415 5722 Tani:),aut
3445 5658 3750 5722 contextae,

2089 5723 2190 5772 aut
2247 5716 2380 5772 inde
2435 5720 2588 5772 certe
2641 5718 2910 5775 advectae.
2972 5718 3119 5775 Nam
3151 5716 3346 5778 omnis
3407 5716 3750 5780 mercatura
