4094 6402
317 413 468 472 1111
1379 403 1912 470 CONSTANTINI
1959 404 1961 411 “

2073 397 2658 462 RPHYROGENITI
3578 412 3739 470 1112

317 543 572 615 obliquo,
603 543 788 600 donec
835 561 940 616 per
969 543 1317 616 magistrum
1350 557 1569 600 mensis
1621 539 1961 595 introducta;

2079 537 2285 589 θουσῶν
2346 537 2452 588 τῶν
2509 535 2890 608 ἀρχοντισσῶν
2972 534 3062 588 καὶ
3134 535 3647 610 προσκυνησάντων,
3697 545 3733 612 ἡ

315 631 555 704 reliquae
573 633 914 705 principalis
931 633 1234 705 sanguinis
1260 631 1486 688 feminas
1506 631 1849 686 adorassent
1873 627 1961 682 im-

2084 623 2419 698 ἀρχόντισσα
2462 624 2564 691 τὴν
2603 619 2848 702 κεφαλήν
2898 624 3091 698 μικρὸν
3149 623 3510 698 ὑποκλίνασα,
3574 629 3626 684 ἐν
3687 633 3734 705 ᾧ

313 722 700 793 peratricem;
733 724 866 795 ipsa
897 723 1171 795 deinceps
1200 721 1588 788 archontissa,
1618 718 1832 790 capitis
1863 717 1961 772 ali-

2081 714 2237 786 τόπῳ
2271 711 2482 782 'icrruto,
2525 710 2784 782 ἔκαθὲσθη
2844 713 2922 776 εἰς
2971 714 3034 768 τὸ
3083 714 3398 771 ἀποκοπτὸν
3451 721 3586 791 μετά
3616 722 3733 796 ξτῶν

313 811 475 882 quali
508 811 888 868 inclinatione
917 829 1092 868 suam
1113 812 1229 885 ipsi
1251 810 1706 867 submissionem
1733 812 1961 863 testata:

2083 806 2304 871 ςωστῶν
2331 803 2466 856 κατά
2492 803 2584 857 τὸν
2636 802 2823 857 τύπον.
2872 803 3094 876 Ἰστέον,
3138 804 3223 860 δτι
3264 805 3319 858 οἱ
3369 805 3730 866 ἀποστολῖται

315 901 660 958 concidebat
690 903 750 958 in
799 917 867 958 eo
911 901 1058 970 loco,
1090 902 1192 957 ubi
1233 901 1443 968 stabat,
1478 900 1551 955 ad
1602 914 1863 954 mensam
1897 897 1968 952 ad

314 991 632 1064 aliqualem
653 991 724 1047 ab
747 990 1036 1063 imperiali
1054 990 1389 1046 distantiam
1412 988 1663 1061 positam
1687 1004 1804 1042 una
1833 1001 1967 1042 cum

311 1081 512 1148 zostis,
544 1083 715 1152 prout
745 1095 873 1136 mos
919 1085 1028 1136 est.
1062 1079 1152 1135 Illi
1184 1077 1444 1135 convivio
1495 1077 1742 1132 aderant
1771 1074 1966 1146 psaltze

314 1168 635 1240 apostolitaa
685 1173 742 1224 et
795 1169 1232 1241 hagiOSOphitaa,
1282 1171 1561 1223 canentes
1607 1165 1874 1221 carmina
1904 1164 1964 1218 in

311 1256 513 1312 laudes
560 1257 732 1330 regiae
767 1257 1022 1313 familiae.
1075 1257 1383 1312 Ludebant
1413 1270 1648 1327 quoque
1695 1253 1965 1309 ludiones

314 1345 616 1418 thymelici
646 1347 879 1420 generis
909 1347 1120 1403 omnis.
1156 1346 1358 1402 Fiebat
1385 1344 1586 1401 eodem
1617 1347 1875 1414 tempore
1907 1343 1964 1398 in

315 1435 787 1508 chrysotriclinio
819 1435 976 1492 aliud
1010 1435 1499 1505 convivium,quo
1530 1433 1968 1505 excipiebantur

317 1541 524 1581 omnes
547 1524 905 1596 apocrisiarii
931 1523 1264 1597 principum
1287 1523 1516 1578 Russi'e
1539 1527 1596 1577 et
1617 1521 1886 1576 homines
1907 1524 1967 1576 et

316 1613 518 1684 agnati
548 1613 929 1669 archontissas
951 1618 1009 1668 et
1029 1613 1421 1684 negotiatores
1443 1609 1730 1682 ejus.Post
1758 1608 1964 1680 epulas

317 1702 683 1774 accipiebant
713 1701 798 1757 illi
822 1718 1069 1757 munera
1090 1719 1105 1769 ;
1126 1701 1360 1772 triginta
1377 1700 1613 1772 quidem
1646 1698 1964 1754 miliaresia

317 1789 644 1845 avunculus
676 1790 1058 1845 archontissae
1081 1807 1094 1857 ;
1115 1794 1243 1846 octo
1276 1798 1466 1844 autem
1491 1789 1618 1858 ejus
1649 1786 1822 1842 amici
1853 1787 1964 1857 pri-

2080 889 2283 962 ψᾶλται
2349 891 2438 944 καὶ
2489 891 2540 944 oi
2601 889 2942 967 ἀγιοσοφῖται
2997 894 3244 967 παρῆσαν
3308 897 3367 949 ἐν
3433 902 3514 970 τῷ
3582 900 3732 972 αὐτῷ

2078 978 2375 1053 κλητωρίῳ
2415 977 2632 1050 ᾅδοντες
2660 981 2728 1034 τὰ
2779 980 3076 1056 βασιλίκια.
3128 984 3390 1056 Ἐπαιξαν
3442 983 3500 1041 δὲ
3542 988 3636 1043 xui
3663 990 3731 1045 τὰ

2077 1067 2347 1142 θυμελικά
2393 1070 2565 1124 πάντα
2613 1070 2860 1144 παίγνια,
2904 1071 2991 1127 Ἐν
3042 1069 3099 1126 δὲ
3144 1077 3226 1145 τῷ
3283 1075 3730 1152 χρυσοτρικλίνῳ

2074 1158 2296 1232 γέγονεν
2358 1155 2543 1233 ἕτερον
2611 1157 2945 1233 κλητώριον,
3003 1159 3093 1214 xui
3156 1155 3354 1236 ἔφαγον
3419 1165 3616 1228 πάντες
3679 1169 3730 1222 οἱ

2074 1247 2479 1322 ἀποκρισιάριοι
2533 1252 2643 1302 τῶν
2684 1247 2967 1322 ἀρχόντων
3013 1249 3243 1310 Ῥωσίας
3288 1251 3379 1305 καὶ
3430 1253 3482 1308 oi
3529 1251 3736 1330 ἀνθρω-

2074 1356 2167 1391 ποι
2213 1336 2302 1390 καὶ
2345 1341 2622 1410 συγγενεῖς
2661 1338 2759 1404 τῆς
2805 1334 3170 1412 ἀρχοντίσσης
3212 1340 3304 1394 καὶ
3357 1342 3414 1394 oi
3474 1363 3734 1419 πραγμα-

2071 1425 2276 1494 τευταὶ,
2325 1425 2415 1480 καὶ
2459 1419 2658 1479 ἔλαϐον
2703 1425 2731 1479 6
2776 1430 2871 1499 μὶν
2912 1425 3132 1499 ἀνεψιὸς
3175 1428 3342 1498 αὐτῆς
3389 1428 3514 1502 μιλ.
3560 1429 3633 1500 λ’,
3683 1433 3735 1487 oi

2073 1514 2124 1584 η’
2153 1511 2284 1567 ἱδιοι
2474 1513 2642 1582 αὐτῆς
2685 1513 2781 1568 ἀνά
2833 1511 2956 1586 μιλ.
3002 1515 3070 1582 κ’,
3121 1517 3173 1570 οἱ
3221 1517 3267 1570 κ’
3320 1518 3732 1596 ἀποκρισιάριοι

2072 1603 2172 1657 ἀνά
2225 1600 2347 1675 μιλ.
2403 1603 2492 1678 ιβ’,
2544 1603 2595 1656 οἱ
2647 1609 2732 1678 μγ’
2779 1603 3186 1679 πραγματευταὶ
3247 1604 3347 1660 ἀνὰ
3403 1607 3525 1680 μιλ.
3586 1611 3730 1683 ιβ’,ὁ

2070 1697 2250 1753 παπᾶς
2301 1697 2602 1766 Γρηγὸριος
2673 1690 2794 1764 μιλ.
2873 1694 2923 1762 η’
2970 1695 3103 1767 (39),
3158 1694 3211 1749 oi
3257 1693 3354 1751 δύο
3401 1697 3732 1772 ἓρμηνευταὶ

2069 1780 2170 1837 ἀνά
2230 1779 2352 1854 μιλ.
2412 1781 2502 1856 ιβ’,
2554 1782 2606 1834 oi
2657 1782 2935 1856 ἄνθρωποι
2995 1788 3092 1837 τοῦ
3137 1781 3590 1862 Σφενδοσθλάϐου
3631 1788 3732 1843 ἀνά

244 1936 248 1939 ,
312 1880 431 1934 vati
461 1885 518 1934 et
542 1878 900 1934 conﬁdentes
919 1876 1516 1949 accipiebantsinguli
1540 1876 1738 1931 vicena
1769 1875 1961 1930 milia-

2074 1869 2196 1943 gul.
2229 1877 2284 1941 ε’,
2318 1871 2369 1924 οἱ
2398 1871 2440 1934 ς’
2498 1868 2778 1944 ἅνθρωποι
2807 1875 2913 1926 τῶν
2957 1872 3384 1949 ἀποκρισιαρίων
3436 1877 3536 1930 ἀνά
3603 1877 3724 1949 μιλ.

316 1967 500 2034 resia;
533 1967 737 2038 viginti
754 1966 1966 2039 ejusapocrisiariiduodena;quadraginta

314 2061 435 2112 tres
466 2057 855 2124 negotiatores
878 2057 1148 2112 duodena
1179 2056 1393 2127 pariter
1417 2075 1431 2123 ;
1457 2071 1637 2126 papas
1659 2053 1968 2125 Gregorius

317 2144 643 2216 accipiebat
668 2150 797 2201 octo
822 2163 838 2212 ;
871 2146 1043 2201 ambo
1066 2145 1410 2214 interpretes
1430 2143 1740 2208 duodena;
1773 2142 1966 2197 homi-

314 2248 422 2288 nes
452 2233 943 2304 Spbendcsthlabi
978 2232 1051 2304 [is
1081 2231 1234 2303 Elgaa
1266 2231 1422 2287 {llius
1456 2230 1664 2286 Russis
1695 2237 1819 2285 tum
1854 2230 1966 2284 im-

315 2321 606 2392 perabat],
667 2321 850 2391 quina
897 2339 911 2389 ;
971 2337 1072 2376 sex
1128 2319 1398 2375 homines
1444 2318 1961 2390 apocrisiariorum

317 2414 487 2464 terna
511 2427 526 2478 ;
558 2411 848 2481 interpres
869 2409 1247 2465 archontissae
1268 2408 1499 2463 tandem
1521 2407 1850 2478 quindecim
1877 2424 1967 2463 ac-

317 2497 570 2567 cipiebat
601 2497 1024 2554 miliaresia.Ut
1053 2502 1384 2553 surrexerat
1415 2497 1728 2567 imperator
1758 2513 1792 2551 a
1821 2513 1966 2552 con-

318 2587 490 2654 vivio,
525 2588 699 2643 ﬁebat
730 2587 1080 2653 dulcium,id
1104 2592 1190 2642 est
1218 2587 1658 2657 apponebantur
1687 2587 1963 2656 placenta

314 2685 368 2732 et
399 2675 643 2732 bellaria
665 2676 723 2732 in
757 2676 1057 2750 pransorio
1079 2693 1255 2748 super
1276 2676 1564 2747 ibiposita
1586 2691 1760 2746 parva
1788 2692 1965 2732 aurea

317 2781 547 2831 mensa,
587 2782 714 2837 quas
746 2767 803 2822 in
838 2765 1220 2838 pentapyrgio
1251 2768 1407 2821 stare
1437 2764 1668 2831 solet,in
1701 2766 1965 2822 scutellis

312 2855 624 2924 gemmatis
685 2860 742 2910 et
785 2854 1086 2911 smaltitis.
1129 2855 1212 2910 lbi
1264 2854 1603 2910 considebat
1647 2852 1966 2922 imperator

317 2943 787 3016 [Constantinus]
821 2949 877 2998 et
898 2946 1199 3000 Romanus
1221 2941 1753 3014 Porphyrogenitus
1785 2944 1966 3014 impe-

2077 1962 2146 2034 γ’.
2176 1960 2228 2013 ’ὁ
2279 1959 2545 2032 ἑρμηνεὺς
2594 1966 2695 2028 τῆς
2745 1959 3113 2035 ἀρχοντίσσης
3162 1960 3285 2034 μιλ.
3333 1964 3408 2019 ιε’.
3458 1965 3608 2022 Μετά
3668 1962 3725 2020 δὲ

2072 2049 2135 2102 τὸ
2166 2048 2454 2112 ἀναστῆναι
2497 2049 2588 2103 τὸν
2628 2046 2856 2123 βασιλέα
2886 2050 2992 2105 ἀπὸ
3035 2054 3134 2105 τοῦ
3171 2050 3485 2126 κλητωρὶου
3516 2052 3723 2129 ἐγένετο

2077 2133 2332 2191 δούλκιον
2363 2135 2415 2191 ἐν
2442 2141 2521 2209 τῷ
2553 2137 2951 2212 ἀριστητηρίῳ,
3001 2137 3090 2192 xui
3142 2133 3268 2210 ἔστη
3329 2141 3363 2209 ἡ
3411 2143 3590 2216 χρυσῆ
3642 2164 3727 2216 μισ

2074 2227 2180 2299 διρά
2225 2225 2462 2300 τράπεζα
2512 2228 2546 2294 ἡ
2595 2225 2648 2280 ὲν
2705 2230 2784 2298 τῷ
2847 2228 3233 2304 πενταπυργίῳ
3294 2228 3583 2303 ἱσταμένη,
3638 2232 3729 2286 xui

2075 2315 2232 2386 ἐτέθη
2257 2313 2308 2370 ἐν
2351 2315 2490 2389 αὖτῇ
2534 2312 2794 2370 δούλκιον
2829 2312 2917 2370 διὰ
2958 2318 3266 2391 χειμευτῶν
3325 2320 3416 2372 xui
3467 2316 3730 2375 διαλίθων

2077 2401 2468 2471 σκουτελλέων,
2517 2403 2608 2458 καὶ
2661 2402 2918 2476 ἐκαθέσθη
2992 2406 3019 2458 ὁ
3072 2403 3328 2480 βασιλεὺς
3383 2409 3471 2462 xui
3516 2409 3733 2482 Ῥωμα-

2072 2494 2165 2554 νὸς
2223 2494 2249 2547 6
2310 2493 2830 2569 ΙΙορφυρογέννητος
2882 2493 3140 2569 βασιλεὺς
3184 2495 3274 2551 xui
3335 2497 3401 2552 τά
3450 2519 3729 2574 πορφυρο-

2077 2581 2298 2658 γέννῃτα
2353 2582 2560 2638 τούτων
2609 2583 2769 2638 τέκνα
2816 2583 2907 2638 καὶ
2957 2585 2991 2653 ἠ
3041 2583 3228 2658 νύμφη
3279 2586 3373 2640 καὶ
3423 2589 3458 2657 ἡ
3525 2585 3726 2663 ἀρχόν-

2072 2693 2249 2742 τισσα,
2287 2673 2378 2727 καὶ
2426 2668 2589 2742 ἐδόθη
2617 2675 2686 2745 τῇ
2741 2671 3074 2748 ἀρχοντίσσῃ
3145 2673 3196 2729 ἐν
3254 2680 3436 2750 χρυσῇ
3493 2673 3723 2750 διαλίθῳ

2356 2761 2366 2780 Ι
2665 2762 2676 2778 ι
2820 2761 2835 2780 \
2958 2766 2981 2779 ν
3055 2759 3078 2782 Ἡ
3156 2760 3230 2783 ’.κο
3431 2763 3442 2780 9
3494 2773 3519 2783 η.
3639 2769 3650 2782 π
3704 2768 3717 2784 \

2077 2758 2417 2833 σκουτελλιῳ
2467 2759 2588 2834 μιλ.
2625 2783 2697 2837 φ,
2747 2782 2836 2816 και
2890 2783 3008 2825 ταις
3052 2763 3104 2833 εξ
3161 2777 3318 2825 ιοιαις
3385 2786 3555 2835 αυτης
3629 2787 3728 2821 ανα

2079 2847 2197 2922 μιλ.
2239 2849 2305 2919 x',
2338 2849 2428 2905 xui
2465 2855 2584 2912 ταῖς
2621 2852 2691 2920 ιη’
2747 2851 3091 2924 θεραπαίναις
3134 2851 3301 2922 αὐτῆς
3345 2854 3444 2907 ἀνά
3496 2853 3619 2928 μιλ.
3654 2857 3726 2925 η’,

2076 2939 2222 3008 Μηνὶ
2255 2935 2574 3013 Ὀκτωϐρῖῳ
2635 2946 2723 3010 ιη’,
2774 2941 2956 3014 ἡμέρᾳ
3005 2945 3268 3017 Κυριακῇ,
3320 2941 3531 3018 ἐγένετο
3581 2944 3728 3016 κλη-

312 3036 497 3096 rator,
528 3037 584 3087 et
615 3032 924 3087 amborum
958 3031 1128 3087 liberi
1175 3030 1650 3104 porphyrogeniti
1689 3035 1747 3086 et
1773 3046 1961 3088 nurus

2073 3029 2272 3104 τώριον
2319 3026 2370 3082 ἓν
2422 3033 2499 3101 τῷ
2547 3027 3010 3103 χρυσοτρικλίνῳ,
3059 3029 3151 3084 καὶ
3208 3028 3466 3102 ἐκαθέσθη
3509 3034 3538 3088 6
3574 3033 3728 3108 βασι-

310 3119 683 3191 imperatoris
727 3125 784 3176 et
815 3120 1202 3177 archontissa.
1245 3119 1390 3174 Huic
1422 3135 1527 3190 pro
1577 3135 1820 3175 munere
1865 3119 1965 3176 da-

313 3211 531 3266 bantur
563 3213 620 3266 in
655 3227 829 3267 aurea
851 3215 1150 3283 gemmata
1171 3208 1417 3266 scutella
1447 3208 1768 3264 miliaresia
1794 3209 1965 3280 quin-

313 3305 513 3370 genta.
547 3300 658 3355 Sex
687 3302 816 3371 ejus
848 3300 1073 3355 intimis
1113 3297 1411 3354 amicabus
1441 3297 1736 3352 dabantur
1762 3298 1965 3354 vicena

312 3387 655 3457 miliaresia,
705 3393 763 3443 et
808 3389 1128 3444 octodecim
1178 3388 1307 3458 ejus
1355 3386 1685 3441 famulabus
1731 3391 1958 3444 octona.

309 3477 522 3531 Mensis
571 3476 836 3532 Octobris
875 3477 968 3532 die
1017 3475 1242 3532 decimo
1289 3479 1348 3529 et
1395 3481 1595 3530 octavo
1642 3475 1961 3545 eodemque

311 3565 618 3621 Dominico
646 3565 822 3620 fiebat
850 3565 1008 3620 aliud
1033 3564 1362 3620 convivium
1387 3563 1446 3618 in
1471 3562 1958 3637 chrysotriclinio,

307 3654 368 3709 in
401 3670 517 3725 quo
551 3653 886 3724 imperatori
920 3653 1093 3709 Russi
1133 3651 1612 3716 convivabantur,
1647 3658 1706 3707 et
1751 3670 1961 3711 rursus

307 3741 465 3798 aliud
500 3742 558 3797 in
593 3743 1023 3816 pentacubiclio
1044 3743 1238 3798 Sancti
1263 3742 1509 3808 Pauli,in
1542 3758 1655 3812 quo
1685 3744 1958 3815 despoana

303 3830 393 3887 vel
425 3833 764 3904 imperatrix
797 3849 930 3888 cum
962 3831 1467 3906 porphyrogenitis
1516 3831 1638 3886 suis
1670 3832 1870 3889 liberis
1901 3840 1957 3891 et

306 3936 454 3975 nuru
487 3937 596 3977 sua
643 3926 700 3976 et
729 3921 1094 3978 archontissa
1143 3920 1581 3976 convivabatur.
1616 3920 1956 3993 Accipiebat

2077 3116 2202 3178 Λεὺς
2265 3117 2400 3188 μετά
2459 3121 2565 3171 τῶν
2612 3117 2772 3178 Ῥῶς.
2853 3117 2950 3173 Καὶ
3029 3117 3192 3173 πᾶλιν
3257 3121 3469 3196 γέγονεν
3544 3117 3728 3198 ⁴ἕτερον

2073 3205 2386 3280 κλητώριον
2427 3205 2479 3260 ἐν
2517 3210 2591 3278 νῷ
2638 3201 3184 3280 πεντακουϐουκλείῳ
3213 3213 3310 3264 τοῦ
3362 3208 3548 3286 Ἀγίου
3591 3211 3730 3265 Παύ-

2075 3294 2197 3363 λου,
2246 3296 2334 3350 καὶ
2388 3293 2646 3365 ἒκαθέσθη
2709 3297 2744 3364 ἡ
2797 3293 3054 3351 δεσποινα
3116 3297 3250 3369 μετὰ
3292 3304 3400 3352 τῶν
3447 3320 3728 3377 πορφυρο-

2070 3383 2345 3459 γιννήτων
2389 3384 2562 3454 αὐτῆς
2610 3386 2808 3439 τὲκνων
2860 3386 3080 3456 καὶτῆς
3121 3387 3336 3464 νύμφης
3369 3388 3458 3443 xui
3489 3391 3588 3457 τῆς
3631 3391 3731 3461 ἀρ-

2070 3474 2394 3548 χοντίσσης,
2433 3474 2523 3528 καὶ
2556 3470 2716 3543 ἐδόθη
2749 3477 2818 3547 τῇ
2857 3475 2950 3548 μὲν
2990 3475 3330 3553 ἀρχοντίσσῃ
3369 3476 3493 3550 μιλ,
3540 3479 3604 3547 α’,
3650 3483 3729 3548 τῷ

2071 3562 2129 3618 δὲ
2160 3563 2370 3638 ἀνεψιῷ
2391 3564 2563 3632 αὐτῆς
2599 3562 2721 3636 μιλ.
2754 3565 2823 3634 κ’,
2855 3569 2937 3637 τῷ
2963 3570 3118 3635 παπᾷ
3173 3568 3470 3641 Σρηγορίῳ
3506 3565 3628 3640 μιλ.
3653 3569 3728 3638 η’,

2069 3659 2187 3716 ταῖς
2227 3661 2288 3717 ις’
2339 3650 2502 3715 ἰδίαις
2551 3650 2715 3722 αὒτῆς
2773 3651 2872 3708 ἂινά
2914 3651 3036 3726 μιλ.
3075 3655 3166 3728 ιβ’,
3207 3660 3328 3717 ταῖς
3383 3657 3455 3727 ιη’
3495 3653 3726 3719 δούλαις

2068 3741 2236 3808 αὐτῆς
2268 3744 2368 3797 ἀνά
2419 3740 2541 3815 μιλ.
2588 3748 2652 3812 ς’,
2702 3747 2818 3804 τοῖς
2863 3743 2950 3818 κβ“
2980 3744 3418 3820 ἀποκρσιιαρίοις
3460 3745 3559 3800 ἀνά
3601 3746 3724 3818 μιλ.

2071 3833 2163 3908 ιβ’,
2215 3837 2335 3894 τοῖς
2387 3830 2474 3905 μδ¹
2515 3837 2953 3907 πραγματευταῖς
3007 3832 3110 3886 ἀνά
3156 3833 3279 3907 μιλ.
3341 3835 3406 3906 ς’,
3466 3840 3584 3899 τοῖς
3627 3831 3724 3890 δύο

2068 3923 2426 3996 ἒρμηνευταῖς
2451 3920 2552 3975 ἀνά
2576 3920 2698 3994 μιλ·
2736 3922 2829 3996 ιβ’.

300 4009 663 4068 archontissa
691 4016 819 4067 tum
851 4013 912 4068 in
945 4029 1163 4069 munus
1193 4013 1446 4070 ducenta
1478 4011 1816 4082 miliaresia,
1849 4015 1979 4084 ejus
2011 4013 2334 4069 avunculus
2366 4013 2612 4078 vinginti
2649 4030 2828 4084 papas
2871 4013 2982 4085 [vel
3030 4013 3546 4087 confessionarius]
3579 4016 3724 4072 Gre-

305 4100 505 4170 gorius
535 4104 701 4168 octo;
736 4101 994 4157 sedecim
1025 4103 1152 4173 ejus
1200 4103 1417 4159 intima:
1451 4105 1766 4161 familiares
1794 4105 2106 4171 duodena;
2140 4102 2462 4159 octodecim
2497 4103 2623 4173 ejus
2673 4103 2903 4157 famulae
2955 4119 3136 4171 sena;
3173 4104 3374 4176 viginti
3422 4106 3535 4160 duo
3585 4121 3727 4176 apo-

303 4191 550 4249 crisiarii
580 4191 888 4260 duodena;
921 4194 1309 4267 quadraginta
1339 4201 1592 4267 quatuor
1623 4196 2012 4270 negotiatores
2044 4211 2210 4266 sena,
2240 4200 2296 4252 et
2326 4195 2477 4251 dena
2509 4195 2645 4250 bina
2677 4195 2849 4251 ambo
2882 4195 3253 4268 interpretes.

821 4283 975 4338 840
1015 4283 1249 4340 CAPUT
1286 4285 1434 4341 XVI.

308 4371 661 4429 Obseruantia
707 4373 1331 4450 quandcmagistratur
1360 4385 1603 4447 quatuor
1649 4381 1956 4450 lagmatum

804 4447 866 4500 in
895 4447 1105 4503 circum
1131 4446 1457 4518 procedunt.

377 4610 639 4673 Quatuor
659 4613 921 4681 tagmata
934 4609 980 4666 si
1001 4614 1142 4666 sunt
1157 4609 1217 4665 in
1234 4611 1577 4682 urbe,qua.n
1601 4611 1751 4668 Deus
1763 4618 1960 4669 custo-

309 4696 451 4766 diat,
474 4697 788 4768 procedunt
804 4703 864 4753 et
884 4698 1514 4771 conveniuntquotidie
1536 4701 1593 4755 in
1619 4701 1840 4757 circum
1860 4717 1955 4756 eo-

307 4799 436 4840 rum
471 4785 943 4856 magistratus.Et
969 4786 1140 4856 primi
1163 4786 1401 4857 quidem
1428 4789 1838 4859 ingrediuntur
1860 4788 1958 4845 do-

305 4871 583 4929 mesticus
597 4872 988 4929 scholarumet
1003 4875 1417 4932 excubitusseu
1435 4877 1776 4934 domesticus
1789 4895 1956 4935 excu-

304 4961 565 5016 bitorum
595 4967 652 5018 et
674 4962 986 5019 hicanatus
1016 4980 1118 5019 seu
1150 4965 1514 5021 domesticus
1548 4966 1951 5024 hicanatorum

305 5063 410 5117 per
438 5047 583 5103 illud
613 5051 854 5118 ostium,
889 5068 991 5123 per
1016 5053 1175 5124 quod
1207 5053 1426 5110 intrare
1463 5053 1654 5109 solent
1682 5056 1952 5127 magistri

305 5139 362 5191 et
392 5135 644 5205 patricii,
675 5139 1039 5211 salutatoque
1068 5141 1388 5212 drungario
1419 5140 1654 5213 vigiliae,
1685 5142 1953 5200 desident

2704 4285 2962 4338 ΚΕΦΑΛ.
2995 4287 3089 4354 ις’.

2065 4372 2217 4462 Ὅσα,
2259 4369 2340 4427 δεῖ
2411 4371 2870 4462 παραφυλάττειν,
2945 4375 3373 4462 προερχομὲνων
3445 4378 3567 4462 τῶνε
3627 4374 3727 4462 ἀρ-

1995 4448 2043 4514 D
2146 4445 2362 4572 ἐόντων
2417 4444 2525 4498 τῶν
2573 4444 2854 4520 ’τεσσάρων
2920 4444 3212 4521 ταγμάτων
3273 4445 3349 4505 εἰς
3406 4445 3498 4500 τὸν
3555 4444 3724 4501 ἰππὸ-

2180 4536 2372 4572 ρομον.

2180 4536 2372 4588 ρομον.

2142 4604 2356 4672 Ἰστὲον,
2389 4607 2498 4675 ὃτι,
2537 4610 2648 4661 τῶν
2697 4607 2991 4682 ταγμάτων
3023 4605 3194 4662 ὅντων
3246 4604 3299 4660 ἐν
3337 4610 3404 4680 τῇ
3457 4605 3727 4684 θεοφυλά-

2067 4715 2182 4768 γτῳ
2225 4693 2408 4765 πόλει,
2455 4699 2573 4760 καθ’
2615 4698 2824 4771 ἡμέραν
2878 4697 3246 4775 προέρχονται
3291 4695 3369 4758 εἷς
3427 4698 3516 4752 τὸν
3549 4697 3722 4753 ἱππό-

2069 4781 2278 4858 δρομον
2319 4787 2370 4840 οἱ
2400 4791 2508 4841 τῶν
2543 4784 2586 4841 δ’
2627 4788 2923 4862 ταγμάτων
2955 4787 3218 4862 ἄρχοντες
3268 4787 3358 4842 καὶ
3399 4789 3428 4842 6
3481 4788 3578 4860 μὶν
3629 4784 3723 4842 δο-

2070 4872 2321 4947 μὲστικος
2375 4879 2482 4930 τῶν
2526 4874 2748 4950 σχολῶν
2801 4875 2892 4931 καὶ
2951 4878 2979 4931 6
3037 4873 3347 4947 ἒξκούϐιτος
3413 4878 3499 4932 καὶ
3554 4878 3720 4932 6ixu-

2062 4962 2223 5025 νάτας
2272 4963 2638 5039 εἰσέρχονται,
2690 4960 2816 5021 ἔνθα
2840 4964 2932 5021 καὶ
2965 4967 3018 5021 οἱ
3053 4968 3342 5044 μάγιστροι
3391 4967 3483 5020 xui
3531 4966 3723 5040 πατρί-

2059 5072 2196 5123 κιοι,
2238 5053 2328 5106 καὶ
2371 5057 2562 5129 πρῶτα
2614 5054 2707 5126 μὲν
2757 5055 3160 5130 χαιρετίζουσιν
3212 5057 3303 5110 τὸν
3354 5053 3716 5132 δρουγγάριον

2056 5148 2158 5211 τῆς
2195 5140 2415 5216 βίγλας,
2452 5143 2540 5196 xui
2571 5142 2768 5206 εὐθέως
2806 5144 3122 5214 καθέζονται
3145 5144 3223 5206 εἷς
3252 5145 3350 5206 τὰς
3395 5146 3570 5216 τάξεις
3629 5147 3729 5200 αὕη

1369 5319 1569 5376 JOAN.
1593 5321 1734 5377 JAC.
1769 5321 2032 5378 REISKII
2054 5321 2647 5381 COMMENTARIUS.

376 5460 493 5532 (38)
525 5457 942 5534 Novis_Grrecis
972 5464 1112 5534 sunt
1147 5460 1704 5534 familiares,iamici,
1737 5462 1952 5534 quibus

308 5530 599 5606 praecipue
630 5531 760 5606 quis
792 5531 1017 5606 utitur._
1042 5530 1129 5606 Ita
1159 5532 1216 5585 in
1251 5532 1460 5606 Meno]:
1495 5533 1671 5606 Basil.
1705 5530 1856 5606 thl,
1893 5553 1951 5606 p.

306 5597 411 5675 196
441 5597 554 5659 ﬁne
586 5620 601 5659 :
632 5597 787 5675 Ἰδῲν
816 5599 907 5654 τὸν
951 5597 1246 5656 Κλεόνικον
1277 5603 1370 5657 τὸν
1402 5599 1548 5657 ἴδιον
1598 5603 1766 5659 αὐτοῦ
1796 5597 1953 5675 πλη-

307 5673 423 5730 δίον
455 5674 683 5740 ἑστῶτα,
719 5672 853 5740 εἶπε,
885 5679 997 5729 etc.

378 5747 491 5818 (39)
523 5747 626 5803 Hic
655 5752 714 5802 et
738 5744 914 5818 paulo
946 5748 1082 5816 post
1109 5744 1364 5816 scriptus
1392 5751 1517 5808 erat
1537 5747 1632 5805 hic
1664 5766 1949 5806 numerus

2061 5463 2254 5520 littera
2287 5467 2527 5537 majore,
2559 5483 2685 5539 quas
2738 5468 3168 5539 signiﬁcaretne
3211 5477 3328 5528 octo
3378 5477 3436 5527 et
3485 5479 3719 5532 essetne

2061 5539 2170 5605 eia,
2220 5553 2294 5593 an
2346 5541 2796 5610 quinquaginta.
2849 5547 2906 5614 et
2953 5548 3105 5596 esset
3151 5543 3543 5614 mygdignosci
3595 5563 3715 5603 non

2103 5616 2458 5686 o_terat,‘tam
2491 5616 2831 5686 exaraverat
2849 5611 3126 5686 librarius
3154 5611 3444 5686 ambigue.
3464 5616 3714 5676 Secutus

2079 5681 2145 5736 ’ui
2175 5681 2327 5751 quod
2363 5683 2610 5739 maxime
2639 5682 2936 5754 probabile
2965 5683 3297 5742 videbatur.
