4094 6390
349 425 504 488 1113

1177 423 1278 481 DE
1323 419 1772 483 CERIMONIIS
1818 417 2057 480 AULAE
2096 419 2566 480 BYZANTINIE
2608 419 2758 481 LIB.
2807 421 2882 481 II.

3600 425 3756 486 11M

348 562 477 626 τῶν,
509 556 599 611 καὶ
632 555 729 620 εἶθ’
762 555 934 617 οὕτως
973 555 1275 630 εἰσέρχεται
1307 553 1366 610 ἐκ
1423 550 1661 628 πλαγίου
1692 553 1720 606 6
1753 571 1994 621 τοποτη-

2115 553 2171 608 in
2205 568 2313 608 sua
2343 553 2594 624 quisque
2620 553 2804 610 classe
2833 559 2888 609 et
2916 555 3139 612 ordine.
3174 557 3394 612 Deinde
3429 557 3760 629 ingreditur

355 648 528 717 ρητής
581 650 693 700 τῶν
728 641 977 719 σχολῶν,
1036 648 1217 720 φορῶν
1279 645 1684 718 σκαραμάγγιον
1730 641 1820 694 καὶ
1865 661 2002 694 σπα-

354 735 492 802 Nov,
524 733 616 789 καὶ
653 733 766 806 μετ’
799 732 963 786 αὑτοῦ
995 733 1047 786 οἱ
1077 733 1287 806 πρῶτοι
1317 730 1406 786 καὶ
1448 728 1690 804 δεύτεροι
1739 729 2002 804 ἄρχοντες

350 830 460 880 τῶν
520 822 768 899 σχολῶν,
802 820 974 897 ἤγουν
1008 823 1246 894 κόμητες
1285 822 1374 875 καὶ
1403 818 1739 895 δομὲστικοι,
1772 823 2002 893 φοροῦνο

351 937 441 978 τες
493 914 583 969 καὶ
638 913 795 968 αὑτοὶ
837 911 1226 987 σκαραμάγγια
1280 912 1369 966 καὶ
1421 910 1634 965 σπαθία.
1672 909 1774 966 Καὶ
1826 911 1853 963 6
1907 909 2000 982 μὲν

355 1003 748 1078 τοποτηρητής
804 999 1026 1056 ’ἱσταται
1086 1000 1399 1062 ἀποκοπτὸς
1467 999 1540 1060 ὼς
1598 999 1705 1053 ἀπὸ
1783 999 2002 1076 ὀργυίας

348 1098 496 1163 μιᾶς’
533 1094 585 1146 οἱ
643 1089 700 1146 δὲ
754 1091 994 1164 κόμητες
1051 1091 1140 1144 καὶ
1184 1085 1534 1162 δομέθστικοι
1567 1085 1836 1163 στιχηὸὸν
1895 1088 2000 1142 ἀπὸ

349 1181 516 1255 ἄκραν
544 1180 649 1240 ἓως
708 1176 900 1254 ἄκραν,
952 1179 1040 1232 καὶ
1107 1179 1274 1252 μέχρι
1312 1181 1419 1231 τῶν
1476 1177 1719 1252 γονάτων
1768 1197 2003 1250 προσκυ-

347 1274 565 1330 νοῦντες
599 1269 976 1346 χαιρετίζουσι
1006 1267 1097 1320 τὸν
1147 1263 1510 1341 δρουγγάριον
1558 1271 1657 1334 τῆς
1693 1263 1904 1341 βὶγλας.
1940 1266 2000 1322 Ὀ

344 1356 402 1413 δὲ
431 1355 887 1430 ἁυτιχαιρετίζων
938 1354 1124 1414 αὐτοῖς
1156 1352 1321 1428 λέγει’
1363 1349 1570 1420 »Καλή
1630 1353 1812 1424 ἡμέρα
1847 1353 1998 1421 ὑμῖν,

353 1444 642 1520 ἄρχοντες.
681 1468 703 1494 ι
739 1443 838 1497 Καὶ
874 1441 1008 1514 μετὰ
1054 1444 1222 1496 ταῦτα
1248 1437 1465 1494 ’ίσταται
1527 1439 1554 1493 6
1591 1439 1858 1514 πρόξιμος
1891 1443 2003 1511 (40)

354 1535 517 1608 μὲσον
570 1539 672 1602 τῆς
731 1531 1128 1605 προελεύσεως,
1182 1529 1274 1584 καὶ
1315 1523 1585 1600 λαμϐάνει
1641 1531 1812 1602 νεῦμα
1858 1530 2006 1602 παρά

343 1628 442 1679 τοῦ
475 1622 804 1696 δομεστῖκου
852 1625 961 1676 τῶν
1014 1619 1238 1696 σχολῶν
1271 1620 1361 1675 καὶ
1395 1616 1483 1674 διὰ
1508 1625 1608 1689 τῆς
1631 1620 1818 1695 χειρὸς
1839 1619 2004 1675 αὐτοῦ

343 1714 483 1768 νεύει
531 1713 933 1786 ὑπαναχιυρεῖν.
990 1712 1057 1767 Οἱ
1097 1706 1154 1764 3‘s
1182 1707 1346 1763 πάλιν
1405 1713 1818 1785 κροτκυνοῦντες
1871 1710 2004 1764 κατᾶ

355 1805 418 1860 τὸ
472 1801 758 1877 εῗρημὲνον
821 1807 1016 1876 σχῆμα
1073 1799 1406 1874 ἐξέρχονται·
1457 1799 1564 1857 Καὶ
1633 1799 1768 1854 κκτὰ
1832 1797 2004 1861 πόδας

354 1893 552 1954 εὐθέως
601 1891 909 1968 εἶσὲρχεται
968 1889 996 1944 6
1053 1889 1445 1959 τοποτηρητὴς
1496 1893 1604 1944 τῶν
1675 1883 1998 1958 ἒξκουϐίτων
2039 1927 2086 1992 Β

351 1982 483 2056 μετά
534 1975 840 2056 σκρίϐωνας
893 1978 984 2034 καὶ
1063 1976 1477 2052 δρακοναρίους,

353 2072 508 2128 αὐτοὶ
562 2072 941 2147 σκαραμάγγια
996 2069 1088 2124 καὶ
1157 2068 1378 2137 σπαθία,
1442 2069 1535 2123 καὶ
1601 2067 2006 2143 χαιρετίζουσιν

360 2163 443 2216 καὶ
504 2161 662 2217 αὐτοὶ
717 2162 901 2221 καθὼς
949 2159 1040 2214 καὶ
1071 2157 1122 2212 οἱ
1153 2162 1260 2212 τῶν
1319 2156 1542 2234 σχολῶν
1601 2154 1885 2232 ἄρχοντες,
1916 2158 2006 2212 καὶ

361 2248 600 2322 νεόμενος
662 2249 690 2303 6
766 2245 1250 2322 πρωτομανδάτωρ
1313 2249 1409 2300 τοῦ
1479 2241 1792 2314 ἐξκουϐίτου
1861 2251 2009 2321 παρά

352 2343 442 2395 τοῦ
502 2333 839 2409 ἐξκουϐἷτο),
898 2338 984 2392 καὶ
1049 2335 1204 2391 αὐτοὶ
1263 2333 1351 2390 διὰ
1407 2336 1596 2410 χειρὸς
1649 2340 1746 2391 τοῦ
1789 2356 2004 2410 πρωτο-

360 2425 717 2504 μανδάτωρος
774 2425 1059 2499 νευόμενοι
1111 2423 1445 2500 ἐξέρχονται.
1489 2425 1590 2481 Καὶ
1625 2425 1760 2498 μετᾶ
1800 2428 2008 2481 τούτων

351 2518 655 2592 εἰσὲρχεται
697 2517 725 2571 6
775 2516 1167 2590 τοποτηρητὴς
1204 2517 1302 2569 τοῦ
1357 2513 1594 2588 ἀριθμοῦ
1637 2515 1771 2586 μετά
1826 2519 2007 2589 κομή-

346 2628 452 2662 των
484 2607 576 2662 καὶ
606 2604 922 2684 κεντάρχων
974 2607 1091 2661 ¹¹...
1129 2603 1252 2678 βίου
1290 2606 1402 2675 (41)
1442 2603 1532 2658 καὶ
1579 2610 1679 2672 τῆς
1739 2603 2003 2679 ἑταιρείας

347 2691 784 2772 παρεϐδομάριοι
829 2694 1192 2768 προέρχονται
1250 2692 1338 2747 καὶ
1406 2692 1727 2767 ἀνέρχονται
1780 2691 1867 2748 διὰ
1895 2701 1995 2764 τῆς

356 2783 726 2860 ὲλειράντίνης,
758 2781 850 2837 καὶ
894 2784 1031 2839 κατὰ
1086 2782 1176 2836 τὸν
1211 2781 1439 2834 εἰωθότα
1476 2783 1643 2835 τύπον
1699 2780 2006 2858 ἄνοιγείσης

359 2873 450 2940 τῆς
504 2870 904 2946 προελεύσεως,
961 2869 1318 2944 εἰσέρχονται,
1368 2869 1458 2922 καὶ
1516 2865 1740 2929 ἕκαστος
1787 2869 2004 2938 καθέζε-

355 2981 436 3014 ται
467 2959 519 3015 ἐν
541 2963 613 3033 τῇ
647 2956 760 3029 ΐδίᾳ
805 2959 968 3032 τάξει,
1001 2958 1092 3013 καὶ
1143 2958 1240 3021 εἶθ’
1283 2956 1454 3014 οὕτως
1503 2957 1870 3032 κατέρχονται
1910 2958 2004 3013 καὶ

353 3049 695 3123 εἰσέρχονται
763 3046 814 3103 ἐν
883 3051 953 3121 τῇ
999 3051 1098 3102 τοῦ
1150 3045 1453 3121 τρικόγχου
1519 3050 1752 3120 μυστικῇ
1813 3044 2004 3118 φιάλᾳ.

354 3139 494 3196 Εἶτα
541 3137 817 3212 ἐξέρχεται
877 3138 904 3191 6
969 3134 1253 3212 βασιλεὺς,
1312 3135 1402 3188 καὶ
1458 3138 1556 3189 τοῦ
1593 3140 2006 3209 παρακοπτικοῦ

349 3227 705 3302 κρεμαμένου
765 3223 818 3279 ἐν
875 3229 955 3296 τῷ
1007 3229 1104 3279 τοῦ
1161 3223 1564 3298 προκύμματος
1627 3225 1796 3296 μὲσῳ,
1855 3224 1907 3278 ἐν
1961 3224 2007 3296 ᾧ

1564 1981 1855 2056 φοροῦντες
1915 1979 2006 2031 καὶ

349 3292 510 3390 τόπῳ
541 3292 792 3371 *εἴθισται
847 3317 970 3377 τοῖς
1033 3313 1346 3390 βασιλεῦσιν
1393 3311 1480 3368 ἐπὶ
1526 3314 1719 3388 θρόνου
1785 3317 2005 3385 καθέξει.
2039 3292 2083 3359 C

346 3411 497 3474 σθαι,
531 3405 865 3478 τελουμένου
911 3402 1130 3476 δεξίμου
1189 3402 1420 3459 ἅπτουσι
1478 3403 1704 3478 κηροὺς,
1749 3401 2010 3474 δηλονότι

349 3496 502 3572 παρᾶ
563 3500 661 3550 τοῦ
722 3493 928 3549 εῗδικοῦ
974 3493 1203 3554 τούτους
1269 3487 1666 3564 λαμϐάνοντες,
1719 3494 1909 3558 πάντες
1957 3494 2009 3548 οἱ

343 3585 757 3661 προρρηθέντες
787 3590 888 3651 τῆς
923 3579 1235 3656 συγκλήτου
1267 3580 1372 3635 ἀπό
1427 3601 1487 3636 τε
1546 3581 1860 3659 μαγίστρων
1917 3584 2008 3638 καὶ

339 3671 446 3736 ’ἕως
492 3673 730 3748 ἐσχάτου
778 3671 1092 3747 ἀνθρώπου,
1159 3669 1250 3724 καὶ
1306 3671 1530 3745 γυρόθεν
1585 3676 1684 3726 τοῦ
1744 3670 2005 3746 σίγματος

345 3765 590 3818 σάσσωσι
641 3760 967 3835 χορεόοντες
1016 3759 1106 3814 καὶ
1153 3756 1398 3830 ᾅδοντες,
1447 3761 1496 3813 οἱ
1551 3760 1647 3832 μὲν
1715 3759 2006 3837 μάγιστροι

341 3853 434 3908 καὶ
492 3852 543 3906 οἱ
601 3848 897 3905 ἀνθύπατοι
946 3849 1040 3904 καὶ
1082 3848 1364 3922 πατρίκιοι
1413 3849 1504 3902 καὶ
1554 3849 1606 3903 οἱ
1660 3849 2004 3928 ὀφφικιάλιοι

340 3942 434 3997 καὶ
482 3941 533 3995 οἱ
586 3937 781 3993 λοιποὶ
829 3945 929 4007 τῆς
980 3937 1292 4013 συγκλήτου
1348 3939 1481 4010 μετὰ
1537 3943 1644 3992 τῶν
1701 3938 2002 4013 βασιλικῶν

344 4030 682 4104 ἀνθρώπων,
715 4026 827 4084 ἴδια
870 4026 1147 4103 βασιλίκια
1169 4032 1266 4082 τοῦ
1299 4029 1665 4104 βρουμαλίουο
1700 4030 1752 4083 οἱ
1803 4028 1860 4085 δὲ
1907 4036 2005 4086 τοῦ

341 4114 742 4174 κουϐουκλείου
783 4119 895 4189 ἅμα
935 4120 1044 4172 τῶν
1099 4114 1185 4171 ἐπὶ
1236 4119 1337 4184 τῆς
1400 4117 1672 4189 τραπέζης
1725 4118 2001 4194 εὐνούχων

340 4207 567 4280 ᾅδουσιν
615 4208 710 4262 καὶ
768 4205 922 4262 αὐτοὶ
982 4203 1098 4261 ἴδια
1166 4203 1447 4279 βασιλῖκι-.ι
1497 4210 1594 4260 τοῦ
1635 4207 1998 4280 βρουμαλίου,

339 4300 568 4366 Ἰστέον,
611 4299 719 4368 δτι,
777 4297 938 4366 ἡνίκα
1003 4297 1253 4372 ἄρξονται
1313 4299 1368 4350 οἱ
1417 4303 1516 4364 τῆς
1568 4295 1879 4371 συγκλήτου
1909 4299 1999 4353 καὶ

338 4394 442 4445 τοῦ
485 4381 882 4442 κουὸουκλείου
916 4384 1060 4456 ᾅδειν
1091 4386 1158 4440 τὰ
1180 4389 1278 4441 τοῦ
1322 4384 1667 4461 βρουμαλίου
1719 4384 1998 4460 βασιλίκια

339 4483 431 4536 καί
469 4476 778 4554 χορευύειν,
811 4477 991 4539 καθὼς
1024 4477 1366 4552 προείρηται,
1397 4475 1720 4551 κατέρχεται
1763 4476 1851 4532 διὰ
1888 4483 1994 4534 τῶν

2113 658 2217 712 per
2245 642 2544 697 introitum
2593 643 2892 699 lateralem
2939 649 3285 717 topoteretes
3319 646 3404 702 vel
3450 646 3638 704 locum
3675 656 3759 704 te-

2115 747 2258 787 nens
2306 731 2639 788 scholarum
2682 733 2741 788 in
2784 737 3186 806 scaramangio
3225 741 3282 791 et
3318 752 3453 792 cum
3498 739 3756 809 spatha;

2113 825 2171 877 et
2199 837 2331 876 cum
2364 835 2432 876 eo
2475 821 2647 892 primi
2700 822 3061 894 secundique
3111 824 3332 880 ordinis
3381 827 3761 897 magistratus

2114 916 2216 965 aut
2263 910 2482 965 tribuni
2534 911 2895 981 scholarum,
2932 918 2995 967 ut
3041 913 3286 970 comites
3330 919 3387 969 et
3433 915 3759 982 domestici,

2114 999 2385 1055 similiter
2431 1005 2488 1055 et
2539 999 2596 1056 bi
2654 1007 2776 1057 tam
2823 1003 3254 1075 scaramangia,
3305 1019 3474 1074 quam
3528 1003 3763 1076 spathae

2112 1093 2400 1158 gerentes.
2437 1090 2830 1146 Lociservator
2857 1090 2930 1146 ab
2961 1091 3108 1163 ipsis
3145 1092 3390 1148 seorsim
3432 1097 3550 1148 stat
3578 1095 3648 1148 ad
3684 1093 3762 1146 di-

2113 1179 2382 1236 siantiam
2414 1197 2599 1253 orgyaa
2628 1181 2831 1249 ferme,
2863 1182 3108 1238 comites
3141 1188 3338 1238 autem
3370 1188 3428 1239 et
3457 1183 3763 1240 domestici

2114 1267 2172 1322 in
2205 1285 2381 1324 unam
2415 1271 2625 1326 seriem
2654 1270 2918 1328 collocati
2947 1276 3238 1342 occupant
3265 1271 3534 1328 conclave
3553 1273 3624 1328 ab
3649 1290 3762 1330 uno

2115 1357 2362 1413 termino
2401 1374 2590 1428 usque
2619 1359 2687 1413 ad
2723 1357 2996 1414 alterum.
3041 1359 3430 1431 Drungarium
3465 1361 3678 1432 vigiliae
3708 1367 3766 1416 et

2113 1443 2173 1500 hi
2207 1461 2440 1517 quoque
2469 1447 2726 1502 salutant
2772 1447 3051 1503 inclinato
3093 1449 3164 1503 ad
3209 1464 3401 1518 genua
3439 1465 3625 1520 usque
3659 1465 3765 1504 ca—

2114 1537 2253 1608 pite.
2291 1537 2647 1608 Drungarius
2678 1546 2870 1594 autem
2902 1537 3147 1594 salutem
3181 1539 3328 1612 ipsis
3358 1541 3609 1596 reddens
3641 1541 3760 1596 ait:

2117 1647 2143 1674 ‹‹
2168 1625 2363 1681 Bonus
2385 1627 2508 1682 dies
2531 1627 2714 1694 vobis,
2738 1626 3066 1684 archontes.
3084 1650 3111 1678 »
3134 1630 3344 1685 Postea
3365 1630 3552 1702 surgit
3573 1629 3767 1701 proxi-

2115 1730 2245 1770 mus
2277 1721 2334 1770 et
2365 1715 2486 1771 abit
2507 1715 2566 1771 in
2600 1716 2859 1772 medium
2897 1717 3278 1787 processionis
3309 1719 3394 1772 vel
3426 1723 3763 1787 conventus,

2114 1808 2536 1874 acceptumque
2568 1811 2716 1858 nutu
2748 1804 2984 1875 signum
3015 1821 3050 1859 a
3079 1805 3397 1861 domestico
3428 1806 3761 1862 scholarum

2116 1889 2305 1944 reddit
2352 1889 2470 1945 illis
2519 1893 2849 1946 astantibus
2900 1907 3076 1946 manu
3129 1909 3238 1946 sua
3286 1898 3601 1958 commota,
3649 1909 3765 1948 mov

2117 1983 2355 2049 netque,
2385 1980 2714 2034 abeundum
2749 1995 2895 2036 esse.
2919 1980 3044 2043 Quo
3074 1987 3372 2051 concepto,
3404 1982 3648 2036 adorant
3679 1981 3764 2036 illi

2116 2086 2275 2140 asque
2324 2071 2610 2142 profunde
2640 2086 2763 2126 sese
2795 2071 3144 2126 inclinantes
3193 2077 3371 2142 atque
3417 2078 3588 2128 antea
3619 2073 3764 2128 fece-

2120 2168 2341 2229 rant,ut
2369 2159 2591 2214 dictum
2614 2165 2724 2227 est,
2747 2165 2807 2215 et
2833 2162 3070 2216 abeunt.
3096 2161 3389 2232 Digressis
3418 2161 3559 2231 illis,
3585 2161 3764 2233 proti-

2117 2264 2229 2304 nus
2241 2251 2405 2304 adest
2424 2247 2801 2304 lociservator
2820 2249 3220 2304 excubitorum
3236 2266 3370 2304 cum
3395 2251 3766 2307 scrihonibus

2119 2341 2176 2392 et
2206 2338 2586 2393 draconariis.
2612 2337 2678 2392 lli
2710 2343 3009 2409 gestantes
3041 2338 3256 2409 pariter
3285 2339 3682 2410 scaramangia
3711 2345 3769 2396 et

2118 2426 2380 2496 spathae,
2413 2431 2478 2482 ut
2509 2427 2888 2497 magistratus
2920 2427 3252 2482 scholarum
3286 2425 3538 2484 salutant
3572 2428 3770 2502 {drun-

2116 2517 2347 2589 garium
2397 2533 2624 2583 nempe,
2669 2517 2944 2588 dictaque
2992 2518 3250 2574 vicissim
3299 2518 3512 2590 salute]
3553 2519 3768 2590 accipit

2117 2606 2596 2678 protomandator
2625 2605 2873 2663 exeubiti
2907 2605 2978 2661 ab
3021 2607 3286 2662 excubito
3334 2609 3568 2679 signum
3621 2615 3766 2664 nutu

2117 2695 2360 2764 capitis:
2393 2694 2544 2762 quod
2602 2693 2728 2764 ipse
2779 2694 3146 2749 motitatione
3203 2709 3414 2750 manus
3472 2696 3768 2766 praedictis

2117 2783 2503 2840 lociservatori
2567 2784 2974 2839 excubitorum
3036 2785 3382 2856 casterisque
3439 2787 3765 2841 astantibus

2117 2874 2324 2928 reddit.
2359 2871 2450 2942 Hi,
2482 2887 2549 2926 eo
2581 2877 2872 2943 percepto,
2905 2879 3132 2926 exeunt.
3158 2871 3308 2927 Tum
3349 2871 3570 2928 intrant
3609 2874 3763 2929 tertii

2117 2962 2492 3019 lociservator
2517 2961 2774 3028 arithmi,
2796 2960 3036 3017 comites
3058 2960 3294 3016 arithmi
3318 2969 3373 3017 el
3391 2962 3768 3018 centuriones

2118 3052 2592 3125 maglabitarum,
2637 3055 2694 3105 et
2739 3049 2988 3104 hetaeriae
3041 3050 3446 3122 septimanarii
3497 3051 3768 3108 laterales

2118 3143 2440 3213 procedunt
2468 3157 2568 3196 seu
2601 3138 2956 3195 conveniunt
2977 3142 3034 3193 et
3055 3139 3378 3194 ascendunt
3409 3155 3509 3211 per
3541 3146 3767 3210 portam

2117 3232 2430 3286 eburneam
2464 3235 2522 3284 et
2548 3227 2770 3283 intrant
2817 3228 2876 3282 in
2927 3226 3232 3298 palatium,
3268 3227 3367 3283 ubi
3398 3228 3543 3283 illud
3578 3229 3767 3285 reclu.

2120 3337 2252 3375 sum
2285 3334 2446 3375 more
2493 3322 2773 3373 consueto
2806 3317 3234 3388 processionem
3266 3317 3606 3385 admiserit;
3641 3323 3764 3372 tum

2121 3418 2405 3479 occupant
2452 3408 2622 3462 sedes
2672 3406 2922 3477 quisque
2963 3421 3099 3461 suas
3129 3422 3196 3461 ex
3227 3407 3448 3463 ordine.
3481 3405 3767 3479 Deinceps

2119 3499 2484 3554 descendunt
2514 3503 2572 3553 et
2600 3497 2820 3551 intrant
2851 3496 2909 3550 in
2942 3482 3222 3551 secretam
3269 3496 3522 3567 phialam
3554 3498 3769 3552 tricon-

2118 3588 2257 3644 chii.
2293 3587 2509 3642 Deinde
2540 3585 2734 3657 prodit
2776 3587 3093 3655 imperator
3120 3583 3178 3638 in
3213 3591 3612 3658 conspectum,
3644 3603 3771 3641 sus-

2119 3692 2418 3750 pensaque
2451 3676 2678 3732 eortina
2698 3675 2758 3729 in
2784 3672 2975 3729 medio
3008 3675 3424 3745 procymmatis
3454 3675 3602 3730 341
3640 3674 3766 3746 [seu

2118 3766 2421 3832 maeniani,
2451 3766 2541 3822 vel
2592 3765 2856 3820 editioris
2905 3765 3214 3821 tribunalis
3249 3765 3308 3818 in
3349 3780 3466 3835 quo
3512 3763 3765 3834 impera-

2115 3860 2291 3923 tores,
2315 3856 2551 3928 quando
2581 3855 2879 3910 deximum
2913 3870 3013 3910 seu
3047 3852 3304 3924 receptio
3334 3851 3612 3906 circensis
3643 3866 3766 3922 per-

2119 3945 2332 4014 agitur,
2367 3943 2677 4015 praesidere
2708 3942 2919 4013 solent]
2950 3941 3280 3997 accendunt
3318 3939 3575 4010 praedicti
3607 3955 3767 3995 sena-

2113 4039 2268 4088 tores
2325 4048 2531 4087 omnes
2561 4049 2594 4085 a
2636 4031 2853 4086 comite
2906 4031 2988 4086 rei
3037 4028 3272 4101 privata
3319 4027 3562 4083 traditos
3610 4028 3765 4084 nacti

2113 4120 2696 4192 cereos,amagistris
2719 4120 2855 4174 inde
2878 4135 3059 4190 usque
3079 4117 3154 4173 ad
3176 4116 3450 4172 ultimum
3477 4116 3771 4173 hominem

2110 4210 2478 4281 imperialem
2506 4226 2519 4276 ;
2547 4215 2607 4264 et
2638 4207 2963 4279 tripudiant
2992 4206 3372 4262 circumcirca
3403 4206 3596 4276 sigma
3624 4207 3762 4261 cho-

2110 4315 2268 4354 ream
2325 4299 2606 4354 ducentes
2639 4301 2696 4352 et
2724 4302 3048 4364 cantantes,
3104 4294 3368 4367 magistri
3421 4294 3659 4366 quidem
3708 4299 3766 4350 et

2108 4387 2490 4459 proconsules
2519 4391 2578 4441 et
2607 4385 2834 4456 patricii
2868 4390 2926 4441 et
2954 4382 3235 4440 ofﬁciales
3265 4383 3572 4454 caeterique
3604 4399 3767 4440 sena-

2112 4486 2264 4533 tores
2313 4482 2372 4531 et
2419 4474 2688 4530 homines
2748 4472 3103 4546 imperiales,
3159 4473 3422 4529 basilicis
3478 4472 3762 4528 brumalio

345 4569 567 4644 βάθρων
602 4568 679 4628 εἷς
738 4565 798 4620 ἐκ
843 4571 951 4620 τῶν
998 4563 1301 4640 βασιλικῶν
1353 4564 1405 4619 ἐν
1455 4570 1523 4651 τῇ
1571 4564 1743 4642 φιάλῃ
1774 4567 1862 4621 καὶ
1914 4569 2003 4643 6p-

2118 4565 2391 4638 prOpria;
2421 4562 2768 4620 cubicularii
2794 4567 2990 4618 autem
3023 4568 3080 4616 et
3108 4560 3362 4616 eunuchi
3392 4561 3463 4616 ad
3497 4577 3762 4617 mensam

343 4663 551 4731 χεῖται*
588 4654 888 4729 ἀμφότεροι
912 4651 990 4724 δὲ,
1025 4651 1078 4708 οἳ
1111 4673 1167 4706 τι
1203 4654 1496 4730 μάγιστροι
1527 4655 1616 4708 καὶ
1659 4653 1845 4710 λοιποὶ
1904 4658 1996 4712 καὶ

343 4742 393 4795 οἷ
423 4744 527 4796 τοῦ
558 4737 954 4794 κουϐουκλείου
981 4737 1118 4812 μετά
1161 4742 1269 4792 τῶν
1320 4736 1407 4793 ἐπὶ
1451 4742 1551 4802 τῆς
1597 4739 1869 4810 τραπέζης
1920 4743 2004 4797 εὐ-

340 4831 561 4904 νούχων
608 4826 668 4882 ἐκ
718 4832 928 4901 τρίτου,
979 4828 1156 4888 καθὼς
1215 4826 1561 4901 προείρηται,
1613 4827 2003 4893 κυκλεύσαντες

343 4918 397 4974 ἐν
425 4923 510 4990 τῷ
537 4921 636 4983 τῆς
685 4914 891 4990 φιάλης
934 4916 1241 4992 περιπάτῳ,
1288 4915 1537 4972 ’ἵστανται
1585 4917 1722 4973 κατᾶ
1767 4922 1828 4974 τὸ
1865 4923 2002 4994 πρὸς

2115 4653 2424 4712 servientes
2452 4657 2669 4708 canunt
2697 4661 2755 4708 et
2786 4651 2920 4722 ipsi,
2952 4650 3052 4706 sed
3086 4649 3320 4721 propria
3351 4649 3486 4717 sibi,
3519 4648 3765 4706 basilica

2111 4743 2408 4801 brumalii.
2441 4743 2685 4811 Quando
2732 4741 3024 4812 incipiunt
3069 4747 3188 4794 tam
3239 4748 3539 4794 senatores
3587 4755 3760 4809 quam

2112 4832 2451 4889 cubicularii
2505 4832 2767 4887 llrumalii
2809 4829 3069 4886 basilicis
3110 4845 3318 4885 canere
3351 4833 3410 4886 et
3439 4827 3669 4894 saltare,
3702 4835 3766 4883 ut

2113 4924 2459 4996 praedictum
2490 4926 2599 4990 est,
2621 4921 2923 4977 descendit
2950 4935 3049 4991 per
3077 4919 3289 4991 gradus
3320 4917 3607 4990 [praedicti
3638 4934 3766 4990 pro-

1674 5027 1922 5085 VARl/E
1961 5029 2368 5087 LECTIONES.

413 5117 460 5153 ³⁸
497 5117 593 5172 Hic
620 5115 1007 5172 desiderantur
1035 5115 1166 5187 ﬁnis
1194 5116 1395 5188 capitis
1422 5116 1508 5180 16,
1542 5121 1708 5188 caput
1741 5118 1808 5170 17
1838 5123 2034 5186 totum,
2063 5123 2113 5176 et
2147 5119 2375 5175 initium
2403 5119 2598 5191 capitis
2627 5118 2714 5172 18.

1402 5215 1600 5272 JOAN.
1634 5215 1780 5273 JAC.
1816 5217 2080 5276 REISKII
2119 5215 2708 5274 COMMENTARIUS.

412 5333 528 5404 (40)
571 5334 635 5388 In
670 5330 917 5404 scriniis
961 5330 1362 5404 epistolarum,
1397 5330 1728 5404 libellorum
1777 5338 1834 5388 et
1876 5349 2000 5388 me-

349 5403 549 5458 mOriaa
581 5403 679 5474 qui
728 5403 897 5472 primi
946 5407 1115 5474 erant
1147 5403 1298 5457 inter
1345 5403 1614 5458 homines
1655 5403 1878 5459 ordinis
1911 5406 2000 5459 sui

344 5471 614 5544 proximi
643 5471 1004 5546 dicebantur,
1056 5471 1136 5527 ait
1181 5477 1427 5546 Salmas.
1482 5475 1551 5528 ad
1612 5475 1821 5546 Script.
1877 5478 2002 5532 [list

347 5548 496 5616 Aug.
549 5552 588 5601 t.
639 5545 708 5609 ll,
746 5563 799 5617 p,
849 5545 978 5610 239,
1031 5550 1152 5611 aut,
1203 5552 1278 5617 ut,
1312 5545 1608 5601 Gutherus
1656 5545 1839 5617 ait’p.
1871 5548 2000 5613 556,

352 5615 600 5688 proXimi
624 5615 971 5672 scriniorum
996 5622 1156 5682 sunt,
1181 5616 1280 5688 qui
1305 5617 1626 5671 secundum
1650 5633 1684 5671 ι
1705 5615 2004 5688 magistris

353 5687 538 5761 locum
573 5705 639 5742 ac
666 5690 1036 5761 dignitatem
1069 5689 1146 5742 -in
1183 5687 1418 5743 scriniis
1464 5689 1751 5761 obtinent,
1786 5687 1844 5761 et
1875 5691 2001 5761 qui,

353 5759 496 5814 dum
527 5759 937 5830 magistrorum
967 5760 1121 5816 vices
1151 5765 1404 5832 agerent,
1429 5759 1803 5832 promagistri
1830 5759 2001 5817 voea-

2109 5335 2339 5389 bantur.
2373 5333 2694 5405 Vidridem
2729 5349 2786 5405 p.
2817 5334 2945 5400 694,
2980 5333 3076 5389 ubi
3111 5334 3182 5388 de
3212 5333 3494 5405 proximis
3520 5334 3768 5389 rationa-

2111 5406 2280 5468 lium,
2325 5411 2384 5461 et
2431 5404 2623 5460 Vales.
2657 5404 2744 5459 ad
2777 5406 2964 5460 Amm.
3011 5404 3268 5460 Marcell.
3303 5423 3362 5471 p.
3404 5406 3508 5458 138
3545 5413 3600 5458 et
3635 5405 3764 5467 276,

2110 5485 2165 5532 et
2212 5478 2294 5532 Du
2348 5481 2540 5545 Gange
2596 5477 2783 5532 Gloss.
2836 5481 3105 5547 utroque.
3151 5480 3252 5530 Est
3289 5491 3432 5547 ergo
3478 5477 3765 5547 proximas

2110 5547 2208 5603 hic
2255 5548 2366 5604 loci
2415 5544 2714 5618 preximus
2745 5564 2777 5602 a
2805 5544 3119 5605 drungario
3165 5544 3461 5618 vigiliae—ct
3489 5545 3619 5613 ejus
3667 5544 3765 5598 ab-

2113 5619 2295 5674 sentis
2327 5619 2615 5685 vicarius;
2647 5619 2760 5673 vid.
2796 5636 2852 5690 p.
2887 5619 3009 5674 415.

2185 5691 2298 5760 (tt)
2345 5680 2628 5745 Videntur
2687 5680 2828 5746 tuih'i
2880 5691 2966 5745 har
3014 5688 3271 5760 reliquias
3327 5686 3481 5742 vocis
3533 5680 3762 5758 Μαγλα-

2113 5754 2234 5814 ϐίου
2266 5754 2416 5832 esse,
2446 5762 2625 5833 idque
2655 5761 2714 5818 in
2756 5761 2978 5818 Latinis
3005 5754 3284 5830 expressi.
