4094 6420
427 460 584 519 1125

1498 455 2029 516 CONS’I‘AN't‘lNI
2075 455 2769 521 PORPHYROGENITI
2881 441 2889 446 ’

3685 469 3841 530 1126

420 591 516 646 τὸν
549 591 779 664 βασιλέα
829 591 922 648 καὶ
974 591 1072 659 τήν
1128 586 1225 644 τοὺ
1279 585 1622 664 βρουμαλίου
1681 586 1850 641 αὐτοῦ
1903 584 2041 640 αἱσία

2151 589 2480 658 ,assident,
2532 574 2674 649 dum
2721 593 2908 650 caeteri
2956 595 3094 663 [non
3151 595 3406 668 invitati]
3455 598 3540 654 sic
3595 599 3834 670 saltant,

417 681 650 758 ἡμέραν.
704 684 921 754 Ἰστέον,
972 682 1058 737 ὅτι
1110 679 1197 735 ἐπὶ
1257 681 1490 740 Λέοντος
1539 683 1635 734 τοῦ
1701 676 2070 754 φιλοχρίστου

417 769 684 828 δεσπότου
723 769 978 841 ἐτυπώθη
1028 769 1223 832 οὕτως·
1256 772 1338 844 Τῇ
1397 767 1653 842 ἐπαύριον
1685 771 1784 823 τοῦ
1821 768 2064 840 βρουμα-

2184 677 2271 733 illi
2294 683 2633 752 surguntde
2657 697 2861 737 mensa
2873 686 2930 738 et
2950 683 3322 740 satisfaciunt
3342 686 3590 755 saximo,
3611 694 3833 760 partem
3895 720 3898 722 η

2181 782 2352 824 suam
2385 769 2668 827 saltantes
2692 775 2748 827 et
2765 770 2898 826 dein
2923 773 3166 828 redeunt
3187 774 3256 828 ad
3283 791 3572 844 mensam,
3595 782 3676 846 et,
3705 795 3836 849 per-

417 859 542 916 λίου
576 860 761 918 ἵστατο
813 863 915 935 μία
957 861 1197 936 τράπεζα
1245 858 1297 914 ἓν
1329 862 1408 930 τῷ
1454 855 1830 931 ἀριστητηρίῳ
1863 855 2041 912 οἰκειοε

2180 857 2442 914 mittente
2466 859 2840 931 imperatore,
2873 876 3070 916 rursus
3103 861 3176 916 ad
3207 877 3337 918 eam
3369 865 3632 922 assident
3661 868 3828 938 quis-

413 947 543 1024 τέρα
592 947 680 1004 διὰ
737 956 905 1025 τριῶν
953 949 1044 1005 καὶ
1099 949 1167 1004 τὰ
1223 947 1420 1024 ἐγγὺς
1454 945 1504 1001 ἐν
1653 943 1955 1016 συνηστίων
1987 949 2067 1017 τῷ

415 1037 640 1114 μεγαλῳ
672 1038 890 1114 βασιλεῖ
937 1040 990 1095 o't
1030 1038 1272 1109 συνήθως
1312 1035 1458 1108 αὐτῷ
1487 1035 1923 1108 συνεστιώμενοι,
1959 1034 2064 1108 μά-

411 1126 576 1184 λιστα
604 1129 800 1185 οἰκεῖοι
830 1128 921 1183 καὶ
971 1131 1242 1203 συγγενεῖς
1274 1130 1370 1181 τοῦ
1411 1121 1703 1201 βασιλέως,
1740 1125 2062 1199 μάγιστροι,

409 1217 786 1292 πραιπόσιτοι,
824 1217 1120 1273 ἀνθύπατοι
1181 1214 1459 1289 πατρίκιοι
1515 1215 1607 1268 καὶ
1657 1213 1854 1268 σὶκεῖοι
1909 1233 2063 1287 πρω-

402 1307 764 1383 τοσπαθάριοι
821 1307 911 1362 καὶ
960 1304 1125 1362 ἄλλοι
1177 1305 1319 1367 τινες
1359 1303 1596 1379 γνωστοὶ
1633 1307 1732 1359 τοῦ
1767 1299 2057 1378 βασιλέως.

405 1399 497 1455 Ἐν
531 1396 590 1454 δὶ
643 1403 724 1471 τῷ
769 1393 1120 1474 περιϐλέπτῳ
1168 1395 1434 1468 τοικλίνῳ
1493 1399 1596 1450 τοῦ
1671 1395 2062 1450 Ἰουστινιανοῦ

398 1484 593 1542 ἵστατο
644 1486 798 1562 ἒτὲρα
847 1488 1089 1560 τράπεζα
1153 1483 1242 1540 διὰ
1277 1482 1331 1558 ἓξ
1370 1485 1462 1538 καὶ
1520 1483 1587 1537 τὰ
1644 1482 1801 1556 ἐγγὺς
1850 1481 2058 1536 ἀποκο-

403 1577 559 1645 πτὸν,
591 1575 643 1632 ἐν
683 1576 720 1651 ᾔ
753 1574 1032 1645 ἐκαθέζετο
1063 1576 1092 1629 ὁ
1127 1574 1320 1648 μικρὸς
1357 1570 1612 1648 βασιλεὺς
1643 1571 1730 1625 καὶ
1758 1571 1809 1626 οἱ
1840 1569 2062 1639 λοιποὶ⁹

407 1672 726 1746 μάγιστροι,
792 1667 1113 1734 ἀνθύπατοι,
1171 1662 1472 1737 πατρίκιοι,
1532 1657 1882 1739 ὁφφικιάλιοι
1966 1659 2062 1714 καὶ

403 1751 904 1832 πρωτοσπαθὸίριοι,
942 1754 1121 1817 καθὼς
1188 1753 1279 1808 καὶ
1335 1752 1397 1805 τὸ
1449 1750 1705 1807 τακτικὸν
1767 1749 2061 1822 κλητωρο-

399 1847 588 1922 λόγιον
617 1843 944 1919 διαγορεύει.
978 1843 1202 1909 Ἰστέον,
1231 1840 1317 1896 ὅτι
1347 1835 1436 1895 ἐπὶ
1498 1837 1737 1912 Μιχαὴλ
1769 1841 1866 1892 τοῦ
1899 1836 2062 1915 φιλο-

2178 961 2290 1016 que
2303 945 2363 1002 in
2379 946 2506 1005 loco
2519 957 2575 1004 et
2588 948 2794 1006 ordine
2806 965 2934 1006 suo.
2953 949 3042 1017 Hi,
3059 966 3206 1022 quos
3223 951 3502 1022 diximus,
3520 957 3827 1027 magistra-

2176 1037 2273 1092 tus
2287 1035 2748 1110 intrantquidem
2761 1038 2941 1095 simul
2959 1039 3224 1096 omnesin
3237 1042 3825 1101 saximumetordiun-

2176 1129 2271 1182 tur
2300 1127 2477 1183 simul
2509 1144 2714 1184 omnes
2744 1128 3067 1200 tripudium
3092 1148 3108 1198 ;
3142 1134 3202 1186 at
3230 1131 3330 1186 ubi
3353 1132 3426 1188 ad
3457 1133 3823 1191 conoinenda

2176 1223 2462 1286 poemata,
2486 1216 2594 1273 hoc
2614 1222 2704 1273 est
2726 1217 2987 1275 basilicia
3007 1218 3303 1287 brumalii,
3337 1229 3676 1292 perventum
3709 1229 3820 1294 est,

2174 1319 2288 1361 non
2322 1322 2486 1378 aeque
2515 1311 2737 1363 canunt
2754 1323 2960 1364 omnes
2991 1307 3184 1374 simul,
3219 1308 3339 1376 sed,
3374 1326 3607 1367 secessu
3643 1312 3816 1380 facto,

2173 1411 2275 1465 per
2294 1396 2513 1451 classes
2528 1401 2586 1452 et
2606 1395 2981 1466 antiphonias
3005 1397 3385 1456 alternantes.
3412 1400 3470 1455 E.
3501 1417 3576 1470 c.,
3591 1404 3820 1473 quando

2176 1483 2438 1555 magistri
2456 1484 2626 1555 etqui
2648 1485 2720 1540 ad
2744 1500 2942 1541 eorum
2966 1485 3216 1543 classem
3234 1489 3532 1558 pertinent
3551 1492 3814 1547 canendo

2171 1588 2342 1630 suum
2361 1589 2606 1644 pensum
2618 1573 3284 1644 absolverunt,tuncinoi
3294 1577 3460 1648 piunt
3475 1578 3824 1635 cubicularii

2171 1667 2230 1718 et
2259 1663 2356 1734 qui
2391 1664 2460 1719 ad
2482 1679 2682 1720 eorum
2701 1665 2950 1721 classem
2975 1665 3292 1736 pertinent.
3319 1666 3421 1722 llis
3442 1684 3649 1726 rursus
3671 1668 3823 1725 desi-

2170 1751 2470 1820 nentibus,
2500 1752 2794 1824 incipiunt
2825 1753 3200 1822 proconsules
3222 1756 3444 1825 patricii
3467 1761 3524 1812 et
3547 1759 3618 1813 ad
3654 1757 3813 1815 illam

2170 1839 2416 1896 classem
2447 1847 2782 1912 spectantes
2804 1841 3070 1899 basilicis
3117 1843 3393 1900 brumalii
3423 1845 3532 1902 sibi
3576 1850 3814 1919 propria

390 1937 625 2011 χρίστου
681 1931 944 1990 δεσπότου
999 1929 1096 1986 τοῦ
1152 1929 1275 1986 υἱοῦ
1315 1927 1613 1995 Θεοφίλου,
1650 1931 1936 2003 χειμῶνος
1967 1946 2041 2002 γε·

2169 1945 2396 1988 canere.
2419 1931 2560 1986 Post
2579 1932 2831 2003 primam
2855 1932 3008 1988 hanc
3027 1931 3272 1989 classem
3302 1950 3605 2004 procerum
3635 1936 3816 1994 intrat

387 2024 616 2101 γονότος
670 2020 935 2100 μεγάλου,
1003 2019 1198 2095 βιαίων
1255 2039 1314 2074 τε
1357 2019 1570 2092 ἀνέμων
1627 2015 2045 2090 ἐμπνευσάντων

386 2114 475 2170 καὶ
523 2113 737 2182 κολλῆς
767 2111 957 2188 χιόνος
1006 2110 1422 2184 κατενεχθίσης,
1463 2101 1672 2168 ἄϐατος
1711 2108 1747 2175 ἡ
1779 2109 1876 2160 τοῦ
1932 2124 2047 2178 τρι-

390 2205 591 2282 κόγχου
631 2206 744 2276 (51)
778 2202 1014 2275 μυστική
1049 2198 1222 2276 φιάλη
1277 2196 1516 2273 γὲγονεν,
1547 2196 1638 2251 καὶ
1706 2194 1771 2250 οὐ
1831 2192 2046 2264 κατῆλ-

392 2295 480 2347 θον
527 2291 576 2347 οἳ
604 2312 664 2346 τε
727 2292 1036 2366 μάγιστροι,
1079 2287 1398 2354 ἀνθύπατοι,
1432 2285 1711 2358 πατρίκιοι
1766 2291 1867 2354 τῆς
1921 2304 2049 2358 συγ-

388 2381 598 2452 κλήτου
627 2401 685 2435 τε
713 2381 804 2435 καὶ
837 2379 887 2432 οἳ
919 2381 1016 2432 τοῦ
1061 2372 1456 2432 κουϐουκλείου
1502 2375 1694 2436 πάντες
1744 2373 1812 2428 τὰ
1844 2371 2044 2427 εἰοῶτα

381 2473 463 2542 τῷ
508 2469 802 2544 βουμαΛίῳ
877 2466 1265 2541 πανηγυρίσαι,
1324 2463 1474 2519 ἀλλά
1531 2463 1746 2518 πάντων
1833 2459 1887 2516 ἒν
1962 2465 2042 2534 τῷ

381 2563 481 2615 τοῦ
505 2557 803 2614 λαυσιακού
830 2555 1096 2632 τρικλίνῳ
1127 2553 1505 2621 εἰσελθόντων,
1545 2550 1767 2621 ἐξῆλθεν
1802 2551 1828 2605 ὁ
1877 2568 2040 2627 πραι-

383 2649 640 2716 πόσιτος,
733 2647 824 2702 καὶ
885 2641 1327 2720 προσεκαλέσατο
1420 2641 1550 2701 τοὺς
1630 2637 2041 2714 προρῤηθέπας

385 2735 614 2807 πάντας,
647 2735 735 2791 καὶ
769 2735 957 2805 ἳστησι
987 2732 1092 2808 πρὸ
1115 2735 1214 2798 τῆς
1246 2729 1428 2802 πύλης
1461 2733 1557 2785 τοῦ
1589 2725 1890 2783 λαυσιακοῦ
1927 2747 2041 2803 τρι·-

392 2826 576 2883 κλίνου
625 2831 726 2896 τῆς
777 2825 1097 2898 εἰσαγούσης
1153 2820 1204 2878 ἐν
1274 2820 1353 2892 τῷ
1408 2823 1504 2874 τοῦ
1580 2817 2038 2896 χρυσοτρικλίνου

396 2914 646 2988 πόρτηκι,
703 2910 871 2989 ἥγὸυν
919 2911 972 2967 ἐν
1021 2915 1100 2983 τῷ
1157 2908 1472 2984 ὡρολογίῳ,
1531 2907 1622 2963 καὶ
1707 2906 1929 2975 ἐξῆλθεν
2008 2907 2038 2961 ὁ

390 2999 912 3080 πρωτοόεστιάριος,
944 3000 1033 3055 καὶ
1075 2994 1370 3055 ἐπιδέδωκε
1395 3001 1476 3069 τῷ
1505 2997 1712 3070 πρώτῳ
1756 2994 2039 3069 μαγίστρῳ

382 3095 445 3150 τὸ
474 3093 612 3150 κατὰ
665 3092 833 3149 τύπον
889 3083 1254 3164 ἀποκόμϐιον,
1311 3085 1402 3142 καὶ
1459 3085 1875 3164 εὐφημήσαντες
1939 3085 2035 3148 τάς

382 3183 435 3254 ἐξ
464 3181 621 3248 ἔθους
668 3189 783 3246 τοῖς
839 3178 1150 3257 βασιλεῦσιν
1198 3174 1468 3254 εὐφημίας
1537 3173 1694 3250 (ἦσαν
1745 3172 1801 3230 δὲ
1831 3174 1923 3231 καὶ
1968 3176 2035 3230 τὰ

377 3277 447 3347 τῇ
479 3273 662 3346 ἡμέρᾳ
689 3276 788 3328 τοῦ
823 3268 1167 3346 βρουμαλίου
1219 3265 1535 3340 ἁρμόζοντα
1575 3266 1907 3337 ποιήματα),
1939 3264 2032 3319 καί

377 3341 609 3431 ἐξῆλθον
642 3341 724 3435 ’μή
786 3341 1012 3434 ἅψαντες
1078 3355 1302 3428 κηροὺς.
1356 3357 1417 3412 Ὀ
1475 3351 1532 3410 δὶ
1563 3353 1884 3426 δομὲστικος
1924 3357 2032 3407 τῶν
2067 3341 2110 3407 C

379 3452 601 3528 σχολῶν
635 3447 724 3507 καὶ
756 3451 783 3506 ὁ
845 3447 1164 3523 δομὲστικος
1212 3451 1321 3502 τῶν
1375 3438 1699 3520 ὲξκουϐίτων
1730 3443 1820 3499 καὶ
1870 3445 1898 3498 ὁ
1936 3441 2031 3499 δο-

379 3543 633 3614 μίστικος
665 3545 772 3596 τῶν
815 3539 1076 3594 ῗκανάτων
1111 3533 1227 3612 ἅμα
1271 3539 1377 3591 τῶν
1407 3539 1764 3610 ταγματικῶν
1819 3531 2028 3603 κατῆλ-

376 3641 469 3693 θον
502 3627 554 3684 ἒν
605 3633 676 3702 τῇ
734 3629 1064 3703 Θερμάστρᾳ,
1104 3626 1168 3684 ’0
1211 3625 1314 3699 γὰρ
1355 3621 1723 3698 δρουγγάρίος
1773 3628 1872 3692 τῆς
1939 3623 2026 3696 βί·

373 3716 510 3794 γλας
555 3714 610 3771 ἓν
657 3720 737 3789 τῷ
782 3712 1122 3790 ἱπποδρόμῳ
1167 3713 1234 3783 ἦν
1298 3711 1585 3787 φυλάττων
1657 3711 1758 3780 τὴν
1831 3709 2026 3766 ἑαυτοῦ

373 3806 542 3879 τᾶξιν.
576 3809 604 3863 ὁ
635 3806 694 3864 δὶ
722 3805 1084 3878 σακελλάριος
1127 3801 1392 3873 κατῆλθεν
1428 3800 1480 3858 ἐν
1530 3805 1600 3876 τῇ
1641 3800 1778 3876 αὐτῇ
1820 3801 2026 3878 θερμά-

374 3917 530 3974 στρᾳ,
577 3897 669 3954 καὶ
725 3893 1049 3954 ὄπιδὲδωκεν
1076 3899 1156 3968 τῷ
1188 3892 1499 3968 δομεστίκῳ
1529 3895 1638 3948 τῶν
1687 3889 1908 3967 σχολῶν
1961 3892 2024 3946 τὸ

376 3983 744 4061 ἀποκύμϐιον,
775 3987 866 4043 καὶ
907 3986 1228 4064 εὐφήμησαν
1261 3986 1290 4040 ὅ
1320 4005 1379 4041 τε
1409 3983 1731 4058 δομέστικος
1762 3983 1850 4037 καὶ
1883 3983 2019 4038 πάν-

369 4097 458 4140 τες
490 4078 542 4132 οἱ
593 4081 699 4134 τῶν
753 4078 1046 4153 ταγμάτων
1099 4077 1196 4139 τὰς
1235 4074 1284 4146 ἐξ
1342 4068 1496 4138 ἔθους
1535 4077 1652 4136 τοῖς
1706 4070 2020 4146 βασιλεῦσιν

372 4165 670 4239 εὐφημίας,
702 4163 919 4238 ᾅδοντες
950 4165 1040 4220 καὶ
1087 4165 1152 4219 τὰ
1189 4165 1258 4237 τῇ
1297 4161 1479 4236 ἡμέρᾳ
1525 4159 1621 4216 τοῦ
1677 4157 2020 4236 βρουμαλίου

370 4256 678 4330 ἁρμόζοντα
731 4258 1038 4330 ποιήματα.
1079 4255 1191 4319 Εἶθ’
1252 4251 1414 4308 οὕτω
1451 4249 1673 4306 ἀπίεσαν
1734 4246 1786 4304 ο⁸ί
1817 4270 1876 4305 τε
1912 4250 2018 4322 μά-

367 4365 603 4424 γιστροι,
635 4344 956 4414 ἀνθύπατοι,
987 4343 1266 4418 πατρίκιοι
1305 4341 1397 4397 καὶ
1456 4339 1815 4414 συγκλητικοὶ
1846 4339 2018 4424 ἅπανο

365 4423 475 4504 τες,
527 4433 617 4491 καὶ
662 4435 720 4490 οἳ
766 4439 862 4490 τοῦ
913 4429 1330 4499 κουϐουκλείου,
1385 4427 1615 4490 ἕκαστος
1668 4427 1720 4482 ἐν
1770 4431 1838 4501 τῇ
1902 4423 2018 4497 ἳδίᾳ

364 4525 531 4581 αὐτοῦ
561 4523 726 4597 οἰκίᾳ,
761 4524 818 4579 οἱ
858 4520 914 4580 δὲ
962 4527 1069 4580 τῶν
1115 4523 1408 4598 ταγμάτων
1438 4517 1664 4578 ἕκαστος
1696 4518 1747 4572 ὲν
1779 4520 1848 4590 τῇ
1900 4511 2017 4589 ίδίᾳ

363 4613 532 4670 αὐτοῦ
587 4615 756 4686 τάξει.
809 4611 1026 4681 Ἰστέον,
1078 4610 1164 4668 ὅτι
1203 4614 1238 4681 ἡ
1288 4615 1396 4666 τῶν
1451 4605 1808 4685 βρουμαλίων
1873 4606 2011 4679 αὕτη

2160 2019 2219 2074 in
2251 2019 2544 2076 saximum
2579 2021 2838 2076 secunda
2865 2019 3074 2077 classis
3099 2022 3551 2092 magistratuum
3578 2030 3810 2096 tagma-

2158 2112 2282 2164 tum
2299 2125 2404 2165 seu
2426 2110 2702 2166 ordinum
2723 2109 3089 2179 militarium,
3113 2114 3176 2167 ut
3194 2111 3551 2182 scholarum,
3567 2115 3810 2172 arithmi

2156 2203 2216 2254 et
2244 2215 2651 2268 numerorum,
2687 2199 2869 2256 simul
2900 2205 2960 2256 et
2988 2200 3048 2256 in
3079 2217 3196 2256 uno
3227 2217 3506 2272 corpore:
3530 2203 3590 2260 in
3623 2205 3810 2262 altero

2155 2292 2350 2344 autem
2403 2305 2643 2361 corpore
2693 2289 2912 2344 intrant
2963 2290 3342 2360 magistratus
3400 2293 3807 2352 excubitorum

2155 2374 2564 2434 bicanatorum
2595 2383 2652 2434 et
2674 2377 2989 2450 imperialis
3021 2378 3226 2450 ploimi
3256 2395 3354 2436 seu
3381 2381 3604 2438 militia
3633 2400 3808 2440 nava-

2152 2464 2244 2521 lis.
2284 2467 2348 2521 Hi
2378 2483 2579 2524 omnes
2613 2467 2906 2540 accipiunt
2935 2467 2994 2523 in
3027 2467 3255 2524 saximo
3303 2471 3649 2542 apocombia
3707 2489 3809 2543 per

2153 2567 2369 2612 mensas
2393 2557 2751 2628 praelectum,
2788 2557 3179 2628 laudibusque
3208 2566 3262 2613 et
3291 2560 3442 2615 votis
3496 2561 3805 2618 dominum

2152 2647 2531 2720 faustumque
2586 2659 2760 2720 atque
2809 2648 3134 2704 solemnem
3203 2649 3481 2706 brumalii
3533 2653 3606 2707 ab
3674 2652 3802 2725 ipso

2150 2734 2423 2792 celebrati
2459 2737 2612 2792 diem
2642 2748 3098 2810 prosequuntur.
3133 2738 3253 2794 Sub
3273 2739 3460 2796 Leone
3476 2739 3802 2798 Christum.

2146 2829 2380 2882 amante
2408 2826 2643 2882 domino
2665 2831 2840 2896 typus
2857 2825 3157 2882 obtinebat
3188 2825 3284 2882 hic
3307 2843 3321 2882 :
3346 2827 3541 2884 Altero
3561 2829 3802 2886 bruma-

2148 2913 2358 2970 liorum
2391 2914 2485 2970 die
2515 2913 2911 2971 collocabatur
2952 2915 3012 2970 in
3064 2916 3368 2987 pransorio
3426 2933 3545 2973 una
3597 2934 3800 2975 mensa

2147 3003 2368 3074 privata
2401 3020 2502 3076 pro
2529 3004 2716 3059 tribus
2746 3004 2864 3060 fere
2895 3003 3201 3061 missibus.
3240 3006 3316 3062 Eo
3361 3006 3455 3063 die
3485 3006 3565 3062 ibi
3599 3009 3800 3066 convi-

2146 3091 2431 3149 vabantur
2480 3093 2736 3150 maximo
2786 3093 3123 3166 imperatori
3172 3096 3424 3152 convivas
3493 3097 3798 3155 ordinarii.

2147 3181 2519 3252 potissimum
2544 3183 2858 3240 familiare
2879 3182 3206 3241 intimiores
3221 3188 3277 3240 et
3299 3186 3588 3243 afﬁnitate
3606 3189 3800 3257 juncti

2149 3271 2427 3341 magistri,
2461 3271 2774 3344 praepositi,
2805 3272 3184 3343 proconsules
3215 3273 3444 3344 patricii
3491 3281 3550 3331 et
3589 3275 3802 3348 privati

2151 3361 2625 3433 protospatharii,
2659 3363 2876 3434 aliique
2903 3361 3142 3434 quidam
3176 3363 3294 3418 noti
3329 3368 3388 3418 et
3411 3365 3585 3419 amici
3610 3365 3797 3436 impe-

2141 3449 2336 3504 ratori.
2365 3450 2427 3506 In
2457 3449 2671 3506 illustri
2702 3457 2901 3507 autem
2931 3450 3247 3507 Justiniani
3269 3450 3521 3507 triclinio
3553 3452 3794 3510 colloca-

2140 3538 2312 3594 batur
2341 3540 2452 3595 alia
2485 3539 2705 3610 privata
2737 3556 2941 3596 mensa
2975 3556 3077 3612 pro
3108 3555 3204 3594 sex
3235 3546 3337 3595 aut
3366 3541 3790 3612 propemodum

2138 3627 2418 3684 missibus
2440 3644 2454 3696 ;
2471 3628 2856 3685 assidebatibi
2871 3629 2952 3684 im
2963 3629 3404 3701 peratorjunior
3420 3628 3790 3705 [Alexander]

2139 3720 2195 3772 et
2223 3716 2430 3788 reliqui
2465 3717 2754 3790 magistri,
2789 3717 3191 3788 proconsules,
3229 3717 3478 3789 patricii,
3511 3719 3790 3775 ofﬁciales

2137 3809 2193 3861 et
2219 3807 2692 3880 protospatharii,
2727 3811 2896 3879 prout
2917 3807 3126 3863 ritualo
3156 3807 3553 3863 conviviorum
3585 3807 3787 3878 edicit,

2136 3896 2256 3952 Sub
2272 3896 2796 3966 Michaele,Christi
2810 3902 3040 3953 amante
3053 3895 3438 3964 domino,ﬁlio
3452 3897 3761 3969 Theophili
3775 3940 3789 3967 ,

2135 3985 2506 4058 contingebat
2534 3981 2846 4056 aliquando
2875 3989 3138 4056 tempore
3178 3982 3606 4041 brumaliorum
3637 4002 3788 4042 szeva

2133 4081 2472 4146 tempestas.
2501 4075 2815 4146 Bpirabant
2843 4073 3217 4130 vehementes
3257 4073 3411 4130 venti
3459 4079 3517 4130 et
3547 4075 3787 4132 cadebat

2133 4165 2320 4220 multa
2350 4165 2468 4231 nix,
2502 4164 2585 4220 ita
2617 4172 2676 4220 ut
2705 4164 3005 4220 inaccessa
3034 4169 3190 4220 esset
3219 4163 3528 4220 triconobii
3559 4172 3782 4222 secreta

2131 4253 2368 4324 pbialia,
2400 4268 2584 4326 eoque
2616 4254 2968 4310 descendere
2997 4253 3072 4309 ad
3105 4253 3183 4308 Ibi
3213 4252 3589 4310 celebrandas
3635 4255 3781 4312 ritus

2127 4342 2257 4412 ejus
2280 4343 2614 4398 festivitatis
2647 4359 2833 4416 neque
2857 4342 3146 4415 magistri,
3181 4343 3580 4414 proconsules,
3605 4343 3781 4416 patri-

2127 4430 2441 4487 ciiordinis
2463 4431 2975 4503 senatorii,neque
3024 4431 3112 4487 illi
3160 4431 3233 4488 de
3279 4431 3487 4488 ordine
3527 4432 3774 4488 cubicu-

2125 4519 2406 4576 lariorum
2437 4521 2594 4578 850
2628 4526 2887 4593 possent.
2920 4521 3358 4578 Conveniebant
3382 4521 3556 4592 igitur
3576 4538 3781 4580 omnes

2124 4607 2185 4665 in
2214 4605 2457 4665 lausiaci
2490 4607 2768 4666 triclinio.
2803 4611 2886 4665 Ad
2935 4625 3082 4680 quos
3110 4609 3514 4676 egrediebatur
3560 4627 3775 4681 praepo-

355 4703 507 4776 τάξις
529 4703 822 4774 ἠλλοιώθη
851 4701 940 4758 καὶ
964 4701 1041 4766 εἷς
1068 4702 1130 4757 τὸ
1165 4701 1360 4773 μηκέτι
1411 4699 1548 4754 εἶναι
1595 4697 1862 4772 παρήχθη
1918 4694 2006 4751 ἐπὶ
2038 4760 2041 4766 η

2151 4697 2288 4765 itus,
2319 4701 2744 4772 advocatosque
2765 4699 3088 4756 collocabat
3106 4704 3239 4756 ante
3267 4704 3497 4772 portam
3534 4702 3778 4759 lausiaci

356 4797 459 4862 τῆς
493 4790 773 4868 βασιλείας
810 4791 1103 4866 Ἀωμαιςοῦ
1147 4787 1433 4845 δεσπότου.
1491 4785 1666 4848 Οὗτος
1723 4786 1829 4862 γὰρ
1874 4805 2018 4860 προ-

2155 4787 2386 4861 riclinii,
2436 4806 2568 4863 qua:
2623 4790 2684 4845 in
2737 4790 3029 4862 porticum
3066 4789 3514 4858 chrysotriclmii
3565 4796 3669 4847 aut
3715 4794 3773 4847 in

357 4883 612 4957 σχήματι
667 4881 716 4918 ²⁴
763 4876 1070 4950 εὐλαϐείας,
1113 4878 1204 4936 καὶ
1245 4879 1379 4954 οὐχὶ
1439 4872 1651 4932 δίκαιδν
1714 4875 1848 4931 εἶναι
1881 4875 2018 4931 κατᾶ

2151 4877 2498 4950 torologium
2531 4880 2661 4935 fert.
2694 4879 2773 4936 Eo
2807 4879 2978 4950 facto,
3005 4879 3203 4936 exibat
3249 4879 3318 4935 ad
3371 4878 3532 4952 ipsos
3572 4885 3777 4953 proto-

355 4972 424 5028 τὰ
470 4969 680 5028 παλαιὰ
730 4971 975 5045 ὗθήματα
1025 4968 1282 5027 Αὐσόνων
1330 4969 1446 5041 (52)
1485 4964 1786 5040 Ῥωμαίοις
1849 4965 2014 5041 βρου-

2151 4967 2436 5026 ποειίεῑίυε
2467 4976 2521 5026 et
2541 4969 2721 5026 dabat
2750 4969 2944 5042 primo
2965 4967 3245 5043 magistro
3266 4977 3612 5028 consuetum
3635 4988 3774 5042 apo-

1707 5090 1951 5148 VARIZE
1997 5087 2413 5150 LECTIONES.

422 5189 470 5226 “
506 5187 642 5263 πρὸς
677 5189 929 5263 σχήματι
961 5187 1091 5246 cod.
1127 5191 1184 5246 et
1202 5186 1296 5244 ed.

1394 5273 1601 5333 JOAN.
1641 5273 1784 5331 JAC.
1828 5273 2094 5331 REISKII
2133 5273 2725 5333 COMMENTARIUS.

416 5377 533 5452 (51)
558 5373 948 5438 Triconc‘num
977 5383 1036 5437 et
1065 5379 1266 5452 Sigma
1297 5379 1356 5434 et
1385 5375 1567 5452 Pbala
1611 5373 1765 5452 idem
1797 5377 1988 5452 _s_unt.
2101 5389 2205 5452 nes
2241 5379 2320 5452 _e_t
2377 5373 2478 5445 qui
2536 5373 2635 5430 alii
2669 5443 2681 5452 _
2713 5371 3017 5452 saltarent,
3078 5375 3266 5452 orbes
3327 5392 3572 5452 suarum
3621 5392 3762 5450 pyr-

336 5443 538 5522 Sigma
571 5443 1298 5522 eratmdiﬂciuma‘t'ergo
1339 5445 1992 5522 rotundum,utSigma
2109 5443 2470 5522 rbicbjarum
2558 5443 2966 5516 evolv‘ebant;
3040 5445 3155 5505 vid.
3240 5446 3417 5505 Leon.
3498 5443 3758 5506 Gram'm.

339 5518 622 5579 no'vorum
655 5524 1012 5592 Graecorum,
1050 5527 1152 5578 aut
1179 5518 1633 5587 CTLatinorum,
1660 5518 1849 5592 instar
1876 5518 1994 5592 πιο-
2107 5534 2161 5588 p.
2188 5518 2322 5592 Δ455.

338 5592 448 5672 dia
481 5593 654 5672 lunas.
689 5595 800 5654 Sed
834 5585 1125 5672 abantica
1155 5593 1502 5672 distinctum
1535 5585 1657 5647 erat
1691 5589 1794 5644 hoc
1817 5587 1995 5672 editi:
2175 5588 2289 5672 (52)
2316 5589 2691 5672 _Plerumque
2737 5585 2877 5672 novi
2929 5587 3133 5672 Graeci.
3186 5595 3322 5672 ante
3369 5587 3649 5672 smcqum
3701 5603 3759 5670 αι

336 5663 497 5722 cium
534 5665 592 5722 in
627 5675 745 5723 tres
773 5667 1025 5724 conchas
1058 5683 1160 5723 seu
1195 5664 1454 5737 porticus
1487 5664 1543 5718 in
1576 5674 1811 5719 summo
1843 5659 1995 5737 apsi-
2103 5659 2285 5737 italos
2316 5659 3049 5737 boc_nom_ine_designant,
3081 5662 3155 5717 ab
3201 5662 3460 5737 antiquis
3494 5659 3757 5737 Ausoni-

336 5737 530 5812 datas,
562 5754 593 5794 e
625 5737 836 5812 quibus
879 5731 1218 5812 prospectus
1267 5737 1500 5812 patebat
1545 5737 1614 5791 ad
1663 5731 1990 5812 oppqsitam

337 5801 604 5867 Phialam
628 5801 731 5872 seu
757 5801 945 5870 lacum
978 5801 1399 5880 marmore—um,
1423 5807 1575 5865 circa
1589 5801 1762 5878 quem
1791 5801 1992 5861 factio-

2104 5731 2237 5788 bus.
2267 5733 2408 5790 Latii
2427 5731 2660 5803 incolis,
2679 5729 2938 5789 Romano
2949 5743 3007 5788 ru
3020 5749 3073 5789 ω
3089 5747 3298 5789 nomen
3314 5729 3428 5789 sibi
3450 5729 3754 5803 pr_0pri_um

2103 5807 2423 5863 servantes.
2457 5797 2734 5877 Agathias
2766 5813 2824 5877 p.
2847 5803 2936 5874 43,
2967 5803 3034 5861 18
3057 5821 3073 5874 ;
3105 5797 3468 5862 Constantia:
3496 5797 3758 5873 Porphy-
