4094 6452
276 392 438 452 1143
1352 388 1875 453 CONSTANTINI
1915 391 1977 451 Ρι

2092 392 2239 454 PHY
2257 392 2629 454 ROGENITI
3532 377 3692 440 “44

274 525 387 583 hoc
439 540 670 597 quoque
699 527 821 581 ter:
859 545 889 575 «
923 527 1374 597 Imperatorum,
1409 541 1552 597 quos
1581 525 1926 599 approbatio
1956 530 1977 595 λ

2092 523 2300 601 εγάλῶν
2335 526 2602 602 βασιλέων
2637 525 2727 581 καὶ
2768 519 3183 598 αὐτοκρατόρων
3212 515 3415 575 πολλᾶ
3436 516 3501 570 τὰ
3531 511 3690 584 ἔτη.»

271 613 452 671 totius
480 613 684 670 mundi
709 614 1104 684 commendat,
1128 613 1246 670 sint
1275 615 1446 671 multi
1480 616 1639 671 anni.
1674 616 1929 689 Impera-

2092 615 2145 669 αὶ
2181 617 2315 688 μετᾶ
2343 617 2405 672 τὸ
2458 615 2754 672 τελειῶσαι
2795 615 2982 676 αὐτοῖς
3030 613 3130 681 τὴν
3172 607 3444 687 εὐφημίαν
3492 604 3697 682 λεγου-

280 707 501 775 torum,
531 721 682 776 quos
712 708 873 761 totus
895 705 1153 760 mundus
1173 705 1331 775 cupit
1357 721 1370 773 ;
1406 724 1432 758 ι
1457 713 1560 761 ter.
1594 727 1622 755 «
1656 704 1930 761 Fortissi-

2096 727 2140 759 ν.
2174 729 2198 759 α
2263 705 2639 781 Πολυχρόνιον
2676 706 2898 776 ποιήσει
2933 704 2960 757 ὁ
3011 701 3142 763 Θεὸς
3182 701 3282 769 τὴν
3334 698 3490 772 ἁγίαν
3532 698 3699 770 βασι-

279 808 514 850 morum
550 792 974 866 imperatorum
1017 794 1186 850 multi
1218 794 1336 850 sint
1387 794 1547 851 anni.
1581 816 1610 845 »
1642 799 1748 851 ter.
1786 817 1807 844 ι
1836 794 1934 848 Vi-

2092 793 2190 849 είαν
2245 795 2397 868 ὑμῶν
2440 795 2518 857 εἰς
2555 792 2745 850 πολλὰ
2774 792 2894 864 ἔτη,
2940 816 2968 843 ι»
3008 790 3105 847 Kai
3140 788 3234 846 εἶθ’
3275 788 3450 849 οὕτως
3511 786 3539 839 ὁ
3599 784 3696 858 μὲν

280 886 513 939 ctorum
590 881 1016 954 imperatorum
1094 883 1265 938 multi
1340 884 1457 939 sint
1524 884 1685 939 anni.
1737 906 1760 936 ι
1822 886 1930 938 ter.

2092 884 2302 948 ασιλεὺς
2360 885 2658 962 ἀπέρχεται
2701 883 2751 940 ἐν
2787 888 2867 955 τῷ
2922 886 3033 954 ναῷ
3085 883 3186 950 τὴς
3240 876 3533 953 ὑπεραγίας
3566 882 3701 931 Θεο-

279 994 311 1023 ‹‹
344 977 787 1044 Imperatorum,
820 975 921 1045 qui
961 973 1220 1029 hostium
1282 974 1639 1031 debilitatem
1697 973 1935 1029 invictis

2092 974 2208 1028 Sxou
2239 972 2291 1029 ἐν
2325 980 2404 1047 τῷ
2457 976 2634 1050 φόρῳ,
2676 973 2833 1029 κάκεῖ
2874 971 3190 1040 ἀπαλλάξας
3230 970 3330 1039 τὴν
3360 966 3563 1034 στολήν
3599 963 3703 1020 ἴπ-

283 1061 649 1134 argumentis
681 1063 1092 1119 demonstrant
1118 1068 1177 1119 et
1219 1065 1279 1119 in
1327 1064 1639 1135 conspicuo
1688 1068 1933 1134 ponunt,

2092 1064 2218 1135 εὔει,
2267 1063 2357 1118 καὶ
2407 1063 2706 1139 ἀπέρχεται
2740 1061 2793 1117 ἐν
2843 1065 2922 1134 τῷ
2969 1059 3245 1132 παλατίῳ⁶
3273 1058 3301 1112 6
3357 1054 3415 1113 δὲ
3443 1054 3707 1131 πατριάρ-

281 1153 406 1209 sint
438 1153 610 1209 multi
642 1152 803 1222 anni,
835 1174 865 1204 »
905 1157 1014 1209 ter.
1049 1176 1077 1203 «
1111 1152 1573 1210 Orthodoxorum
1620 1154 1936 1226 imperato-

2093 1159 2161 1222 ῆς
2192 1156 2273 1225 τῷ
2302 1151 2480 1226 πώλῳ
2512 1147 2704 1215 ἐπιϐὰς
2737 1153 2852 1226 (67)
2873 1148 3081 1207 ἄπεισιν
3114 1147 3169 1204 ἐν
3200 1151 3269 1223 τῇ
3300 1143 3705 1222 πατριαρχείῳ·

279 1253 417 1301 rum
450 1244 623 1301 multi
655 1245 779 1301 sint
809 1243 971 1315 anni,
1003 1265 1034 1295 »
1061 1249 1167 1301 ter.
1190 1267 1219 1295 «
1253 1245 1360 1301 Fili
1390 1244 1513 1317 Dei,
1542 1244 1723 1302 vitam
1756 1245 1898 1317 ipsis
1934 1245 2242 1318 [indulge],
2278 1268 2306 1296 »
2356 1251 2460 1303 ter.
2495 1268 2523 1297 «
2574 1246 2684 1302 Fili
2733 1244 2857 1313 Dei,
2900 1242 3252 1300 administra
3293 1254 3539 1313 regnum
3570 1252 3708 1293 cum

280 1335 429 1407 ipsis
459 1334 863 1409 collegialiter,
896 1358 925 1387 »
960 1341 1067 1393 ter.
1102 1357 1132 1387 α
1163 1335 1272 1391 Fili
1319 1336 1443 1407 Dei,
1470 1337 1708 1407 indulge
1758 1336 1927 1391 nobis
1966 1335 2201 1407 ipsos,»
2248 1341 2353 1392 ter.
2386 1358 2416 1387 ‹‹
2471 1335 2579 1393 Fili
2627 1335 2750 1408 Dei,
2809 1350 2996 1391 annos
3050 1347 3248 1390 eorum
3303 1327 3653 1401 multiplica,
3678 1348 3709 1378 »

282 1433 390 1484 ter.
425 1448 452 1477 «
487 1427 592 1484 Fili
634 1428 754 1499 Dei,
804 1429 1012 1485 exaudi
1061 1443 1190 1496 nos,
1241 1450 1271 1479 »
1300 1432 1407 1484 ter.
1438 1450 1466 1479 «
1503 1432 1736 1485 Crescat
1784 1427 1930 1483 ﬁdes
1977 1427 2527 1497 Christianorum,»
2575 1430 2683 1483 ter.
2720 1448 2747 1480 α
2793 1426 3024 1483 Crescat
3071 1423 3380 1496 imperium
3429 1421 3716 1477 Romano-

291 1533 451 1587 rum,
486 1540 516 1569 »
572 1522 683 1574 ter.
720 1539 750 1569 »
798 1518 1031 1575 Crescat
1077 1519 1317 1575 victoria
1363 1522 1422 1575 et
1483 1518 1730 1573 felicitas
1777 1520 2197 1583 Romanorum,
2231 1538 2256 1569 υ
2304 1524 2411 1575 ter.
2463 1540 2492 1569 «
2543 1518 2774 1574 Crescat
2821 1515 3099 1573 fortitudo
3147 1513 3346 1587 populi
3394 1509 3653 1579 Domini,
3682 1528 3713 1559 no

291 1610 404 1664 ter.
440 1627 471 1659 α
498 1605 616 1665 Nos
642 1623 852 1664 sumus
882 1607 1035 1665 servi
1075 1608 1513 1680 imperatorum,
1550 1627 1573 1656 ι
1607 1611 1718 1663 ter.
1753 1629 1781 1655 ‹‹
1833 1606 1999 1671 Illius
2043 1611 2102 1663 et
2146 1606 2307 1663 illius
2355 1623 2701 1679 magnorum
2749 1606 3168 1678 imperatorum
3216 1601 3559 1658 auctoritate
3607 1613 3720 1655 sua

300 1699 675 1771 regnantium
710 1697 885 1754 multi
915 1699 1035 1756 sint
1067 1698 1226 1755 anni.
1261 1720 1289 1749 ››
1322 1699 1478 1755 854
1508 1697 1646 1754 Post
1675 1696 1974 1753 absolutas
2003 1696 2111 1753 hac
2143 1698 2346 1754 laudes
2376 1697 2616 1754 dicunt:
2652 1719 2681 1748 ‹‹
2714 1697 3032 1753 Multieune
3064 1694 3234 1752 faciat
3263 1693 3417 1750 Deus
3447 1698 3721 1749 sanctum

302 1797 556 1844 vestrum
588 1787 924 1860 imperium.
959 1810 988 1839 »
1029 1790 1100 1844 Et
1136 1789 1221 1844 sic
1250 1788 1485 1844 tandem
1537 1787 1659 1842 abit
1706 1786 2023 1859 imperator
2066 1785 2128 1842 in
2178 1788 2359 1843 sedem
2407 1787 2792 1844 sanctissima
2846 1785 3122 1857 Deipam,
3163 1800 3292 1856 quae
3332 1782 3391 1837 in
3443 1783 3566 1836 foro
3606 1782 3699 1835 est

300 1877 506 1948 ibique
553 1878 822 1950 deposita
874 1877 1023 1935 stola
1081 1877 1168 1934 vel
1227 1877 1433 1933 habitu
1485 1876 1850 1948 triumphali,
1884 1875 2177 1933 inscendit
2232 1876 2293 1933 in
2334 1894 2578 1950 equum,
2635 1880 2693 1934 et
2741 1874 3035 1933 revehitur
3088 1874 3148 1930 in
3182 1867 3725 1944 palatium:patri-

301 1967 479 2025 archa
496 1982 633 2025 vero
661 1972 881 2026 remeat
908 1984 1087 2041 super
1115 1967 1280 2024 asino
1311 1984 1417 2025 suo
1448 1966 1510 2023 in
1541 1966 1995 2039 patriarcheum.

925 2056 1161 2115 CAPUT
1204 2057 1332 2114 xx.
1990 2061 2040 2127 Β

311 2145 685 2217 Observanda,
718 2146 941 2219 quando
970 2146 1288 2218 triumphus
1332 2147 1400 2203 de
1445 2148 1689 2207 hostibu:
1736 2149 1960 2207 devictis

891 2220 1079 2291 agitur
1107 2221 1167 2273 in
1198 2222 1368 2275 circo.

378 2311 621 2376 Quando
653 2310 1057 2383 spectaculum
1102 2316 1372 2382 equestre
1401 2310 1592 2366 editur
1620 2315 1723 2368 aut
1770 2316 1827 2368 et
1866 2329 1964 2369 vo-

311 2404 465 2468 tum,
491 2402 826 2471 producunt
855 2398 1108 2455 ministri
1142 2399 1529 2471 triumphales
1578 2400 1727 2458 bello
1757 2419 1962 2458 recens

314 2493 539 2560 captos,
593 2497 647 2546 et
722 2488 935 2546 milites
1022 2489 1367 2561 praesidiarii
1434 2491 1767 2562 producunt
1821 2490 1963 2562 ipsis

318 2580 570 2645 ereptam
619 2574 897 2646 praedam,
947 2578 1069 2630 tam
1119 2573 1452 2644 manubias,
1499 2592 1675 2648 quam
1754 2576 1961 2647 spolia,

323 2664 463 2719 item
496 2679 662 2719 arma
696 2665 885 2736 [scuta
915 2680 1124 2735 nempe
1153 2668 1211 2720 et
1249 2663 1522 2737 gladios],
1555 2674 1617 2721 ut
1662 2669 1719 2720 et
1765 2664 1965 2721 hastas

316 2756 375 2808 et
404 2752 724 2809 ﬂammula.
757 2754 821 2808 In
854 2753 964 2812 hoc
995 2757 1275 2825 apparatu
1312 2758 1451 2810 eunt
1499 2753 1559 2809 hi
1597 2770 1803 2810 omnes
1835 2770 1966 2810 sur-

321 2857 456 2898 sum
513 2842 576 2898 in
633 2845 876 2899 circum.
927 2842 1213 2915 Deinceps
1261 2842 1494 2899 advenit
1533 2843 1968 2914 protonotarius

2713 2060 2957 2113 ΚέΦΑΛ.
2992 2054 3069 2111 Κ’.

2104 2144 2241 2202 Ὃσα
2301 2140 2385 2200 δεῖ
2447 2145 2914 2222 παραφυλᾴττειν,
2958 2134 3254 2222 μθριάμξου
3323 2134 3694 2222 ἐπιτελουμέ-

2391 2237 2486 2272 νου
2518 2212 2803 2274 ἐπινικίων
2833 2215 2886 2271 ἐν
2902 2212 2996 2287 ⁷τῷ
3017 2212 3265 2288 ’ἱπποδρο
3277 2212 3408 2287 μίῳ.

2143 2308 2394 2365 Ἱππικοῦ
2458 2307 2755 2384 ἀγομένου,
2825 2305 2934 2362 εἴτε
2988 2305 3079 2361 καὶ
3141 2305 3333 2381 βοτοῦ,
3399 2298 3616 2377 ἄγουσιν
3677 2302 3735 2356 οἱ

2074 2395 2426 2473 ἐπινικιάριοι
2459 2397 2587 2460 τοὺς
2619 2395 2877 2471 δεσμίους
2909 2397 2999 2452 καὶ
3032 2397 3083 2451 οἱ
3139 2398 3399 2469 ταξεῶται
3445 2392 3514 2447 τὰ
3556 2392 3738 2448 σκύλα

2072 2488 2163 2542 καὶ
2223 2486 2440 2565 λάφυρα
2494 2488 2585 2542 καὶ
2644 2485 2863 2562 ἅρματα
2919 2486 3010 2542 καὶ
3057 2485 3125 2540 τὰ
3174 2482 3378 2559 δόρατα
3430 2481 3564 2552 μετὰ
3621 2484 3733 2536 τῶν

2075 2576 2479 2654 φλαμούλλων,
2532 2578 2621 2632 καὶ
2656 2577 2983 2653 ἀνέρχονται
3037 2576 3229 2637 πάντες
3263 2574 3315 2629 ἐν
3344 2577 3425 2646 τῷ
3462 2568 3741 2648 ἱπποδρο-

2080 2666 2209 2740 μίῳ.
2243 2667 2377 2723 Εἶτα
2425 2664 2791 2743 ἀνερχόμενος
2834 2668 2863 2722 6
2894 2666 3337 2743 πρωτονοτάριος
3385 2666 3482 2719 τοῦ
3523 2659 3739 2735 δρόμου

2071 2753 2257 2827 ἵστησι
2316 2777 2517 2820 παντας
2582 2755 2866 2832 στιχηδὸν,
2941 2757 3111 2831 ἤγουν
3159 2754 3267 2810 ἀπὸ
3311 2757 3409 2809 τοῦ
3459 2752 3739 2828 μαγγάνου

2082 2848 2251 2921 μέχρι
2308 2850 2406 2901 τοῦ
2453 2848 2708 2921 καμπτοῦ
2750 2851 2849 2902 τοῦ
2897 2848 3149 2917 Βενέτου,
3199 2843 3250 2899 ἐν
3300 2844 3544 2918 πρώτοις
3590 2839 3741 2911 πληο

316 2945 532 2988 οιιιδευε
561 2936 623 2988 et
652 2932 892 2990 00110081
921 2948 1128 2988 omnes
1159 2933 1218 2987 in
1259 2948 1438 2989 unam
1485 2931 1696 2989 seriem
1738 2949 1771 2988 8
1802 2950 1968 2989 man-

2092 2937 2196 2991 τίον
2232 2940 2330 2991 τοῦ
2384 2941 2640 3011 καμπτοῢ
2687 2937 2754 2992 τὰ
2802 2935 3037 3012 ἅρματα,
3089 2933 3271 2989 ὄπιθεν
3328 2930 3385 2988 δὲ
3422 2936 3531 2988 τῶν
3562 2928 3741 3004 ἁρμά-

316 3037 468 3094 gano
497 3021 633 3078 inde
654 3023 781 3094 [seu
803 3021 1160 3094 carceribus]
1186 3038 1373 3095 usque
1394 3023 1465 3078 ad
1491 3027 1704 3079 metam
1739 3022 1967 3079 Veneti.

2092 3047 2189 3082 των
2233 3026 2301 3081 τὰ
2355 3025 2530 3082 σκῦλα
2578 3028 2666 3082 καὶ
2720 3026 2954 3104 λάφυρω
2998 3020 3183 3080 ὄπιθεν
3216 3021 3274 3078 δὲ
3319 3021 3528 3077 τούτων
3559 3018 3623 3073 τὰ
3652 3014 3740 3070 δό-

323 3111 589 3168 Proxime
620 3128 654 3168 a
685 3116 841 3168 meta
870 3111 1114 3168 collocat
1161 3128 1323 3168 arma
1348 3132 1361 3181 ;
1390 3120 1516 3183 post
1538 3128 1603 3167 ea
1624 3113 1890 3169 induvias
1916 3117 1974 3169 et

2092 3135 2219 3190 ρατα
2262 3114 2397 3188 μετὰ
2443 3119 2551 3170 τῶν
2601 3102 2981 3193 φλαμοῦλλων
3008 3116 3097 3170 καὶ
3147 3113 3275 3176 τοὺς
3327 3110 3597 3185 δεσμίους.
3630 3102 3741 3163 Καὶ

319 3204 600 3273 praedam,
654 3206 786 3273 post
832 3201 954 3259 hrec
1003 3201 1203 3257 hastas
1253 3218 1387 3259 cum
1438 3202 1794 3271 ﬂammulis;
1846 3208 1971 3258 tum

2092 3204 2130 3259 εἰ
2166 3205 2259 3277 μὲν
2309 3204 2441 3259 εἰσιν
2485 3203 2655 3260 ἵπποι
2696 3206 2731 3276 ἢ
2782 3206 2871 3260 καὶ
2905 3203 3177 3279 κάμηλοι,
3219 3201 3469 3258 ἵστανται
3511 3201 3727 3263 ὄπισθεν

322 3292 620 3361 captivos;
655 3306 807 3363 pone
840 3292 944 3347 hos
975 3292 1108 3362 equi
1141 3296 1301 3347 stant
1331 3296 1508 3362 atque
1529 3290 1758 3357 cameli,
1790 3291 1839 3347 si
1870 3292 1975 3363 qui

2092 3301 2190 3351 τῶν
2214 3293 2474 3370 δεσμίων,
2506 3297 2595 3352 καὶ
2627 3296 2672 3352 εἰ
2727 3296 2867 3353 ἔστιν
2907 3296 3039 3360 λαὸς
3070 3296 3249 3359 πολὺς
3289 3296 3341 3351 οἱ
3396 3292 3615 3368 δέσμιοι
3643 3289 3740 3346 καὶ

322 3381 475 3451 capti
510 3382 728 3437 adsint.
760 3382 817 3436 Si
852 3397 984 3437 vero
1020 3396 1299 3437 numerus
1328 3382 1712 3453 captivorum,
1759 3381 1975 3451 spolio-

2092 3384 2273 3441 πολλὰ
2303 3386 2370 3441 τά
2398 3407 2455 3441 τε
2486 3386 2682 3455 σκύλα,
2714 3388 2802 3443 καὶ
2841 3387 3055 3468 λάφυρα
3086 3388 3222 3460 (68),
3261 3386 3351 3441 καὶ
3391 3381 3608 3459 ἅρματα
3646 3378 3741 3468 καὶ

326 3487 481 3540 rum,
516 3473 747 3543 praadaa,
781 3488 1101 3541 armorum,
1152 3473 1480 3541 hastarum,
1531 3472 1976 3529 ﬂammulorum

2092 3476 2153 3530 τὰ
2183 3472 2384 3551 δόρατα
2438 3477 2573 3548 μετὰ
2616 3481 2725 3531 τῶν
2770 3466 3173 3553 φλαμούλλων,
3217 3471 3464 3530 ’ίστανται
3516 3469 3607 3526 διὰ
3648 3466 3750 3524 δύο

328 3560 406 3616 sit
429 3561 661 3633 ingens,
685 3562 1032 3617 ordinantur
1051 3562 1270 3617 induas
1299 3562 1493 3618 series.
1521 3562 1687 3627 Quod
1709 3564 1757 3618 si
1783 3567 1978 3619 autem

331 3668 450 3708 non
480 3654 647 3709 valde
679 3669 991 3709 numerosa
1041 3669 1109 3709 ea
1157 3653 1297 3724 sint,
1332 3654 1615 3723 efficiunt,
1647 3660 1712 3709 ut
1758 3655 1979 3710 dictum

334 3747 447 3812 est,
479 3743 691 3800 seriem
722 3742 1135 3798 tantummodo
1169 3757 1341 3797 unam
1388 3759 1421 3797 a
1468 3742 1795 3798 carceribus
1847 3743 1983 3798 inde

335 3850 519 3907 usque
550 3833 621 3890 ad
682 3832 883 3891 Veneti
922 3839 1159 3888 metam.
1213 3832 1526 3905 Postquam
1576 3831 1888 3904 imperator
1925 3832 1984 3887 in

334 3923 738 3997 procypticum
787 3922 1050 3979 clubium
1100 3921 1228 3993 [seu
1282 3922 1539 3979 tribunal
1587 3922 1850 3978 eminens
1896 3921 1985 3979 vel

336 4013 663 4080 balconem,
694 4014 852 4069 unde
885 4020 1232 4085 prospectus
1280 4012 1342 4068 in
1392 4013 1721 4084 subjectum
1763 4012 1985 4067 circum

335 4107 517 4175 patet,
541 4102 810 4175 opposito
832 4102 1057 4159 clathro
1081 4102 1423 4174 munitum]
1439 4103 1724 4172 ascendit,
1750 4104 1988 4161 descen-

339 4193 426 4249 dit
455 4193 809 4251 domesticus
841 4192 1169 4251 scholarum
1200 4195 1275 4265 (si
1307 4210 1515 4267 nempe
1544 4193 1595 4250 is
1627 4209 1692 4251 eo
1714 4192 1805 4249 die
1838 4195 1988 4250 taxi-

2093 3565 2322 3642 στίχων.
2367 3564 2430 3622 Εἰ
2465 3563 2523 3621 δὲ
2556 3565 2654 3621 οὕκ
2692 3566 2823 3621 εἰσιν
2876 3564 2954 3628 εἷς
2997 3564 3214 3636 πλῆθος
3262 3569 3450 3633 ταῦτα,
3498 3562 3753 3616 ’ἰστανται

2098 3652 2166 3709 δι’
2235 3654 2349 3716 ἑνὸς
2399 3655 2618 3731 στίχου,
2658 3657 2841 3719 mea;
2880 3652 3115 3732 ε’ίρηται,
3155 3653 3262 3710 ἀπὸ
3308 3657 3408 3709 τοῦ
3467 3650 3755 3726 μαγγάνου

2101 3745 2268 3819 μέχρι
2298 3748 2395 3800 τοῦ
2445 3750 2701 3820 καμπτοῦ
2758 3750 2856 3803 τοῦ
2897 3743 3145 3802 Βενὲτου.
3179 3746 3279 3802 Καὶ
3319 3742 3452 3817 μετᾶ
3492 3739 3554 3796 τὸ
3587 3736 3757 3794 ἀνελ-

2097 3839 2206 3899 θεῖν
2250 3836 2343 3889 τὸν
2405 3834 2635 3909 βασιλέα
2692 3835 2768 3899 εἷς
2799 3837 2862 3891 τὸ
2892 3835 3262 3911 προκυπτικὸν
3295 3825 3582 3899 κλουϐίον,
3620 3848 3754 3883 κατ-

2096 3922 2319 4000 ἐρχεται
2351 3925 2379 3979 ὁ
2415 3922 2740 3999 δομέστικος
2770 3931 2879 3982 τῶν
2931 3925 3184 4003 σχολῶν,
3243 3922 3288 3979 εἶ
3348 3919 3449 3999 ὅρα
3495 3919 3659 3981 αὐτὸς
3681 3919 3752 3987 ἦν

2096 4013 2124 4068 6
2155 4018 2390 4085 ποιήσας
2420 4016 2482 4071 τὸ
2510 4014 2803 4090 ταξείδιον,
2835 4017 2972 4090 μετὰ
3008 4016 3098 4071 καὶ
3148 4017 3256 4070 τῶν
3313 4013 3626 4088 στρατηγῶν
3657 4005 3756 4063 καὶ

2094 4100 2564 4180 κλεισουραρχῶν·
2625 4103 2733 4161 εἷ’τε
2806 4106 2834 4160 6
2892 4104 3246 4182 δρουγγάριος
3321 4105 3419 4157 τοῦ
3502 4097 3756 4171 πλοΐμου

2104 4194 2242 4267 μετὰ
2286 4197 2395 4249 τῶν
2453 4191 2714 4268 πΛοίμῶν
2762 4198 3085 4270 στρατηγῶν
3113 4191 3204 4248 καὶ
3229 4196 3336 4248 τῶν
3375 4189 3632 4267 μεγάλων
3664 4186 3761 4262 ἀρ·

1496 4338 1691 4395 JOAN.
1732 4335 1864 4393 JAC
1904 4336 2156 4394 BEISKII
2195 4336 2786 4396 COMMENTARIUS.

416 4469 537 4541 (67)
571 4463 773 4529 Πῶλος
803 4484 902 4524 seu
924 4469 1137 4541 asinus
1187 4468 1327 4524 olim
1377 4472 1501 4525 erat
1544 4469 1873 4524 Graecorum
1908 4482 2008 4537 pa-
2040 4468 2086 4533 D
2118 4465 2376 4541 Chalitas
2407 4483 2649 4541 quoque
2678 4466 2827 4541 olim
2868 4466 3261 4541 Bagdadicqs,
3284 4481 3429 4541 equo
3460 4467 3761 4541 sedentes,

345 4538 741 4597 triarCharum
786 4546 844 4595 et
890 4539 1234 4595 clericorum
1288 4542 1344 4595 in
1397 4541 1759 4605 universum,
1813 4541 2012 4608 utpote
2118 4538 2759 4595 ducebant’int’erdum
2805 4538 3055 4595 Sulthan
3112 4538 3462 4609 Selgiukida
3519 4547 3574 4594 et
3635 4538 3760 4606 alii,

358 4614 751 4670 humilitatem
771 4610 2010 4684 proﬁtentium,vecturainprocessionibus
2117 4612 2354 4684 frenum,
2381 4619 2641 4684 tenentes
2666 4617 2724 4666 et
2761 4611 3012 4682 pedibus
3056 4611 3171 4682 ipsi
3212 4609 3595 4667 ambulantes.
3646 4610 3761 4665 Sed

354 4693 413 4741 et
447 4685 618 4740 alias.
652 4679 1031 4754 Theophanes
1053 4700 1110 4754 p.
1146 4685 1268 4751 104,
1303 4686 1371 4739 de
1409 4679 1649 4754 [EID—PQ:
1682 4713 1751 4754 -έ-
1800 4679 1860 4754 ἐκ
1914 4679 2010 4754 τοῦ
2118 4682 2225 4738 hoc
2257 4682 2435 4752 hujus
2463 4682 2571 4739 loci
2606 4699 2723 4738 non
2754 4679 2863 4740 est.

356 4754 636 4811 παλατίου
681 4750 977 4810 λιτανεύων
1005 4750 1169 4821 ἦλθεν
1223 4750 1299 4814 εἰς
1346 4754 1443 4823 τήν
1496 4752 1785 4824 ἐκκλησίαν
1838 4750 1977 4825 ὀχού

2166 4753 2302 4825 ν(68“
2336 4750 2967 4825 Distinctioneminter
2995 4753 3102 4810 has
3133 4754 3283 4811 duas
3309 4769 3479 4812 voces
3508 4753 3569 4811 in
3600 4751 3765 4825 Lati-

358 4848 521 4903 μενος
554 4825 686 4901 ὄνῳ.
714 4829 801 4883 Ita
827 4820 1061 4903 quoque
1091 4829 1150 4883 S.
1183 4820 1713 4903 Chrysﬁtgpmusin
1738 4820 1977 4903 exsiliun

2117 4820 2211 4903 nis
2259 4825 2644 4903 adumbravi:
2688 4820 2862 4903 σκιξλα
2910 4841 3123 4898 nempe
3166 4843 3233 4903 ea
3279 4834 3437 4903 sunt,
3476 4822 3763 4903 quantine

354 4894 559 4958 abiens
590 4894 768 4972 super
798 4894 981 4956 asino'
995 4894 1356 4972 conspicitur
1386 4901 1444 4952 in
1471 4897 1797 4972 Menologio
1848 4896 1977 4972 Dasi

2117 4899 2227 4949 τῶν
2269 4896 2635 4972 πεπτωκότων
2685 4894 3119 4972 σκρλλονταιζρ
3153 4894 3765 4969 ,Ῑαεθηείὺωάυειιιιη-

353 4972 510 5029 liano
540 4978 583 5027 t.
619 4969 747 5043 l,'p.
772 4972 911 5043 7184.
939 4989 954 5042 ;
984 4973 1097 5028 vid.
1131 4969 1453 5043 Casaubon.
1500 4971 1571 5026 ad
1620 4969 1831 5043 Script.
1865 4969 2010 5023 Hist.
2118 4970 2498 5039 tur,mortuis
2518 4969 3317 5043 corporibusabstrahuntur,
3342 4976 3629 5039 utvestes,
3654 4977 3767 5025 tor-

356 5048 496 5117 Aug.
528 5048 572 5097 t.
598 5038 733 5117 1,33.
754 5042 894 5117 _799,
926 5038 983 5099 et
1014 5044 1317 5117 Du_Cange
1350 5042 1439 5117 Gl.
1471 5046 1595 5097 Lat.
1625 5058 1681 5117 _v.
1714 5038 2013 5117 Αζςίιιονιιηι
2121 5038 2288 5117 ques,
2312 5058 2548 5117 aurum,
2572 5038 2840 5117 gemmae,
2861 5045 3048 5117 arma,
3072 5046 3205 5117 etc.,
3231 5038 3445 5117 λάφυρα
3465 5057 3767 5113 vero,que

360 5111 490 5186 ordo
520 5120 577 5168 et
602 5111 702 5186 GlI_
743 5114 840 5169 Gr.
894 5132 946 5168 ν.
1009 5112 1223 5175 πῶλος.
1259 5111 1393 5169 Βθά
1453 5130 1565 5169 non
1623 5113 1702 5167 ita
1755 5111 2013 5186 episcopi
2119 5111 3772 5186 vivisadhuchostibus,sedautcaptisautinfugamcon-

362 5182 581 5251 Romze,
610 5184 710 5253 qui
739 5200 890 5255 equo
916 5186 1301 5254 vehebantur,
1329 5185 1661 5241 honestiore
1691 5183 1928 5238 animali
1961 5191 2014 5238 et
2112 5184 2289 5255 jectis
2305 5186 2671 5252 adimuntur,
2697 5190 2760 5240 ut
2779 5194 2985 5252 vestes,
3010 5182 3198 5254 arma,
3220 5182 3774 5255 tentoriaetomnia

359 5255 522 5334 viros
574 5254 866 5334 principes
916 5263 1105 5331 magis
1153 5261 1442 5334 decenter
1473 5261 1658 5334 Unum
1718 5257 1876 5334 nobis
1922 5272 2017 5334 (ία-
2118 5254 2195 5334 iis
2244 5262 2548 5334 contenta,
2585 5257 3172 5334 iumenta,_reliq_ua,
3222 5257 3398 5334 πᾷντα
3441 5254 3777 5334 τᾶ-λαφυσ-

367 5325 887 5400 ρηὶιιιγηληίξενωη
953 5325 1335 5397 ίνᾱηδνηείδίετί,
1394 5330 1472 5383 ait
1552 5326 2011 5400 GregoriusﬂM.
2123 5325 2349 5398 σόμενα,
2391 5325 2610 5400 omnia,
2645 5345 2773 5400 quae
2807 5325 3185 5385 differri—huc
3226 5332 3390 5395 illuc,
3422 5330 3622 5395 dividi,
3647 5325 3779 5384 'dis-

366 5396 548 5471 Epist.
582 5394 672 5471 3Q,
706 5393 744 5446 l.
779 5412 877 5461 xu,
909 5407 959 5452 et
991 5405 1229 5471 quinque
1262 5393 1423 5455 bo‘nos
1470 5393 1696 5455 asinos:
1730 5399 2018 5453 Cuballum
2125 5393 2302 5470 cerpi,
2339 5399 2491 5455 velut
2523 5393 2722 5470 panni,
2749 5407 2895 5456 ferro
2940 5404 3315 5459 contruncari
3363 5393 3418 5457 et
3465 5402 3526 5459 in
3575 5393 3777 5458 cibum

371 5464 534 5543 illuni
563 5464 748 5519 sedere
774 5483 885 5543 non
912 5464 1147 5539 pos-sum,
1192 5476 1321 5543 quia
1368 5474 1540 5528 miser
1586 5482 1700 5540 est;
1750 5472 2016 5543 illoswau-
2124 5464 2317 5542 parari
2366 5464 2645 5543 possunt,
2694 5464 2853 5527 velut
2897 5472 3073 5543 boves
3137 5483 3190 5529 et
3223 5473 3497 5530 victualia
3552 5474 3775 5543 omnia.

372 5543 485 5619 tem
518 5539 681 5592 bonos
711 5538 904 5619 sedere.
926 5556 1034 5593 won
1074 5538 1313 5619 possum,
1346 5545 1477 5613 quia
1515 5543 1663 5619 asini
1690 5538 1848 5596 sunt.
1872 5541 1977 5613 ‘[Pi

2123 5538 2337 5619 Suidas
2359 5538 2441 5619 ita
2470 5538 2781 5619 distinguit
2807 5562 2821 5600 :
2855 5541 3044 5597 Σκῦλα
3071 5544 3143 5619 τὰ»
3169 5544 3276 5598 ἀπὸ
3323 5548 3430 5619 τ-ῶν
3482 5542 3777 5619 πολεμίων

379 5613 565 5695 pinus
581 5624 679 5663 rex
709 5607 1255 5695 \Lice‘st-ratoris'ivit
1285 5607 1424 5695 cum
1446 5614 1715 5684 pontifice
1742 5607 1977 5695 equo—iu

2124 5610 2442 5695 ᾀνχιρημένα
2469 5613 2535 5670 τὰ
2565 5613 2628 5670 ἐκ
2651 5607 2764 5670 ἶῶν
2817 5619 3045 5693 νεκρῶν,
3079 5612 3296 5695 λάφυρα
3343 5615 3402 5673 δὲ
3446 5617 3515 5673 τὰ
3556 5607 3640 5673 ἔνι’
3661 5619 3776 5673 τῶν

381 5680 608 5760 sidente
635 5696 693 5753 p.
724 5681 789 5736 91
826 5680 1096 5739 Alberici.
1124 5684 1277 5742 Idem
1319 5680 1476 5753 facit,
1512 5703 1644 5743 cum
1690 5680 2019 5760 patriarcha
2126 5680 2368 5756 ζώνων.

379 5755 599 5817 electus
623 5764 729 5819 est.
763 5764 931 5817 Hunc
962 5760 1156 5833 ipsum
1189 5762 1473 5833 hodieque
1504 5760 1664 5817 ducit
1691 5755 2021 5832 'Vezirus.]'
