4094 6362
373 405 533 464 1145

1219 409 1320 470 DE
1366 410 1820 473 CERIMONIIS
1863 410 2098 473 AULJE
2141 407 2614 472 ΒΥΖΑΝΤΙΝᾸΞ
2659 413 2802 472 LIB.
2851 414 2926 474 Π.

3625 419 3780 480 1146

373 537 580 610 γόιτων
612 537 710 590 τοῦ
739 533 1008 609 πλοΐμου,
1057 538 1144 594 καὶ
1185 538 1234 594 ε’ί
1291 561 1341 596 τι
1363 539 1436 614 λᾶν
1475 542 1703 618 εὕρωσιν
1772 543 2020 606 meum

2139 547 2300 602 dium
2333 545 2487 618 cogit
2515 546 2602 602 vel
2634 548 2950 619 cohortem,
2986 565 3112 621 quae
3155 551 3387 622 vigilias
3443 553 3604 610 obire
3632 559 3689 611 et
3719 556 3780 610 in

370 630 475 693 τῆς
517 627 616 678 τοῦ
663 628 1112 702 πρωτονοταρίου
1157 633 1254 683 τοῦ
1322 628 1529 704 δρόμου
1603 634 1838 696 στάσεως
1888 636 2022 706 (69),

371 709 833 786 έπιδιορθοῦνται,
871 717 961 770 καὶ
1019 722 1248 773 ποιῶσιν
1287 722 1386 790 τήν
1419 724 1806 800 προσήκουσαν
1858 726 2022 778 κατα-

373 825 562 859 στασιν
592 809 702 859 τῶν
758 803 1018 880 δεσμίων,
1076 811 1165 864 καὶ
1199 811 1435 883 σκύλων,
1485 814 1574 868 καὶ
1623 812 1902 890 λαφύρων,
1933 813 2021 870 καὶ

381 895 662 968 ἁρμάτων,
711 895 802 950 καὶ
858 901 963 951 τῶν
1015 896 1258 972 δοράτων
1311 905 1446 974 μετὰ
1482 907 1588 957 τῶν
1639 902 2024 981 φλαμούλλων

379 983 582 1040 αὐτῶν.
635 985 736 1040 Καὶ
784 987 997 1042 πάντων
1037 987 1224 1053 καλῶς
1279 988 1713 1064 διευθυνθέντων,
1775 993 2023 1070 ἀναφέρει

385 1075 413 1128 ὁ
449 1075 812 1147 πραιπόσιτος
843 1081 922 1143 τῷ
957 1077 1193 1148 βασιλεῖ,
1215 1081 1306 1134 καὶ
1331 1082 1618 1156 προστάξει
1667 1087 1762 1139 τοῦ
1789 1105 2024 1160 πραιπο-

375 1163 530 1218 σίτου
555 1163 742 1240 κρούει
773 1164 952 1240 τρίτον
980 1167 1043 1221 τὸ
1067 1171 1424 1244 ίσκουτάριον,
1483 1173 1572 1226 καὶ
1627 1173 1948 1248 κατέρχεται
1995 1175 2022 1228 ὁ

381 1251 638 1329 βασιλεὺς
680 1254 817 1308 κατά
860 1255 954 1310 τὺν
1002 1255 1435 1332 ἐπικρατήσαντα
1489 1261 1656 1317 τύπον
1713 1268 1824 1317 τῶν
1855 1265 2022 1318 ἱππο-

379 1340 650 1418 δρομίων,
692 1346 780 1400 καὶ
843 1343 1110 1426 στέφεται,
1169 1350 1256 1404 καὶ
1316 1353 1382 1406 τὲ
1447 1353 1568 1422 ἑξῆς
1625 1353 2020 1428 ἐπιτελοῦνται,

377 1434 556 1496 καθὼς
584 1427 702 1509 ἔχει
733 1437 768 1505 ἡ
800 1437 947 1506 τάξις
983 1443 1093 1493 τῶν
1154 1439 1560 1514 ἱπποδρομίων.
1601 1445 1712 1500 Τοῦ
1763 1441 1818 1498 δὲ
1871 1446 2022 1520 βασι·

375 1519 518 1585 λέως
551 1523 796 1588 ἀνιόντος
850 1526 928 1588 εἷς
975 1528 1038 1582 τὸ
1104 1529 1344 1602 κάθισμα
1391 1531 1479 1586 καὶ
1510 1532 1601 1586 τὸν
1636 1532 1766 1588 λαὸν
1797 1534 1934 1588 κατᾶ
1960 1533 2021 1588 τό

373 1611 570 1676 εἰωθὸς
635 1616 1194 1694 κατασφραγίζοντος,
1271 1619 1666 1696 ἀκτολογοῦσιν
1722 1625 1774 1676 οἱ
1847 1621 2021 1696 δῆμοι

368 1702 442 1757 τὰ
499 1702 700 1767 εῗθῶτα
759 1705 970 1775 αὐτοῖς,
1011 1709 1101 1764 καὶ
1149 1714 1246 1764 τοῦ
1308 1710 1576 1786 βασιλέως
1669 1715 2020 1778 καθεσθέντος

369 1790 460 1846 ἐπὶ
491 1796 584 1848 τοῦ
617 1793 899 1869 βασιλείου
943 1799 1161 1870 θρόνου,
1197 1797 1286 1854 δια
1332 1800 1598 1875 νεύματος
1655 1808 1750 1858 τοῦ
1789 1805 2020 1860 ἀκτουα-

372 1882 503 1957 ρίου
554 1882 886 1941 ἀποκινῶσιν
935 1889 1151 1962 πρῶτον
1213 1890 1306 1963 μὲν
1357 1893 1424 1946 τά
1477 1895 1708 1967 ἅρματα,
1741 1889 1923 1950 ἔπειτα
1952 1895 2019 1950 τὰ

364 1969 540 2027 σκύλα
569 1974 660 2029 καὶ
692 1978 926 2054 Λάφυρα,
957 1979 1047 2033 καὶ
1104 1977 1422 2042 ἀκολούθως
1452 1983 1658 2040 τούτων
1711 1987 1778 2040 τὰ
1809 1983 2010 2062 δόρατα

366 2063 504 2136 μετὰ
530 2065 638 2120 τῶν
674 2063 1074 2143 φλαμούλλων,
1108 2070 1322 2125 ὅπισθνν
1359 2069 1414 2126 δὲ
1433 2073 1640 2128 τούτων
1675 2076 1726 2129 οἱ
1768 2072 2007 2150 δέσμιοι,

361 2151 452 2206 κηὶ
479 2150 790 2229 διέρχονται
819 2157 882 2211 τὸ
926 2159 1089 2232 μέρος
1135 2164 1240 2214 τῶν
1293 2159 1508 2234 δήμων,
1542 2165 1632 2218 καὶ
1665 2166 2009 2238 κάμπτουσιν

367 2241 458 2294 τὸν
511 2248 608 2298 τοῦ
655 2246 926 2320 Πρασίνου
975 2249 1244 2321 καμπτὸν,
1304 2251 1394 2305 καὶ
1449 2252 1771 2328 ἀνέρχονται
1844 2256 2012 2334 μέχρι

369 2340 466 2403 τῆς
498 2333 676 2410 φίνας,
717 2335 884 2410 ἤγουν
943 2341 1040 2392 τοῦ
1100 2343 1164 2393 Π.
1195 2340 1294 2396 Καὶ
1347 2339 1392 2394 εἰ
1425 2339 1564 2398 ἔστιν
1591 2341 1723 2410 λαὸς
1755 2333 1928 2407 πολὺς
1963 2347 2014 2400 οἳ

368 2422 608 2498 δέσμιοι,
641 2424 964 2500 ἀνέρχονται
1001 2429 1166 2504 μέχρι
1205 2433 1302 2483 τοῦ
1334 2437 1589 2504 καμπτοῦ
1617 2438 1714 2488 τοῦ
1765 2434 2014 2495 Βενέτου.

363 2515 446 2572 Τὰ
475 2512 532 2570 δὲ
555 2514 752 2586 σκύλα,
781 2515 870 2570 καὶ
903 2515 1140 2596 λάφυρα,
1171 2519 1260 2574 καὶ
1312 2521 1528 2595 ἅρματα
1557 2529 1776 2588 τιθῶσιν
1821 2526 1877 2579 οἱ
1923 2545 2018 2580 τα-

364 2607 562 2676 ξεῶται
592 2602 678 2658 ἐπὶ
729 2601 995 2682 διφθερῶν
1045 2608 1127 2662 κα⁷
1182 2609 1434 2666 κιλικίων
1485 2613 1623 2686 πρὸς
1671 2613 1732 2668 τό
1797 2617 1872 2688 μὴ
1923 2636 2020 2688 μο-

361 2695 650 2764 λυνθῆναι,
683 2692 791 2750 εἴτε
813 2695 918 2750 ἀπὸ
947 2700 1044 2750 τοῦ
1061 2703 1372 2772 κονιορτοῦ,
1406 2699 1514 2755 εἷ’τε
1544 2702 1646 2756 ὀπὸ
1677 2707 1772 2758 τοῦ
1807 2705 2016 2774 πηλοῦ.

367 2785 434 2841 O't
465 2781 522 2838 δὲ
580 2780 833 2856 δημῶται
888 2790 998 2840 τῶν
1056 2783 1153 2840 δύο
1188 2793 1366 2862 μερῶν
1415 2789 1506 2844 καὶ
1539 2791 1591 2844 οἱ
1629 2797 1726 2846 τυῦ
1785 2793 2018 2867 ἀριθμοῦ

373 2873 461 2926 καὶ
551 2875 602 2928 οἱ
705 2880 806 2943 τῆς
911 2874 1203 2949 βασιλικῆς
1317 2877 1502 2941 οὐσίας
1605 2879 1794 2936 ἐλάται
1908 2886 2022 2955 (70)

368 2961 458 3016 καὶ
543 2963 596 3017 οἱ
687 2963 890 3036 ψάλται
991 2963 1238 3021 ἵστανται
1324 2968 1601 3025 κατέναντι
1679 2977 1778 3025 τοῦ
1853 2973 2021 3048 ὁργά-

365 3073 464 3108 νου
493 3057 591 3108 τοῦ
651 3052 941 3127 Πρασίνου,
976 3055 1067 3110 καὶ
1120 3054 1209 3112 διὰ
1249 3059 1514 3130 νεύματος
1541 3065 1639 3114 τοῦ
1697 3061 2021 3138 ἀκτουαρίου

363 3143 637 3220 ἄρχονται
663 3144 1082 3233 εὐφημεῖν-τήν
1115 3146 1516 3222 προρρηθεῖσαν
1559 3151 1806 3227 μεγάλην
1853 3153 2024 3233 εὐφη-

368 3233 628 3308 μίαν,τοῦ
658 3232 712 3288 ἐν
772 3239 854 3307 τῷ
893 3231 1048 3314 φόρῳ
1119 3240 1252 3311 μετὰ
1309 3246 1412 3309 τῆς
1479 3238 1640 3310 λιτῆς
1685 3231 2022 3317 τελουμένου

365 3317 645 3398 θριάμϐου
701 3329 809 3378 τῶν
875 3324 1174 3386 ἐπινικίων.
1237 3329 1423 3384 Ἠνίκα
1481 3328 1538 3384 δὲ
1586 3329 2020 3413 ἅρξονταιεύφη-

371 3418 521 3486 μεῖν,
565 3413 830 3470 πίπτουσι
879 3417 1074 3480 πάντες
1126 3419 1178 3472 οἱ
1230 3415 1448 3494 δέσμιοι
1503 3427 1724 3495 πρηνεῖς
1789 3423 1876 3477 ἐπὶ
1929 3431 2030 3494 τῆς

369 3507 496 3575 γῆς,
528 3501 593 3556 τὰ
645 3499 703 3557 δὲ
729 3501 936 3559 τούτων
971 3502 1172 3580 δόρατα
1233 3508 1368 3580 μετὰ
1397 3513 1503 3564 τῶν
1562 3509 1942 3587 φλαμούλλων
1977 3513 2027 3584 ἐξ

375 3591 746 3669 ἀντιστρόφου
805 3599 1028 3658 τιθῶσιν
1078 3597 1131 3651 οἱ
1199 3596 1520 3673 κατέχοντες
1569 3600 1700 3654 αὐτά
1741 3606 2024 3675 ταξεῶται,

375 3679 576 3756 μέχρις
624 3681 686 3736 ἂν
736 3686 772 3753 ἡ
823 3685 959 3754 αὐτὴ
1021 3684 1263 3764 εὐφημία
1325 3686 1618 3764 τελειωθῇ.
1661 3693 1766 3748 Καὶ
1823 3694 2024 3765 ταύτης

368 3769 780 3846 τελειουμένης,
831 3773 1136 3830 ἀνίστανται
1185 3777 1237 3831 οἱ
1287 3776 1522 3852 δέσμιοι,
1575 3781 1784 3853 ὁμοίως
1828 3781 1918 3838 καί
1959 3783 2028 3838 τὰ

371 3857 576 3934 δόρατα
636 3862 772 3936 μετὰ
804 3867 910 3918 τῶν
941 3863 1344 3942 φλαμούλλων,
1375 3869 1464 3923 καὶ
1518 3868 1564 3924 εἰ
1611 3872 1703 3944 μὲν
1752 3871 1961 3928 κελεύει
1995 3876 2024 3930 ὁ

375 3948 638 4026 βασιλεὺς
699 3953 986 4018 θεάσασθαι
1017 3957 1148 4020 τοὺς
1197 3955 1456 4032 δεσμίους
1503 3962 1564 4016 τὸ
1633 3960 2022 4040 ἱπποδρόμιον,

369 4041 699 4118 ἀνέγχονται
759 4045 836 4108 εἰς
886 4047 954 4100 τὰ
998 4051 1096 4102 τοῦ
1162 4047 1545 4124 ἱπποδρομίου
1606 4052 1777 4128 βάθρα
1843 4055 2026 4111 κάτω-

370 4143 458 4196 θεν
489 4137 584 4188 τοῢ
617 4131 798 4208 δήμου
829 4139 935 4191 τῶν
967 4137 1268 4212 Πρασίνων,
1301 4139 1353 4195 ἐν
1382 4141 1427 4212 ᾧ
1473 4142 1628 4214 τόπῳ
1687 4143 1936 4200 εἰώθασιν
1969 4147 2023 4200 οἱ

371 4217 596 4294 δέσμιοι
635 4221 888 4290 ἵστασθαι
937 4226 1027 4282 καὶ
1073 4227 1361 4284 θεάσασθαι
1404 4229 1467 4284 τὸ
1515 4228 1902 4306 ῗπποδρὸμιον.
1955 4235 2020 4291 Εἰ

373 4308 433 4366 δὶ
463 4313 527 4367 οὐ
557 4311 766 4370 κελεύει
800 4316 828 4370 ὁ
873 4314 1126 4392 βασιλεὺς
1157 4318 1424 4388 ἒνωθῆναι
1461 4319 1688 4384 τούτους
1725 4329 1843 4384 τοῖς
1891 4325 2020 4400 πρὶν

373 4397 620 4476 δεσμίοις
684 4407 782 4460 τοῦ
838 4407 1178 4482 πραιτωρίου
1228 4411 1362 4480 (71),
1413 4407 1655 4466 ἳστανται
1695 4410 1802 4467 εἷ’τε
1840 4415 2016 4470 κάτω-

1317 2877 1502 2941 οὐσίας

2135 637 2314 692 armis
2337 653 2398 692 se
2429 643 2750 694 monstrare
2803 639 3017 711 debet,)
3067 656 3180 695 una
3231 659 3360 698 cum
3423 646 3694 717 strategis
3725 649 3783 701 et

2132 726 2586 794 cleisurarchis;
2637 732 2738 784 aut
2783 729 2928 785 alias
2981 731 3332 802 drungarius
3379 734 3586 790 classis
3647 751 3778 790 cum

2133 817 2407 888 strategis
2438 821 2497 872 et
2557 818 2877 874 rectoribus
2934 818 3268 875 classiariis.
3322 823 3412 888 Hi,
3443 823 3776 894 quicunque

2131 909 2370 962 tandem
2396 908 2631 975 fuerint,
2655 909 2891 964 visitant
2917 909 3342 966 ordinationem
3379 929 3412 966 a
3444 917 3778 981 protonota—

2133 997 2216 1052 rio
2248 997 2436 1053 dromi
2461 999 2696 1068 factam,
2733 1005 2790 1056 et
2826 999 3108 1072 quidquid
3153 1001 3210 1056 in
3253 1001 3355 1058 illa
3386 1001 3556 1058 hians
3583 1007 3781 1058 anim-

2135 1088 2452 1157 advertant,
2477 1091 2792 1160 corrigunt,
2849 1091 2909 1145 id
2968 1099 3052 1146 est
3113 1091 3334 1146 faciunt
3383 1109 3696 1164 congruam
3724 1095 3781 1148 et

2133 1177 2384 1232 debitam
2435 1179 2912 1236 constitutionem
2994 1182 3377 1251 captivorum,
3437 1183 3780 1254 Spoliorum,

2135 1267 2362 1338 praedae,
2397 1285 2716 1336 armorum,
2776 1270 3074 1326 hastarum
3129 1275 3300 1340 atque
3330 1271 3781 1327 ﬂammulorum.

2137 1358 2430 1415 Omnibus
2455 1359 2890 1430 ritedispositis,
2915 1359 3208 1432 signiﬁcat
3228 1361 3572 1432 praepositus
3613 1377 3680 1416 ea
3709 1362 3782 1416 de

2135 1463 2196 1502 re
2249 1450 2320 1503 ad
2407 1447 2852 1520 imperatorem;
2922 1451 3218 1522 jussuque
3279 1451 3568 1522 praepositi
3613 1459 3782 1507 sonat

2133 1537 2428 1607 pulsatum
2461 1544 2550 1594 ter
2580 1545 2832 1609 scutum,
2889 1545 2944 1596 et
2975 1542 3276 1596 descendit
3327 1543 3642 1612 imperator
3685 1557 3779 1596 se-

2131 1629 2388 1684 cundum
2422 1633 2618 1700 typum
2653 1631 3011 1686 obtinentem
3047 1633 3102 1686 in
3157 1631 3516 1688 circensibus
3546 1636 3782 1702 specta-

2130 1718 2300 1784 culis,
2333 1723 2390 1773 et
2419 1718 2721 1786 infulatur,
2756 1725 2812 1775 et
2843 1721 2994 1776 ﬁunt
3050 1726 3274 1788 cetera,
3301 1729 3360 1776 ut
3392 1721 3781 1776 caerimoniale

2130 1808 2482 1864 circensium
2533 1809 2810 1865 ludorum
2850 1825 3044 1865 secum
3095 1812 3224 1866 fert.
3285 1812 3436 1868 355
3507 1811 3784 1866 Ascendit

2131 1897 2403 1966 deinceps
2442 1898 2762 1969 imperator
2800 1899 2860 1954 in
2914 1900 3204 1956 cathisma
3261 1917 3358 1956 seu
3413 1900 3686 1964 tribunal,
3721 1899 3780 1954 in

2126 2003 2243 2058 quo
2277 1987 2533 2044 residere
2555 1989 2950 2060 superthrono
2983 1991 3042 2044 in
3075 1989 3227 2045 ludis
3259 1989 3426 2056 solet,
3463 1989 3774 2060 populum-

2128 2093 2262 2148 que,
2295 2085 2358 2132 ut
2381 2094 2508 2133 mos
2538 2083 2646 2148 est,
2681 2080 2844 2148 signo
2877 2079 3066 2134 crucis
3097 2080 3305 2150 signat.
3340 2081 3464 2145 Quo
3497 2083 3668 2144 facto,
3693 2080 3778 2134 l'a-

2129 2153 2352 2222 ctiones
2381 2168 2906 2224 consuetaslaudes
2937 2168 3203 2224 recitent.
3237 2168 3310 2224 Ut
3337 2169 3568 2236 resedit,
3595 2169 3778 2240 impe-

2129 2260 2288 2311 rator
2301 2272 2480 2328 super
2501 2257 2708 2312 throno
2725 2257 2906 2328 regio,
2924 2257 3018 2312 dat
3041 2258 3336 2312 actuarius
3352 2263 3492 2312 nutu
3519 2259 3773 2328 signum,

2130 2352 2188 2402 et
2216 2346 2502 2417 incipiunt
2532 2363 2562 2402 e
2599 2346 2724 2402 loco
2775 2363 2880 2403 suo
2936 2363 3270 2418 promovere
3300 2347 3556 2418 primum
3616 2363 3780 2401 arma

2135 2437 2238 2504 [vel
2272 2439 2370 2509 qui
2402 2443 2569 2492 scuta
2598 2442 2656 2491 et
2703 2437 2929 2507 gladios
2961 2447 3158 2507 caplos
3187 2437 3454 2508 gerunt];
3488 2442 3613 2491 tum
3657 2453 3782 2490 ma-

2133 2528 2316 2582 nubiae
2347 2533 2406 2583 et
2439 2529 2640 2596 praedae
2673 2544 2686 2593 ;
2737 2527 3008 2596 deinceps
3045 2526 3244 2592 hastas,
3277 2531 3404 2582 tum
3435 2525 3779 2582 ﬂammula:

2131 2621 2258 2688 post
2287 2631 2356 2672 ea
2413 2619 2646 2671 tandem
2685 2615 2914 2686 captivi.
2947 2615 3278 2670 Transeunt
3305 2615 3364 2669 hi
3415 2632 3514 2685 per
3555 2614 3782 2684 plagam

2133 2708 2436 2762 demorum
2472 2706 2595 2778 [seu
2619 2705 2904 2776 graduum
2939 2706 3311 2769 circensium,
3345 2703 3402 2758 in
3435 2705 3649 2774 quibus
3689 2703 3780 2759 l‘a-

2135 2798 2354 2852 ctiones
2386 2805 2538 2850 stare
2561 2794 2746 2850 solent
2779 2798 2820 2862 ;]
2848 2811 2996 2860 eam,
3032 2811 3202 2866 quam
3237 2799 3374 2848 tunc
3407 2793 3692 2858 obtinent,
3727 2797 3786 2850 et

2135 2885 2376 2940 ﬂectunt
2405 2887 2558 2940 circa
2599 2890 2812 2939 metam
2865 2883 3131 2940 factionis
3162 2883 3434 2951 Prasinae,
3463 2888 3520 2938 et
3551 2898 3785 2953 promo-

2132 2979 2478 3046 ventusque
2519 2977 2586 3032 ad
2630 2975 2780 3030 ﬁnas
2837 2975 2920 3046 [id
2949 2979 3038 3030 est
3069 2975 3218 3030 ﬁnes
3248 2975 3336 3030 vel
3367 2975 3649 3043 extrema]
3681 2988 3784 3029 seu

2135 3066 2206 3120 ad
2240 3065 2310 3120 ΙΙ.
2362 3067 2524 3131 Quod
2583 3066 2630 3122 si
2694 3074 2886 3121 autem
2925 3064 3136 3136 ingens
3194 3066 3360 3120 turba
3407 3065 3484 3119 sit
3525 3063 3787 3136 captivo-

2135 3173 2290 3222 rum,
2323 3157 2758 3228 protenduntur
2795 3170 2984 3226 usque
3013 3155 3083 3209 ad
3143 3161 3358 3210 metam
3409 3153 3784 3210 Venetorum.

2137 3248 2412 3302 induvias
2443 3247 2842 3316 reliquamque
2875 3245 3129 3316 praedam
3179 3247 3237 3299 et
3285 3259 3448 3298 arma
3486 3243 3784 3314 deponunt

2129 3337 2473 3410 praesidiarii
2519 3353 2696 3406 super
2755 3335 3072 3390 renonibus
3120 3338 3176 3388 et
3233 3349 3410 3405 super
3432 3333 3638 3388 ciliciis
3671 3329 3782 3402 [vel

2135 3429 2344 3484 crassis
2385 3427 2586 3483 densis
2619 3427 2834 3496 ﬁltris],
2867 3443 2940 3482 ne
2978 3426 3202 3482 scilicet
3224 3441 3257 3480 a
3291 3424 3522 3495 pulvere
3549 3436 3782 3477 ccenove

2135 3518 2538 3589 inquinentur.
2575 3517 2884 3588 Populares
2925 3516 3229 3572 ambarum
3255 3513 3567 3569 factionum
3592 3517 3650 3566 et
3679 3509 3785 3566 mi-

2133 3610 2266 3666 lites
2306 3609 2544 3665 arithmi
2601 3624 3029 3682 corporumque
3077 3622 3382 3664 sacrorum
3431 3603 3686 3676 remiges
3732 3605 3790 3658 et

2135 3705 2404 3756 cantores
2444 3703 2651 3756 stante
2683 3698 3156 3770 regioneorgani,
3192 3697 3346 3767 quod
3381 3694 3631 3749 Prasinae
3665 3709 3790 3760 par-

2134 3792 2211 3847 tis
2239 3799 2345 3856 esl,
2379 3795 2730 3860 acceptoque
2763 3803 2866 3859 per
2905 3785 3148 3842 actuarii
3181 3789 3392 3839 nutum
3423 3784 3612 3852 signo,
3637 3780 3786 3836 inci-

2133 3881 2302 3951 piunt
2358 3878 2610 3950 prolixas
2657 3875 2788 3932 illas
2843 3875 3046 3930 laudes
3091 3872 3355 3938 recitare,
3418 3887 3563 3942 quas
3603 3883 3786 3940 supra

2129 3968 2622 4040 praeseripsimus,
2641 3982 2775 4021 cum
2793 3962 3140 4020 cerimonias
3160 3959 3444 4031 triumphi
3478 3975 3611 4015 cum
3645 3958 3781 4014 sub-

2132 4060 2316 4116 missa
2337 4075 2475 4129 erga
2503 4057 2688 4112 Deum
2729 4051 3154 4125 supplicatione
3195 4053 3254 4106 in
3305 4051 3428 4105 foro
3465 4047 3780 4121 peragendi

2130 4162 2576 4221 exponeremus.
2613 4144 2734 4200 Illis
2765 4148 2963 4199 autem
2995 4141 3200 4197 laudes
3229 4139 3614 4206 ordientibus,
3647 4153 3784 4209 pro-

2131 4239 2337 4295 cidunt
2371 4235 2582 4306 captivi
2621 4249 2829 4290 omnes
2877 4233 2937 4288 in
2986 4231 3225 4287 humum
3258 4229 3448 4302 proni,
3482 4227 3783 4298 hastaeque

2131 4325 2440 4384 ﬂammula
2467 4327 2731 4397 ipsorum
2799 4324 3170 4379 invertuntur
3210 4339 3243 4376 a
3275 4318 3652 4392 praesidiariis
3682 4317 3787 4373 illa

2127 4419 2464 4478 tenentibus
2493 4415 2670 4487 idque
2701 4414 2936 4483 tamdiu,
2969 4427 3148 4483 quam
3177 4410 3290 4466 illa:
3309 4409 3514 4464 laudes
3545 4407 3782 4464 durant.

1396 4509 1596 4566 JOAN.
1628 4512 1773 4569 JAC.
1815 4515 2082 4576 REISKII
2119 4513 2726 4577 COMMENTARIUS.

441 4599 554 4670 (69)
585 4598 690 4656 Hic
729 4603 821 4656 est
881 4615 986 4672 pro
1051 4599 1428 4663 καταστάσεως
1473 4604 1559 4658 vel
1616 4604 1816 4676 τάξεως
1876 4608 2020 4679 pagi.

2134 4611 2392 4667 celebres
2421 4629 2434 4677 ;
2467 4625 2519 4662 ν.
2549 4605 2809 4678 Theoph.

363 4673 516 4728 tum.

445 4743 560 4820 (7_0)
590 4743 690 4820 Est
719 4740 872 4797 οὐσία
929 4745 1262 4820 substantia,
1324 4763 1537 4820 corpus
1567 4749 1896 4807 animatum
1925 4752 2026 4809 ho-

367 4815 570 4890 minis.
590 4817 902 4890 Propterea
925 4818 1154 4872 reddidi
1202 4818 1352 4874 hanc
1383 4815 1711 4877 dictionemi
1736 4823 2026 4881 interdum

363 4889 513 4943 sacri
561 4888 815 4959 corporis
857 4898 1095 4945 vectores
1144 4893 1395 4968 remiges,
1449 4892 1745 4968 interdum
1793 4911 2026 4968 quoque

363 4973 652 5032 sacrorum
699 4977 1015 5032 corporum,
1073 4963 1392 5031 respiciens
1440 4964 1510 5018 ad
1554 4964 1715 5020 illam
1763 4963 2025 5024 vocabuli

365 5028 528 5084 οὐσία
559 5028 898 5106 nationum,
923 5028 1042 5106 qua
1070 5028 1364 5104 fair—tiliam
1395 5034 1705 5106 signiﬁcat,
1738 5047 1790 5091 et
1821 5041 1892 5094 ad
1918 5043 2028 5098 Au-

367 5110 604 5176 gustam
639 5105 974 5177 liberosque
997 5105 1576 5177 Porphyrogennetos
1605 5114 1662 5164 et
1691 5110 1898 5167 afﬁnes
1929 5113 2033 5167 im-

369 5175 646 5252 periales.
673 5175 1037 5252 Verumjam
1071 5175 1344 5252 siupraad
1379 5195 1436 5247 p.
1468 5179 1572 5234 334
1602 5181 2020 5252 demonstravi,

337 5241 560 5320 -ὂίισίαν
621 5249 678 5302 in
731 5241 932 5320 specie
978 5250 1048 5303 de
1075 5241 1306 5318 fainilia
1333 5241 1562 5306 nomine
1583 5251 1720 5318 dici,
1751 5259 1808 5308 et
1839 5241 2024 5312 meto-1

363 5319 527 5398 cbice
559 5319 828 5398 deinceps
862 5321 933 5376 de
976 5322 1195 5398 navigio
1227 5321 1352 5398 tale
1373 5328 1687 5398 nautarum
1713 5325 2020 5398 collegium

367 5395 626 5447 tenente.
649 5393 981 5448 Potuissem
1024 5392 1208 5463 igitur
1237 5394 1605 5464 optimojure
1635 5401 1694 5451 et
1720 5392 2020 5454 confiden-

359 5465 450 5542 t_er
498 5464 813 5542 dictionem
876 5469 1133 5542 nostram
1195 5466 1434 5542 reddere
1477 5467 1586 5522 hoc
1645 5471 1840 5536 modo,
1881 5471 2021 5542 regii

355 5533 634 5610 dromonti
662 5537 750 5592 vel
781 5537 1262 5610 regimincviculw
1293 5541 1524 5594 actores.

429 5607 544 5680 (71)
570 5608 790 5680 Captivi
813 5607 871 5664 in
918 5609 1149 5676 Chalce,
1183 5611 1452 5666 Praetorio
1485 5617 1542 5666 et
1571 5611 1856 5668 Numeris‘
1877 5613 2014 5668 atti-

341 5679 786 5755 nebantursub
815 5680 1180 5752 inspectione
1230 5681 1496 5755 praefecti
1533 5683 1716 5751 urbis,
1760 5686 2016 5755 praefecti

357 5754 682 5829 castrorum
715 5756 792 5829 _et
847 5768 1250 5829 numerorum.
1310 5755 1420 5811 vid.
1475 5754 2012 5829 Cont._’1_‘heophan.

351 5837 392 5904 p
453 5823 576 5879 109.
624 5823 734 5882 Sed
783 5823 1038 5898 pratorii
1089 5839 1348 5884 carceres
1405 5830 1465 5884 et
1506 5825 1710 5900 captivi
1761 5823 2016 5887 maxime

2871 4621 2926 4676 p.
2960 4603 3086 4658 249.
3148 4603 3260 4657 Leo
3291 4601 3550 4656 Gramm.
3586 4615 3641 4676 ph.
3676 4597 3781 4652 467

2135 4689 2190 4739 et
2211 4684 2332 4737 485.
2366 4671 2604 4737 Cédren.
2657 4671 2728 4748 pf
2773 4671 2896 4731 582'.
2925 4677 2988 4730 In
3029 4692 3095 4730 eo
3140 4671 3782 4748 asservabantursara-g

2135 4756 2260 4811 ceni
2292 4753 2469 4824 (conf.
2503 4769 2567 4824 p.
2595 4743 2747 4824 447i)
2777 4755 2834 4824 et
2883 4748 3100 4802 ibidem
3152 4745 3431 4824 sacellum
3491 4743 3784 4824 habebant

2137 4813 2457 4882 exercendo
2481 4813 2664 4878 cultui
2696 4813 2891 4874 divino
2919 4835 3080 4874 more
3101 4834 3230 4873 suo.
3267 4817 3348 4871 De
3378 4831 3492 4886 quo
3524 4813 3718 4868 allatis
3749 4831 3783 4870 a

2135 4899 2220 4954 Du
2251 4897 2470 4970 Cangio
2501 4897 2571 4970 in‘
2590 4893 2720 4948 CPli
2758 4892 2888 4970 Chr.
2921 4891 3044 4970 1:31,
3079 4907 3133 4960 p.
3165 4889 3288 4970 164,
3323 4889 3432 4943 hoc
3461 4903 3645 4970 unum
3678 4886 3780 4970 ad:

2137 4971 2295 5037 dam,
2327 4959 2499 5026 etiam
2534 4966 2912 5038 Constantino
2944 4959 3328 5038 Monomacho
3361 4959 3652 5038 conditam
3680 4961 3782 5013 aut

2136 5033 2291 5098 certe
2346 5041 2672 5096 restitutam
2705 5045 2758 5094 et
2799 5033 3150 5104 frequentari
3198 5047 3402 5087 rursus
3437 5033 3780 5104 permissam

2137 5113 2313 5170 fuisse
2343 5118 2734 5184 Synagogam,
2784 5116 2845 5163 ut
2877 5103 3171 5184 appellant
3214 5104 3434 5184 Graeci,
3465 5103 3780 5184 Saraceno-

2135 5202 2284 5250 rum,
2318 5174 2634 5255 quuamvnovn
2667 5174 2822 5236 intra
2851 5174 3204 5255 printer-ium,
3229 5176 3328 5230 sed
3347 5174 3476 5255 alio
3513 5177 3776 5255 quodam

2133 5247 2294 5312 urbis
2330 5247 2450 5312 loco
2511 5257 2688 5309 fuisse
2737 5247 2895 5324 puto.
2947 5249 3239 5324 Al‘gulfeda
3267 5248 3423 5324 enim
3459 5247 3530 5324 a_d_
3564 5264 3618 5302 a.
3651 5248 3777 5312 441,

2132 5347 2234 5384 seu
2264 5330 2476 5384 Christi
2501 5326 2659 5390 1049,
2693 5319 2780 5379 vel
2816 5325 2972 5391 1059,
3022 5323 3144 5376 haec
3200 5319 3376 5374 tradit
3409 5335 3422 5373 :
3487 5320 3595 5373 Hoc
3635 5333 3780 5374 anno

2131 5401 2514 5455 miltebatrem
2572 5399 2941 5452 Romanorum
2995 5391 3774 5463 [Constantinustionomao

2129 5473 2300 5542 chus]
2331 5471 2400 5526 ad
2432 5470 2754 5525 Solthanum
2793 5461 3228 5542 Thogrtilbckam
3276 5464 3388 5535 [vel
3418 5461 3775 5542 _"I‘hangrolic

2129 5536 2364 5615 heku'm]
2397 5543 2725 5610 legationem
2782 5555 2902 5595 cum
2933 5538 3158 5609 magnis
3179 5536 3542 5615 _muneribus,
3577 5547 3780 5615 rogans

2126 5617 2195 5672 ab
2224 5631 2284 5672 eo
2339 5605 2870 5685 confazderationem
2898 5627 2920 5673 ,·
2948 5605 3119 5685 caque
3167 5605 3780 5685 impetratc,__rondcbat

2127 5689 2381 5760 [proprie
2429 5675 2775 5758 frequentari
2812 5675 3070 5760 facz'cbat_
3097 5679 3186 5737 vel
3207 5675 3442 5760 sinebat]
3467 5675 3768 5760 ριεερίάαςη

2125 5748 2278 5830 ἂριιᾶ
2309 5748 2502 5825 CPli'n,
2525 5748 2594 5813 ἰη
2641 5775 2751 5830 qua
2805 5748 3006 5830 peragi
3037 5755 3348 5830 Deoprcces
3377 5748 3770 5830 attondeant—-

2123 5817 2228 5904 quc
2250 5817 2536 5888 extentam
2565 5817 2680 5888 dic‘t'
2704 5817 2816 5904 pro'
2833 5817 3018 5888 εαιιῖιε
3045 5833 3100 5883 ει
3125 5817 3362 5895 {inperio
3394 5817 3767 5891 Thogrulbeki
