4094 6396
301 434 449 493 1151

1341 430 1878 495 CONSTAN’I‘INI
1924 425 2626 492 PORPHYROGENITI

3555 432 3712 491 1152

297 565 535 621 triclinii
568 583 710 623 auro
741 567 914 623 textis
962 570 1023 623 et
1068 565 1486 640 polycandelis.
1540 565 1714 621 Illum
1765 568 1940 620 costo-

2062 560 2160 614 τῶν
2197 556 2590 636 πραιποσίτων,
2627 554 2932 629 εἷ’σάγονται
2964 557 3016 611 οἱ
3046 555 3313 632 ἄρχοντες
3354 563 3452 615 τοῦ
3480 557 3720 618 κουϐου-

300 670 431 711 nem
465 656 711 712 refertur
743 658 935 713 infans
965 674 1033 714 ex
1054 657 1316 722 ecclesia,
1348 661 1652 729 postquam
1677 655 1943 711 sacerdos

300 744 357 798 in
390 747 519 814 ejus
552 748 842 818 propylaea
873 763 973 802 seu
1008 749 1153 803 atrio
1185 763 1361 817 super
1388 746 1611 800 infante
1635 745 1945 800 orationem

297 834 545 903 dixerit;
578 841 634 891 et
666 853 898 902 nomen,
933 855 965 892 a
993 837 1344 892 factionibus
1366 836 1589 891 editum
1624 834 1733 905 ipsi
1768 834 1947 906 impo-

299 926 550 981 sueritet
569 925 868 983 indusium
893 928 1007 999 ipsi
1037 927 1312 983 induerit.
1342 927 1577 982 Relatus
1600 927 1669 981 ad
1694 930 1943 980 matrem

298 1014 490 1069 infans
523 1015 839 1085 deponitur
869 1018 925 1072 in
960 1019 1152 1082 cunis,
1185 1021 1243 1073 et
1266 1017 1612 1088 injiciuntur
1659 1020 1777 1070 tam
1829 1017 1943 1069 Au-

298 1108 396 1158 stae
429 1120 744 1176 puerperae,
777 1123 955 1177 quam
1004 1107 1237 1172 infanti,
1271 1105 1449 1176 panni
1490 1102 1576 1159 vel
1625 1103 1752 1159 telas
1803 1119 1946 1159 auro

299 1197 480 1249 textas.
519 1194 657 1250 Dein
691 1197 1043 1252 advocantur
1078 1194 1372 1268 przepositi
1403 1195 1476 1251 ab
1523 1194 1813 1257 eunucho,
1847 1192 1946 1265 qui

301 1301 515 1341 mensae
545 1286 934 1356 imperatricis
966 1292 1192 1359 praeest.
1228 1286 1523 1359 Praepositi
1554 1302 1726 1357 porro
1766 1284 1946 1340 intro-

302 1375 528 1429 ducunt
559 1374 936 1446 magistratus
963 1376 1216 1433 cubiculi
1240 1377 1626 1447 ejusdemque
1649 1375 1950 1430 ministros

300 1462 558 1535 reliquos
576 1481 802 1521 omnes.
825 1466 1109 1538 Deinceps
1131 1466 1587 1521 introducuntur
1607 1480 1637 1519 e
1655 1464 1949 1535 czenurgio

300 1560 497 1617 zostse,
543 1555 942 1626 magistrissae,
996 1557 1433 1626 anthypatissts,
1485 1554 1761 1625 patriciae,
1818 1570 1952 1625 pro-

299 1645 686 1714 tospathareaa
718 1644 1002 1701 officialiss
1033 1654 1086 1701 et
1139 1646 1379 1716 reliquas
1410 1644 1636 1701 feminae
1667 1644 1951 1700 senatori-

299 1733 413 1789 bus
446 1734 749 1789 maritatae.
779 1736 917 1790 Post
949 1751 1046 1791 eas
1078 1734 1533 1790 introducuntur
1562 1734 1768 1795 viduas.
1802 1749 1950 1805 qua-

301 1842 431 1882 rum
454 1827 645 1882 mariti
664 1828 824 1896 olim,
842 1829 982 1883 dum
1002 1828 1277 1895 viverent,
1305 1827 1608 1899 praedictas
1630 1827 1949 1898 dignitates

2053 647 2242 704 κλείου
2281 650 2371 705 καὶ
2429 648 2482 703 o't
2517 650 2615 702 τοῦ
2672 641 3065 701 γουὸουκλείου
3140 651 3356 716 πάντες,
3425 651 3516 705 καὶ
3589 655 3720 708 καθ-

2056 741 2178 810 εξῆς
2223 740 2528 813 εἰσάγονται
2578 738 2682 793 ἀπὸ
2740 743 2840 792 τοῦ
2902 742 3254 816 καινουργίου
3320 742 3607 816 τρικλίνου
3659 746 3717 799 αἱ

2058 832 2256 898 ζωσταί
2315 832 2429 903 (79)
2486 830 2575 883 καὶ
2634 829 2687 882 αἱ
2752 828 3162 903 μαγίστρισσαι,
3212 830 3606 896 ἀνθυπάτισσαί
3655 854 3715 890 τε

2054 922 2145 977 καὶ
2231 921 2512 993 πατρίκιάι
2598 922 2689 976 καὶ
2753 923 3239 996 πρωτοσπαθαρέαι
3325 923 3710 1002 ὀφφικιαλαίαι

2053 1014 2143 1068 καὶ
2174 1014 2227 1067 αἱ
2261 1012 2450 1069 λοιπαὶ
2506 1011 2894 1088 συγκλητικαὶ,
2946 1014 3044 1078 εἶθ’
3092 1011 3265 1079 οὕτως
3296 1017 3351 1071 αἱ
3381 1022 3491 1073 τῶν
3538 1018 3708 1096 προρ-

2058 1104 2329 1180 ρηθέντων
2395 1105 2722 1177 ἀξιωμάτων
2819 1105 3259 1179 ἆπαξιωματικαὶ
3338 1115 3535 1187 χῆραι,
3616 1109 3714 1166 καὶ

2057 1193 2384 1271 ἐπεύχονται
2455 1196 2957 1273 ἀπευχαριστοῦσαι
3031 1195 3121 1250 καὶ
3197 1195 3541 1274 εὐφημοῦσαι
3607 1202 3711 1270 τήν

2058 1285 2397 1360 Αὐγούσταν,
2470 1286 2561 1339 καὶ
2637 1285 2700 1339 τὸ
2774 1291 3055 1361 προσῆκον
3121 1286 3458 1361 ἀπονέμουσι
3524 1283 3710 1361 σέϐας,

2065 1371 2162 1446 μία
2204 1374 2400 1445 ἑκάστη
2456 1373 2748 1448 εἰσάγουσα
2801 1372 2993 1445 ξένιον,
3062 1376 3197 1451 ’ὅπερ
3258 1376 3396 1432 κατὰ
3451 1378 3717 1454 προαίρε-

2062 1484 2143 1517 σιν
2186 1461 2323 1539 ἔχει.
2388 1464 2535 1519 Μετὰ
2566 1461 2622 1518 δὲ
2678 1465 2740 1519 τὸ
2795 1468 2903 1519 τῶν
2964 1469 3233 1541 γυναικῶν
3295 1467 3545 1540 σὲκρετον
3605 1466 3718 1524 εἴσ-

2063 1555 2279 1625 άγονται
2312 1554 2417 1608 ἀπὸ
2447 1558 2543 1607 τοῦ
2575 1551 2873 1609 λαυσιακοῦ
2896 1550 2984 1609 διὰ
3012 1559 3108 1610 τοῦ
3140 1554 3454 1630 ὡρολογίου
3486 1558 3575 1613 καὶ
3613 1561 3713 1613 τοῦ

2059 1640 2520 1718 ’χρυσοτρικλίνου
2576 1643 2630 1697 o‘.
2683 1649 2783 1711 τῆς
2857 1642 3172 1721 συκγλήτου
3230 1641 3481 1718 ἅπαντες,
3544 1646 3715 1723 μάγι-

2061 1751 2237 1805 στροι,
2293 1732 2614 1803 ἀνθύπατοι,
2663 1731 2942 1806 πατρίκιοι
3017 1732 3107 1788 καὶ
3187 1735 3537 1811 ἆφφικιάλιοι
3622 1739 3714 1794 καὶ

2058 1820 2383 1896 ἐπεύχονται
2435 1821 2964 1896 ἀπευχαριστοῦντες
3016 1826 3084 1896 τῇ
3136 1824 3457 1901 Αὖγούστῇ,
3508 1828 3598 1883 καὶ
3650 1828 3715 1882 τὸ

302 1915 521 1971 aulicas
536 1922 859 1988 gesserant,
875 1933 1031 1974 nunc
1048 1922 1179 1988 post
1200 1933 1401 1973 eorum
1415 1918 1722 1973 decessum
1740 1917 1945 1988 gradu,

2062 1912 2337 1980 προσῆκον
2389 1908 2708 1966 ἀποδίδουσι
2760 1906 2916 1973 σέϐας
2976 1908 3045 1966 δι’
3086 1912 3266 1989 εὐχῷν
3295 1916 3382 1970 καὶ
3420 1915 3715 1996 εὐφημιῶν

300 2021 476 2076 quem
507 2011 679 2062 antea
710 2007 857 2062 inter
887 2007 1137 2063 feminas
1168 2007 1442 2078 primates
1480 2010 1812 2073 tenuerant,
1845 2006 1944 2061 de-

293 2095 487 2164 jectaa.
511 2094 605 2150 Hae
628 2111 831 2151 omnes
857 2096 1079 2152 felicem
1103 2100 1337 2166 partum
1351 2097 1627 2167 Augustae
1648 2094 1947 2166 gratulatus

304 2183 653 2240 benedicunt
685 2185 818 2255 ipsi,
851 2184 1228 2256 debitamque
1278 2185 1546 2240 tribuunt
1597 2183 1803 2239 infanti
1856 2198 1947 2239 re-

299 2274 621 2328 verentiam
644 2274 999 2344 traduntque
1018 2274 1257 2329 xenium
1282 2289 1383 2329 seu
1408 2271 1826 2328 munusculum
1851 2272 1949 2327 he-

302 2360 640 2417 nevolentiaa
671 2377 806 2432 erga
833 2377 1046 2417 novum
1081 2361 1371 2433 hospitem
1420 2364 1697 2417 advenam
1741 2361 1950 2416 testifi—

302 2452 500 2507 candae
533 2452 909 2515 destinatum,
946 2451 1102 2523 quod
1138 2466 1494 2522 unaquaeque
1541 2449 1952 2523 qualecunque

304 2556 411 2612 pro
443 2540 632 2595 lubitu
664 2547 715 2595 et
747 2538 970 2595 delectu
1004 2557 1111 2597 suo
1161 2556 1359 2595 secum
1407 2541 1533 2594 fert.
1571 2539 1704 2595 Post
1750 2539 1955 2595 dimis-

305 2646 439 2686 sum
466 2629 749 2685 muliebre
771 2640 1057 2685 secretum
1082 2646 1181 2686 seu
1206 2645 1415 2700 corpus
1439 2629 1898 2685 introducantur
1918 2645 1953 2685 a

303 2718 562 2775 lausiaco
596 2735 699 2791 per
728 2718 1090 2791 horologium
1128 2724 1186 2775 et
1210 2718 1748 2791 chrysotriclinium
1780 2735 1953 2775 sena-

295 2811 457 2864 tores
488 2824 719 2876 omnes,
749 2807 1042 2879 magistri,
1078 2807 1476 2878 proconsules,
1511 2808 1763 2878 patricii,
1818 2809 1951 2864 ofﬁ-

299 2897 501 2968 ciales,
551 2902 608 2954 et
664 2914 799 2955 cum
848 2898 1178 2955 adcretione
1245 2899 1595 2956 benedicunt
1651 2901 1951 2971 Augustas,

304 3002 745 3058 congruumque
778 2992 1055 3058 prestant
1084 2990 1308 3044 cultum
1342 2988 1837 3061 porphyrogenito
1867 2988 1952 3045 in-

308 3076 454 3132 fanti
486 3092 586 3148 per
611 3077 708 3148 pia
736 3081 869 3133 vota
897 3082 952 3133 et
982 3077 1133 3133 bona
1153 3078 1326 3133 verba
1353 3076 1514 3144 talia,
1546 3079 1745 3150 qualia
1774 3094 1955 3150 supra

310 3166 648 3222 dicebamus
689 3181 825 3239 erga
853 3166 1265 3237 imperatorem
1317 3168 1561 3240 proferri
1609 3167 1812 3224 solere.
1862 3175 1956 3224 8e-

308 3264 463 3330 ptem
480 3276 511 3311 a
535 3263 672 3313 nato
690 3258 914 3313 infante
936 3258 1421 3331 porphyrogenito
1441 3257 1723 3328 proximis
1745 3258 1953 3314 diebus

2057 2004 2135 2072 τῷ
2182 2002 2695 2079 πορφυρογεννήτῳ,
2742 2000 2925 2065 καθὼς
2993 2001 3103 2056 ’καὶ
3171 2001 3223 2058 ἐν
3286 2008 3355 2078 τῇ
3418 2007 3552 2080 πρὸς
3620 2007 3716 2062 τὸν

2063 2090 2291 2166 βασιλέα
2347 2090 2772 2167 ἆπευχαριστείᾳ
2835 2091 2926 2146 καὶ
2991 2090 3130 2167 εὐχῇ
3200 2092 3434 2169 εἷ’ρηται.
3496 2097 3717 2169 Ὶστέον,

2060 2178 2143 2234 ὅτι
2175 2180 2281 2235 ἀπὸ
2319 2183 2388 2253 τῇ
2429 2181 2620 2255 πρώτῃ
2659 2181 2842 2256 ἠμέρᾳ
2868 2187 2971 2249 τῆς
3028 2184 3334 2258 γεννήσεως
3366 2187 3465 2239 τοῦ
3504 2206 3719 2267 πορφυ-

2062 2271 2385 2343 ρογεννήτου
2443 2266 2637 2331 παιδὸς
2688 2268 3047 2347 ὀφειλόμενόν
3105 2268 3217 2327 ἐστι
3275 2272 3538 2346 γίνεσθαι,
3603 2274 3635 2329 ὅ
3681 2277 3718 2346 ἡ

2060 2360 2217 2427 κοινή
2261 2358 2515 2429 συνήθεια
2545 2355 2831 2433 λοχόζεμα
2862 2361 2977 2432 (80)
3008 2356 3191 2429 καλεῖ,
3226 2358 3304 2423 εἷς
3335 2362 3430 2416 τὸν
3459 2364 3721 2438 πόρτηκα

2059 2452 2166 2502 τῶν
2204 2449 2277 2512 ιθν
2307 2442 2609 2503 ἀκουϐίτων
2655 2448 2748 2503 καὶ
2789 2447 2865 2512 εἷς
2908 2448 2977 2504 τὰ
3008 2447 3227 2524 τριόδια
3273 2458 3375 2521 τῆς
3423 2450 3719 2532 λεωφόρου

2059 2545 2159 2607 τῆς
2191 2536 2431 2608 πόλεως,
2480 2534 2653 2614 ἤγουν
2687 2536 2793 2592 ἀπὸ
2833 2544 2936 2607 τῆς
2975 2538 3195 2612 χαλκῆς
3229 2544 3397 2616 μέχρι
3428 2546 3528 2597 τοῦ
3562 2543 3717 2617 βοός.

2063 2627 2167 2685 Καὶ
2217 2625 2525 2707 ὀφείλουσιν
2574 2626 2625 2682 ἐν
2678 2628 2772 2700 μὲν
2810 2628 2890 2699 τῷ
2940 2629 3178 2704 πόρτηκι
3225 2634 3333 2685 τῶν
3388 2632 3452 2696 ιϐ’
3489 2628 3720 2689 ἀκουϐί-

2059 2738 2167 2771 των
2229 2713 2580 2792 συνέρχεσθαι
2640 2716 2692 2771 οἱ
2749 2714 3017 2795 ἄρχοντες
3063 2722 3170 2774 τῶν
3230 2720 3523 2796 ταγμάτων
3584 2721 3720 2795 μετᾶ

2059 2813 2168 2862 τῶν
2199 2805 2539 2882 σχολαρίων,
2570 2806 2782 2879 ’ὁμοίως
2821 2805 2912 2861 καὶ
2944 2808 2994 2861 oi
3028 2805 3291 2883 ἄρχοντες
3320 2813 3418 2865 τοῦ
3466 2808 3717 2885 πλοῗμου

2067 2897 2200 2971 μετὰ
2237 2901 2332 2951 τοῦ
2378 2894 2628 2969 πλοῗμου
2668 2900 2922 2970 στρατοῦ.
2976 2897 3122 2967 Ηρὸς
3168 2898 3389 2961 τούτοις
3455 2903 3563 2954 τῶν
3620 2897 3719 2954 δύο

2069 2991 2247 3061 μερῶν
2295 2986 2347 3041 οἷ
2397 2983 2653 3060 δημῶται
2694 2986 2783 3041 καὶ
2832 2986 2895 3041 τὸ
2943 2984 3230 3042 πολιτικὸν
3285 2989 3420 3062 μετὰ
3464 2991 3570 3044 τῶν
3612 2994 3715 3058 τῆς

2062 3076 2279 3143 πόλεως
2340 3077 2726 3149 συστημάτων,
2787 3075 2877 3130 καὶ
2951 3074 3087 3132 ἐπτᾶ
3170 3076 3384 3153 ἡμέρας
3464 3076 3716 3134 πίνουσιν

2066 3168 2238 3222 ἐκεῖσε
2266 3167 2329 3221 τὸ
2379 3164 2689 3241 προρῥηθὲν
2726 3163 3035 3243 λοχὸζεμα.
3100 3166 3345 3239 Ὁμοίως
3397 3167 3489 3223 καὶ
3528 3167 3579 3223 ἐν
3608 3172 3727 3233 τοῖς

2065 3256 2422 3332 προῤῥηθεῖσι
2454 3260 2566 3324 ’τῆς
2599 3253 2882 3332 λεῶφόρου
2912 3252 3154 3331 τριόδοις
3186 3257 3503 3335 ὀφείλουσιν
3534 3256 3727 3335 συνέρ-

303 3323 477 3403 debet
503 3349 598 3403 edi
629 3352 684 3403 et
705 3323 1007 3414 celebrari,
1036 3323 1187 3419 quod
1228 3323 1589 3404 consuetudo
1621 3347 1949 3403 lochozema

2066 3323 2359 3421 xsaéarot
2404 3344 2458 3399 ἐν
2510 3323 2734 3419 Χριστῷ
2781 3323 2956 3418 ἦμῶν
2983 3323 3242 3425 ἀδελφοὶ.
3273 3347 3325 3401 οἳ
3368 3345 3596 3418 πένητες
3636 3323 3729 3402 διαὶ

300 3436 551 3508 appellat
582 3453 681 3492 seu
698 3437 1005 3506 jusculum
1039 3452 1359 3508 puerpera,
1393 3442 1451 3493 et
1476 3437 1712 3509 quidem
1735 3437 1795 3492 in
1819 3454 1947 3510 por-

2057 3436 2225 3492 πίνειν
2264 3434 2353 3489 ἐπὶ
2376 3434 2511 3489 ἑπτὰ
2542 3434 2754 3509 ἡμέρας
2780 3433 2844 3489 τὸ
2868 3432 3178 3511 προρρηθὲν
3201 3435 3509 3511 λοχόζεμα.

296 3529 419 3582 ticu
444 3524 843 3581 novemdecim
868 3526 1243 3581 accubituum
1267 3531 1325 3581 et
1353 3527 1411 3581 in
1434 3526 1623 3582 triviis
1651 3525 1953 3600 praelongae
1985 3529 2042 3583 et
2072 3525 2455 3598 amplissimae
2490 3524 2691 3597 plateas
2746 3524 2980 3580 urbanas
3041 3525 3193 3597 [quae
3252 3543 3408 3583 mese
3456 3527 3723 3601 dicitur],

298 3629 512 3684 nempe
549 3630 582 3668 a
611 3612 811 3669 chalce
843 3629 1025 3684 usque
1057 3614 1126 3669 ad
1171 3614 1397 3670 bovem.
1451 3615 1512 3670 In
1560 3615 1848 3686 porticum
1899 3615 2305 3672 novemdecim
2372 3613 2750 3671 accubituum
2809 3614 3162 3669 conveniunt
3209 3614 3430 3672 tribuni
3488 3620 3727 3690 tagma-

301 3708 429 3759 tum
465 3719 598 3759 cum
634 3702 960 3774 scholariis,
993 3706 1050 3760 et
1080 3705 1450 3775 magistratus
1500 3704 1940 3761 classiariorum
1994 3721 2127 3761 cum
2184 3704 2333 3778 ipsis
2380 3703 2737 3771 classiariis;
2784 3703 2939 3761 358
2988 3703 3128 3759 item
3178 3705 3490 3776 populares
3529 3705 3732 3763 amba-

298 3809 427 3849 rum
463 3793 806 3861 factionum,
833 3796 891 3848 et
920 3794 1303 3866 magistratus
1335 3794 1597 3850 urbanus
1626 3810 1760 3851 cum
1793 3793 2052 3867 collegiis
2081 3794 2361 3860 urbanis;
2397 3793 2725 3863 bibuntque
2750 3792 2831 3847 ibi
2866 3807 2966 3863 per
2987 3792 3324 3864 septiduum
3377 3794 3727 3866 praedictum

296 3882 651 3938 lochozema.
683 3884 755 3937 At
785 3882 843 3937 in
886 3882 1171 3954 praedictas
1238 3881 1447 3953 plateas
1516 3882 1703 3939 triviis
1772 3884 2126 3942 conveniunt
2166 3883 2351 3940 nostri
2418 3881 2478 3937 in
2537 3881 2764 3937 Christo
2831 3881 3061 3949 fratres,
3103 3898 3413 3955 pauperes,
3479 3882 3723 3940 eodem-

299 3973 580 4031 beneficio
610 3990 714 4046 per
734 3975 1066 4046 septiduum
1100 3974 1318 4046 pariter
1346 3976 1622 4047 gaudent.

893 4065 1128 4121 CAPUT
1164 4066 1337 4124 XXII.

476 4156 823 4214 Obseruantia
850 4157 911 4212 in
943 4157 1215 4229 baptismo
1245 4157 1357 4228 ﬁlii
1401 4160 1772 4231 imperatoris.

368 4322 632 4378 Primum
665 4338 736 4380 ex
765 4322 1046 4378 mandato
1078 4320 1454 4393 imperatoris
1480 4322 1765 4393 jubentur
1792 4324 1949 4378 certo

295 4418 551 4485 tempore
580 4420 637 4469 et
665 4411 791 4470 loco
843 4410 1155 4469 convenire
1205 4411 1492 4483 magistri,
1544 4411 1946 4483 proconsules.

2660 4065 2925 4121 ΚΕΦΑΛ.
2976 4066 3098 4121 ΚΒ¹.

2063 4156 2193 4213 Ὅσα
2303 4150 2387 4209 δεῖ
2485 4150 2923 4230 πσραφυλάττειν
3000 4150 3139 4230 *ἐπὶ-
3173 4222 3184 4230 .
3225 4154 3523 4227 βαπτισμῷ
3609 4155 3730 4230 (81)

2491 4222 2715 4301 ἅῤῥενός
2753 4222 2951 4287 παιδὸς
2994 4222 3290 4296 βασιλέως.

2133 4315 2385 4373 Κελεύσει
2414 4319 2513 4371 τοῦ
2570 4308 2842 4389 βασιλέως
2892 4315 3167 4390 ὁρίζονται
3217 4314 3534 4391 μάγιστροι,
3565 4315 3730 4371 ⁶ἀνθ-

2062 4408 2280 4477 ὕπατοι,
2335 4403 2637 4480 πατρίκιοι,
2670 4404 2992 4483 στρατηγοὶ,
3047 4402 3407 4483 στρατάρχαι,
3440 4405 3723 4481 τουρμάρ-

1360 4509 1560 4568 JOAN.
1599 4510 1745 4567 JAC.
1788 4508 2051 4567 REISKII
2089 4505 2676 4564 COMMENTARIUS.

374 4612 485 4683 (79)
514 4614 778 4685 Augusta
807 4625 923 4666 non
945 4609 1196 4666 habebat
1227 4608 1429 4682 plures
1459 4610 1667 4666 unicae
1715 4614 1905 4685 zostas
1933 4627 1948 4685 ξ
1984 4611 2028 4675 D
2059 4622 2211 4685 saepe
2241 4605 2530 4685 usquead
2564 4605 2951 4685 pubertatem,
2984 4604 3104 4685 imp
3145 4602 3387 4685 quidam
3420 4620 3606 4676 usque
3637 4620 3670 4660 a
3693 4605 3733 4662 d

300 4690 357 4739 at
385 4681 488 4740 ubi
518 4681 643 4740 dué
675 4688 873 4740 essent
912 4688 1208 4751 Augustas,
1234 4681 1461 4755 '_socrus
1509 4688 1567 4755 et
1614 4697 1818 4745 nurus,
1869 4681 1950 4735 ibi

301 4772 533 4827 quoque
561 4757 713 4812 binae
743 4762 902 4812 erant
927 4760 1124 4820 zostar,
1158 4753 1381 4827 cuique,
1417 4753 1692 4827 Augustas
1724 4769 1852 4821 sua,
1887 4756 1953 4808 ut

298 4824 565 4901 tempore
596 4827 960 4886 Constantini
1007 4832 1064 4881 et
1096 4826 1339 4881 Romani
1372 4824 1948 4897 Porphyrogcnneto-

301 4916 458 4955 rum.

374 4972 490 5045 (80)
522 4970 894 5045 Quasiidicas
928 4966 1064 5041 ζὲμα
1109 4965 1263 5045 λόγῳ
1307 4972 1407 5045 τῆς
1435 4964 1664 5045 -λέχους
1711 4968 1798 5024 vel
1850 4968 1952 5045 τῆς

301 5038 556 5167 λοάἕείὰς,
590 5044 840 5099 brodium
861 5058 958 5113 pro
985 5038 1283 5113 puerpera.
1307 5038 1730 5122 Qualeautem,
1759 5038 1864 5123 qui
1894 5044 1954 5094 et

302 5128 376 5166 un
426 5129 456 5167 e
487 5115 813 5167 confectum
847 5115 957 5167 hoc
991 5116 1280 5167 brodium.
1316 5129 1431 5167 non
1464 5112 1671 5167 hauet.
1706 5112 1953 5167 Videtur

302 5112 456 5167 unde
487 5115 813 5169 confectum
847 5115 957 5170 hoc
991 5116 1280 5181 brodtum,
1316 5129 1431 5168 non
1464 5112 1671 5183 liquet.
1706 5112 1953 5167 Videtur

299 5184 509 5256 vinum,
555 5186 901 5239 medicatum
953 5186 1157 5254 fuisse,
1189 5185 1679 5256 quemadmodum
1728 5185 1951 5253 passim

307 5271 433 5310 mos
460 5255 699 5323 obtinet,
729 5256 928 5311 vinum
950 5255 1305 5312 cinnamumi
1330 5256 1619 5323 cannulis,
1642 5271 1877 5311 saccaro
1895 5258 1954 5309 et

303 5327 531 5382 taleolis
561 5326 689 5380 citri
720 5328 958 5399 mistum
993 5327 1105 5393 (die
1132 5335 1285 5383 susse
1314 5329 1500 5385 Caune
1529 5326 1849 5399 appellant)
1878 5326 1951 5380 ad

303 5413 651 5471 puerperam
717 5397 1113 5471 invisentibus
1180 5397 1948 5471 propinandiC’Leunclav.

303 5470 575 5527 Pandect.
607 5470 776 5543 Ture.
801 5485 860 5543 n.
896 5470 962 5522 19
1005 5470 1301 5543 perhibet,
1337 5472 1749 5543 imperatorem
1795 5470 1952 5524 Tur-

303 5559 501 5598 carum
534 5543 609 5598 ob
640 5541 994 5596 nativitatem
1026 5541 1131 5594 ﬁlii
1163 5559 1344 5597 novos
1399 5541 1672 5598 nummos
1717 5543 1948 5597 cudere.

302 5619 379 5670 De
428 5616 539 5671 hoc
587 5629 751 5670 more
802 5611 950 5669 nihil
1006 5613 1160 5682 apud
1216 5614 1472 5671 CPtanos
1528 5614 1673 5686 imp.
1725 5615 1951 5670 Graecos

301 5687 622 5743 observavi.

373 5759 490 5830 (81)
523 5759 704 5816 Miror
752 5757 907 5830 quod
956 5760 1188 5830 tempus
1235 5757 1454 5830 peracti
1501 5757 1785 5829 baptismi
1814 5774 1949 5830 non

306 5828 615 5886 addiderit.
646 5831 712 5886 In
745 5828 935 5902 prima
962 5829 1197 5900 quidem
1240 5828 1495 5885 Ecclesia
1540 5828 1954 5902 exspectabant

2065 4676 2270 4735 horam
2297 4676 2526 4745 mortis,
2549 4681 2625 4740 et,
2646 4677 2695 4732 si
2718 4691 2998 4732 numerus
3022 4676 3252 4731 adesset
3277 4677 3420 4731 satis
3443 4691 3723 4748 magnus,

2064 4751 2247 4807 semel
2267 4755 2369 4805 aut
2388 4750 2479 4806 bis
2498 4749 2586 4804 vel
2608 4752 2699 4804 ter
2719 4749 2790 4804 ad
2813 4762 3120 4803 summum
3144 4763 3249 4817 per
3266 4764 3487 4804 annum
3512 4747 3722 4818 bapti-

2061 4823 2277 4878 zabant
2307 4820 2487 4877 simul
2527 4820 2977 4876 catechumenos
3007 4819 3271 4888 ejusdem
3321 4821 3499 4876 ferme
3530 4818 3719 4875 aetatis

2062 4895 2210 4951 festo
2270 4892 2649 4965 Epiphaniae,
2725 4906 2940 4963 magno
3011 4890 3291 4965 ‘Sabb‘ato‘
3337 4900 3391 4965 et
3464 4891 3717 4965 Sabbato

2062 4962 2451 5023 Pentecostes.
2486 4967 2667 5031 Quem
2700 4962 2921 5020 morem
2944 4979 2979 5018 a
2998 4962 3216 5019 Graecis
3237 4962 3717 5020 Muhammedani

2060 5038 2333 5093 videntur
2375 5037 2694 5108 accepisse,
2736 5035 2838 5106 qui
2878 5034 3059 5108 etiam
3105 5050 3310 5108 mares
3350 5051 3490 5108 suos
3540 5033 3719 5108 annis

2062 5105 2532 5166 adolescentibus
2562 5105 2818 5180 domum;
2841 5105 3291 5180 circumcidunt,
3310 5106 3514 5180 Aeique
3556 5106 3719 5180 actui

2064 5182 2278 5237 festum
2304 5180 2630 5235 solemnius
2646 5183 2748 5234 aut
2770 5177 3275 5235 circumcisionem
3300 5177 3721 5250 ﬁlii‘principis

2063 5252 2512 5325 prestolantur.
2547 5251 2764 5325 Verum
2814 5256 3076 5325 tempore
3129 5252 3477 5325 procedente
3528 5252 3717 5307 etiam

2063 5322 2315 5381 infantes
2352 5323 2633 5395 baptizati
2675 5322 3144 5395 fuerunt,_oitius
3186 5323 3505 5395 tardiusve,
3543 5326 3722 5395 prout

2062 5397 2292 5453 luberet
2335 5392 2451 5451 aut'
2478 5412 2570 5451 res
2618 5396 2812 5450 ferret.
2861 5393 3205 5466 Epiphania,
3257 5393 3508 5450 Heraclii
3572 5392 3719 5459 filia,

2064 5469 2359 5539 baptizata
2394 5467 2503 5523 fuit
2531 5466 2680 5539 dies
2703 5466 2998 5539 nativitate
3028 5466 3475 5539 quadragesimo
3508 5466 3563 5521 in
3582 5467 3720 5539 ast

2064 5536 2518 5607 Blachernensi;
2552 5538 2665 5595 vini.
2687 5537 3025 5607 Theophan.
3060 5537 3262 5607 p.250.
3287 5536 3717 5593 Constantinus

2063 5612 2397 5667 Caballinus
2419 5610 2737 5681 pariterdiu
2757 5615 2884 5679 post
2907 5609 3267 5681 nativitatem
3292 5609 3401 5681 fuit
3421 5610 3481 5663 in
3503 5609 3719 5681 Magna

2063 5683 2310 5740 ecclesia
2340 5679 2711 5755 baptizatus;
2743 5681 2854 5737 md.
2876 5682 3131 5755 _idem_p.
3163 5679 3286 5755 335.
3322 5680 3420 5755 Ait
3449 5679 3717 5755 enimjibi

2062 5750 2463 5827 Theophanes,
2516 5765 2760 5827 matrem
2835 5753 2985 5823 ejus,
3025 5750 3304 5827 Mariam,
3366 5751 3716 5827 interfuisse

2062 5822 2355 5900 baptismo
2380 5822 2804 5885 et'redeuntem
2822 5822 2894 5882 ex
2922 5822 3169 5882 ecclesia
3187 5823 3476 5897 sparsisse
3493 5839 3547 5880 m
3559 5838 3714 5881 unus
