4094 6396
362 449 519 510 1177

974 582 1231 636 ΚΕΦΑΛ.
1274 579 1402 635 ΛΗ’.

781 667 1132 745 χειροτονίας
1234 667 1618 745 Θεοφυλάκτου

824 742 1135 816 ἀγιωτσὶτοο
1176 744 1546 815 πατριάρχου,

427 831 577 902 Μηνὶ
632 826 992 906 Φεϐρουαρίῳ
1044 832 1112 904 β’,
1156 833 1191 899 ἡ
1239 833 1353 904 (25)
1404 831 1564 905 ἑορτὴ
1623 837 1722 900 τῆς
1780 833 2013 887 ὑπαπαν-

357 925 458 986 τῆς
492 925 589 975 τοῦ
620 919 827 976 Κυρίου
875 922 1037 992 ἡμῶν
1090 921 1274 990 Ἰησοῦ
1322 921 1582 991 Χριστοῦ,
1628 918 1782 985 ἔτους
1831 923 2010 997 ζυμβ’,

350 1006 757 1083 ἐχειροτονήθη
803 1006 1184 1083 Θεοφύλακτος
1244 1008 1271 1061 6
1317 1005 1731 1085 θεοφιλέστατος
1781 1009 2010 1083 σόγκελ-

352 1096 475 1166 λος,
510 1098 538 1151 ὁ
569 1097 685 1158 υἱὸς
713 1101 998 1169 Ῥωμανοῦ
1048 1096 1334 1165 δεσπότου,
1386 1096 1820 1171 ἆρχιεπίσκοπος
1856 1104 2010 1154 Κων-

353 1183 885 1246 σταντινουπόλεως.
954 1188 1033 1259 Τῇ
1102 1180 1159 1237 δὲ
1214 1183 1348 1256 αὐτῇ
1409 1182 1589 1258 ἡμέρᾳ
1669 1184 1921 1253 ἐτελέσθη
1974 1187 2008 1254 ἡ

347 1273 653 1337 ἀκολουθία
708 1277 807 1338 τῆς
867 1271 1243 1343 προελεύσεως
1298 1272 1492 1335 οὕτως·
1564 1278 1672 1328 ’1ὀῦ
1738 1273 2010 1328 παλατίου

349 1363 662 1432 ἀνοίξαντος
717 1361 806 1417 διὰ
860 1369 959 1431 τῆς
1008 1360 1191 1432 ἐξόδου
1241 1369 1343 1431 τῆς
1419 1361 1716 1435 ἐξαγούσης
1766 1362 1853 1417 ἐπὶ
1909 1366 2010 1434 τὴν

348 1456 449 1506 τοῦ
502 1452 700 1525 Κυρίου
751 1450 1065 1520 ἐκκλησίαν,
1116 1452 1205 1505 καὶ
1257 1455 1351 1504 τοῦ
1395 1448 1790 1505 κουϐουκλεῖου
1832 1451 2006 1506 εἴσελ-

353 1542 544 1602 θόντος
588 1534 735 1594 ⁵κατὰ
786 1540 849 1595 τὸ
909 1540 1123 1608 εἰωθὸς,
1186 1539 1412 1610 ἐξῆλθον
1481 1541 1531 1594 οἱ
1592 1538 1847 1595 δεσπόται
1903 1540 2008 1595 ἀπὸ

357 671 492 746 Περὶ
570 677 671 739 τῆς
781 671 1132 746 χειροτονίας
1234 671 1618 746 Θεοφυλάκτου
1712 671 1826 745 (24)
1917 674 2015 726 τοῖ’)

352 1631 808 1707 σκαραμαγγίων,
882 1625 1351 1703 περιϐεϐλημένοι
1403 1632 1487 1684 καὶ
1544 1631 1610 1684 τὰ
1675 1631 2010 1705 χρυσοπερί-

353 1719 581 1775 κλειστα
638 1720 846 1774 τούτων
907 1718 1081 1795 σαγία,
1151 1721 1241 1773 καὶ
1308 1719 1518 1789 ἀπίασι,
1588 1717 2008 1793 δηριγευὸμενοι

356 1809 464 1864 ὑπό
520 1830 577 1864 τε
649 1813 757 1865 τῶν
831 1809 1206 1884 πραιποσίτων
1268 1810 1357 1863 καὶ
1427 1814 1525 1863 τοῦ
1591 1805 2005 1878 κουϐουκλείου,

357 1896 448 1952 διὰ
505 1904 604 1967 τῆς
666 1898 972 1973 μανναῦρας
1053 1899 1141 1952 καὶ
1209 1902 1317 1953 τῶν
1408 1893 1733 1951 διαϐατικῶν
1803 1898 1880 1961 εἷς
1942 1900 2008 1952 τὰ

347 1989 743 2063 κατηχούμενα
797 1996 896 2057 τῆς
943 1986 1205 2057 Μεγάλης
1255 1985 1568 2057 ἐκκλησίας,
1629 1990 1719 2042 καὶ
1767 1990 1903 2043 κατὰ
1944 1979 2007 2042 τὸ

352 2079 548 2141 εἰωθὸς
580 2076 669 2132 διὰ
710 2085 811 2146 τῆς
854 2084 1081 2151 τρισσῆς
1117 2078 1250 2149 μετὰ
1299 2081 1405 2132 τῶν
1456 2083 1640 2149 κηρῶν
1692 2081 2005 2151 προσκυνή-

355 2188 486 2228 σεως
516 2165 597 2238 τῷ
655 2173 771 2238 Θεῷ
816 2166 1305 2243 εὐχαριστήσαντες
1355 2166 1443 2221 καὶ
1490 2167 1557 2222 τὰ
1597 2166 1804 2221 τούτων
1851 2164 2006 2238 8:61}-

361 2260 523 2328 τήσια
552 2255 906 2328 ἀλλάξαντες,
939 2256 1323 2327 ἐκαθέσθησαν.
1370 2257 1464 2313 Καὶ
1516 2257 1605 2312 ὅτε
1651 2258 1824 2312 πάντα
1870 2261 2007 2313 κατὰ

349 2349 447 2416 τὴν
500 2347 754 2411 εἰωθυῖαν
808 2345 1137 2410 ἀκολουθίαν
1188 2346 1534 2421 εὐτρεπίσθη,
1588 2347 2006 2419 ὑπεμνήσθησαν

349 2437 401 2491 οἱ
435 2434 720 2505 δεσπόται,
779 2439 871 2491 καὶ
918 2437 1117 2498 εὐθέως
1174 2432 1608 2511 περιεϐάλλοντο
1656 2438 1749 2498 τὰς
1798 2438 2002 2493 ἑαυτῶν

350 2524 671 2600 χλαμύδας,
712 2525 801 2580 καὶ
843 2524 1092 2598 ἐξιόντων
1144 2524 1319 2580 αὐτῶν
1370 2522 1471 2594 ἔξω
1513 2529 1611 2580 τοῦ
1659 2524 1830 2580 ἐκεῖσε
1881 2546 2004 2598 κρε-

354 2613 603 2688 μαμένου
666 2614 866 2689 βήλου,
918 2612 1160 2684 ἐδέξαντο
1217 2614 1445 2676 τούτους
1495 2615 1548 2668 οἳ
1610 2635 1669 2669 τε
1718 2613 2005 2690 μάγιστροι

344 2704 435 2758 καὶ
488 2703 795 2778 πατρίκιοι.
857 2704 956 2758 Καὶ
1016 2711 1117 2773 τῆς
1178 2702 1430 2765 εἰωθυίας
1502 2703 1702 2773 τάξεως
1762 2704 2006 2759 ἐπιτελε-

351 2795 585 2864 σθείσης,
636 2793 884 2849 κατίεσαν
935 2795 987 2848 οἱ
1037 2790 1294 2848 δεσπόται
1344 2790 1433 2847 διὰ
1474 2797 1571 2847 τοῦ
1624 2793 1864 2867 μεγάλου
1911 2815 2007 2848 κο-

351 2882 534 2958 χλιοῦ.
569 2886 660 2941 Ἐν
695 2884 753 2938 δὲ
791 2889 869 2956 τῷ
918 2885 1152 2959 νάρθηκι
1201 2891 1303 2953 τῆς
1350 2883 1661 2959 ἁγιωτάτης
1710 2882 2006 2953 ἐκκλησίας

349 2973 422 3035 εἰς
472 2973 571 3041 τήν
622 2973 827 3048 ὡραίαν
876 2973 1056 3044 πύλην
1116 2972 1325 3042 ἐδέξατο
1375 2973 1603 3033 τούτους
1636 2973 1663 3026 6
1693 2973 2005 3048 ὑποψήφιος

348 3063 485 3135 μετὰ
557 3069 656 3130 τῆς
714 3061 1170 3131 ἐκκλησιαστικῆς
1230 3059 1411 3130 πάσης
1485 3061 1707 3130 τάξεως.
1778 3061 1877 3115 Καὶ
1936 3060 2002 3129 δὴ

351 3152 491 3206 κατὰ
558 3152 651 3206 τὸν
720 3148 951 3215 εἰωθότα
1015 3151 1185 3205 τύπον
1259 3147 1675 3217 εἷ’σοδεύσαντες,
1742 3151 1828 3204 καὶ
1898 3156 2005 3205 τῶν

347 3242 474 3311 ἑξῆς
537 3238 985 3296 ἐπιτελεσθέντων
1050 3239 1187 3296 κατὰ
1235 3240 1332 3301 τὰς
1383 3238 1593 3301 λοιπᾶις⁴
1632 3237 2002 3314 προελεύσεις,

1206 448 1306 508 DE
1352 448 1809 510 CEBIMONIIS
1854 451 2089 511 AUL/E
2132 448 2611 511 ΒῩΖΑΝΤΙΝᾹΞ
2659 450 2800 510 LIB.
2849 448 2922 509 ΙΙ.

2048 586 2097 651 Α

3574 468 3583 475 “
3616 448 3770 509 1178

2651 581 2886 638 CAPUT
2926 581 3239 638 XXXVIII.

2126 674 2198 729 De
2252 672 2520 729 electione
2584 673 2971 743 Theophylacli
3017 671 3358 728 sanctissimi
3402 673 3764 744 patriarchae.

2199 835 2415 890 Mensis
2465 833 2760 890 Februarii
2819 835 2912 889 die
2961 836 3235 903 secundo,
3276 836 3594 905 eodemque
3624 836 3768 893 festo

2128 924 2484 995 liypapantes
2506 941 2609 980 seu
2633 941 2913 981 occursus
2938 925 3163 979 Domini
3187 926 3369 981 nostri
3390 925 3530 981 Jesu
3554 925 3768 980 Christi

2121 1016 2276 1083 [cum
2310 1031 2448 1069 sene
2479 1014 2765 1086 Symeone
2795 1019 2852 1069 et
2882 1017 3043 1069 Anna
3075 1015 3476 1069 convenientis
3510 1016 3567 1068 in
3615 1018 3767 1069 tem-

2119 1103 2211 1173 plo
2268 1103 2811 1174 Hierosolymitano]
2873 1120 3025 1159 anno
3073 1104 3215 1158 6442
3263 1105 3338 1174 [a.
3395 1108 3453 1156 υ.
3516 1103 3583 1158 Ν.
3637 1102 3764 1173 933]

2117 1192 2439 1263 eligebatur
2469 1192 2969 1264 Theophylactus,
2998 1199 3109 1247 Deo
3130 1193 3516 1247 cbarissimus
3539 1192 3765 1264 syncel-

2118 1281 2236 1348 lus,
2270 1281 2428 1336 ﬁlius
2464 1281 2709 1337 Romani
2741 1283 3066 1354 [Lecapeni]
3091 1285 3363 1354 despotie,
3393 1283 3449 1336 in
3475 1282 3763 1354 archiepi-

2118 1387 2355 1439 scopum
2391 1371 3220 1441 Constantinopoleos.Eodcm
3257 1372 3350 1425 die
3383 1372 3764 1442 peragebatur

2119 1459 2263 1514 ritus
2295 1460 2686 1530 processionis
2736 1462 2843 1514 hoc
2887 1462 3058 1514 modo
3095 1477 3107 1516 :
3143 1460 3360 1515 Palatio
3408 1478 3473 1514 ex
3504 1477 3571 1515 ea
3606 1466 3764 1532 parte

2115 1555 2389 1615 reserato,
2416 1566 2531 1620 qua
2560 1549 2621 1604 in
2654 1550 2957 1606 ecclesiam
2985 1550 3216 1604 Domini
3250 1551 3389 1618 itur,
3415 1559 3471 1605 et
3493 1550 3763 1606 cubiculo

2116 1656 2220 1710 pro
2281 1656 2436 1695 more
2495 1644 2773 1694 consueto
2834 1646 3208 1711 congregato,
3252 1642 3484 1695 exibant
3542 1640 3764 1695 domini

2115 1725 2438 1797 [Romanus
2464 1743 2594 1782 cuni
2620 1726 2757 1782 ﬁliis
2789 1732 2845 1781 et
2876 1744 3086 1798 genero
3110 1728 3493 1783 Constantino
3511 1727 3785 1800 Porphy-'

2117 1816 2399 1887 rogenito]
2434 1816 2492 1871 in
2527 1817 2950 1887 scaramangiis
2982 1824 3038 1872 et
3061 1816 3220 1888 sagis
3240 1818 3362 1872 suis
3383 1834 3525 1872 auro
3553 1817 3759 1886 septis,

2115 1904 2433 1977 stipatique
2465 1923 2497 1959 a
2530 1905 2855 1977 praepositis
2887 1914 2941 1959 et
2971 1905 3243 1961 cubiculo
3266 1907 3507 1960 abibant
3556 1911 3762 1977 praeter

2041 1963 2085 2026 Β
2117 2010 2492 2062 magnauram
2526 2000 2583 2049 et
2625 2011 2724 2065 per
2774 1996 3052 2065 porticus,
3091 2012 3189 2066 per
3238 2013 3383 2066 quas
3424 1996 3586 2049 illinc
3621 1996 3758 2052 illuc

2110 2084 2486 2138 tendentibus
2544 2086 2970 2139 transeundum
3029 2095 3133 2152 esi,
3194 2086 3254 2139 in
3319 2085 3759 2141 catechumenia

2113 2172 2331 2242 Magnas
2364 2173 3017 2242 eoclesize,exhibitaque
3042 2174 3178 2239 Deo,
3215 2179 3278 2228 ut
3311 2191 3434 2229 mos
3466 2180 3569 2240 est,
3594 2179 3760 2229 terna

2113 2277 2243 2316 cum
2277 2262 2460 2316 cereis
2491 2264 2845 2329 adcretione,
2877 2263 3199 2318 induebant
3237 2280 3339 2317 sua
3370 2263 3675 2329 dibetesia,
3704 2267 3761 2318 et

2113 2350 2495 2405 considebant
2532 2352 2614 2422 [in
2664 2351 3175 2421 catechumeniis].
3236 2350 3308 2405 Ut
3364 2350 3581 2417 omnia,
3634 2367 3759 2422 quae

2112 2438 2259 2493 ritus
2292 2440 2533 2511 ﬂagitat,
2584 2448 2919 2511 comparata
2967 2445 3154 2502 erant.
3204 2440 3490 2495 admoniti
3538 2440 3762 2497 domini

2113 2526 2435 2583 induebant
2456 2528 2797 2598 chlamydes
2818 2546 2959 2584 suas
2975 2549 2988 2597 ;
3007 2535 3397 2600 exeuntesque
3426 2530 3582 2599 ipsos
3604 2536 3763 2585 extra

2110 2617 2303 2671 velum
2337 2618 2415 2671 ibi
2467 2618 2819 2688 suspensum
2861 2618 3229 2688 excipiebant
3261 2624 3605 2673 venerantes
3637 2636 3761 2674 ma-

2111 2704 2281 2777 gistri
2312 2710 2368 2759 et
2400 2706 2649 2777 patricii.
2684 2705 2896 2761 Ordine
2927 2712 3204 2762 consueto
3230 2706 3415 2771 linito,
3443 2706 3757 2763 descende-

2110 2794 2253 2849 bant
2283 2794 2502 2849 domini
2530 2811 2627 2866 per
2653 2812 2923 2865 magnam
2956 2794 3276 2850 cochleam.
3305 2796 3443 2850 Inde
3468 2795 3758 2866 ingressos

2113 2884 2172 2940 in
2205 2886 2538 2940 narthecem
2579 2885 2965 2939 sanctissimae
2996 2884 3275 2953 ecclesiae,
3306 2885 3629 2955 excipiebat
3658 2902 3757 2941 eos

2111 2973 2171 3027 in
2197 2979 2361 3044 porta
2385 2975 2633 3027 formosa
2662 2973 2880 3027 electus
2905 2989 3022 3027 una
3042 2989 3173 3027 cum
3201 2978 3318 3028 toto
3349 2974 3552 3028 ordine
3573 2972 3755 3028 eccle-

2114 3063 2345 3117 siastico
2362 3082 2376 3131 ;
2394 3062 2762 3133 ingressique
2777 3060 3254 3115 sacriﬁcatorium
3281 3078 3410 3116 secu
3424 3063 3493 3115 nd
3506 3080 3604 3116 um
3620 3079 3757 3117 con-

2116 3156 2351 3206 suetum
2388 3151 2586 3217 ritum,
2610 3151 2999 3221 omnibusque
3020 3166 3089 3204 ex
3119 3151 3322 3205 ordine
3347 3153 3755 3222 peractis,quaa

2116 3241 2175 3295 in
2235 3241 2454 3295 caaleris
2512 3240 2985 3310 processionibus
3036 3240 3205 3303 fiunt,
3237 3239 3595 3310 incipiebant
3644 3246 3757 3295 Deo

346 3329 658 3403 ἀπήρξαντο
694 3330 745 3383 οἱ
776 3327 1047 3408 θεοφιλεῖς
1102 3327 1507 3402 μητροπολὶται
1554 3336 1654 3397 τῆς
1697 3329 1843 3402 ἱερᾶς
1887 3346 2001 3401 χει-

2116 3329 2274 3385 cbari
2307 3328 2683 3399 metropolitae
2732 3345 2957 3383 sacram
3007 3329 3436 3383 ordinationem
3477 3327 3758 3399 archiepi-

354 3416 629 3491 ροτονῖας.
666 3419 734 3475 Οἱ
768 3416 824 3473 δὲ
865 3420 1226 3497 φιλόχριστοι
1261 3416 1506 3493 βασιλεῖς
1540 3418 1733 3493 μικρόν
1776 3439 1829 3472 τι
1880 3418 2005 3471 όπι-

353 3504 701 3576 σθοπὸδησαν
738 3507 904 3583 μέχρι
932 3512 1028 3562 τοῦ
1059 3504 1296 3583 ἀργυροῦ
1344 3507 1523 3567 κίονος
1572 3510 1668 3559 τοῦ
1713 3500 2001 3580 κιϐωρίου,

346 3594 458 3659 ἓως
487 3594 743 3666 ἐτελέσθη
794 3598 939 3671 παρὰ
988 3601 1093 3651 τῶν
1144 3594 1576 3668 μητροπολιτῶν
1617 3595 1685 3649 τὰ
1730 3601 1828 3663 τῆς
1879 3614 1999 3670 χει-

349 3684 624 3758 ροτονίας.
660 3686 758 3740 Καὶ
794 3685 893 3750 εἷθ’
941 3685 1113 3746 οὕτως
1148 3682 1238 3738 διὰ
1283 3688 1379 3738 τοῦ
1430 3681 1606 3756 δεξιοῦ
1662 3684 1859 3757 μέρους
1906 3687 2002 3739 τοῦ

345 3774 599 3849 βήματος
629 3774 849 3829 καὶτοῦ
878 3774 1136 3830 κυκλείου
1178 3773 1435 3843 εἰσῆλθον
1485 3774 1536 3827 ἐν
1579 3778 1657 3844 τῷ
1705 3774 2000 3849 εὐκτηρίῳ,

341 3864 394 3919 ἐν
431 3865 476 3936 ᾧ
526 3865 615 3919 καὶ
646 3867 681 3935 ἡ
718 3866 927 3942 ἀργυρᾶ
970 3864 1186 3939 ’ίδρυται
1239 3866 1561 3938 σταύρωσις.
1615 3865 1714 3921 Καὶ
1764 3866 1854 3920 διὰ
1901 3872 2002 3935 τῆς

335 3958 562 4030 τρισσῆς
609 3957 746 4028 μετά
800 3961 909 4010 τῶν
968 3961 1155 4029 κηρῶν
1212 3958 1635 4030 προσκυνήσεως
1694 3955 1998 4031 ἆπευχαρι-

340 4046 635 4113 στήσαντες
668 4049 747 4114 τῷ
797 4049 912 4116 Θεῷ
951 4046 1039 4099 καὶ
1091 4045 1182 4099 τὸν
1233 4044 1580 4120 πατριάρχην
1632 4044 1996 4120 ἀποχαιρετί-

339 4154 553 4201 σαντες,
586 4132 825 4203 ἀνῆλθον
858 4132 943 4189 δι»
974 4139 1071 4189 τοῦ
1120 4133 1360 4209 κοχλιοῦ
1411 4138 1507 4189 τοῦ
1547 4134 1682 4207 πρὸς
1727 4134 1789 4189 τὸ
1834 4134 1996 4207 μέρος

334 4225 434 4276 τοῦ
484 4221 641 4296 ἁγίου
700 4222 951 4298 φρέατος,
1011 4222 1063 4276 ἐν
1116 4227 1233 4286 τοῖς
1282 4228 1417 4296 πρὸς
1470 4220 1737 4289 ἀνατολὴν
1798 4218 1995 4291 δεξιοῖς

343 4310 532 4385 μέρεσι
596 4316 705 4365 τῶν
772 4310 1222 4388 κατηγουμενίων
1317 4308 1666 4384 ἐκδενόμενοι
1735 4310 1834 4377 τήν
1898 4314 1995 4364 τοῦ

340 4401 503 4474 ἁγιου
533 4399 878 4477 Εὖαγγελίου
910 4401 1227 4474 ἀνάγνωσιν.

939 4493 1210 4546 ΚΕΦΑΛ.
1264 4489 1385 4544 ΛΘ’.

341 4578 477 4651 Ηερὶ
535 4581 633 4632 τοῦ
689 4578 1058 4654 πατριάρχου,
1111 4578 1194 4632 ὅτι
1253 4577 1315 4632 τὸ
1374 4575 1606 4631 παλαιὸν
1671 4572 1813 4629 ’ἰδιον
1876 4575 1994 4654 εἶχε

969 4654 1355 4726 πραιπόσιτον.

412 4737 633 4808 Ἰστέον,
667 4737 750 4793 ὅτι
794 4739 881 4793 καὶ
945 4740 972 4794 ὁ
1031 4738 1378 4813 πατριάρχης
1435 4738 1497 4792 τὸ
1554 4734 1788 4791 παλαιὸν
1848 4733 1990 4791 ’ἰδιον

338 4828 461 4901 εἶχε
525 4829 908 4900 πραιπόσιτον,
986 4833 1472 4903 πρωτοστατοῦντα
1572 4832 1679 4881 τῶν
1756 4821 1991 4881 κουϐου-

262 4962 269 4969 .
335 4916 620 4989 κλεισίων,
671 4918 776 4972 ἀπὸ
835 4922 932 4972 τοῦ
986 4917 1198 4992 κλήρου
1255 4918 1345 4972 καὶ
1392 4922 1488 4972 τοῦ
1538 4914 1990 4987 ἐκκλησιαστικοῦ

336 5003 651 5081 καταλόγου
693 5008 1054 5082 τυγχάνοντα.
1118 5008 1220 5063 Καὶ
1280 5004 1452 5074 δῆλον
1511 5006 1617 5061 ἀπὸ
1672 5013 1773 5075 τῆς
1830 5007 1992 5079 ’Πρα-

334 5094 528 5152 κλείου
557 5101 655 5150 τοῦ
690 5098 962 5171 βασιλέως
993 5095 1287 5175 ἀσφαλείας
1319 5099 1455 5169 (26),
1486 5096 1551 5166 ἤν
1582 5096 1806 5165 ἐποίησε
1854 5096 1989 5169 πρὸς

2115 3420 2293 3491 scOpi.
2328 3423 2598 3475 Amanles
2645 3419 2940 3475 Christum
2989 3417 3373 3488 imperatores
3421 3425 3613 3473 autem
3658 3419 3758 3474 ali-

2113 3514 2332 3580 quanto
2361 3515 2511 3565 retro
2535 3509 2592 3563 in
2626 3510 2803 3579 pedes
2834 3526 2970 3564 suos
3003 3526 3063 3564 se
3087 3508 3445 3577 recipiebant
3469 3525 3655 3580 usque
3686 3509 3757 3562 ad

2112 3604 2439 3666 argenteam
2465 3599 2801 3654 columnam
2826 3597 3237 3670 propitiatorii,
3262 3597 3447 3653 donec
3473 3597 3759 3653 ordinatio

2112 3703 2146 3742 a
2177 3687 2560 3759 melropolitis
2600 3689 2860 3743 confecta
2906 3693 3082 3743 esset.
3115 3687 3278 3742 Tunc
3330 3687 3629 3742 intrabant
3658 3703 3760 3758 per

2111 3778 2371 3831 dextram
2410 3782 2629 3845 partem
2662 3777 2910 3831 tribunis
2937 3781 2995 3831 et
3034 3776 3199 3847 cyclii
3232 3776 3291 3829 in
3323 3776 3663 3845 oratorium,
3694 3775 3757 3830 in

2110 3882 2226 3937 quo
2285 3866 2478 3937 imago
2541 3871 2814 3937 argentea
2883 3864 3276 3920 cruciﬁxionis
3343 3862 3554 3918 Christi
3606 3870 3752 3931 stat;

2109 3956 2381 4026 trinaque
2411 3970 2543 4008 cum
2579 3955 2755 4008 cereis
2804 3952 3206 4021 genuﬂexione
3256 3952 3506 4007 venerati
3547 3952 3754 4023 Deum,

2108 4043 2511 4098 valedicebant
2526 4040 2891 4112 patriarchae,
2907 4042 3303 4095 ascendebant
3318 4058 3415 4111 per
3431 4042 3753 4111 cochleam,

2106 4149 2237 4203 quae
2267 4135 2355 4185 est
2387 4132 2442 4185 in
2499 4132 2734 4202 regione
2777 4130 2961 4185 sancti
3017 4130 3196 4201 putei,
3250 4130 3308 4185 in
3357 4146 3505 4199 eam,
3553 4147 3683 4202 quae
3724 4149 3758 4186 a

2106 4221 2324 4275 dextris
2356 4225 2442 4275 cst
2482 4237 2685 4274 versus
2733 4219 3018 4275 orientem
3068 4236 3365 4285 converso,
3402 4225 3624 4289 partem
3658 4237 3754 4275 ca-

2103 4310 2636 4380 techumeniorum,
2711 4313 3108 4382 exspectantes
3178 4308 3486 4365 lectionem
3564 4309 3752 4367 sancti

2103 4399 2421 4472 Evangelii.

2570 4559 2722 4614 808
2764 4557 2997 4613 CAPUT
3037 4558 3288 4614 XXXIX.

2106 4649 2259 4719 Quod
2314 4648 2633 4719 patriarcha
2681 4649 2811 4704 olim
2861 4664 3024 4703 suum
3072 4646 3333 4703 habuerit
3376 4649 3748 4719 pra‘positum.

2176 4737 2577 4794 Patriarcham
2597 4737 2733 4792 olim
2762 4738 3050 4807 pr0prium
3078 4736 3349 4791 habuisse
3372 4739 3749 4808 praepositum

2103 4827 2513 4897 [eunuchum],
2551 4829 2802 4896 primum
2836 4828 3080 4896 gradum
3114 4832 3407 4881 tenentem
3441 4831 3499 4880 et
3538 4826 3753 4897 princi-

2104 4932 2231 4987 pem
2266 4916 2325 4971 in
2358 4915 2695 4970 cubuclisiis
2727 4918 2784 4969 et
2816 4915 3199 4984 pertinentem
3223 4915 3295 4969 ad
3327 4914 3569 4970 clericos
3591 4915 3751 4969 ordi-

2102 5021 2357 5076 nemque
2397 5003 2883 5071 ecclesiasticum,
2934 5008 3093 5075 patet
3140 5021 3208 5059 ex
3252 5006 3542 5072 cautione,
3573 5022 3750 5077 quam

2103 5095 2419 5167 imperator
2455 5095 2753 5150 Heraclius
2786 5093 3122 5166 patriarchae
3170 5096 3370 5167 Sergio
3415 5113 3596 5169 supra
3627 5112 3754 5152 me-

1378 5207 1578 5263 JOAN.
1620 5206 1762 5262 JAC.
1806 5206 2058 5261 REISKII
2098 5204 2712 5261 COMMENTARIUS.

414 5295 1026 5367 (2’1)The0phy|actus
1075 5300 1199 5352 erat
1231 5295 1386 5351 ﬁlius
1437 5296 1683 5351 Romani
1708 5295 1990 5365 Leeapeni

340 5368 464 5437 imp
498 5366 513 5432 ,
545 5368 846 5439 ordinatus
891 5370 950 5422 in
999 5367 1386 5439 patriarcham
1432 5368 1714 5439 Februar,
1764 5368 1799 5420 2
1831 5374 1893 5418 Α.
1929 5366 1988 5420 (J.

337 5440 468 5505 933,
502 5444 566 5493 ut
596 5438 861 5509 perhibet
893 5438 1378 5504 Fabricius,Bibl.
1413 5438 1532 5506 Gr.,
1565 5446 1607 5495 ι.
1649 5438 1739 5506 VI,
1775 5454 1829 5508 p.
1859 5438 1990 5505 711,

339 5524 578 5565 auctore
614 5513 692 5565 Du
735 5514 952 5582 Cangio
1002 5513 1057 5565 in
1096 5511 1298 5566 Fami].
1334 5510 1466 5580 Byz.
1500 5511 1731 5582 p.147;
1765 5515 1822 5563 et
1851 5524 1989 5564 sane

338 5581 582 5637 indictio
614 5589 793 5649 sexta,
828 5581 921 5637 cui
947 5583 1056 5638 Leo
1095 5583 1532 5637 Grammaticus
1575 5581 1725 5636 hanc
1765 5597 1991 5650 promo-

338 5655 556 5707 tionem
592 5655 817 5717 tribuit,
854 5656 908 5708 in
945 5658 1009 5709 A.
1056 5654 1116 5708 C.
1157 5654 1264 5707 933
1297 5654 1536 5719 incidit;
1571 5669 1769 5707 verum
1797 5669 1989 5705 annus

339 5726 547 5797 mundi
572 5725 931 5797 76442:,juxta
963 5733 1302 5797 computum
1333 5725 1661 5797 Grmcorum
1696 5724 1897 5777 incidit
1930 5724 1987 5797 in

339 5799 492 5853 A.C.
526 5796 652 5851 934.
704 5795 944 5853 Videtur
983 5795 1116 5869 ergo
1161 5798 1318 5868 apud
1362 5795 1637 5852 Nostrum
1688 5797 1895 5850 vitium
1927 5796 1986 5849 in

2102 5292 2367 5348 numeris
2398 5309 2523 5348 esse
2554 5298 2611 5347 et
2661 5310 2765 5364 pro
2800 5291 2846 5364 β’
2882 5294 3332 5364 ευρροηθησίυηι
3379 5298 3424 5347 α’
3455 5311 3555 5351 seu
3588 5296 3747 5351 6441.

2105 5368 2220 5435 Ego
2251 5365 2486 5433 quidem
2522 5365 2579 5418 in
2610 5365 2829 5436 Latinis
2862 5372 3098 5436 secutus
3125 5367 3206 5420 i'ui
3243 5367 3623 5436 plurimorum
3656 5384 3752 5421 au-

2105 5442 2332 5492 ctorum
2368 5437 2623 5490 rationes
2658 5435 3119 5506 chronologicas.

2168 5508 2279 5578 (25)
2312 5509 2398 5561 Ita
2454 5508 2832 5563 membranis.
2894 5505 3058 5563 Ferte
3114 5505 3166 5560 ἐν
3226 5512 3327 5565 aut
3358 5507 3423 5575 ἦν
3457 5508 3568 5564 erit
3610 5507 3748 5562 sub-

2098 5580 2486 5632 slituendum.

2171 5650 2280 5720 ('36)
2326 5652 2423 5704 Est
2475 5645 2759 5721 ἀσφάλεια
2788 5653 2908 5704 tam
2950 5652 3153 5715 cautio,
3197 5651 3231 5717 ἡ
3265 5642 3538 5709 εὐλάϐεια,
3578 5666 3749 5713 προσ-

2098 5723 2234 5794 οχή,
2283 5720 2565 5794 attentio,
2603 5720 2867 5790 provisio,
2924 5727 2983 5775 ut
3045 5739 3163 5775 aevo
3225 5724 3447 5794 inedio__
3479 5721 3751 5794 (licebant

2099 5790 2314 5853 Latini.
2374 5810 2492 5863 qua
2550 5794 2802 5864 quisque
2856 5799 3047 5859 curat,
3099 5807 3169 5848 ne
3216 5793 3326 5847 sibi
3377 5790 3597 5861 aliquid
3647 5798 3750 5847 aut
