4094 6370
363 395 516 456 1201

1263 398 1360 456 DE
1401 397 1851 459 CERIMONHS
1898 397 2133 456 AUL/E
2177 399 2670 463 ΒΥΖΑΝΤΙΝᾹΞ
2711 404 2856 463 LIB.
2904 404 2954 464 Il

3622 408 3778 468 1202

357 529 586 602 ’Έτερος
622 526 818 602 λάρναξ
851 525 1044 588 λευκὸς
1082 530 1497 602 ΙΙροικονήσιος,
1545 528 1597 584 ἐν
1729 529 2005 585 ἀπόκειται

2132 530 2494 590 Justinianus
2532 535 2743 593 Minor.
2779 537 2963 606 Alius,
3014 536 3442 593 Proconnesius
3494 538 3656 608 item,
3716 540 3778 596 in

359 616 743 679 Ἰουο-τινιανὸς
813 617 842 670 ὁ
912 615 1106 690 μικρός
1165 620 1292 690 (88).
1346 619 1567 692 Ἓτερος
1646 618 1844 689 λάρναξ
1901 619 2008 672 ἀπὸ

362 705 525 762 λίθου
595 709 1011 782 Ηροικονησίας,
1063 707 1114 761 ἐν
1166 709 1210 780 ᾧ
1253 708 1533 764 ἀπόκειται
1578 712 1752 786 Σοφία
1791 714 1825 780 ἡ
1874 712 2009 786 γυνὴ

362 795 682 853 Ἰουοτίνου.
716 799 943 870 Ἕτερος
993 796 1188 872 λάρναξ
1238 797 1345 852 ἀπὸ
1399 797 1556 853 λίθου
1607 798 1803 854 λευκοῦ
1853 808 2014 854 Δοκι-

362 889 525 960 μινοῦ
558 887 671 958 (89)
705 884 986 959 ὀνυχίτου,
1039 884 1088 940 ἐν
1121 887 1167 957 ᾧ
1198 887 1480 941 ἀπόκειται
1529 887 1850 961 Ἡράκλειος
1897 890 2012 961 (90)

357 977 386 1031 ὁ
441 974 630 1053 μέγας.
686 977 910 1050 Ἕτερος
960 975 1157 1049 λάρναξ
1209 977 1468 1049 πράσινος
1517 977 1810 1048 Θεσσαλὸς,
1858 977 1909 1032 ἐν
1965 977 2011 1048 ᾧ

354 1064 641 1120 ἀπόκειται
686 1060 870 1119 Φαϐία
920 1067 954 1134 ἡ
1003 1067 1139 1141 γυνή
1200 1067 1544 1140 Ἡρακλείου.
1605 1070 1825 1140 Έτερος
1873 1065 2011 1140 λάρ-

361 1154 453 1224 ναξ
513 1155 908 1228 Προικονήσιος
958 1154 1373 1209 Κωνσταντίνου
1444 1156 1803 1230 11ωγωνάτου.
1855 1159 2012 1211 Ἕτε-

358 1263 456 1316 ρος
509 1241 706 1316 λάρναξ
756 1243 862 1297 ἆπὸ
923 1243 1080 1306 λίθου
1134 1243 1398 1317 πρασίνου
1455 1243 1813 1316 Θεσσαλικοῦ,
1861 1242 1912 1298 ἒν
1966 1245 2012 1316 ᾧ

353 1330 640 1387 ἀπόκειται
696 1335 914 1386 Φαῦστα
967 1334 1079 1404 (91)
1129 1333 1162 1401 ἡ
1223 1335 1358 1408 γυνή
1422 1333 1832 1390 Κωνσταντίνου
1897 1339 2015 1387 Πω-

357 1419 631 1497 γωνάτου.
682 1422 907 1492 ’Έτερος
967 1420 1163 1494 λάρναξ
1215 1421 1540 1494 Σαγαρινὸς,
1589 1421 1641 1474 ἐν
1687 1423 1732 1493 ᾧ
1789 1420 2011 1476 ἀπόκει-

355 1530 445 1565 ται
517 1515 944 1577 Κωνσταντῖνος,
1019 1511 1196 1586 ἒγγων
1264 1509 1613 1584 Ἡρακλείου,
1681 1511 1797 1571 υἱὸς
1864 1517 2012 1566 Κων-

357 1599 638 1656 σταντίνου
705 1602 822 1671 (92)
885 1603 983 1654 τοῦ
1039 1601 1405 1676 Πωγωνάτου.
1493 1603 1718 1675 Ἓτερος
1812 1599 2011 1676 λάρναξ

368 1687 476 1744 ἀπὸ
541 1687 697 1743 λίθου
776 1693 1078 1763 Σαγαρινοῦ
1146 1688 1561 1754 ἑκατοντάλιθος
1651 1692 1787 1763 (93),
1856 1687 1907 1744 ἐν
1965 1691 2010 1761 ᾧ

364 1777 643 1832 ἀπόκειται
714 1778 1066 1839 Ἀναστάσιος
1123 1779 1150 1832 ὁ
1235 1779 1323 1833 καὶ
1391 1780 1702 1854 ³Αρτὲμιος.
1788 1783 2009 1854 Ἕτερος

367 1866 567 1942 λάρναξ
615 1867 720 1921 ἀπὸ
762 1864 918 1930 λίθου
975 1865 1369 1940 Ἰεραπολίτου,
1431 1868 1482 1921 ἐν
1543 1869 1588 1940 ᾧ
1645 1869 1923 1923 ἀπόκειται
1972 1871 2006 1937 ἡ

346 1957 488 2032 γυνὴ
541 1957 894 2012 Ἀναστασίου
948 1960 1044 2010 τοῦ
1093 1957 1181 2010 καὶ
1229 1957 1544 2030 Ἀρτεμίου.
1599 1959 1824 2030 Ἕτερος
1876 1956 2011 2032 λάρ-

357 2047 451 2117 ναξ
502 2047 607 2101 άπὸ
654 2044 814 2110 λίθου
865 2046 1288 2121 Προικονησίου,
1339 2045 1389 2100 ἐν
1438 2048 1484 2118 ᾧ
1534 2046 1816 2101 ἀπόκειται
1863 2047 2010 2102 Λέων

359 2137 388 2190 ὁ
456 2135 732 2210 Ἰσαυρος.
801 2137 1026 2210 Ἕτερος
1092 2135 1290 2210 λάρναξ
1356 2137 1461 2190 ἀπὸ
1530 2135 1688 2191 λίθου
1754 2136 2014 2211 πρασίνου

366 2226 722 2293 Θετταλικοῦ,
757 2224 809 2280 ἐν
838 2227 884 2296 ᾧ
929 2225 1178 2280 ἀπέκειτο
1231 2231 1626 2288 Κωνσταντῖνος
1679 2227 1706 2280 ὁ
1755 2228 1871 2289 υἱὸς
1917 2231 2015 2282 τοῦ

360 2313 609 2389 Ἰσαύρου
641 2315 668 2369 ὁ
701 2313 1026 2384 ἐπικληθεὶς
1079 2312 1422 2378 Καϐαλλίνος
1470 2318 1598 2387 (94),
1650 2314 1774 2370 ἀλλ’
1814 2315 2014 2386 ἒξεώθη

367 2403 479 2460 ὑπὸ
511 2405 751 2477 Μιχαὴλ
793 2403 880 2458 καὶ
935 2401 1236 2478 θεοδώρας,
1283 2405 1371 2458 καὶ
1420 2406 1652 2476 κατεκάη
1704 2405 1765 2460 τὸ
1814 2404 2015 2474 δύστη-

355 2513 452 2547 νον
484 2494 595 2566 (95)
648 2493 812 2548 αὐτοῦ
862 2496 1043 2567 σῶμα.
1093 2495 1336 2566 Ὁμοίως
1395 2494 1484 2548 καὶ
1530 2495 1558 2550 ὁ
1609 2493 1802 2568 λάρναξ
1853 2494 2018 2550 αὐτοῦ

351 2580 556 2655 ἒξεώθη
627 2581 716 2637 καὶ
780 2585 1152 2658 κατεπρήσθη,
1223 2584 1313 2638 καὶ
1390 2583 1754 2658 ἐχρημάτισεν
1821 2585 1897 2648 εἰς
1951 2585 2019 2638 τὰ

351 2675 454 2726 τοῦ
487 2672 673 2745 Φάρου
707 2673 818 2743 (96)
851 2673 1202 2745 συστεμάτια.
1255 2674 1361 2729 Καὶ
1404 2673 1506 2748 γὰρ
1554 2673 1644 2728 καὶ
1686 2673 1752 2728 τὰ
1808 2671 2019 2749 μεγάλα

356 2754 596 2815 ἂϐϐάκια
644 2759 710 2814 τὰ
756 2758 883 2815 ὅντα
935 2759 986 2814 ἐν
1031 2765 1110 2833 τῷ
1167 2761 1318 2833 αὐτῷ
1374 2762 1544 2836 Φάρῳ
1601 2761 1661 2816 ἐκ
1700 2765 1798 2816 τοῦ
1854 2763 2020 2817 αὐτοῦ

361 2847 632 2924 λάρνακος
686 2850 1033 2926 τυγχανοντά
1102 2849 1234 2905 εἰσιν
1310 2852 1446 2924 (97).
1518 2853 1742 2926 “Ετερος
1817 2851 2017 2926 λάρναξ

2044 1917 2092 1983 Β

2127 637 2238 692 quo
2263 623 2417 692 jacet
2440 623 2673 696 Sophia,
2718 641 2860 681 uxor
2895 625 3115 680 Justini
3173 625 3486 698 [Minoris].
3524 627 3689 684 Alius
3746 644 3779 685 ο

2127 711 2372 764 candido
2395 727 2681 767 marmore
2730 711 3054 778 Docimino,
3103 713 3290 768 colore
3321 713 3646 785 Onychiten
3679 730 3774 770 re-

2126 797 2362 867 ferente,
2395 799 2452 854 in
2487 817 2602 872 quo
2625 802 2779 869 jacet
2818 800 3121 856 Heraclius
3145 805 3408 872 Magnus.
3443 803 3606 858 Alius
3628 803 3772 860 viri-

2123 886 2234 954 dis,
2270 905 2558 944 marmore
2589 890 2883 957 Thessalo,
2915 890 2974 946 in
3015 907 3131 962 quo
3179 891 3337 962 jacet
3387 891 3589 959 Fabia,
3624 909 3770 948 uxor

2122 977 2391 1033 Heraclii.
2422 979 2582 1036 Alius
2603 997 2633 1037 e
2663 997 2950 1038 marmore
2974 982 3380 1049 Proconnesio,
3404 985 3775 1042 Constantini

2123 1065 2416 1138 Pogonati.
2471 1069 2632 1126 Alius
2679 1085 2711 1125 e
2751 1087 3040 1128 marmore
3079 1071 3250 1126 viridi
3309 1072 3664 1141 Thessalico,
3715 1073 3776 1130 in

2123 1172 2238 1227 quo
2272 1157 2383 1213 sita
2425 1163 2514 1214 est
2555 1159 2786 1229 Fausta,
2849 1178 2994 1218 uxor
3048 1161 3418 1218 Constantini
3469 1163 3773 1235 Pogonati.

2125 1245 2290 1301 Alius
2321 1263 2350 1302 e
2384 1263 2673 1305 marmore
2704 1251 3009 1322 Sagarino,
3044 1252 3102 1307 in
3163 1267 3277 1322 quo
3326 1253 3475 1308 situs
3503 1257 3597 1309 est
3625 1253 3777 1309 Con-

2125 1336 2444 1406 stantinus,
2478 1354 2660 1410 nepos
2697 1339 2966 1408 Heraclii,
2999 1344 3160 1412 pater
3196 1342 3558 1397 Constantini
3592 1341 3775 1415 Pogo-

2126 1427 2264 1482 nati.
2299 1429 2464 1485 Alius
2494 1446 2524 1486 e
2555 1447 2843 1488 marmore
2863 1433 3146 1504 Sagarino
3185 1433 3641 1490 hecatontalitbo
3670 1450 3775 1490 seu

2126 1516 2512 1582 multicolore,
2537 1518 2597 1573 in
2630 1535 2745 1590 quo
2776 1521 2928 1576 situs
2950 1527 3040 1575 est
3069 1522 3440 1588 Anastasius,
3483 1521 3627 1578 alias
3665 1523 3777 1578 Ar-

2124 1606 2338 1661 temius
2369 1607 2578 1662 dictus.
2612 1608 2778 1664 Alius
2817 1625 2848 1664 e
2879 1625 3170 1665 marmore
3213 1609 3665 1682 Hierapolitano,
3714 1611 3776 1667 in

2129 1709 2246 1764 quo
2267 1695 2380 1749 sita
2409 1700 2499 1750 est
2527 1697 2787 1766 ejusdem
2812 1697 3103 1754 Anastasii
3140 1697 3381 1756 Artemii
3408 1715 3572 1757 uxor.
3603 1699 3773 1756 Alius

2127 1799 2158 1838 e
2207 1800 2497 1839 marmore
2536 1785 2948 1856 Proconnesio,
3009 1787 3066 1842 in
3117 1804 3232 1858 quo
3298 1787 3446 1844 situs
3511 1793 3603 1844 est
3660 1790 3776 1846 Leo

2130 1873 2385 1928 lsaurus.
2419 1872 2583 1928 Alius
2603 1890 2634 1928 e
2675 1891 2965 1930 marmore
2993 1875 3165 1930 viridi
3193 1875 3549 1944 Thessalico,
3570 1876 3630 1934 in
3655 1894 3774 1950 quo

2118 1961 2350 2031 jacebat
2381 1961 2518 2018 olim
2545 1962 2717 2019 istius
2751 1963 2959 2020 Leonis
2991 1965 3175 2020 Isauri
3230 1965 3410 2034 ﬁlius,
3444 1965 3774 2023 Constanti-

2126 2067 2260 2118 nus,
2291 2051 2463 2122 vulgo
2493 2051 2830 2108 Caballinus
2888 2053 3097 2108 dictus.
3147 2053 3355 2110 Verum
3409 2053 3654 2111 Michael
3715 2059 3774 2111 et

2123 2139 2428 2194 Theodora
2456 2139 2717 2210 impurae
2733 2143 2863 2212 ejus
2890 2141 3169 2214 reliquias
3194 2142 3328 2198 inde
3357 2142 3688 2213 ejiciebant,
3717 2147 3775 2200 et

2126 2228 2247 2300 igni
2293 2228 2757 2298 comburebant;
2806 2231 3201 2302 sarcophagus
3231 2235 3430 2286 autem
3480 2232 3618 2287 sede
3665 2248 3775 2288 sua

2126 2318 2395 2373 revulsus
2409 2335 2682 2388 serraque
2702 2319 2994 2376 dissectus
3010 2321 3274 2376 inserviit
3290 2321 3360 2375 ad
3377 2321 3479 2376 fori
3503 2325 3779 2394 systrem-

2127 2410 2303 2465 matia
2331 2410 2455 2481 [seu
2489 2410 2808 2483 repagula].
2851 2412 3038 2468 Etiam
3101 2429 3316 2485 magna
3354 2413 3600 2470 abbacia
3625 2423 3779 2485 ejus-

2127 2498 2259 2553 dem
2302 2499 2410 2554 fori
2441 2516 2510 2554 ex
2530 2500 2734 2555 eodem
2772 2500 3134 2572 sarcophago
3167 2502 3317 2556 facta
3346 2506 3509 2557 sunt.
3554 2502 3718 2559 Alius
3745 2519 3778 2560 e

2130 2601 2414 2642 marmore
2444 2587 2861 2656 Proconnesio,
2891 2587 2949 2641 in
2991 2603 3108 2658 quo
3139 2587 3250 2642 sita
3305 2596 3393 2643 est
3422 2587 3603 2655 lrene,
3633 2605 3782 2646 uxor

2127 2675 2491 2730 Constantini
2548 2674 2828 2731 Caballini
2885 2676 3040 2730 818
3109 2676 3280 2731 modo
3324 2676 3486 2733 dicti.
3536 2677 3702 2734 Alius
3745 2693 3778 2734 e

2129 2781 2420 2820 marmore
2455 2763 2627 2819 viridi
2659 2763 3012 2830 Thessalico,
3063 2765 3122 2820 in
3180 2780 3296 2836 quo
3337 2765 3451 2821 sita
3493 2769 3584 2822 est
3633 2783 3779 2824 uxor

2125 2854 2395 2925 ejusdem
2429 2852 2737 2909 Caballini.
2771 2853 3019 2909 Stataria
3058 2853 3185 2924 [seu
3216 2853 3610 2910 conditorium
3642 2855 3776 2927 plu-

1415 2960 1619 3016 JOAN.
1651 2963 1792 3016 JAC.
1831 2961 2094 3017 REISKII
2128 2959 2711 3018 COMMENTARIUS.

355 3051 537 3124 ambo
569 3051 814 3124 catalogi
851 3051 1144 3106 Ἰουστίνου
1179 3070 1281 3124 pro
1313 3053 1664 3124 Justiniano.
1711 3055 1753 3124 Α
1791 3057 1848 3106 Β.
1885 3069 2014 3106 mu-
2048 3055 2090 3121 ο
2119 3052 2297 3124 talogi
2347 3055 2459 3107 AB.
2491 3057 2546 3107 et
2579 3052 2684 3108 DC.
2736 3051 2900 3106 Prior
2926 3051 3163 3122 quidem
3221 3051 3412 3108 solum
3436 3050 3774 3124 farticulum

360 3123 569 3178 lierem
631 3140 742 3177 non
774 3123 1084 3190 inominat,
1120 3123 1319 3180 dicens
1367 3129 1596 3179 tantum
1634 3123 1914 3176 ἀπόκειται
1976 3125 2011 3192 ἡ

362 3193 506 3266 γυνή
559 3194 875 3257 Ἰουστίνου,
937 3195 1045 3250 DC.
1105 3203 1295 3252 tamen
1349 3196 1408 3252 in
1457 3197 1688 3252 nomine
1747 3196 2012 3251 Eudocie

359 3267 578 3321 Nostro
608 3269 914 3322 consentit.

437 3337 553 3409 (88)
593 3338 752 3393 Alias
771 3339 1203 3394 Rhinotmetus.
1239 3339 1428 3394 Ambo
1461 3338 1708 3409 catalogi
1740 3340 2016 3395 Iustinum

366 3410 660 3536 minotrem
693 3410 1019 3473 nominant,
1054 3409 1330 3466 maritum
1362 3411 1610 3483 Sophias,
1643 3413 1900 3481 proxime
1930 3427 2016 3465 se-

366 3497 518 3536 nuen
553 3497 624 3536 ιε.

409 3497 624 3536 uenus.

362 3497 703 3624 ςυὲὀῗῗίιὶει
739 3555 960 3624 species
995 3553 1309 3609 marmoris
1339 3553 1650 3623 Docimini,
1677 3553 1835 3624 quod
1856 3571 2016 3624 gem-

364 3623 538 3678 mam
559 3623 840 3681 onvcbem
888 3625 1077 3681 colore
1117 3626 1404 3680 imitatur.

435 3696 550 3765 (90)
601 3696 730 3750 Vid.
792 3697 1034 3752 Cedren.
1078 3713 1133 3768 p.
1191 3697 1294 3752 430
1343 3697 1462 3754 ubi.
1545 3713 1697 3768 eum,
1737 3698 2018 3752 accubare

368 3767 535 3822 uxori
569 3784 688 3822 suae
719 3768 1038 3839 Anastasias
1068 3767 1126 3824 in
1158 3769 1278 3823 a-de
1336 3769 1436 3824 SS.
1471 3767 1876 3839 Apostolorum
1909 3772 2014 3826 ait.

363 3839 676 3894 Anastasia
714 3838 811 3894 illa
861 3845 949 3894 est
1001 3841 1113 3894 alio
1171 3840 1408 3896 nomine
1465 3838 1742 3896 celebrior
1779 3840 2015 3896 Martina

366 3910 506 3981 (vid.
533 3927 712 3975 supra
745 3929 796 3974 p.
830 3911 982 3980 364.)
1014 3911 1187 3966 Fabia
1236 3929 1368 3966 vero
1419 3912 1514 3967 hic
1565 3920 1884 3967 memorata
1933 3918 2020 3967 est

370 3981 532 4049 prior
559 3981 806 4037 Heraclii
838 3999 997 4039 uxor.
1033 3983 1205 4038 Fabia
1235 3984 1490 4039 Eudocia
1513 3985 1676 4053 avid.
1705 3984 1788 4039 Du
1833 3985 2020 4053 Cange

364 4048 519 4110 Fem.
554 4053 786 4125 Byzant.
838 4053 1039 4124 p.118.
1089 4055 1192 4111 Pro
1254 4055 1432 4110 Fabia
1491 4048 1731 4112 Φλαϐία.
1799 4048 2018 4123 Flavia,

368 4125 592 4180 habent
621 4125 799 4196 ambo
822 4125 1092 4196 catalogi.

439 4197 558 4269 (91)
588 4198 752 4269 Apud
779 4195 1064 4267 Cangium
1096 4197 1136 4253 l.
1175 4211 1224 4252 c.
1259 4214 1317 4269 p.
1365 4199 1488 4267 120,
1519 4199 1883 4254 Anastasiam
1919 4214 2016 4252 re-

371 4267 540 4350 peric
555 4267 837 4351 appellari
869 4285 1107 4324 uxorem
1131 4267 1494 4323 Constantini
1527 4270 1828 4339 Pogonati.
1854 4269 2019 4324 Forte

371 4340 432 4394 1d
458 4340 572 4396 ἱυει
622 4355 834 4396 nomen
865 4341 997 4396 fuit.
1040 4357 1372 4396 praenomen
1407 4345 1600 4394 autem
1626 4341 1858 4394 Fausta.
1883 4343 2019 4394 Am-

371 4355 432 4394 ια
458 4355 572 4396 ῙὉΘΙ
622 4355 834 4396 nomen
865 4355 997 4396 Iunt.
1040 4357 1372 4396 nrzenomen
1407 4355 1600 4394 autem
1627 4355 1858 4394 r‘austa.
1883 4355 2020 4394 Am-

374 4355 432 4394 ια
458 4355 572 4408 ψει
622 4355 834 4396 nomen
865 4355 997 4405 tun,
1040 4357 1372 4410 praenomen
1407 4355 1600 4394 autem
1627 4355 1858 4394 r‘austa.
1883 4355 2015 4394 am-

374 4410 566 4485 bobus
615 4411 892 4485 catalogis
931 4413 1170 4485 deerant
1255 4418 1511 4485 extrema
1562 4412 1736 4466 verba
1787 4411 1820 4478 ἡ
1881 4409 2015 4485 γυνῇ

371 4482 781 4537 Κωνσταντίνου
815 4482 1204 4554 ίΗωγωνάτου.
1264 4484 1604 4554 Suspicatus
1675 4491 1866 4538 tamen
1896 4482 2021 4536 'l‘uit

369 4554 625 4611 Bandur.
659 4559 702 4609 t.
733 4555 804 4620 II,
841 4572 896 4626 p.
928 4520 1056 4620 812,
1091 4520 1630 4627 Pogonatiliixorem
1666 4554 1814 4610 hanc
1849 4554 2018 4627 Faus-
2050 4520 2096 4585 D

367 4629 492 4681 tam
545 4627 745 4682 fuisse.
796 4625 962 4683 Forte
1021 4631 1158 4681 nata
1178 4625 1520 4682 ’illalacuna
1549 4643 1619 4680 ex
1650 4643 1738 4695 eo,
1772 4625 1926 4696 quod
1949 4625 2016 4679 ii-

371 4698 626 4782 brarius,
661 4697 762 4782 qui
804 4697 952 4782 istos
985 4699 1278 4782 catalogos
1323 4703 1420 4780 aut
1464 4699 1654 4769 potius
1686 4697 2016 4782 catalogum

371 4769 644 4843 eaaravit,
665 4769 962 4843 inveniret
991 4771 1052 4825 in
1095 4771 1443 4843 primigenio
1482 4769 1794 4840 exemplari
1827 4769 2024 4843 confu-

372 4841 597 4897 sionem
618 4841 714 4896 hic
744 4841 878 4908 loci,
911 4841 1362 4912 cujus'vestigia
1387 4843 1445 4896 in
1477 4843 1693 4897 nostris
1725 4841 2022 4896 membra-

368 4915 464 4984 nis
488 4921 831 4984 supersunt._
859 4913 992 4984 Post
1015 4915 1235 4970 Faustae
1264 4930 1478 4968 nomen
1526 4913 1684 4968 enim
1747 4913 2025 4984 leguntur

367 4981 588 5039 inserta
617 4985 733 5038 haec
769 5001 781 5038 :
815 4981 866 5036 ἐν
888 4983 933 5054 ᾧ
964 4983 1264 5050 ἀπόκειται,
1300 5001 1424 5054 quas
1461 4985 1662 5039 delevi.

440 5057 553 5127 (92)
585 5055 797 5110 Filium
830 5057 1196 5112 Constantini
1235 5058 1514 5126 Pogonati
1547 5057 1692 5127 patri
1726 5054 2025 5125 cognomi-

365 5144 501 5182 nem
537 5127 766 5182 nullum
793 5127 946 5184 novi.
1003 5128 1130 5184 Filii
1182 5128 1263 5182 illi
1292 5133 1462 5182 erant
1489 5127 1860 5182 Justinianus
1884 5127 2022 5181 Rhi-

366 5206 667 5253 notmetus
699 5208 750 5254 et
784 5198 1102 5255 Heraclius.
1146 5199 1318 5254 Ροευί
1367 5216 1497 5266 ergo
1527 5201 1584 5254 in
1617 5199 1839 5254 Latinis
1869 5205 2027 5267 pater

365 5269 498 5325 loco
518 5271 704 5342 hujus
731 5271 908 5325 vocis.
935 5273 1095 5327 Cerle
1122 5272 1394 5342 Pogonati
1421 5279 1583 5341 paler
1605 5273 2024 5325 Conslautinus

368 5343 482 5396 fuit
513 5341 569 5396 in
586 5345 962 5398 coronatione
994 5341 1511 5413 dictus,’qnemvis
1538 5343 1711 5407 vulgo
1743 5344 2024 5396 Constans

365 5413 611 5480 audiat;
670 5416 787 5468 vid.
834 5419 914 5468 Du
971 5416 1161 5470 Canae
1195 5414 1230 5467 Ι.
1274 5431 1323 5468 c.
1358 5432 1406 5484 p.
1457 5415 1582 5468 120.
1615 5415 1808 5478 Neque
1840 5416 2027 5468 obstat

365 5485 521 5555 quod
540 5486 832 5541 Constans
866 5485 962 5539 ille
992 5487 1046 5540 in
1085 5486 1282 5541 Sicilia
1315 5487 1699 5556 inleremptus
1727 5486 1782 5538 in
1822 5485 2026 5540 balneo

365 5558 626 5627 perierit.
663 5557 844 5611 Filius
874 5557 1028 5612 enim
1061 5559 1186 5626 ejus
1219 5558 1455 5612 exuvias
1482 5557 2026 5628 Constantinopolin

365 5628 684 5698 reportavit
712 5635 769 5700 et
799 5630 859 5683 in
894 5631 1014 5684 aade
1035 5629 1562 5698 SS.Apostolorum
1596 5644 1772 5700 penes
1804 5634 2026 5699 patrem

367 5700 500 5770 ejus
530 5699 862 5756 Heraclium
918 5702 1368 5758 Constantinum
1421 5699 1710 5770 deposuit,
1745 5704 1892 5755 teste
1925 5701 2026 5755 Ce-

368 5771 553 5827 dreno
585 5788 641 5843 p.
668 5771 792 5829 436.
828 5771 1019 5844 Longe
1033 5771 1201 5829 aliter
1220 5771 1411 5828 locum
1441 5770 1598 5827 hunc
1630 5771 1904 5827 exhibent
1935 5787 2025 5826 ca-

2166 3126 2235 3177 ab

2122 3124 2316 3188 habet,
2348 3139 2518 3193 quem
2545 3124 2651 3178 DC.
2689 3125 3010 3247 posteriore
3039 3124 3165 3178 loco
3187 3124 3398 3180 refert:
3432 3124 3542 3179 DC.
3576 3129 3767 3180 autem

2124 3196 2298 3252 habet
2320 3195 2426 3284 llos
2455 3197 2603 3283 duos
2630 3212 2642 3250 :
2715 3193 2842 3284 τέρα
2888 3191 3100 3284 ’λάρναξ
3134 3192 3568 3284 Σαγγαρικήκέν.
3592 3191 3767 3284 ﬁndito

2124 3214 2298 3252 nabat
2320 3214 2426 3250 nos
2455 3214 2603 3250 auos
2630 3214 2642 3250 :
2689 3214 2842 3318 ετερα
2901 3214 3100 3264 Ααρναζ
3134 3214 3478 3269 Δαγγαρικη,
3511 3214 3563 3248 εν
3660 3214 3767 3248 απο

2122 3287 2296 3338 κειται
2329 3265 2724 3338 Κωνστάντιος,
2854 3267 2974 3320 υἱοῦ
3014 3265 3571 3338 Κωνοταντίνου-υἱοῦ
3629 3266 3772 3338 ῌρα-

2121 3337 2332 3395 κλείου.
2388 3337 2580 3410 Ἑτέρα
2645 3335 2865 3410 λάρναξ,
2925 3335 3360 3410 ὲκατοντάλιθος,
3421 3335 3476 3410 ἐν
3634 3335 3773 3410 diro-

2120 3429 2293 3536 Xit't'at
2355 3410 2664 3477 Κώνστανς,
2722 3409 2752 3462 ὁ
2794 3409 2911 3470 υἱὸς
2973 3409 3371 3464 Κωνσταντίνου
3433 3409 3553 3462 υἱοῦ
3607 3409 3771 3482 Ἦρα-

2120 3503 2152 3536 κ
2195 3502 2324 3535 ειου.

2119 3502 2324 3536 κΛειου.

2197 3555 2311 3626 (95)
2348 3553 2491 3626 Puto
2524 3571 2556 3608 a
2611 3553 2990 3626 multitudine
3039 3554 3301 3612 colorum
3326 3553 3640 3618 variorum,
3673 3551 3775 3626 qui

2124 3621 2401 3682 marmori
2461 3625 2713 3695 inerant,
2769 3625 2852 3680 sic
2910 3625 3130 3683 dictum
3167 3628 3398 3695 fuisse;
3453 3645 3567 3682 non
3619 3621 3776 3694 quod

2126 3699 2389 3770 praecise,
2423 3702 2527 3752 tot.
2571 3699 2670 3752 sed
2730 3697 2876 3770 forte
2928 3698 3249 3769 pauciores,
3291 3714 3527 3770 semper
3579 3704 3774 3751 tamen

2126 3767 2315 3836 inulti,
2349 3769 2466 3824 sive
2488 3785 2551 3824 ea
2581 3769 2845 3824 naturale
2869 3767 3237 3839 productum,
3270 3769 3391 3823 sive
3422 3767 3564 3822 artis
3595 3771 3778 3839 tesse-

2126 3842 2281 3898 larias
2313 3840 2401 3897 vel
2433 3841 2832 3912 musiveopus
2848 3836 3056 3907 fuerit;
3092 3841 3205 3895 vid.
3238 3836 3770 3907 Salmas,ad$olin.

2127 3932 2499 4055 μῶἷῗΑΙίοε
2555 3981 3111 4055 Οορροηγωυβηῡθ
3164 3981 3347 4055 ipsius
3403 3981 3462 4036 in
3513 3981 3634 4055 aede
3672 3983 3769 4055 SS.

2126 4051 2529 4126 Apostolorum
2575 4051 2870 4126 sepultura
2898 4125 2901 4126 ν
2929 4053 3102 4108 habet
3157 4051 3650 4126 Cedren,ip_._468,
3703 4051 3775 4108 de

2128 4124 2285 4182 urnae
2318 4131 2512 4182 autem
2546 4130 2604 4180 et
2633 4124 2858 4180 ossium
2893 4125 3210 4181 infortunio
3239 4124 3625 4180 idemibidem
3661 4137 3777 4178 me—

2127 4207 2335 4324 ἲοὶἷὸ,
2367 4202 2424 4252 et
2455 4201 2564 4252 Leo
2612 4196 2930 4254 Grammat.
2985 4214 3039 4269 p.
3088 4197 3212 4265 467,
3272 4200 3329 4252 et
3363 4197 3572 4269 Symeo
3621 4192 3775 4266 Mag.

2166 4312 2181 4328 ο
2214 4296 2339 4324 ιΗυ.

2126 4287 2500 4410 μῶἒΐνβτιῑ
2531 4339 2802 4412 impurus.
2829 4339 2910 4395 Ne
2935 4341 3066 4412 quis
3098 4341 3366 4409 miretur,
3414 4338 3605 4412 videat
3645 4352 3773 4408 quae

2127 4411 2196 4468 de
2228 4409 2658 4480 significatione
2689 4411 2870 4482 huius
2891 4409 3049 4469 vo'cis
3069 4414 3256 4469 dicam
3281 4413 3349 4467 ad
3376 4427 3432 4482 p.
3465 4409 3591 4464 373.

2198 4479 2311 4556 (96)
2343 4483 2590 4556 Secutus
2616 4499 2743 4538 sum
2766 4479 3206 4556 interpretando
3232 4479 3539 4556 lectionem
3571 4479 3776 4556 ambo-

2128 4549 2256 4629 rum
2296 4549 2728 4629 'catalogorum,
2759 4558 2862 4625 qui
2890 4549 2992 4629 pro
3024 4553 3180 4629 φάρῳ
3238 4555 3553 4629 posteriore
3608 4549 3776 4629 exhi-

2129 4627 2270 4702 bent
2306 4617 2678 4702 ξρρρουῘΝοω
2714 4617 2815 4696 pro
2850 4617 3285 4702 primoqdpou
3341 4624 3560 4702 habent
3606 4617 3777 4702 παλατ

2126 4697 2266 4754 τίου.
2305 4696 2458 4754 idem
2491 4715 2594 4767 pro
2626 4696 2956 4768 σϋστεμάτια
2988 4696 3206 4753 habent
3262 4696 3480 4768 στήθεα.
3514 4698 3778 4768 Hmsunt

2132 4771 2413 4826 columnae
2463 4765 2668 4847 saxeas,
2720 4765 2801 4824 ad'
2850 4771 3100 4841 pectoris
3137 4770 3377 4825 humani
3403 4765 3776 4847 altitudinem

2133 4859 2406 4913 procerae,
2441 4841 2762 4912 συστήματα
2793 4849 2986 4898 autem
3017 4847 3156 4897 sunt
3188 4854 3498 4910 compages
3521 4843 3578 4893 et
3599 4841 3776 4913 series

2173 4906 2830 4968 lurium‘columuarum
2881 4915 3054 4983 (quod
3092 4929 3251 4984 paene
3315 4906 3518 4984 eodem
3579 4906 3774 4979 redit).

2175 4932 2386 4968 mnum
2422 4932 2830 4968 commuarum
2881 4932 3053 4983 (quoa
3092 4932 3251 4984 paene
3315 4932 3518 4967 eoaem
3579 4932 3774 4979 TBUIL}.

2132 4932 2354 5040 Blacuit
2383 4989 2576 5040 tamen
2611 4985 2798 5055 magis
2835 4984 2895 5038 in
2937 4985 3156 5039 Latinis
3213 4982 3571 5055 lectionem,_
3602 4994 3777 5055 quam

2134 5056 2232 5112 alii
2272 5071 2505 5126 quoque
2555 5051 2896 5127 suggerunt,
2940 5053 3353 5127 συστρεμμάτια
3409 5051 3594 5127 sequi.
3630 5051 3782 5106 Sunt

2135 5124 2346 5200 nempe
2401 5124 2787 5200 cucrpép‘patm
2868 5132 2924 5181 et
2971 5124 3378 5200 συστρεμμάτια
3435 5124 3632 5181 omnia
3690 5137 3778 5177 re-

2135 5199 2370 5271 pagula.
2403 5215 2684 5271 carceres.
2730 5199 2853 5254 sive
2901 5217 3060 5266 saxo,
3110 5201 3232 5254 sive
3293 5199 3442 5254 ferro
3500 5201 3602 5271 aut
3646 5210 3779 5271 aere,

2135 5265 2420 5343 quidquid
2456 5269 3001 5343 coctpée§1,roerret
3035 5265 3286 5336 turbam,
3329 5285 3517 5339 neque
3549 5265 3784 5343 8ἱοὶῌί-

2138 5335 2267 5398 bere
2300 5335 2553 5412 evagari.
2593 5335 2880 5396 ’Ἂϐϐάκια
2938 5349 3133 5398 autem
3184 5335 3323 5397 sunt
3372 5335 3499 5396 latae
3528 5335 3781 5412 (tabulas,

2136 5433 2260 5486 (1⁸³⁸³
2288 5419 2388 5469 θυι
2416 5410 3214 5483 ἒυβιτθνὶῐῐὶροιὶυηῑυῐιίειὶιὺυε
3237 5410 3657 5486 systematibus
3687 5423 3784 5460 co-

2136 5480 2618 5550 l'umnarum,'aut
2648 5480 2718 5540 ad
2751 5502 2950 5540 muros
2981 5480 3450 5558 appositae'sunt,
3477 5480 3634 5534 velut
3661 5493 3784 5532 sca-

2137 5575 2299 5615 mna.
2334 5567 2395 5613 ut
2428 5559 2484 5612 iu
2518 5557 2661 5630 ipsis
2685 5559 2872 5612 sederi
2906 5557 3102 5630 queat.

2211 5630 2324 5701 (97)
2355 5633 2430 5685 At
2485 5629 2582 5697 qui
2634 5629 2950 5701 potuerunt
3006 5647 3074 5701 ex
3132 5645 3245 5701 una
3285 5641 3416 5683 arca
3464 5633 3788 5680 marmorea

2140 5699 2374 5758 concisa
2401 5704 2486 5758 tot
2515 5704 2570 5756 et
2598 5699 2764 5758 tanta
2792 5717 2969 5774 opera
2991 5699 3183 5761 efﬁci?

2348 3139 2518 3193 quem
2545 3124 2651 3178 DC.
2689 3125 3010 3193 posteriore
3039 3124 3165 3178 loco
3187 3124 3398 3180 refert:
3432 3123 3542 3193 DC.
3576 3129 3774 3193 autem
