4094 6366
328 393 357 450 1
368 393 484 453 203

1392 391 1924 453 CONSTANTINI
1969 386 2670 451 PORPHYROGENITI

3588 391 3744 452 1204

323 521 471 578 rium
503 537 812 594 corporum
844 524 1047 594 capax]
1076 539 1107 580 e
1154 539 1442 581 marmore
1472 524 1883 594 Proconnesio,
1917 526 1973 581 in

2090 521 2196 578 ἀπὸ
2228 522 2385 587 λίθου
2419 521 2839 596 Προικονησίου,
2873 520 2926 576 ἐν
2959 524 3005 595 ᾧ
3035 522 3320 578 ἀπόκειται
3368 522 3575 598 Εἰρήνη
3632 525 3745 596 (98)

321 626 436 682 quo
461 612 660 682 jacent
689 611 896 668 Cosmo
929 619 982 668 el
1007 614 1194 684 Irene,
1229 630 1456 670 sorores
1484 613 1788 670 Caballini.
1813 614 1974 670 Alius

321 716 612 756 marmore
643 701 1052 771 Proconnesio,
1085 704 1142 758 in
1170 720 1286 774 quo
1316 704 1464 760 situs
1485 709 1576 760 est
1620 704 1728 760 Leo
1758 704 1975 759 Chaza-

321 805 426 846 rus
457 788 614 846 ﬁlius
644 791 1013 847 Constantini
1054 791 1361 849 Caballini.
1391 794 1558 851 Alius
1587 813 1619 852 e
1681 809 1973 850 marmore

320 879 724 949 Proconnesio,
765 879 825 936 in
877 897 991 952 quo
1040 882 1148 938 sita
1199 887 1288 938 est
1336 884 1520 951 Irene,
1579 901 1723 940 uxor
1768 881 1972 938 Leonis

321 966 584 1025 Chazari.
621 968 788 1025 Alius
813 986 844 1025 e
875 985 1161 1027 marmore
1181 971 1352 1027 viridi
1377 973 1734 1042 Thessalico,
1768 972 1824 1026 in
1859 986 1972 1042 quo

320 1059 471 1114 situs
515 1063 603 1114 est
633 1059 877 1115 Michael
909 1059 1145 1116 Balbus.
1179 1059 1340 1117 Alius
1382 1079 1412 1118 ο
1461 1078 1756 1118 marmore
1803 1065 1974 1132 Saga-

317 1146 464 1211 rine,
497 1146 558 1203 in
590 1163 707 1218 quo
747 1146 861 1203 sita
890 1149 1233 1217 estThecla,
1259 1168 1402 1208 uxor
1445 1150 1749 1208 Michaelis
1781 1151 1966 1206 Balbi.

314 1235 479 1292 Alius
499 1252 529 1293 ο
551 1253 843 1294 marmore
861 1238 1050 1308 viridi,
1077 1242 1136 1296 in
1158 1258 1274 1313 quo
1305 1242 1456 1299 situs
1500 1248 1591 1298 est
1607 1240 1971 1314 Theophilus

317 1325 656 1398 imperator.
715 1327 880 1382 Alius
913 1345 1128 1399 parvus
1158 1346 1190 1385 e
1222 1347 1515 1388 marmore
1542 1331 1735 1400 viridi,
1766 1330 1824 1385 in
1858 1346 1973 1402 quo

317 1414 464 1470 situs
517 1420 608 1471 est
661 1417 1105 1484 Constantinus,
1195 1419 1350 1475 ﬁlius
1415 1420 1747 1493 TheOphili.
1808 1417 1974 1474 Alius

316 1517 530 1574 parvus
562 1518 593 1558 e
624 1520 914 1560 marmore
929 1505 1227 1577 Sagarino,
1261 1508 1321 1563 in
1353 1524 1468 1579 quo
1501 1509 1611 1564 sita
1652 1512 1743 1564 est
1773 1507 1971 1573 Maria,

316 1590 438 1647 ﬁlia
458 1592 794 1665 TheOphili.

2083 616 2118 682 ἡ
2153 614 2287 688 γυνὴ
2321 614 2438 687 (99)
2489 613 2891 666 Κωνσταντίνου
2941 616 3039 667 τοῦ
3091 607 3468 670 Καϐαλλίνου.
3519 615 3746 688 ’Έτερος

2085 703 2284 776 λάρναξ
2332 703 2595 775 πράσινος
2647 701 2941 772 Θεσσαλὸς,
2991 700 3044 756 ἐν
3096 703 3141 775 ᾦ
3190 704 3471 758 ἀπόκειται
3522 705 3556 772 ἡ
3607 704 3741 777 γυνή

2081 788 2453 847 Κάὸαλλίνου.
2523 790 2826 864 Σταταραία
2889 793 2964 863 (Ι)
3031 792 3137 846 ἀπὸ
3205 790 3375 856 λίθων
3436 794 3741 866 ΙΙροικονη-

2084 880 2238 950 σίων,
2271 879 2322 934 ἐν
2350 875 2727 952 ᾗάπὸκεινται
2773 881 2980 952 Κοσμὼ
3028 879 3118 934 καὶ
3166 880 3374 955 Εἰρήνη
3428 883 3526 954 (2),
3578 878 3744 937 ἀδελ-

2083 970 2174 1046 φαὶ
2237 963 2614 1025 Καϐαλλίνου.
2666 971 2896 1042 Ἕτερος
2965 966 3164 1043 λάρναξ
3215 970 3635 1044 Ηροικονήσιος,
3687 969 3741 1025 ἐν

2083 1057 2440 1130 ᾦάπόκειται
2512 1055 2664 1111 Λέων
2725 1059 2752 1110 ὁ
2812 1059 3082 1133 Χάζαρος,
3153 1057 3268 1120 υἱὸς
3331 1059 3741 1115 Κωνσταντίνου

2081 1151 2180 1202 τοῦ
2230 1142 2602 1202 Καϐαλλίνου.
2665 1148 2896 1220 ’Έτερος
2960 1147 3159 1221 λάρναξ
3217 1147 3324 1203 ἀπὸ
3373 1147 3528 1203 λίθου
3579 1154 3745 1223 Προι-

2084 1235 2457 1306 κονησίου,ὲν
2509 1237 2555 1307 ᾦ
2609 1235 2893 1290 ἀπόκειται
2953 1235 3159 1309 Εἰρήνη
3218 1239 3252 1305 ἡ
3311 1238 3450 1311 γυνή
3513 1236 3746 1300 Λέοντος

2084 1330 2182 1381 τοῦ
2241 1323 2513 1396 Χαζάρου.
2575 1327 2804 1399 Ἕτερος
2864 1324 3064 1399 λάρναξ
3120 1329 3385 1400 πρᾶσινος
3451 1325 3746 1394 Θετταλὸς,

2086 1414 2136 1469 ἐν
2170 1415 2215 1485 ᾦ
2248 1413 2528 1468 ἀπόκειται
2581 1412 2816 1488 Μιχαὴλ
2865 1414 2892 1467 ὁ
2945 1408 3221 1488 Τραϐλός.
3273 1417 3496 1490 Ἕτερος
3547 1414 3746 1490 λάρναξ

2086 1503 2191 1557 ἀπὸ
2225 1502 2382 1567 λίθου
2415 1507 2741 1577 Σαγαρινοῦ,
2793 1501 2845 1556 ἐν
2897 1502 2943 1574 ᾧ
2990 1503 3270 1559 ἀπόκειται
3322 1501 3498 1558 Θέκλα
3538 1506 3574 1573 ἡ
3607 1506 3746 1579 γυνή

2085 1591 2321 1668 Μιχαὴλ
2352 1596 2432 1667 (3)
2462 1597 2560 1647 τοῦ
2591 1589 2868 1660 Τραϐλοῦ.
2919 1595 3148 1669 ’Έτερος
3199 1593 3397 1669 λάρναξ
3429 1594 3537 1649 ἀπὸ
3588 1594 3748 1651 λίθου

317 1682 601 1755 πρασίνου,
663 1680 715 1738 ἒν
772 1683 818 1754 ᾧ
876 1684 1158 1740 ἀπόκειται
1215 1685 1480 1766 Θεόφιλος
1541 1688 1570 1741 ὁ
1627 1685 1906 1762 βασιλεύς.
1983 1686 2210 1759 Ἕτερον
2289 1683 2580 1756 λαρνάκιον
2658 1682 2935 1756 πράσινον,
3019 1683 3070 1737 ἐν
3128 1684 3174 1755 ᾧ
3233 1685 3514 1740 ἀπόκειται
3591 1678 3751 1739 Κων-

319 1777 596 1834 σταντῖνος
648 1775 726 1846 (4)
772 1773 800 1828 ὁ
853 1774 970 1835 υἱὸς
1029 1775 1317 1854 Θεοφίλου.
1377 1779 1600 1851 Ἕτερον
1662 1775 1950 1851 λαρνάκιον
2011 1773 2118 1828 ἀπὸ
2177 1771 2334 1828 λίθου
2397 1775 2727 1848 Σαγαρινοῢ,
2786 1771 2839 1828 ἒν
2900 1773 2946 1844 ᾧ
3004 1775 3287 1829 ἀπόκειται
3340 1774 3524 1848 Μαρία
3575 1776 3650 1847 (5)
3710 1775 3746 1844 ἡ

318 1861 560 1937 θυγάτηρ
591 1860 882 1939 Θεοφίλου.

536 1952 607 2009 De
624 1953 976 2026 :arcophagis
1003 1955 1102 2026 qui
1138 1957 1351 2012 suntin
1377 1960 1602 2028 porticu
1629 1957 1764 2012 tedis
2009 1959 2057 2024 Β

873 2027 1113 2082 australi
1141 2027 1410 2099 ejusdem.

391 2114 478 2170 Ibi
509 2114 754 2186 depositi
774 2121 915 2171 sunt
947 2115 1293 2188 sarcophagi
1327 2117 1558 2172 Arcadii
1598 2121 1654 2173 et
1686 2115 1792 2172 filii
1822 2117 1971 2186 ejus,

317 2201 654 2267 Theodosii,
687 2204 1064 2274 et,Eudoxia3,
1121 2221 1247 2275 qua
1306 2205 1417 2260 fuit
1475 2221 1615 2260 uxor
1655 2204 1887 2259 Arcadii
1920 2207 1978 2259 et

320 2295 511 2348 mater
537 2291 873 2347 Theodosii.
911 2294 1195 2349 Arcadius
1223 2310 1430 2350 versus
1464 2299 1759 2361 austrum,
1791 2294 1978 2349 Theo-

324 2380 522 2436 dosius
553 2397 758 2437 versus
773 2383 1245 2453 septentrionem,
1267 2384 1529 2440 Eudoxia
1559 2399 1761 2439 versus
1793 2383 1981 2438 orien-

2268 1954 2411 2008 Στοὰ
2450 1954 2486 2022 ἡ
2519 1952 2656 2026 πρὸς
2691 1946 3036 2026 μεσημϐρίαν
3070 1957 3167 2008 τοῦ
3197 1952 3363 2008 αὐτοῦ
3387 1958 3540 2010 ναοῦ.

2157 2117 2241 2172 Ἐν
2301 2117 2469 2190 ταύτῃ
2530 2115 2845 2170 ἀπόκεινται
2905 2114 3166 2191 λάρνακες
3238 2112 3554 2190 Ἀρκαδίου,
3614 2122 3751 2170 Θεο-

2088 2203 2276 2260 δοσίου
2313 2208 2414 2278 (6),
2474 2205 2594 2260 υἱοῦ
2651 2204 2842 2274 αὐτοῦ,
2902 2206 2992 2259 καὶ
3053 2201 3314 2275 Εὐδοξίας
3372 2211 3472 2274 τῆς
3535 2205 3749 2280 μητρὸς

2086 2293 2273 2351 αὐτοῦ.
2305 2297 2404 2348 Καὶ
2457 2287 2597 2349 ἔστιν
2660 2295 2687 2348 ὁ
2750 2295 2844 2367 μὲν
2905 2290 3194 2368 Ἀρκαδίου
3234 2295 3404 2372 τάφος
3455 2294 3591 2368 πρὸς
3647 2314 3750 2367 με-

2089 2379 2387 2460 σημϐρίαν,
2422 2385 2449 2438 ὁ
2485 2382 2540 2439 δὲ
2567 2381 2859 2440 Θεοδοσίου
2883 2385 3019 2460 πρὸς
3051 2383 3249 2460 ἄρκτον
3303 2385 3350 2420 ⁴⁴
3399 2387 3498 2460 (7),
3540 2391 3642 2453 τῆς
3691 2381 3752 2438 δὲ

320 2470 673 2540 temjacent.
709 2471 925 2528 Omnes
973 2477 1091 2529 tres
1149 2477 1289 2529 sunt
1332 2489 1622 2530 marmore
1653 2472 1973 2545 porphyre-

2089 2471 2351 2544 Εὐδοξίας
2381 2473 2871 2551 άνατολικώτερος,
2905 2473 3204 2552 ὰμφότεροι
3237 2478 3533 2554 πορφυροῖ,
3577 2475 3747 2542 ἦτουν

321 2561 440 2618 tico
469 2578 571 2617 seu
615 2562 903 2619 Romano.

2104 2568 2380 2636 Ρωμαῖοι.

397 2652 473 2706 De
499 2653 852 2724 sarcophagis
874 2655 932 2708 in
955 2656 1166 2726 portica
1190 2655 1401 2711 boreali
1429 2655 1668 2725 eiusdem
1693 2655 1904 2725 templi.

2352 2651 2497 2706 Στοὰ
2527 2653 2561 2721 ἡ
2593 2651 2730 2726 πρὸς
2763 2650 2965 2726 ἄρκτὺν
2996 2656 3092 2707 τοῦ
3124 2653 3291 2708 αὐτοῦ
3320 2656 3469 2707 ναοῦ.

404 2739 490 2795 Ibi
521 2740 700 2796 situm
733 2750 819 2797 est
874 2741 932 2798 in
992 2745 1349 2817 sarcophago
1398 2746 1650 2801 rotundo
1711 2744 1973 2817 cylindri-

2160 2743 2250 2798 Ἐν
2280 2741 2449 2816 ταύτῃ
2489 2744 2556 2814 τῇ
2609 2746 2742 2812 στοᾷ
2795 2746 2863 2816 τῇ
2924 2739 3060 2816 οὔσῃ
3119 2742 3256 2816 πρὸς
3315 2740 3510 2816 ἄρκτον
3566 2746 3747 2796 κεῖται

327 2830 515 2886 forme
535 2829 726 2888 colore
739 2831 1146 2906 porphyretico
1172 2850 1273 2889 seu
1308 2834 1568 2890 Romano
1591 2832 1902 2890 scelestum
1923 2838 1973 2889 et

2091 2829 2290 2906 λάρναξ
2348 2828 2788 2904 κυλινῦροειδῆς,
2850 2828 2902 2884 ἐν
2963 2831 3009 2903 ᾦ
3063 2831 3346 2885 ἀπόκειται
3424 2830 3486 2885 τὸ
3545 2827 3747 2900 δύστη-

327 2919 751 2976 exsecrandum
785 2922 1026 2978 cadaver
1043 2921 1074 2978 J
1086 2923 1267 2979 uliani
1299 2923 1779 2996 Transgressoris
1810 2923 1973 2994 [alias

2091 2941 2184 2973 vov
2214 2922 2289 2992 (8)
2321 2921 2410 2974 καὶ
2440 2939 2762 2995 παμμιαρον
2797 2924 2962 2993 σῶμα
3007 2923 3105 2975 τοῦ
3138 2915 3462 2994 Ηαραϐάτου
3509 2917 3750 2976 Ἰουλια-

1678 3021 1925 3077 VARIIE
1966 3019 2385 3076 LECTlONES.

396 3104 444 3140 ⁴⁴
475 3103 669 3179 ἃρκτον
708 3110 966 3182 reposuit
998 3109 1089 3176 R.,
1120 3110 1272 3165 νότον
1302 3112 1429 3168 cod.

1383 3200 1582 3256 JOAN.
1615 3202 1757 3258 JAC.
1793 3200 2062 3257 REISKII
2100 3199 2687 3256 COMMENTARIUS.

398 3285 510 3362 (98)
545 3286 640 3343 Est
671 3287 938 3357 Ckazara,
973 3288 1044 3345 de
1075 3306 1191 3362 qua
1211 3289 1366 3346 ﬁlius
1397 3290 1526 3360 ejus
1555 3288 1661 3346 Leo
1695 3288 1972 3345 Chazarus
2013 3291 2055 3357 C
2084 3287 2319 3362 tervalla
2343 3289 2512 3362 juxta
2542 3303 2604 3344 se
2626 3287 3100 3362 decurrunt.°[D_e
3131 3287 3376 3343 bisomis
3405 3285 3748 3362 seuioculis,

327 3357 565 3432 dicitur.
723 3430 733 3432 _
1091 3357 1111 3362 “
1425 3357 1442 3360 ⁷
2084 3357 2474 3432 quibus-bina
2488 3375 2730 3432 corpora
2762 3375 2940 3432 prope
2963 3357 3034 3432 se
3059 3358 3248 3432 locata
3268 3359 3748 3429 continebantur,

398 3429 691 3504 (99)_Ante
722 3430 867 3504 hanc
889 3447 1088 3487 vocem
1109 3432 1266 3488 deest
1298 3449 1506 3489 nomen
1533 3433 1793 3504 aliquod,
1825 3432 1973 3504 forte
2085 3429 2197 3488 vid.
2223 3431 2525 3504 Nabillon.
2561 3431 2677 3504 lter
2707 3429 2888 3504 Italic;
2923 3447 2979 3502 p.
3018 3430 3167 3504 141.]

325 3499 570 3574 Eudoeia
628 3505 727 3555 aut
758 3500 970 3574 ΔΜανία
1049 3519 1297 3574 quarum
1363 3506 1480 3559 haec
1539 3499 1812 3572 sec-unda,
1874 3503 1975 3560 illa

326 3570 499 3625 tertia
547 3587 693 3625 uxor
748 3569 1038 3628 Caballini
1067 3569 1217 3643 iuit;
1271 3575 1390 3630 vid.
1427 3577 1508 3630 Du
1567 3577 1756 3648 Cange
1799 3569 1972 3630 'Fam.

328 3641 463 3698 sz.
497 3658 555 3698 n.
591 3643 718 3697 125.

413 3659 463 3695 z.
497 3658 555 3712 p.
591 3658 718 3697 ιω.

377 3659 902 3787 y(21.)pl‘iolné‘hinvenio
934 3732 1182 3787 usquam
1217 3718 1365 3772 hanc
1406 3731 1631 3774 vocem.
1683 3720 1975 3784 Quantum

328 3787 525 3860 tamen
559 3785 905 3860 concludere
937 3785 1095 3860 potui
1126 3805 1195 3844 ex
1224 3788 1365 3844 locis
1393 3789 1568 3858 hujus
1593 3791 1820 3860 capitis,
1849 3789 1974 3860 qui-

329 3856 439 3911 bus
469 3859 746 3923 ocourrit,
780 3856 954 3932 debet
976 3866 1171 3916 notare
1200 3856 1572 3916 conditorium
1587 3856 1834 3932 plurium
1863 3856 1979 3917 Eor-

329 3943 526 3998 porum
556 3944 735 3998 capax
768 3949 782 3993 ς
843 3929 965 3985 sive
1020 3946 1085 3987 ea
1130 3949 1264 3988 arca
1321 3933 1491 3986 fuerit
1521 3929 1597 3986 in‘
1630 3932 1799 4000 duos,
1835 3941 1974 3998 tres,

330 4003 650 4074 quatuorve
692 4002 910 4074 loculos
937 4003 1608 4074 inlerpositisasseribus
1641 4009 1741 4059 aut
1761 4004 1976 4059 talibus

331 4072 675 4146 marmoreis
705 4073 967 4146 dissepta
995 4072 1134 4145 (vid.
1170 4075 1256 4130 Du
1294 4079 1483 4146 Gange
1532 4075 1721 4131 Gloss.
1765 4077 1885 4130 Lat.
1918 4092 1973 4129 v.

330 4142 652 4208 Bisomum),
687 4144 805 4199 sive
838 4142 1011 4200 fuerit
1049 4142 1512 4202 coassamentum
1550 4147 1688 4202 foris
1743 4147 1830 4202 vel
1893 4154 1976 4201 ta-

329 4213 548 4288 bulatis
573 4213 840 4284 pluribus
869 4217 983 4272 sibi
1014 4218 1070 4271 in
1111 4217 1297 4273 altum
1359 4217 1650 4288 parallelis
1686 4224 1975 4288 constans,

330 4284 409 4338 ita
442 4293 506 4339 ut
536 4301 672 4340 arca
704 4303 820 4341 una
854 4288 915 4360 in
949 4289 1228 4359 peculiari
1263 4284 1374 4344 suo
1400 4289 1660 4345 tabulan
1687 4306 1858 4360 super
1890 4284 1976 4344 al;

329 4360 452 4430 tera
486 4361 686 4422 staret,
749 4357 963 4430 qualia
991 4365 1130 4414 sunt
1181 4361 1527 4430 repositoria
1575 4357 1882 4424 librorum,
1915 4361 1978 4416 in

331 4427 549 4499 quibus
571 4427 781 4485 series—
803 4430 1090 4486 minorum
1125 4427 1407 4488 librorum
1441 4447 1614 4504 super
1653 4433 1978 4504 majoribus

330 4506 514 4575 stant,
547 4506 840 4575 crescente
871 4518 1004 4558 cum
1030 4504 1435 4575 magnitudine
1457 4503 1977 4558 librorum’altitu-

329 4570 465 4645 dine
497 4571 912 4645 tabulatorum,
947 4570 1240 4645 quomodo
1273 4576 1332 4630 in
1363 4575 1729 4631 Catacumbis
1762 4575 1981 4630 Roma—

2155 3504 2233 3570 (2)
2264 3503 2481 3558 Harum
2517 3501 2679 3558 nulla
2714 3501 2937 3558 mentio
2962 3502 3117 3573 apud
3141 3501 3227 3557 Du
3260 3502 3544 3574 Cangium
3578 3502 3744 3558 Fam.

2084 3574 2320 3630 szant.
2350 3591 2406 3630 υ.
2435 3574 2556 3629 125.

2168 3579 2320 3628 zant.
2350 3591 2406 3628 n.
2435 3579 2556 3628 125.

2132 3591 2320 3647 yzant.
2350 3591 2406 3642 p.
2435 3591 2556 3629 ιω.

2157 3648 2232 3718 (3)
2262 3645 2391 3700 Vid.
2421 3647 2662 3718 Cedren.
2696 3661 2754 3718 p.
2784 3645 2915 3718 513.
2947 3645 3176 3718 Contin.
3198 3644 3502 3718 “Theoph.
3558 3645 3736 3718 p.52.

2155 3716 2234 3787 (4)
2270 3717 2634 3774 Constantini
2694 3717 2895 3786 hujus,
2952 3716 3270 3787 Theophilo
3327 3717 3470 3783 nati,
3532 3717 3738 3771 nullus

2085 3790 2432 3858 scriptorom
2468 3788 2930 3844 meminit.Eruit
2945 3793 3142 3843 tamen
3165 3804 3294 3842 eum
3312 3788 3396 3843 Du
3424 3787 3674 3859 Cangel.
3698 3787 3738 3842 l.

2085 3877 2142 3915 ι).
2178 3861 2298 3915 133.
2332 3864 2389 3915 et
2424 3860 2779 3915 numismale
2811 3861 3086 3915 quodam.
3147 3860 3202 3913 in
3263 3876 3378 3915 auo
3437 3863 3632 3913 tamen
3660 3876 3737 3914 an

2130 3902 2142 3914 .
2178 3875 2298 3918 153.
2332 3875 2389 3916 et
2424 3875 2779 3915 numismale
2811 3875 3086 3926 quonam,
3147 3875 3202 3913 in
3263 3876 3378 3926 quo
3437 3875 3632 3913 tamen
3660 3876 3737 3914 an

2130 3902 2142 3914 .
2178 3876 2298 3918 133.
2332 3876 2389 3916 et
2424 3876 2779 3915 numismale
2811 3876 3086 3930 quonam,
3147 3876 3202 3913 in
3263 3876 3378 3930 quo
3437 3876 3632 3913 tamen
3660 3876 3736 3914 an

2085 3877 2180 3987 Eia
2210 3929 3461 4001 ipsedesignetur,fraterMichaelisEhriosi,
3494 3929 3736 4001 dubium

2086 4000 2277 4059 adhuc
2307 4010 2413 4058 est.
2449 4002 2666 4068 Potest,
2699 4003 2855 4058 enim
2889 4019 2956 4058 ex
2987 4019 3074 4070 eo,
3108 4001 3266 4072 quod
3289 4000 3739 4058 Michaelibise-

2086 4076 2246 4130 niore
2278 4073 2461 4142 vultu,
2495 4073 2905 4128 Constantinus
2955 4074 3193 4144 juniore
3233 4074 3557 4143 exhibetur,
3613 4074 3739 4128 col-

2088 4147 2209 4217 ligi,
2245 4158 2458 4214 patrem
2491 4146 2683 4210 illum,
2716 4145 3073 4200 huncﬁlium
3105 4145 3304 4200 fuisse.

2157 4218 2234 4288 (5)
2269 4217 2348 4272 De
2381 4217 2552 4287 hujus
2597 4234 2732 4272 arca
2788 4217 2903 4271 vid.
2962 4217 3204 4273 Cedren.
3265 4233 3321 4288 p.
3378 4217 3506 4285 523,
3541 4219 3598 4272 et
3629 4215 3740 4273 Leo

2088 4289 2411 4344 Grammat.
2447 4305 2502 4359 p.
2539 4290 2662 4346 451.

2159 4361 2237 4431 (6)
2267 4358 2527 4416 Junioris
2557 4358 3119 4432 nempe,Arcadioet
3141 4359 3402 4415 Eudoxia
3437 4360 3558 4416 nati
3593 4360 3738 4426 ;vid.

2089 4432 2334 4488 Cedren.
2361 4448 2415 4502 p.
2438 4432 2562 4486 334.

2160 4503 2240 4576 (7)
2273 4500 2620 4574 Ita—reposui
2650 4501 2919 4575 ρῐόνότον
2933 4503 3086 4574 quod
3110 4507 3231 4576 erat
3260 4500 3740 4576 inmembranis,

2090 4573 2394 4646 flagitante
2425 4573 2598 4631 sensu
2623 4573 2680 4630 et
2703 4573 3041 4646 auctoribus
3066 4574 3146 4628 AB
3179 4581 3235 4646 et
3258 4573 3370 4646 DC.

331 4642 425 4729 nis
457 4647 512 4697 et
526 4641 1139 4729 yeapolitanisjacere
1160 4647 1570 4729 defunctorum
1595 4663 1839 4729 corpora
1861 4654 1980 4729 tes-
2013 4665 2059 4729 Β
2275 4647 2457 4729 Habet
2487 4646 2833 4729 vocabulum
2895 4641 3168 4729 δύστηνος.
3211 4645 3306 4700 hic
3345 4643 3455 4729 loci
3486 4660 3640 4729 eum‘
3661 4644 3742 4698 si-

328 4717 488 4798 tatur
526 4714 764 4798 Keysler
817 4715 876 4771 in
924 4717 1247 4798 Itinerario.
1283 4718 1376 4798 Ut_
1410 4714 1716 4798 poeterius
1746 4720 1982 4798 credam
2013 4714 2056 4729 "
2094 4714 2969 4798 gn‘iticatumquem‘Arabum,
3018 4718 3170 4798 quod
3226 4716 3455 4798 proprie
3503 4716 3744 4787 quidem

330 4785 536 4860 fuisse,
573 4785 707 4843 facit
738 4787 920 4860 locus,
967 4805 1140 4860 quem
1192 4793 1277 4844 Du
1333 4785 1528 4860 Ca'nge
1569 4789 1754 4846 Gloss.
1788 4790 1884 4845 Gr.
1921 4805 1977 4842 ν.

333 4857 636 4930 Σ-τατάριος
709 4857 1018 4930 e_Glossis
1110 4857 1576 4916 Greecobarbaris
1652 4862 1809 4928 citat,
1878 4861 1978 4916 ubi

331 4925 916 5005 x}~qpairspwjv,ﬁyouv
956 4931 1266 5005 ammplav
1326 4931 1560 5004 legitur.
1623 4933 1748 4988 Non
1797 4925 1982 5003 potest

332 4994 660 5071 κληματερὴ
694 4994 778 5056 ibi
799 4994 973 5058 aliud
1026 4994 1248 5069 notare,
1308 4994 1482 5075 quam
1543 4994 1978 5074 pedamentum,

332 5075 805 5147 coassamentum
831 5075 951 5147 (das
977 5076 1327 5132 Lauenwerh
1356 5077 1770 5147 onerGeniste),
1806 5092 1983 5147 super

331 5141 567 5223 quodin
599 5141 776 5223 altum
809 5141 1113 5223 enituntur
1140 5148 1306 5223 vites,
1358 5147 1512 5218 quod
1543 5141 1983 5223 amplectuntur

330 5209 579 5292 flagellis
612 5211 784 5292 suis-5
805 5217 980 5292 cuius
1012 5220 1237 5292 perticae
1281 5209 1394 5274 una
1417 5235 1603 5292 super
1633 5209 1869 5292 alteram
1894 5219 1976 5273 al-

328 5284 446 5364 tius
475 5284 950 5364 atquelaltiusad
983 5284 1138 5364 certa
1168 5289 1470 5364 intervalla
1495 5284 1789 5364 dispositae
1805 5295 1976 5360 atque

325 5354 512 5433 affixa;-
545 5361 702 5433 sunt.
764 5355 986 5433 Ridicas
1033 5361 1200 5430 ajunt
1232 5361 1454 5416 Latinis
1485 5354 1631 5418 tales
1663 5354 1975 5433 compages

325 5425 626 5496 appellari,
663 5428 797 5481 item
830 5425 1094 5485 escharas
1124 5451 1138 5499 ;
1175 5433 1330 5488 unde
1361 5435 1706 5488 Francicum
1756 5425 1974 5488 eelza7as

323 5499 796 5576 deriva_nt,_quod
831 5500 969 5554 item
989 5509 1150 5576 notat
1171 5503 1313 5569 ;vid.
1337 5506 1415 5560 Du
1434 5507 1621 5576 Cange
1634 5522 1684 5559 ν.
1713 5506 1970 5560 Eschara.

322 5570 473 5648 Sane
506 5571 671 5648 facile
695 5576 1014 5648 potuerunt
1041 5573 1188 5648 tales
1212 5591 1514 5648 compages
1535 5570 1778 5632 escharas
1807 5577 1970 5631 dictaa

320 5641 523 5719 fuisse,
557 5641 707 5719 quia
729 5649 792 5698 ut
823 5643 881 5719 in
905 5644 1280 5719 escharisseu
1307 5641 1565 5704 cratibus
1592 5649 1811 5714 ferreis,
1846 5651 1973 5719 qui-

321 5715 434 5769 bus
456 5714 626 5792 locus
657 5716 971 5792 instruitur
1000 5718 1060 5792 in
1083 5716 1281 5792 Belgio
1312 5722 1369 5773 et
1390 5719 1561 5792 alibi,
1597 5720 1827 5792 perticas
1851 5714 1972 5792 pier-

322 5785 772 5857 pendiculariler
792 5791 850 5843 et
880 5786 1154 5858 parallele
1183 5785 1254 5842 ad
1288 5790 1443 5845 ceria
1470 5785 1554 5848 et
1581 5785 1832 5861 aequalia
1851 5785 1970 5846 'in-

2088 4788 2375 4856 miserum,
2421 4788 2755 4860 frequenter
2807 4795 2998 4844 autem
3038 4788 3396 4858 sceleratum,
3430 4788 3740 4860 impurum,

2089 4861 2424 4932 nefandum,
2475 4859 2661 4916 dirum
2716 4869 2768 4916 et
2826 4861 2966 4915 diri:
3012 4860 3381 4932 devovendum
3438 4859 3739 4932 hominem

2089 4929 2272 5003 potat.
2303 4933 2420 4988 Hoc
2452 4949 2628 4988 sensu
2665 4931 2837 5003 paulo
2875 4941 3006 4986 ante
3037 4931 3404 4986 habebamus
3435 4947 3492 5002 p.
3525 4931 3651 4997 372,
3675 4929 3741 4983 τὸ

2091 4998 2352 5073 δύστηνον
2389 5007 2548 5074 σῶμα
2595 4998 2945 5076 (Ξόριυουγωὶ
2979 5022 2992 5070 ;
3053 5008 3112 5058 et
3154 4998 3524 5076 sicgquoq‘ue
3559 5003 3746 5071 accipi

2091 5075 2264 5130 debet
2295 5077 2444 5146 apud
2478 5077 2718 5146 Cedren.

2091 5147 2205 5201 cui.
2241 5142 2460 5218 Fur.v.
2495 5148 2656 5214 1346,
2692 5142 2870 5218 λόγοι,
2904 5142 3162 5215 δύστηνοι
3194 5142 3412 5201 scelesti
3466 5161 3746 5200 sermone:

2089 5218 2273 5285 (locus
2303 5217 2455 5274 enim
2501 5218 2859 5275 correctione
2911 5235 3026 5274 non
3059 5219 3230 5289 eget),
3280 5222 3334 5272 et
3378 5221 3527 5289 apud
3559 5219 3744 5272 Theo-

2087 5289 2216 5345 crit.
2279 5289 2394 5353 XV,
2437 5291 2528 5359 31,
2587 5291 2726 5346 item
2767 5290 2939 5359 apud
3014 5288 3355 5359 Sophoclem
3408 5288 3547 5344 Oed.
3607 5289 3742 5357 Tyr.

2086 5377 2142 5432 ρ.
2175 5361 2302 5427 810,
2338 5363 2430 5416 ubi
2466 5358 2626 5415 ἄθλια
2656 5365 2714 5416 et
2763 5356 2913 5414 δεινᾶ
2961 5364 3018 5414 et
3057 5356 3290 5432 δυστηνα
3313 5361 3516 5431 jungit
3547 5356 3739 5432 poeta,

2083 5430 2317 5559 gta‘pud
2349 5434 2705 5490 Simonidem
2731 5434 2790 5489 in
2823 5432 3037 5490 Stobaai
3070 5431 3371 5504 Florilegio
3404 5430 3460 5504 ρ.
3483 5430 3614 5500 313,
3645 5432 3741 5487 ed.

2137 5522 2196 5559 ro
2231 5521 2284 5559 σε

2137 5511 2244 5560 rot°
2270 5521 2284 5560 :

2225 5612 2334 5680 Τήν
2400 5607 2443 5665 δ’
2478 5611 2538 5666 ἐκ
2567 5609 2767 5687 γαλῆς,
2809 5607 3099 5680 δύστηνον,
3161 5609 3380 5685 όϊζυρὸν
3412 5609 3593 5684 γένος.

2154 5719 2510 5776 Feminarum
2529 5719 2664 5793 felt:
2693 5718 2882 5776 indole
2917 5716 3273 5793 prjzditarum
3302 5716 3666 5787 ﬂagitiosum,

2889 5790 3276 5846 calamitosum
3328 5805 3522 5861 genus,

2753 5093 2809 5145 p.
2833 5074 2970 5146 ‘30_8_,
2993 5075 3214 5146 etapud
3249 5074 3585 5146 Euripidem
3606 5077 3744 5128 Her-
