4094 6374
364 377 516 438 1207

1436 374 1969 437 CONSTANTINI
2014 373 2710 435 PORPHYROGENITI

3626 378 3786 442 1208

362 523 594 565 recessu
656 508 935 564 interiore
986 506 1147 563 illius
1190 508 1530 564 monasterii
1579 509 1649 564 ad
1711 507 2014 564 sinistram

2136 503 2264 580 γυνή
2301 505 2438 576 μετὰ
2467 508 2575 560 τῶν
2605 507 2807 560 τέκνων
2837 505 3026 575 αὐτῆς.
3064 507 3148 563 Ἐν
3181 504 3238 562 δὲ
3265 511 3333 580 τῇ
3364 510 3650 584 καταφυγῇ
3671 509 3789 580 (15)

359 613 557 654 versus
587 596 872 654 orientem
906 601 1022 653 stat
1051 596 1455 669 sarcOphagus
1478 613 1838 654 marmoreus
1861 601 2016 654 Mau-

359 687 483 743 ricii
518 688 906 758 imperatoris.
945 688 1008 742 In
1041 686 1395 743 monasterio
1425 692 1480 740 S.
1513 687 2016 754 Trinitatis,Stau-

361 778 502 834 racii
535 777 969 849 cognominata,
1004 777 1063 832 in
1095 777 1226 848 ejus
1257 778 1515 834 ecclesias
1547 778 1750 833 dextra
1781 777 2015 848 regione

361 865 424 920 in
454 866 707 921 oratorio
739 865 798 920 S.
853 865 1099 920 Joannis
1147 864 1444 920 Prodromi
1477 881 1579 920 seu
1633 862 2016 919 Prmcursoris

364 957 484 1009 stat
513 953 910 1024 sarcophagus
940 969 971 1009 θ
1003 968 1294 1008 marmore
1319 952 1655 1022 candido,in
1679 969 1794 1024 quo
1820 953 2018 1022 jaceat

363 1044 692 1098 Stauracius
725 1042 862 1114 imp.
898 1047 956 1097 et
1001 1041 1380 1113 Theophane,
1414 1058 1557 1098 uxor
1605 1041 1750 1112 ejus.
1786 1043 1846 1097 In
1899 1057 2019 1096 mo-

367 1131 622 1186 nasterio
653 1131 813 1202 Cyrae
843 1147 942 1187 seu
977 1131 1232 1188 Domine
1282 1130 1678 1204 Euphrosynw
1710 1130 1866 1186 dicto
1900 1132 2019 1186 stat

367 1218 766 1292 sarcophagus
796 1235 826 1275 e
863 1235 1149 1276 marmore
1183 1220 1456 1292 Bithyno,
1489 1221 1548 1275 in
1583 1236 1698 1292 quo
1731 1223 2017 1276 Constan-

364 1307 546 1378 tinus,
579 1326 612 1366 a
643 1315 831 1365 matre
864 1311 1030 1365 Irene
1060 1317 1402 1375 excaecatus,
1425 1314 1482 1365 et
1513 1325 1657 1366 uxor
1686 1309 1816 1380 ejus
1847 1308 2022 1364 Maria

360 1398 563 1467 jacent
593 1405 650 1454 et
680 1399 806 1454 duae
838 1398 992 1467 ﬁliae,
1027 1415 1236 1470 nempe
1287 1397 1688 1470 Euphrosyna,
1722 1413 1866 1452 uxor
1914 1396 2021 1450 Mi.

370 1487 608 1556 chaelis,
640 1487 738 1558 [de
785 1505 899 1558 qua
941 1488 1350 1544 monasterium
1397 1486 1766 1559 appellatur,]
1797 1495 1850 1540 et
1898 1485 2022 1555 ejus

371 1592 556 1646 soror,
587 1577 773 1632 Irene.
805 1577 970 1634 Jacet
1000 1578 1214 1632 ibidem
1236 1594 1470 1649 quoque
1499 1575 1819 1640 Anna,filia
1839 1575 2026 1630 Theo-

371 1664 519 1736 phili
577 1664 966 1737 imperatoris.
1023 1667 1084 1722 In
1144 1665 1503 1732 monasterii,
1554 1669 1614 1720 ta
1662 1661 1888 1719 Gastria
1935 1661 2023 1718 vel

372 1754 734 1810 Gastriorum
794 1754 955 1822 dicti,
1018 1755 1283 1822 ecclesia,
1343 1770 1545 1811 versus
1611 1752 1892 1809 orientem
1951 1751 2023 1806 ad

2121 599 2222 661 τῆς
2252 593 2420 656 αὐτῆς
2457 600 2630 665 μονῆς
2662 594 2713 664 ἐξ
2765 594 3064 670 ἀριστερῶν
3107 596 3242 670 πρὸς
3294 593 3574 664 ἀνατολὴν
3613 593 3786 651 ’ίστα-

2123 702 2210 736 τκι
2263 680 2460 756 λάρναξ
2510 684 2616 738 ἀπὸ
2671 683 2826 739 λίθου
2875 683 2928 740 ἐν
2980 686 3026 757 ᾦ
3075 685 3362 741 ἀπόκειται
3411 687 3708 761 Μαυρίκιος
3757 687 3788 741 6

2131 770 2408 846 βασιλεύς.
2449 775 2662 844 Ἰστέον,
2694 773 2781 828 ὅτι
2821 772 2874 828 ἓν
2917 777 2987 839 τῆ
3041 779 3184 849 μονῇ
3231 782 3332 844 τῆς
3381 776 3571 852 Ἀγίας
3615 776 3791 852 Τριά-

2127 857 2221 921 δος
2275 868 2378 929 τῆς
2460 861 2946 936 ἐπονομαζομένης
3022 864 3090 918 τὰ
3165 865 3524 940 Σταυρακίου,
3597 865 3648 919 ἐν
3707 870 3791 938 τῷ

2130 947 2288 1019 δεξιῷ
2320 949 2470 1022 μέρει
2520 957 2620 1019 τῆς
2675 950 2840 1020 αὐτῆς
2899 951 3217 1022 ἐκκλησίας,
3276 953 3329 1009 ἐν
3374 959 3454 1026 τῷ
3515 953 3790 1027 εὖκτηρίῳ

2127 1041 2222 1092 τοῦ
2270 1037 2457 1112 Ἀγίου
2511 1040 2765 1097 Ἰὦάννου
2815 1045 2912 1096 τοῦ
2960 1040 3317 1118 Ηροδρόμου,
3371 1041 3590 1098 ἵσταται
3651 1042 3794 1118 λάρ-

2128 1127 2218 1194 ναξ
2273 1125 2378 1180 ἀπὸ
2432 1127 2586 1182 λίθου
2638 1128 2856 1200 λευκοῦ,
2906 1128 2958 1185 ἐν
3002 1131 3048 1202 ᾧ
3107 1131 3390 1187 ἀπόκειται
3450 1133 3793 1207 Σταυράκιος

2130 1215 2158 1268 6
2203 1212 2459 1289 βασιλεὺς
2518 1217 2606 1271 καὶ
2665 1220 2917 1297 Θεοφανὼ
2970 1222 3006 1288 ἡ
3052 1220 3218 1276 αὐτοῦ
3274 1224 3512 1297 γαμετή.
3562 1222 3792 1291 ’[στέον,

2132 1304 2212 1358 ὅτι
2247 1303 2299 1358 ἐν
2350 1309 2419 1378 τῇ
2475 1309 2616 1379 μονῇ
2669 1311 2736 1380 τῇ
2783 1307 3057 1384 λεγομένῃ
3117 1317 3217 1380 τῆς
3276 1318 3449 1386 Κυρᾶς
3512 1313 3796 1389 Εὐφροσύ-

2129 1410 2226 1460 νης
2267 1394 2378 1462 (16)
2425 1392 2642 1448 ’ίσταται
2695 1395 2895 1468 λάρναξ
2946 1396 3051 1450 ἀπὸ
3111 1395 3270 1460 λίθου
3332 1400 3583 1465 Βυθινοῦ,
3641 1397 3693 1453 ἐν
3747 1400 3796 1470 ᾧ

2134 1482 2419 1538 ἀπόκειται
2475 1492 2879 1550 Κωνσταντῖνος
2939 1489 2966 1542 6
3025 1489 3141 1552 υἱὸς
3188 1489 3429 1565 Εἰρήνης
3489 1491 3518 1545 6
3564 1489 3798 1569 τυφλω-

2135 1572 2246 1634 θεὶς
2280 1576 2417 1645 (17),
2448 1575 2538 1629 καὶ
2573 1575 2758 1646 Μαρία
2790 1579 2823 1646 ἡ
2855 1579 2990 1652 γυνή
3026 1579 3214 1647 αὐτοῦ,
3259 1579 3348 1633 καὶ
3392 1581 3449 1634 αἱ
3499 1577 3594 1635 δύο
3625 1591 3796 1655 θυγα-

2133 1659 2280 1744 τέρες
2325 1661 2511 1730 αὐτοῦ,
2563 1663 2909 1740 Εὐφροσύνη,
2943 1669 2976 1735 ἡ
3013 1669 3150 1742 γυνή
3205 1668 3442 1743 Μιχαὴλ
3490 1673 3588 1723 τοῦ
3638 1671 3795 1744 Τρα-

2135 1743 2296 1818 6λοῦ,
2328 1751 2417 1807 καὶ
2450 1752 2660 1825 Εἰρήνη
2708 1757 2821 1828 (18)
2871 1758 2906 1825 ἡ
2957 1753 3170 1832 ἀδελφὴ
3215 1756 3406 1826 αὐτῆς,
3456 1758 3545 1813 καὶ
3595 1743 3796 1828 ”Αννα,

370 1841 636 1898 dextram
671 1843 728 1898 in
778 1847 1047 1912 statarea,
1081 1861 1206 1915 qua
1251 1844 1328 1898 ibi
1361 1846 1470 1910 est,
1516 1842 1676 1913 jacet
1725 1842 1786 1898 S.
1837 1841 2017 1897 Theo-

2136 1841 2169 1909 ἡ
2226 1843 2465 1918 Θυγάτηρ
2517 1845 2786 1922 Θεοφίλου
2834 1851 2932 1902 τοῦ
2986 1847 3281 1924 βασιλέως.
3336 1851 3556 1924 Ἰστέον,
3607 1850 3688 1907 ὅτι
3739 1851 3795 1906 ἐν

371 1931 530 1999 dora,
566 1947 713 1987 uxor
761 1933 1092 2006 Theophili,
1133 1937 1190 1989 et
1239 1934 1366 2004 ejus
1415 1936 1536 1989 tres
1588 1933 1742 2000 ﬁlim,
1790 1931 2028 1999 Thecla,

371 2021 686 2076 Anastasia
715 2025 772 2077 et
820 2021 1148 2078 Pulcheria.
1183 2023 1248 2078 In
1292 2022 1530 2078 sinislra
1579 2027 1743 2093 parte
1773 2021 1900 2091 ejus
1932 2036 2027 2076 ec-

373 2109 590 2176 clesie,
622 2127 654 2167 e
685 2111 920 2183 regione
951 2112 1118 2167 istius
1163 2115 1449 2179 statarem,
1485 2115 1600 2166 stat
1629 2109 2028 2181 sarcophagus

377 2216 736 2256 marmoreus
766 2201 1046 2268 Petronis,
1074 2201 1174 2272 qui
1207 2201 1317 2255 fuit
1346 2200 1641 2271 quondam
1675 2199 2030 2254 domesticus

377 2287 714 2344 scholarum
747 2294 804 2346 et
837 2291 1014 2346 irater
1045 2291 1218 2346 modo
1243 2289 1412 2345 dictae
1436 2290 1613 2344 beatas
1638 2288 2028 2359 imperatricis

377 2377 716 2434 Theodorae.
768 2380 833 2434 In
883 2380 1147 2450 ejusdem
1197 2377 1448 2434 ecclesias
1503 2377 1778 2433 narthece
1826 2392 2029 2432 versus

380 2467 661 2523 orientem
693 2469 762 2524 ad
813 2469 1110 2525 sinistram
1144 2469 1376 2540 plagam
1429 2472 1540 2523 stat
1572 2483 1783 2539 parvus
1833 2483 2029 2522 sarco-

378 2557 609 2631 phagus
639 2576 669 2616 e
702 2577 991 2616 marmore
1039 2560 1434 2617 Proconnesio
1467 2563 1565 2615 aut
1613 2558 1933 2624 Picrimaeo,
1969 2557 2026 2612 in

374 2665 490 2720 quo
523 2650 670 2706 iacet
700 2651 1050 2716 Theoctista,
1087 2660 1271 2706 mater
1321 2653 1534 2706 sanctas
1565 2649 1885 2704 Theodoras
1916 2649 2026 2702 im-

376 2738 698 2810 peratricis.
733 2740 915 2812 Prope
941 2745 1093 2794 astat
1123 2756 1335 2812 parvus
1385 2739 1785 2809 sarcophagus
1814 2753 1844 2792 e
1878 2753 2030 2790 mar-

374 2844 535 2884 more
566 2829 846 2901 Sagarino
870 2835 967 2885 aut
990 2829 1415 2886 Pneumonusio
1440 2844 1542 2884 seu
1571 2825 2024 2899 pulmonario,in

374 2934 490 2989 quo
519 2919 627 2973 sila
657 2924 748 2975 est
779 2919 963 2988 Irene,
997 2919 1117 2975 {ilia
1145 2919 1347 2976 Barde
1379 2917 1641 2974 Caesaris.
1661 2921 1845 2989 PrOpe
1880 2920 2027 2972 astat

373 3023 589 3077 parvus
622 3008 692 3062 ad
739 3009 1042 3078 spithamm
1075 3008 1190 3064 lere
1223 3009 1464 3064 modum
1516 3006 1933 3076 sarcophagus,
1965 3003 2024 3059 in

373 3112 490 3168 quo
521 3096 765 3154 Caesaris
799 3099 995 3153 Bardte
1029 3097 1263 3152 maxilla
1293 3095 1552 3154 inferior.
1573 3096 1634 3150 In
1672 3094 2026 3150 monasterio

2136 1933 2206 2003 τῇ
2244 1935 2382 2004 μονῇ
2411 1937 2478 2007 τῇ
2525 1933 2802 2010 λεγομένῃ
2858 1936 2924 1992 τὶ
2981 1938 3210 2014 Γαστρία
3256 1940 3331 2001 εἰς
3373 1942 3437 1995 τὸ
3484 1942 3620 2014 πρὸς
3665 1941 3802 1995 ἀνα-

2137 2018 2310 2088 τολὴν
2349 2017 2519 2091 δεξιὸν
2556 2025 2719 2100 μέρος
2750 2031 2850 2096 τῆς
2881 2027 3048 2096 αὐτῆς
3080 2026 3377 2100 ἐκκλησίας
3409 2028 3462 2085 ἐν
3513 2035 3582 2104 τῇ
3625 2029 3801 2084 ἐκεῖσε

2141 2109 2437 2183 σταταραίᾳ
2515 2112 2799 2169 ἀπόκειται
2858 2117 2892 2184 ἡ
2957 2117 3192 2190 μακαρία
3267 2115 3522 2192 Θεοδώρα
3593 2121 3710 2192 (19)
3759 2121 3799 2189 ἡ

2138 2202 2235 2253 τοῦ
2281 2200 2551 2278 Θεοφίλου
2607 2205 2738 2278 γυνὴ
2799 2204 2889 2257 καὶ
2943 2206 2996 2258 αἱ
3053 2211 3199 2276 τρεῖς
3255 2209 3545 2282 θυγατέρες
3603 2207 3799 2276 αὐτῆς,

2140 2285 2338 2356 Θέκλα,
2401 2290 2722 2346 Ἀναστασία
2788 2292 2877 2347 καὶ
2923 2293 3258 2368 Πουλχερία.
3312 2298 3399 2353 Ἐν
3465 2294 3523 2351 δὲ
3567 2301 3648 2369 τῷ
3708 2296 3801 2352 εὗ-

2139 2376 2342 2450 ωνῦμῳ
2405 2378 2553 2454 μὲρει
2615 2383 2716 2451 τῆς
2764 2383 2933 2452 αὐτῆς
2991 2384 3304 2455 ἐκκλησίας,
3358 2385 3614 2442 ἀπέναντι
3690 2393 3805 2456 τῆς

2136 2466 2397 2536 τοιαύτης
2470 2472 2820 2546 σταταραίας,
2911 2473 3127 2529 ἳσταται
3230 2474 3429 2550 λάρναξ
3506 2475 3613 2531 ἀπὸ
3709 2475 3804 2532 λί-

2139 2554 2234 2641 θου
2265 2556 2404 2625 (20),
2437 2554 2488 2610 ἐν
2537 2558 2581 2628 ᾦ
2630 2558 2914 2616 ἀπόκειται
2962 2563 3247 2635 Ιίετρωνᾶς
3295 2566 3410 2636 (21)
3469 2565 3496 2620 6
3555 2565 3804 2641 γεγονὼς

2139 2639 2462 2716 δομέστικος
2494 2650 2602 2700 τῶν
2632 2646 2855 2722 σχολῶν
2889 2651 2917 2705 6
2950 2647 3186 2724 ἀδελφὸς
3219 2649 3502 2727 Θεοδώρας
3529 2639 3641 2721 τῆς
3683 2675 3799 2728 μα·

2136 2731 2326 2805 καρίας
2387 2733 2690 2807 βασιλίδος.
2767 2739 2853 2794 Ἐν
2930 2737 2988 2794 δὲ
3043 2745 3122 2811 τῷ
3175 2742 3408 2815 νάρθηκι
3468 2749 3568 2813 τῆς
3623 2741 3798 2813 αὐτῆς

2138 2819 2434 2892 ἐκκλησίας
2467 2824 2519 2879 ἐν
2552 2829 2633 2898 τῷ
2664 2829 2802 2902 πρὸς
2851 2829 3123 2900 ἀνατολήν
3172 2832 3436 2907 ἀριστερῷ
3489 2833 3642 2908 μέρει
3692 2838 3794 2890 τοῦ

2136 2911 2302 2966 αὐτοῦ
2333 2912 2602 2988 νάρθηκος
2628 2915 2842 2973 ’ίσταται
2892 2918 3184 2991 λαρνάκιον
3236 2923 3428 2996 μικρὸν
3479 2923 3584 2978 ἀπὸ
3634 2922 3797 2989 λίθου

2136 3002 2572 3077 Ηροικονησίου,
2631 3008 2800 3076 ἢτουν
2879 3010 3231 3084 Πικριμαίου,
3291 3010 3343 3066 ἐν
3403 3011 3450 3084 ᾦ
3509 3013 3790 3070 ἀπόκειται

2137 3090 2436 3177 βεοκτίστη
2469 3095 2503 3161 ἡ
2541 3097 2727 3170 μήτηρ
2774 3095 3058 3174 Θεοδώρας
3107 3107 3209 3168 τῆς
3260 3101 3529 3175 μακαρίας
3580 3103 3792 3177 βασιλί·

369 3187 429 3243 S.
466 3186 799 3258 Euphemias
832 3189 997 3245 dictae
1043 3189 1331 3245 Formosae
1376 3190 1534 3258 jacet
1567 3189 1626 3243 in
1657 3203 1724 3242 ea
1768 3185 2017 3242 ecclesia!

2138 3176 2252 3242 δος.
2288 3179 2511 3253 Ἰστέον,
2557 3183 2642 3238 ὅτι
2693 3186 2930 3255 πλησίον
2973 3189 3138 3244 αὐτοῦ
3182 3187 3398 3244 ’ίσταται
3445 3176 3797 3268 λάρνακίδιον

2144 3269 2156 3284 .
2215 3269 2228 3284 ς
2299 3267 2385 3284 κ.-
2519 3279 2554 3284 _
2796 3281 2821 3284 μ
2914 3279 2936 3284 -.
3129 3281 3168 3284 __
3488 3282 3497 3284 _
3642 3283 3649 3284 ,
3767 3282 3782 3284 _

2144 3269 2156 3288 9

367 3279 562 3350 plaga,
595 3295 720 3348 quae
754 3296 953 3336 versus
1005 3281 1280 3336 orientem
1315 3278 1598 3345 spectanti
1642 3277 1882 3334 sinistra
1913 3284 2019 3347 est,

371 3369 432 3423 in
463 3373 873 3440 statarea,quae
903 3371 982 3425 ibi
1011 3375 1119 3436 est,
1153 3369 1421 3436 Pancalo,
1443 3374 1628 3424 mater
1659 3367 1856 3423 Basilii
1908 3366 2017 3421 im-

370 3457 653 3526 peratoris
684 3458 975 3514 Christum
1009 3459 1282 3515 amantis.
1318 3461 1385 3513 At
1417 3458 1473 3512 in
1511 3459 1711 3512 dextra
1759 3456 2016 3527 ejusdem

369 3541 625 3600 ecclesias
675 3544 850 3617 plaga
878 3561 1078 3602 versus
1131 3549 1436 3615 orientem,
1478 3561 1508 3601 e
1556 3546 1790 3618 regione
1824 3545 2015 3614 istius,

367 3638 617 3690 statarea
648 3638 736 3690 est
768 3651 1056 3692 marmore
1085 3636 1257 3692 viridi
1289 3634 1647 3704 Thessalico,
1679 3635 1737 3690 in
1789 3649 1901 3705 qua
1931 3633 2019 3704 ja-

367 3727 502 3778 cent
560 3723 882 3790 Marianus,
942 3724 1080 3780 olim
1131 3725 1491 3781 domesticus
1551 3722 1910 3788 scholarum,
1962 3725 2019 3776 et

364 3811 719 3883 Symhatius,
753 3813 925 3868 ambo
960 3813 1168 3870 fratres
1200 3811 1725 3880 Basilii,Christum
1759 3809 2015 3865 amantis

366 3902 757 3971 imperatoris.
793 3901 859 3958 In
893 3903 1092 3958 dextro
1142 3905 1406 3974 ejusdem
1452 3899 1708 3956 ecclesiae
1739 3899 2011 3970 oratorio,

366 3988 520 4056 quod
550 3990 900 4045 Praecursori
931 4005 1033 4045 seu
1063 3989 1278 4045 Joanni
1321 3988 1595 4060 Baptista:
1643 4002 1870 4042 sacrum
1905 3991 2014 4054 est,

365 4081 422 4132 et
452 4077 690 4147 quidem
723 4079 782 4134 in
832 4079 1067 4135 sinistra
1108 4095 1310 4135 versus
1358 4077 1633 4135 orientem
1667 4075 1839 4147 plaga
1886 4076 2013 4146 ejus

2133 3269 2238 3324 ἀπὸ
2299 3267 2456 3326 λίθου
2517 3279 2846 3350 Σαγαρινοῦ,
2905 3279 3071 3347 ἦτουν
3126 3281 3587 3353 Ηνευμονουσίου,
3640 3283 3696 3337 ἓν
3755 3282 3804 3354 ᾧ

2131 3354 2416 3415 ἀπόκειται
2449 3363 2655 3437 Εἰρήνη
2706 3369 2840 3439 (22),
2892 3370 2926 3437 ἡ
2988 3369 3226 3444 θυγάτηρ
3286 3368 3467 3445 Βάρὸα
3520 3375 3618 3427 τοῦ
3667 3371 3793 3428 καί-

2130 3471 2309 3521 σαρος,
2367 3454 2582 3526 Ἰστέον,
2643 3459 2724 3512 ὅτι
2785 3458 3132 3534 λαρνακίδιον
3182 3463 3376 3537 μικρὸν
3426 3469 3792 3537 σπιθαμιαῖον

2122 3537 2338 3596 ’ίσταται
2367 3542 2604 3614 πλησίον
2655 3546 2854 3621 αὐτῶν,
2903 3549 2978 3612 εἰς
3026 3552 3055 3605 ’ὀ
3098 3551 3378 3606 ἀπόκειται
3428 3554 3490 3608 τὸ
3519 3557 3616 3608 τοῦ
3664 3553 3789 3609 καί·

2128 3648 2291 3704 σαρος
2368 3629 2544 3708 Βάρδα
2634 3637 3078 3715 κατομάγουλον.
3164 3643 3384 3710 Ἰστέον,
3447 3643 3532 3698 ὅτι
3597 3642 3654 3698 ἐν
3717 3647 3786 3718 τῇ

2131 3723 2269 3792 μονῇ
2324 3727 2425 3790 τῆς
2483 3725 2643 3799 ’Δγία
2675 3748 2697 3788 ς
2728 3727 3018 3806 Εὐφημίας
3063 3738 3163 3801 τῆς
3214 3729 3517 3807 λεγομένης
3560 3733 3787 3807 Εὐμάρ-

2127 3827 2232 3895 φου
2265 3807 2316 3863 ἐν
2345 3814 2424 3882 τῷ
2453 3814 2592 3888 πρὸς
2631 3816 2902 3886 ἀνατολὴν
2951 3819 3220 3895 ἀριστερῷ
3272 3819 3423 3893 μέρει
3469 3828 3568 3892 τῆς
3614 3821 3789 3891 αὐτῆς

2126 3894 2442 3986 ἐκκλησίας,
2488 3901 2541 3956 ἐν
2594 3908 2662 3978 τῇ
2723 3907 2894 3962 ἐκεῖσε
2962 3894 3257 3986 σταταραίᾳ
3312 3911 3594 3966 ἀπόκειται
3645 3917 3787 3986 Παγ-

2123 3984 2279 4076 καλὼ
2311 3990 2450 4062 (23),
2479 3993 2513 4061 ἡ
2561 3995 2750 4069 μήτηρ
2799 3995 3089 4054 Βασιλείου
3134 3984 3234 4055 τοῦ
3285 3999 3650 4076 φιλοχρίστου
3702 3984 3787 4056 δέ.

2126 4075 2353 4138 σπότου.
2395 4080 2486 4138 Ἐν
2521 4080 2579 4138 δὲ
2633 4090 2712 4158 τῷ
2761 4089 2897 4161 πρὸς
2946 4088 3218 4161 ἀνατολὴν
3274 4075 3630 4168 δεξιῷῃμέρει
3679 4099 3783 4163 τῆς

1411 4195 1606 4252 JOAN.
1646 4192 1777 4250 JAC
1819 4192 2071 4248 BEISKII
2111 4193 2700 4261 COMMENTARIUS.

365 4293 638 4381 scribere.
674 4295 784 4351 Sed
821 4301 1040 4352 vertere
1089 4295 1441 4381 Latine-non
1481 4301 1669 4381 vacat.
1714 4289 2038 4381 Saltimﬂid.
2112 4292 2314 4381 ditrice
2349 4315 2454 4355 sua
2487 4302 2894 4381 Euphrosyna,
2919 4307 3124 4364 eadem
3156 4307 3411 4380 illa,qum
3443 4309 3614 4381 paulo
3648 4315 3782 4380 post

363 4367 632 4428 monebo,
663 4382 899 4423 sensum
933 4368 1173 4422 secundi
1205 4367 1438 4422 distichi
1471 4382 1599 4420 esse
1632 4365 2014 4428 hunc,nume—

363 4451 500 4492 rosae
527 4438 701 4508 prolis
729 4442 886 4509 regia
916 4444 1098 4495 mater
1125 4455 1242 4512 qum
1271 4454 1388 4494 meo
1408 4437 1656 4512 δαπανηριο
1687 4436 2008 4499 monstravi,

361 4524 527 4579 quam
554 4511 825 4580 praeclara
854 4527 943 4566 res
990 4517 1065 4568 ut
1109 4510 1217 4566 rion
1261 4510 1564 4581 peperisse,
1597 4525 1710 4563 non
1755 4521 2012 4581 regnasse

360 4577 732 4637 inonafchice.
783 4583 1008 4653 Siquis
1059 4577 1481 4638 nominativum
1533 4596 1636 4651 pro
1677 4577 2009 4653 accusativo

363 4653 719 4726 substituere
747 4648 909 4720 velit,
944 4654 1125 4710 hilum
1160 4655 1413 4726 quidemﬁ
1432 4648 1549 4708 non
1581 4649 1791 4705 melius
1822 4648 2007 4726 dabit,

360 4721 598 4779 habebit
627 4729 816 4781 tamen
849 4721 1253 4782 auctoritatem
1287 4724 1346 4778 in
1378 4725 1682 4793 Zonara,_e
1714 4738 1828 4793 quo
1860 4721 2008 4793 Ban-

359 4796 488 4849 dur.
523 4799 572 4870 t._
602 4795 644 4863 l,
679 4796 716 4851 l.
770 4813 865 4864 vn,
901 4815 956 4870 p.
995 4798 1117 4868 179,
1167 4795 1433 4853 exhibuit
1479 4791 1678 4870 λοχείη
1722 4789 1786 4870 et
1831 4789 2010 4870 πολυ-

359 4865 609 4941 κοιρανίη
643 4885 775 4924 cum
803 4865 1030 4941 integro
1063 4865 1320 4941 carmine
1353 4872 1410 4922 et
1456 4865 1592 4941 ejus
1614 4865 1854 4941 antiqua
1901 4865 2008 4920 La-

361 4935 482 5010 tina
502 4935 972 5010 interpretatione
990 4939 1233 5010 metrica
1253 4955 1321 4994 ex
1342 4935 1690 5009 Anth—ologia
1709 4936 2011 5010 Pithoeana

362 5007 724 5086 deprompta.
764 5015 826 5065 V.
876 5014 932 5080 9,
967 5009 1102 5086 init-:1
1144 5011 1232 5086 καὶ
1267 5010 1379 5086 τὸν-
1410 5007 1624 5086 γενέταν
1676 5009 1788 5063 sub
1836 5007 2008 5086 intel-

361 5075 659 5146 ligendum
691 5099 722 5135 a
744 5075 1040 5140 cammuni
1065 5088 1116 5139 et
1143 5084 1254 5139 huc
1275 5075 1626 5138 trahendum
1651 5095 1896 5206 sequens
1920 5075 2009 5132 ἔκ-

361 5165 560 5206 τειναν.
591 5153 1268 5206 οεσίάθνίηιαεηίιονεηιοι
1321 5163 1378 5206 αι
1410 5170 1578 5206 auare
1620 5156 1714 5206 tan
1755 5168 1840 5206 em
1891 5155 2004 5206 tam

359 5165 560 5227 τειγριν,
591 5153 891 5210 occiderint
909 5157 1224 5227 genitorem
1255 5171 1268 5210 :
1321 5163 1378 5210 at
1410 5170 1578 5226 quare
1620 5153 1840 5227 tandem
1891 5155 2004 5206 tam

361 5219 516 5298 nullo
545 5236 669 5298 cum
695 5227 877 5298 [ructu
909 5219 1189 5296 'parvulo:
1236 5219 1574 5293 occiderunt,
1616 5225 1870 5298 humanae
1918 5237 2008 5277 ne-

362 5292 554 5370 ᾳιιὶςζεξ
581 5294 904 5370 ὺζιρεὴίζρδῗ
926 5292 1026 5370 ’[ν.
1077 5301 1319 5354 Pontan.
1355 5299 1425 5353 ad
1473 5292 1582 5353 Th7.
1617 5297 2004 5352 Simoccatam

362 5379 419 5434 p.
724 5363 985 5439 Addemf.]

431 5436 544 5512 (15)
583 5437 678 5490 Est
710 5439 864 5506 quod
901 5436 1080 5493 Latini
1115 5441 1384 5496 dicebant
1414 5443 1713 5512 refugium,
1747 5447 2004 5511 recepta-

361 5492 555 5582 culum
593 5492 837 5563 interius
864 5526 876 5577 ;
905 5492 1387 5568 abstemias".
1432 5492 1745 5582 certasset.)
1774 5492 1796 5576 ,ί
1820 5492 2008 5567 ch-

361 5580 628 5657 ‘saubaad
663 5581 1053 5657 Script._HisI.
1088 5591 1231 5650 Aug.
1270 5586 1372 5657 l,p.
1397 5586 1486 5650 87,
1521 5580 1760 5639 Gnther.
1797 5600 1851 5656 p.
1877 5585 2004 5652 225,

361 5653 476 5728 Nos
503 5653 826 5728 diceremus
857 5655 953 5712 der
981 5653 1347 5728 Krreutzgang'.

433 5723 546 5796 (16)
577 5728 996 5786 Monasterium
1023 5727 1129 5786 hoc
1151 5723 1230 5784 ita
1251 5723 1360 5784 fuit
1381 5727 1742 5800 appellatum
1774 5726 1846 5784 de
1866 5741 2008 5786 con—

2122 4373 2694 4449 commemorahitur,
2747 4373 2869 4433 tilia
2914 4373 3318 4445 Constantini;
3357 4373 3460 4436 ﬁlii
3511 4373 3708 4449 Irenie,
3745 4399 3781 4438 a

2123 4443 2302 4495 matre
2333 4449 2599 4501 excaecati
2631 4443 2688 4524 et
2717 4449 2962 4524 imperio
2996 4452 3198 4521 privati
3226 4467 3240 4517 ;
3293 4443 3472 4524 quam
3505 4443 3774 4524 Euphro-

2121 4525 2330 4639 alliga
2353 4520 2767 4658 emrgonasterio
2799 4521 2855 4575 in
2883 4520 3777 4583 matrimoniumduaitMi'chael

2191 4653 2306 4738 (l7)
2338 4653 2516 4738 Addit
2545 4662 2818 4738 AB(nam
2843 4664 2933 4720 DC
2959 4665 3114 4723 hunc
3136 4665 3454 4723 articulum
3487 4685 3602 4724 non
3637 4684 3780 4738 prai-

2121 4727 2260 4800 stat)
2292 4729 2418 4796 παρ’
2447 4729 2637 4800 αὐτῆς.

2337 4802 2521 4884 ξυλείᾳ
2551 4798 2663 4884 non
2680 4807 3252 4884 meminﬁQuCange
3275 4811 3772 4884 Fam.Byz.p.i‘2.7.

2322 4871 2783 4951 .Y._'Theophan.
2822 4897 2878 4951 p.
2913 4881 3036 4936 408.

2189 4944 2301 5026 (20)
2322 4943 2566 5026 Yidetur
2580 4943 2786 5026 nomen
2809 4943 3160 5021 adjectivum
3176 4953 3646 5026 excidisse,quod
3676 4973 3778 5013 na-

2119 5012 2235 5098 tale
2269 5015 2460 5098 solum
2494 5028 2590 5098 aut
2621 5012 3219 5098 coloremimarmoris
3251 5012 3777 5084 indicaret.Carent

2118 5083 2240 5169 hoc
2256 5088 2511 5169 articulo
2531 5096 2588 5146 et
2618 5095 3002 5169 sequentibus
3034 5097 3204 5152 ambo
3235 5098 3502 5169 catalogi.

2330 5159 2436 5243 {Est
2458 5162 2620 5243 idem
2646 5159 2765 5232 ille,
2799 5167 2898 5236 qui
2931 5184 3110 5238 supra
3162 5185 3218 5243 p.
3251 5169 3359 5243 298
3391 5159 3770 5243 memoratur.

2187 5229 2310 5312 (22)
2334 5231 2577 5312 Videtur
2607 5229 2906 5312 haesisse.
2942 5229 3115 5309 qtiam
3159 5229 3246 5295 Du
3278 5241 3470 5312 Cange
3503 5241 3673 5312 p.135
3706 5242 3773 5299 F.

2116 5301 2310 5381 13.,sed
2346 5306 2568 5375 absque
2599 5301 3140 5381 nomine,designat
3162 5313 3220 5366 in
3253 5301 3557 5367 steliimate
3586 5313 3776 5368 Theo-

2115 5370 2506 5498 gogtﬁhatque
2557 5392 2799 5450 nuptam
2845 5370 3034 5438 fuisse
3081 5384 3380 5453 Symhatio
3433 5384 3775 5456 Logolhetm

2169 5461 2338 5500 ΓΟΠΙΙ.

2185 5517 2300 5589 (23)
2333 5523 2546 5576 Nomen
2581 5521 2690 5598 hoc
2722 5523 2987 5598 ignotum
3026 5527 3107 5582 Ilu
3140 5527 3356 5598 Cangio
3389 5525 3428 5582 l.
3462 5544 3515 5583 c.
3552 5544 3606 5590 β.
3645 5528 3772 5598 138,

2115 5593 2383 5675 adeoque
2398 5595 2603 5675 procul
2638 5593 2816 5652 dubio
2849 5598 3071 5654 ceteris
3123 5593 3510 5671 scriptoribus
3542 5593 3774 5674 Byzané

2116 5665 2257 5718 tinis
2288 5665 2594 5722 indictum.
