4094 6398
403 411 564 474 1209

1246 408 1346 468 DE
1393 403 1845 469 CERIMONUS
1890 405 2130 472 AULzE
2171 405 2664 472 ΒΥΖΔΝΤΙΝλΕ
2707 412 2855 472 LIB.
2904 410 2978 471 ll.

3674 407 3829 478 1210

405 543 581 608 αὐτῆς
635 538 953 611 ἇκκλησίας,
1009 537 1261 593 ἀπέναντι
1321 538 1522 609 ταύτης
1572 544 1672 607 τῆς
1729 537 2044 611 σταταραίας

2163 542 2418 613 oratorii,
2460 547 2581 600 stat
2634 542 3036 614 sarcophagus
3067 557 3201 596 cum
3234 540 3554 612 sculpturis
3596 548 3828 598 exstan-

403 632 548 688 ἐστὶν
601 632 757 707 ὲτὲρα
817 627 1110 704 σταταραία
1170 628 1274 684 ἀπὸ
1335 627 1492 684 λίθου
1552 627 1816 702 πρασίνου
1867 633 2062 682 Θεττα-

404 720 534 794 λοῦ,
569 719 622 776 ἐν
721 719 1006 775 ἀπόκειται
1051 718 1324 790 Μαριανὸς
1379 719 1406 772 6
1453 718 1694 794 γεγονὼς
1738 714 2062 789 ὃομέστικος

399 815 512 866 τῶν
561 808 807 886 σχολῶν,
857 807 949 863 καὶ
993 803 1305 880 Συμϐἀτιος
1511 807 1538 860 6
1592 803 1828 880 ἀδελφὸς
1867 805 2059 876 αὐτοῦ,

400 900 710 979 ἀμφότεροι
752 895 983 974 ἀδελφοὶ
1035 894 1324 952 Βασιλείου
1381 900 1481 951 τοῦ
1540 894 1908 974 φπλοχριστοῦ
1967 893 2061 950 δε-

403 987 629 1043 σπότου.
694 987 913 1055 ’1στέον,
983 985 1066 1044 ’ὁτι
1133 983 1186 1039 ἐν
1246 984 1325 1054 τῷ
1394 981 1554 1056 δεξιῷ
1619 983 1892 1056 εὐκτηρίῳ
1958 989 2058 1052 τῆς

398 1077 574 1146 αὐτῆς
602 1074 898 1146 ἐκκλησίας
929 1079 1028 1129 τοῦ
1076 1070 1409 1150 Προδρόμου
1453 1070 1505 1127 ἒν
1555 1077 1636 1144 τῷ
1680 1073 1819 1148 πρός
1862 1071 2055 1127 ἀνατοο

401 1165 510 1234 λὴν
553 1163 824 1237 εὐωνύμῳ
886 1162 1036 1238 μέρει
1094 1166 1190 1216 τοῦ
1247 1161 1412 1216 αὐτοῦ
1482 1162 1775 1238 εὐκτηρίου
1838 1158 2056 1217 ἵσταται

400 1252 598 1329 λάρναξ
656 1252 983 1330 ἆνάγλυφος,
1039 1252 1091 1307 ἐν
1140 1253 1186 1324 ᾦ
1235 1252 1521 1307 ἀπόκειται
1575 1251 1896 1307 Ἀναστασία
1946 1253 2054 1325 (25)

399 1347 437 1414 ἡ
499 1345 740 1420 θυγάτηρ
800 1341 1093 1400 Βασιλείου
1170 1347 1267 1397 τοῦ
1335 1340 1704 1419 φιλοχρίστου
1765 1337 2054 1398 δεσπότου.

398 1433 622 1504 Ἰστέον,
665 1432 748 1487 ὅτι
789 1431 842 1486 ἐν
878 1436 958 1504 τῷ
1014 1432 1149 1505 πρὸς
1203 1429 1476 1498 ἀνατολὴν
1533 1427 1694 1501 δεξιῷ
1753 1429 1903 1503 μέρει
1959 1433 2058 1484 τοῦ

395 1522 566 1578 αὐτοῦ
633 1521 950 1596 εὐκτηρίου,
1020 1521 1276 1575 ἀπέναντι
1340 1524 1439 1574 τοῦ
1508 1518 1777 1593 λάρνακος
1839 1516 2057 1573 ἵσταται

2173 629 2354 700 tibus,
2385 633 2444 688 in
2477 649 2592 704 quo
2617 634 2774 703 jacet
2801 631 3132 699 Anastasis,
3165 631 3316 688 875
3353 630 3473 686 tilia
3495 631 3694 686 Basilii
3717 633 3827 687 im-

2174 722 2542 788 peratoris.In
2557 725 2756 779 dextro
2772 722 2843 778 ad
2858 721 3199 778 orientalem
3212 720 3392 776 latere
3406 720 3566 777 illius
3582 721 3822 777 oratorii

2169 821 2200 861 ο
2231 809 2467 878 regione
2498 808 2882 880 praecedentis
2925 806 3292 879 sarcophagi,
3341 810 3456 868 stat
3501 805 3648 862 alius
3682 823 3820 878 par-

2167 911 2299 965 vus,
2335 897 2510 952 etiam
2545 914 2678 955 cum
2716 897 2917 968 ﬁguris
2957 894 3278 967 exsculptis
3328 895 3821 965 prominentibus,

2168 984 2226 1040 in
2278 1003 2393 1057 quo
2429 989 2628 1058 jacent
2675 990 2847 1044 Anna
2893 991 2950 1042 et
3011 984 3252 1054 Helena,
3301 985 3564 1055 ejusdem
3621 983 3822 1042 Basilii

2169 1075 2300 1131 ﬁlias
2329 1094 2342 1144 ;
2376 1081 2434 1132 et
2463 1081 2596 1149 Zoe,
2629 1081 2817 1133 mater
2849 1093 2882 1138 a
2905 1077 3016 1132 Deo
3064 1074 3328 1132 coronati
3386 1078 3445 1130 et
3491 1073 3825 1146 Porphyro-

2167 1164 2347 1236 geniti
2377 1165 2769 1233 Constantini,
2814 1165 2966 1222 beati
3000 1165 3398 1237 Imperatoris,
3433 1164 3664 1234 nepotis
3717 1163 3824 1218 Ba-

2168 1253 2304 1308 silii.
2338 1255 2404 1310 In
2436 1256 2788 1312 monasterio
2822 1253 3235 1324 Arohistrategi
3266 1268 3362 1309 seu
3395 1252 3454 1307 S.
3483 1251 3810 1320 Michaelis,

2168 1342 2240 1398 de
2270 1349 2505 1400 auctore
2536 1344 2792 1400 Promoti
2824 1343 3244 1415 cognominati,
3269 1343 3432 1412 jacet
3458 1341 3520 1398 in
3551 1343 3680 1412 ejus
3727 1358 3814 1398 ec-

2167 1431 2354 1488 clesias
2385 1433 2584 1489 dextro
2613 1433 2791 1489 latere
2824 1435 2883 1489 in
2914 1437 3191 1501 statarea,
3211 1448 3341 1502 qua
3371 1431 3452 1486 ibi
3476 1435 3586 1498 est,
3611 1430 3818 1502 Maria,

2168 1521 2290 1575 filia
2319 1521 2540 1590 Basilii,
2572 1522 2744 1578 toties
2776 1524 2902 1593 jam
2934 1521 3154 1576 laudati
3181 1520 3437 1576 Domini.

411 1612 710 1688 λαρνάκιον
769 1611 965 1687 μικρόν
1015 1608 1346 1685 ἀνάγλυφον,
1397 1608 1451 1664 ἐν
1501 1609 1547 1680 ᾧ
1605 1608 1920 1663 ἀπόκεινται
1978 1614 2141 1663 ’Ἄννα
2191 1609 2280 1664 καὶ
2317 1609 2534 1680 Ἐλὲνη,
2595 1610 2879 1686 θυγατέρες
2947 1609 3238 1667 Βασιλείου
3299 1613 3397 1664 τοῦ
3454 1606 3822 1685 φιλοχρίστου

404 1699 698 1772 δεσπότού,
755 1701 847 1755 καὶ
906 1702 1028 1769 Ζωή
1088 1702 1122 1769 ἡ
1185 1701 1374 1772 μήτηρ
1430 1699 1838 1754 Κωνσταντίνου
1905 1701 2000 1752 τοῦ
2068 1696 2394 1761 θεοστέπτου
2459 1698 2549 1754 καὶ
2617 1701 3146 1776 Πορφυρογεννήτου
3207 1701 3305 1753 τοῦ
3373 1696 3643 1772 μακαρίου
3707 1699 3822 1771 (26)

405 1789 678 1867 βασιλέως
735 1795 832 1845 τοῦ
899 1789 1119 1866 ἐγγόνου
1168 1787 1480 1850 Βασιλείου,
1532 1786 1746 1857 Ἰστέον,
1798 1786 1880 1842 ὅτι
1936 1785 1990 1841 ἐν
2039 1790 2109 1860 τῇ
2159 1790 2298 1860 μονῇ
2347 1788 2443 1842 τοῦ
2495 1789 2972 1865 Ἀρχιστρατήγου
3019 1792 3116 1844 τοῦ
3160 1784 3646 1860 ἐπονομαζομένου
3710 1790 3819 1840 τῶν

401 1881 728 1955 Προμούτου
759 1879 812 1934 ἐν
862 1879 944 1952 τῷ
993 1876 1151 1951 δεξιῷ
1204 1879 1356 1955 μὲρει
1407 1884 1506 1947 τῆς
1561 1878 1731 1947 αὐτῆς
1780 1875 2078 1947 ἐκκλησίας
2132 1873 2184 1932 ἐν
2233 1880 2302 1950 τῇ
2344 1876 2515 1933 ἐκεῖσε
2570 1879 2868 1953 σταταραίᾳ
2924 1877 3208 1934 ἀπόκειται
3253 1877 3442 1950 Μαρία
3487 1877 3524 1944 ἡ
3575 1874 3818 1951 Θυγάτηρ

397 1967 689 2025 Βασιλείου
720 1966 1006 2026 δεσπότου.

996 2060 1265 2114 ΚΕΦΑΑ.
1310 2058 1441 2113 Ml".

391 2146 680 2225 Εὐφημία,
713 2218 725 2234 ¹
767 2145 870 2202 ὑπὸ
922 2142 1316 2234 ¹στρατοπέδου)
1365 2215 1378 2234 ’
1416 2143 1809 2234 εὐφημουμένῃ
1835 2214 1846 2234 Ι
1915 2145 2053 2234 ('21),

466 2211 802 2293 νξυὲὴτηρίωγ
850 2219 938 2293 καὶ
995 2211 1685 2293 ’Θριαμϐων-Λᾶγομὲνίυνς
1718 2211 1932 2293 Ἰστέον
1971 2211 2054 2293 δὲῃ,

466 2285 588 2346 (εὸτι⁷
742 2288 880 2361 αὐτὴ
959 2285 1204 2361 εὐιρημξξα
1281 2285 1474 2361 ᾅδεται
1567 2288 1658 2342 καὶ
1734 2288 1880 2361 παρὰ
1953 2290 2053 2361 τοῦ

467 2358 834 2438 στρατοπεδῳ
1083 2358 1244 2438 ἡνίκα
1293 2358 1613 2438 φιλοτιμία-
1635 2380 1718 2420 τις
1757 2360 1792 2430 ἢ
1840 2359 2052 2431 μαΐμάς

465 2431 612 2508 παρὰ
641 2437 740 2488 τοῦ
775 2431 1045 2508 βασιλέὼς
1081 2431 1266 2493 αὐτοῖς
1297 2431 1637 2509 παρασχεθῇ.

464 2545 494 2572 ‹‹
529 2520 725 2578 Πολλὰ
762 2523 828 2576 τὰ
870 2517 963 2591 ἔτη
1013 2525 1121 2576 τῶν
1176 2518 1470 2596 βασιλέων
1507 2543 1535 2571 ››
1569 2519 1596 2574 6
1629 2518 1760 2581 λαὸς
1792 2519 1862 2594 γ’.
1916 2543 1945 2571 ‹‹
1993 2519 2051 2576 ⁸0

391 2608 542 2666 δεῖνα
589 2611 680 2666 καὶ
742 2612 770 2665 6
838 2607 987 2665 δεῖνα
1064 2608 1315 2684 μεγάλων
1389 2608 1661 2684 βασιηέων
1728 2606 1816 2663 καὶ
1886 2607 2054 2663 αὐτο-

387 2699 676 2776 κρατόρων
710 2698 900 2755 πολλὰ
945 2698 1012 2754 τὰ
1052 2692 1170 2769 ἕτησ
1208 2723 1234 2750 ››
1271 2699 1299 2753 6
1334 2698 1467 2760 λαός
1494 2700 1560 2775 γ’.
1595 2722 1625 2752 ‹‹
1675 2699 1735 2754 Ὀ
1767 2695 1913 2752 δεῖνα
1959 2697 2052 2753 καῖ

393 2791 422 2844 6
491 2787 642 2844 δεῖνα
705 2793 816 2844 τῶν
885 2784 1278 2844 εὐσεϐεστάτων
1349 2787 1662 2863 αὐγουστῶν
1730 2785 1920 2843 πολλὰ
1983 2791 2053 2842 τὰ

394 2872 510 2947 ξ’τή-
547 2901 576 2930 ››
610 2879 638 2932 6
671 2877 804 2940 λαὸς
833 2879 900 2953 γ’.
939 2902 967 2930 (ς
1007 2881 1128 2934 Τῶν
1177 2879 1702 2955 πορφυρογεννήτων
1749 2873 1937 2930 πολλὰ
1983 2877 2050 2930 τὰ

392 2965 511 3037 ἒττγ
547 2991 578 3019 ››
621 2968 649 3022 6
690 2966 824 3031 λαὸς
861 2969 927 3043 γ’.
980 2991 1009 3019 ‹‹
1057 2961 1494 3041 Θεοπροϐλήτων
1547 2965 1816 3042 βασιλέων
1862 2963 2050 3020 πολλὰ

388 3058 464 3112 τᾶ
511 3051 628 3128 ἕτηο
682 3081 710 3109 »
768 3059 796 3112 6
846 3055 981 3118 λαὸς
1035 3057 1105 3132 γ’,
1158 3081 1187 3108 ‹‹
1256 3051 1707 3128 Θεοκυϐερνήτων
1778 3053 2046 3116 Βασιλέων

383 3144 577 3202 πολλὰ
603 3147 672 3201 τὰ
702 3141 819 3216 ἔτη·
857 3169 886 3197 ››
917 3146 945 3199 6
987 3143 1122 3206 λαὸς
1163 3147 1229 3221 γ’.
1289 3167 1310 3196 ι
1363 3143 1832 3218 Κοσμοσυστάτων
1886 3146 2051 3218 βασι-

385 3234 532 3292 λὲων
571 3233 758 3290 πολλὰ
807 3234 874 3289 τὰ
916 3230 1036 3305 ἔτη·
1087 3258 1116 3286 ››
1158 3235 1184 3289 6
1238 3233 1369 3296 λαὸς
1415 3235 1479 3309 γ’.
1537 3258 1560 3286 ιι
1596 3235 2044 3307 Κοσμοποθήτων

391 3324 666 3400 βασιλέων
697 3322 884 3378 πολλὰ
927 3325 993 3379 τὰ
1036 3318 1153 3392 ἔτή·
1201 3345 1226 3377 ι
1269 3325 1298 3378 6
1338 3321 1471 3385 λαὸς
1522 3324 1588 3400 γ’.
1627 3347 1656 3375 ‹‹
1687 3321 2044 3390 Ἀνδρειοτά.

2752 2057 2988 2114 CAPUT
3027 2056 3221 2114 XLIII.

2163 2145 2501 2203 Acclamatio
2529 2155 2857 2216 castrorum,
2902 2147 3120 2218 quando
3175 2145 3491 2217 triumphus
3535 2145 3603 2201 dc
3654 2144 3819 2202 victis

2233 2218 2480 2274 hostibus
2506 2219 2694 2288 agitur
2722 2224 2777 2275 et
2820 2219 3070 2290 insignia
3115 2219 3357 2274 victoriae
3407 2220 3810 2288 producuntur.

2233 2300 2368 2346 Hac
2395 2291 2582 2345 eadem
2613 2293 2871 2346 cantatur
2913 2305 3123 2362 quoque
3165 2290 3238 2344 ab
3278 2293 3555 2355 exercitu,
3588 2293 3815 2362 quando

2231 2361 2588 2435 largitionem
2617 2363 2686 2417 ab
2723 2361 3053 2435 imperatore
3091 2362 3345 2433 aliquam
3375 2365 3473 2416 aut
3502 2361 3811 2432 majumam

2229 2433 2515 2503 impetrat.

2232 2541 2258 2574 α
2276 2522 2440 2577 Multi
2454 2523 2572 2578 sint
2591 2523 2728 2578 anni
2752 2525 3189 2594 imperatorum;
3211 2542 3240 2572 »
3259 2522 3468 2592 repetit
3489 2521 3662 2578 turba
3682 2524 3809 2591 ter;

2157 2611 2325 2682 (quod
2355 2614 2522 2668 etiam
2552 2612 2639 2668 de
2671 2615 2923 2669 omnibus
2978 2615 3132 2684 infra
3185 2612 3406 2683 scriptis
3453 2612 3807 2666 acclamatio-

2156 2702 2318 2757 nibus
2345 2704 2553 2772 factum
2582 2718 2716 2769 esse,
2749 2702 2996 2775 sufﬁciat
3024 2702 3188 2758 semel
3206 2700 3534 2772 monuisse).
3573 2723 3600 2751 «ι
3641 2700 3807 2757 Illius

2157 2797 2214 2847 et
2242 2791 2406 2847 illius
2438 2807 2792 2863 magnorum
2821 2808 3015 2864 regum
3054 2797 3112 2847 et
3159 2791 3586 2862 imperatorum
3636 2789 3807 2845 multi

2157 2879 2273 2936 sint
2302 2882 2460 2936 anni.
2493 2880 2659 2937 Illius
2689 2886 2747 2937 et
2776 2880 2932 2937 illius
2964 2880 3366 2952 piissimarum
3406 2882 3806 2951 Augustarum

2155 2970 2323 3026 multi
2354 2971 2470 3026 sint
2490 2971 3284 3044 anni.Porphyrogenitorum
3311 2969 3480 3025 multi
3503 2971 3622 3025 sint
3643 2969 3805 3026 anni.

2152 3062 2193 3116 A
2224 3060 2340 3115 Deo
2372 3065 2767 3132 promotorum
2796 3060 3215 3130 imperatorum
3259 3059 3427 3114 multi
3481 3059 3600 3114 sint
3640 3057 3802 3114 anni.

2153 3151 2198 3205 A
2229 3149 2346 3205 Deo
2377 3151 2832 3218 gubernatorum
2857 3150 3276 3220 imperatorum
3303 3148 3474 3206 multi
3496 3149 3618 3204 sint
3641 3148 3805 3204 anni.

2154 3240 2201 3292 A
2235 3242 2349 3294 toto
2381 3243 2667 3294 terrarum
2709 3240 2848 3293 orbe
2890 3237 3434 3293 commendatorum
3481 3237 3804 3308 imperato-

2154 3343 2286 3382 rum
2317 3325 2485 3382 multi
2517 3326 2636 3382 sint
2667 3327 2826 3382 anni.
2857 3327 2904 3381 A
2926 3330 3042 3382 toto
3079 3331 3370 3382 terrarum
3404 3325 3543 3380 orbe
3572 3325 3805 3396 cupilo-

385 3435 500 3470 των
528 3410 797 3489 βασιλέων
829 3411 1015 3468 πολλὰ
1044 3412 1112 3467 τὰ
1136 3406 1252 3483 ἕνηο
1287 3435 1316 3464 ››
1358 3412 1386 3466 6
1428 3411 1560 3474 λαὸς
1605 3419 1671 3488 γ’.
1725 3436 1752 3463 ‹‹
1786 3413 2044 3482 Νικητῶν

2161 3432 2287 3473 rum
2317 3417 2738 3487 imperatorum
2771 3414 2940 3471 multi
2973 3416 3086 3471 sint
3126 3415 3286 3470 anni.
3323 3413 3805 3470 Fortissimorum

395 3503 667 3580 βασιλέων
701 3501 888 3558 πολλὰ
917 3501 984 3558 τὰ
1031 3499 1148 3573 ἔτη·
1183 3526 1211 3555 ››
1247 3503 1274 3556 ὁ
1306 3499 1440 3564 λαὸς
1470 3503 1537 3574 γ’.
1586 3526 1615 3554 ‹‹
1665 3500 2046 3575 Ἐχθρολετῶν

392 3591 665 3670 βασιλέων
693 3591 880 3648 πολλὰ
907 3593 975 3648 τὰ
1005 3588 1120 3663 ἔτἰγ
1160 3615 1188 3644 ››
1220 3593 1247 3645 ὁ
1291 3590 1423 3654 λαὸς
1466 3591 1533 3666 γ’.
1588 3615 1617 3644 ‹‹
1651 3590 2044 3647 Πλουτοποιῶν

394 3682 664 3758 βασιλέων
696 3681 882 3737 πολλὰ
910 3683 978 3736 τὰ
1007 3679 1122 3752 ἔτη·
1180 3703 1203 3734 ιι
1258 3682 1284 3735 6
1325 3680 1458 3744 λαὸς
1513 3688 1580 3757 γ’.
1633 3705 1662 3734 α
1706 3678 2046 3757 Ὀρθοδόξων

394 3768 670 3847 βασιλὲων
710 3768 897 3827 πολλὰ
939 3772 1007 3826 τὰ
1053 3766 1170 3840 ἔτη·
1209 3795 1237 3823 ››
1288 3771 1316 3826 6
1362 3769 1493 3834 λαὸς
1551 3777 1620 3846 γ’.
1680 3795 1709 3823 ‹‹
1760 3771 1845 3827 Υἱὲ
1890 3774 2046 3842 Θεοῦ,

393 3861 542 3931 ζωὴν
595 3861 808 3922 αὐτοῖς’
842 3883 872 3912 ››
915 3861 944 3916 6
975 3858 1110 3922 λαὸς
1150 3861 1217 3937 γ’.
1265 3884 1286 3912 α
1340 3860 1430 3916 Υἱὲ
1469 3864 1629 3930 Θεοῦ,
1679 3855 2049 3934 συμϐασίλευ-

389 3970 481 4006 σον
519 3950 729 4010 αὐτοῖς’
775 3974 802 4002 ››
858 3951 886 4006 6
929 3947 1060 4012 λαὸς
1106 3949 1174 4024 γ’.
1229 3973 1257 4001 ‹‹
1306 3950 1396 4004 Υἱὲ
1445 3954 1602 4022 Θεοῦ,
1653 3951 1876 4028 χάρισαι
1908 3952 2044 4024 ἡμῖν

385 4039 539 4102 τούς·
574 4037 638 4093 αὐ
681 4062 710 4092 ››
743 4039 770 4094 ὁ
807 4038 940 4099 λαὸς
971 4039 1044 4116 γ’.
1075 4063 1102 4090 ‹‹
1135 4039 1226 4093 Υἱὲ
1255 4044 1412 4108 Θεοῦ,
1443 4041 1571 4100 τοὺς
1602 4040 1839 4118 χρόνους
1868 4039 2044 4095 αὐτῶν

386 4125 650 4199 πλήθυνε·
689 4150 717 4179 »
749 4127 777 4182 6
811 4125 944 4190 λαὸς
973 4129 1042 4203 γ’.
1079 4151 1106 4180 ‹‹
1147 4128 1240 4182 Υἱὲ
1271 4133 1430 4201 Θεοῦ,
1462 4126 1762 4184 ἒπάκουσον
1798 4131 1979 4202 ἡμῶν·
2016 4151 2046 4180 ››

2157 3505 2573 3577 imperatorum
2607 3504 2774 3561 multi
2807 3503 2928 3560 sint
2959 3503 3116 3559 anni.
3139 3502 3810 3575 Victoriosorumimpe-

2157 3596 2414 3648 ratorum
2449 3589 2621 3646 multi
2647 3590 2766 3646 sint
2794 3589 2957 3648 anni.
2981 3595 3190 3646 Hostes
3213 3590 3584 3660 perdentium
3621 3589 3809 3661 impe.

2158 3689 2415 3737 ratorum
2448 3679 2620 3735 multi
2651 3681 2772 3736 sint
2820 3679 2980 3735 anni.
3015 3678 3336 3735 Ditantium
3391 3679 3807 3750 imperatorum

2157 3770 2332 3827 multi
2361 3771 2481 3826 sint
2509 3768 2668 3824 anni.
2701 3768 3168 3826 Orthodoxorum
3195 3768 3608 3839 imperatorum
3633 3766 3811 3824 multi

2157 3861 2281 3918 sint
2309 3859 2466 3916 anni.
2500 3857 2608 3914 Fili
2639 3857 2761 3929 Dei,
2792 3857 2967 3912 vitam
3009 3856 3156 3927 ipsis
3198 3853 3511 3928 [indulge].
3547 3854 3650 3910 Fili
3680 3855 3811 3924 Dei,

2158 3964 2402 4022 regnum
2434 3963 2568 4004 cum
2600 3946 2721 4004 illis
2753 3945 3122 4003 administra.
3152 3943 3260 4001 Fili
3287 3943 3413 4014 Dei,
3443 3943 3682 4014 indulge
3709 3961 3812 4001 no-

2159 4039 2248 4096 bis
2279 4053 2395 4095 eos.
2422 4035 2529 4092 Fili
2572 4036 2694 4106 Dei,
2748 4034 3079 4106 multiplica
3126 4035 3391 4106 ipsorum
3441 4050 3648 4092 annos.
3701 4033 3812 4090 Fili

2157 4127 2280 4193 Dei,
2312 4124 2519 4181 exaudi
2551 4140 2675 4179 nos.
2704 4124 2940 4181 Crescat
2969 4123 3115 4179 fides
3159 4122 3640 4180 Christianorum.
3675 4122 3810 4180 Cre-

1436 4247 1635 4304 JOAN.
1678 4247 1826 4303 JAC.
1860 4245 2127 4304 REISKII
2157 4241 2750 4302 COMMENTARIUS.

464 4354 580 4480 Et)
611 4354 932 4450 Marianum
964 4353 1226 4425 quidem,
1251 4357 1311 4410 at
1332 4370 1446 4410 non
1469 4353 1627 4410 hunc
1644 4353 2040 4426 Symbatium,

507 4434 565 4480 et
595 4429 672 4480 du
706 4431 898 4480 (.antze
920 4425 959 4480 l.
993 4442 1044 4480 c.

387 4425 565 4498 habet
595 4429 672 4481 du
706 4431 898 4498 (lange
920 4425 959 4481 l.
993 4442 1044 4483 c.

2153 4351 2434 4408 suevisse.
2456 4349 2842 4421 Seioquoque
2859 4349 3248 4407 Alexandrum
3272 4350 3622 4421 Episcopum
3647 4349 3802 4420 apud

2161 4423 2368 4480 Euseb.
2386 4422 2527 4479 llist.
2546 4420 2813 4478 eccles.’l.
2830 4438 2905 4490 v1,
2925 4438 2976 4477 c.
2992 4438 3030 4478 ιι
3049 4422 3163 4478 {ius
3184 4420 3537 4490 Clementem
3557 4420 3806 4478 Alexan-

462 4467 1105 4570 (2ὧῖ1ἓονέιῖὲῗυυὶίεινόεί
1125 4506 1378 4570 quatuor
1392 4495 1587 4553 Basilii
1603 4496 1851 4552 ﬁliarum
1863 4537 1877 4562 ,
1894 4513 2041 4568 quas

2161 4497 2387 4570 drinum
2405 4495 2596 4570 adhuc
2613 4494 2807 4570 vivum
2825 4467 2916 4547 τὸν
2937 4492 3205 4570 μακάριον
3223 4485 3806 4570 πρεσᾷύτερον-ειρρθζ-

397 4568 485 4626 Du
521 4570 711 4639 Cange
732 4568 939 4641 p.141,
969 4568 1256 4625 mem0rat
1285 4569 1656 4641 quidem,sed
1689 4570 1908 4641 absque
1937 4585 2043 4625 no-

390 4641 574 4697 mine.
601 4639 754 4698 Duas
778 4641 925 4698 alias
951 4641 1011 4696 in
1034 4639 1358 4697 continenti
1377 4641 1641 4696 nominat
1666 4639 1895 4696 Noster.
1920 4648 2042 4697 An-

385 4729 522 4768 nam
555 4717 613 4769 et
642 4712 944 4770 Helenam.
978 4713 1241 4768 Tandem
1276 4713 1334 4767 in
1376 4713 1492 4769 ﬁne
1539 4713 1750 4784 capitis
1796 4712 2037 4768 Mariam

385 4784 669 4842 nominat.
694 4784 996 4857 Habemus
1027 4800 1166 4857 ergo
1198 4783 1435 4841 nomina
1483 4783 1744 4841 omnium
1791 4791 2040 4855 quatuor

383 4872 656 4912 sororum
691 4855 946 4912 illarum.

456 4927 576 4998 (26)
594 4927 1057 4984 Pretervideram
1076 4927 1229 4983 hunc
1245 4925 2038 4999 locum,ideoqueomiseram

383 5014 515 5055 eum
534 5004 592 5072 in
613 5001 982 5072 argumentis
1005 4999 1121 5072 illis
1139 4999 1413 5072 allegare,
1437 4999 1651 5072 quibus
1673 4999 2035 5072 demonstra-

382 5075 509 5126 tum
573 5069 770 5143 ivi'in
829 5070 1184 5143 pretatione,
1241 5069 1400 5125 nulla
1457 5069 1830 5126 Cerimoniali
1899 5070 2032 5125 huic

380 5141 794 5214 assutafuisse,
819 5141 1084 5214 ignotum
1107 5159 1224 5214 qua
1250 5158 1451 5214 manu,
1475 5158 1606 5197 vero
1630 5143 1753 5214 ejus
1774 5146 2030 5214 auctore,

381 5213 769 5286 Cpnstantino
803 5212 1101 5286 Porphyr.,
1130 5212 1341 5269 Leonis
1363 5212 1505 5286 ﬁlio,
1534 5212 1872 5286 posteriora.
1907 5212 2033 5286 Μα-

381 5283 573 5357 κάριος
605 5285 758 5341 enim
791 5302 861 5342 ea
890 5283 1237 5357 certeiaztate
1270 5285 1505 5357 nonnisi
1536 5283 1624 5340 ide
1661 5285 1781 5357 vita
1830 5285 2029 5357 defun-

384 5355 496 5412 ctis
527 5357 852 5424 dicebatur,
873 5365 936 5412 ut
951 5356 1118 5412 hodie
1132 5356 1438 5428 μακαρίτης
1454 5373 1624 5428 nemo
1642 5355 1715 5412 de
1728 5357 1852 5411 vivo
1865 5355 2025 5428 dicit.

381 5428 808 5500 Ideoque,c.um
827 5430 1020 5486 dictus
1041 5426 1456 5484 Constantinus
1484 5426 1748 5499 μακάριος
1770 5427 2026 5499 appelle-

380 5505 502 5568 tur,
525 5506 756 5558 constat
771 5517 838 5556 eu
851 5518 904 5556 m
923 5501 1022 5556 illo
1037 5507 1310 5571 tempore,
1337 5517 1465 5554 cum
1483 5503 1594 5554 ista
1606 5500 2024 5571 scriberentur,

381 5572 443 5627 in
480 5573 622 5628 vivis
641 5572 897 5643 amplius
918 5589 1032 5626 non
1057 5570 1258 5627 fuisse.
1283 5571 1414 5627 Scio
1437 5572 1698 5642 quidem,
1724 5570 2027 5643 Olympio-

381 5589 443 5627 ιη
480 5589 622 5628 νινιε
641 5587 897 5643 amplius
918 5589 1032 5626 non
1057 5587 1258 5627 tuisse.
1283 5587 1414 5627 acto
1437 5587 1698 5642 quidem,
1724 5587 2018 5697 Utym‘pio-

379 5646 548 5718 nicas
578 5644 718 5718 olim
753 5643 1054 5718 μακαρίους
1085 5643 1264 5718 (uisse
1306 5643 1532 5718 dictos;
1565 5659 1616 5697 ν.
1666 5643 1887 5698 Artemi
1935 5659 2018 5698 or.

379 5714 421 5770 l.
455 5731 512 5772 ν.
547 5730 606 5772 n.
639 5717 709 5772 76
733 5714 982 5772 {verum
998 5732 1068 5772 ex
1092 5714 1190 5771 illo
1213 5714 1336 5786 ipso
1361 5715 1483 5771 loco
1514 5722 2017 5786 quoque‘constat,

380 5791 646 5844 mortuos
678 5787 920 5860 illajam
948 5791 1115 5844 atate
1138 5783 1340 5844 eodem
1361 5783 1598 5843 nomine
1629 5783 1856 5841 laudari
1877 5801 2018 5841 con-

2148 4566 2349 4634 lare,et
2363 4567 2422 4620 in
2439 4566 2777 4621 universum
2793 4563 3215 4628 beat0s,fel'ices
3229 4563 3500 4620 homines
3515 4564 3705 4620 adhuc
3717 4563 3803 4619 vi-

2147 4655 2248 4694 vos
2261 4638 2394 4695 olim
2411 4635 2858 4709 μακαρίους,νὶῐο
2871 4638 3097 4692 functos
3109 4640 3302 4709 autem
3315 4634 3612 4709 μακαρίτας
3628 4637 3811 4709 fuisse

2145 4707 2519 4781 dictos,quod
2535 4707 2689 4764 clare
2719 4715 2960 4779 apparet
2976 4725 3043 4763 ex
3080 4707 3350 4781 Athenaeo
3370 4708 3689 4781 p.413.Sed
3705 4708 3804 4764 ille

2147 4798 2288 4838 usus
2309 4779 2574 4838 vocabuli
2599 4797 2866 4851 perrarus
2886 4784 2978 4836 est
2999 4785 3056 4836 et
3078 4779 3305 4835 decimo
3331 4779 3546 4851 aesculo
3571 4797 3623 4850 p.
3651 4779 3710 4835 C.
3739 4796 3798 4834 η.

2135 4855 2260 4924 jam
2293 4855 2515 4910 dudum
2549 4849 3072 4908 desierat.Possem
3089 4867 3246 4906 nunc
3266 4851 3324 4906 in
3343 4849 3803 4924 tinehuj’usMor-

2141 4922 2315 4981 tuarii
2335 4925 2551 4980 multos
2575 4924 2789 4979 addere
2810 4924 3230 4995 imperatorum
3254 4922 3515 4995 tumulos
3528 4929 3799 4995 eteorum

2141 4998 2267 5054 loca
2300 4998 2582 5063 indicare,
2613 5012 2764 5066 quos
2795 4993 3000 5052 Noster
3024 4993 3540 5066 praeteriit.Verum
3565 4994 3793 5062 omitto,

2139 5069 2279 5140 quia
2314 5084 2626 5140 perparum
2653 5082 2721 5122 ea
2753 5066 3036 5140 sedulitas
3064 5067 3368 5140 profutura
3404 5070 3579 5140 esset.

2208 5136 2330 5212 (27}
2357 5136 2512 5198 Ferri
2544 5143 2730 5212 potest
2761 5136 3076 5212 etdebetin
3101 5137 3287 5212 ferreo
3315 5136 3797 5212 scriptoredictio

2136 5206 2420 5283 perquam
2452 5206 2598 5283 dura
2628 5207 2876 5283 εὐφημία
2927 5206 3344 5283 εὐφημουμένῃ,
3377 5206 3649 5283 quamvis
3678 5210 3792 5283 leni

2136 5277 2457 5356 mutatione
2481 5277 2911 5356 refingi'possit
2960 5277 3488 5356 éanvospt~m.f1n
3538 5281 3796 5356 generali

2132 5354 2323 5410 indice
2353 5360 2611 5423 capitum
2640 5352 2824 5423 hujus
2855 5352 2988 5424 libri
3019 5352 3094 5424 (ν,
3130 5371 3184 5424 p.
3216 5354 3344 5423 295)
3366 5353 3447 5424 sic
3469 5352 3795 5424 concipitur

2130 5425 2339 5499 titulus
2371 5419 2550 5499 hujus
2581 5419 2790 5499 capitis
2816 5419 3258 5499 ε-Εὐφημίατῷν
3285 5419 3788 5499 ὑπὸμστρατοπέδῳν

2128 5495 2288 5566 νίκης
2337 5491 2769 5567 ΑαΓθριάμϐων
2825 5491 3130 5567 ἆγομὲνιυν.
3192 5498 3300 5552 Pro
3358 5491 3515 5565 νίκης
3554 5505 3672 5552 erat
3729 5495 3786 5550 in

2130 5569 2493 5625 membranis
2523 5587 2704 5636 νικητι
2737 5585 2872 5623 cum
2905 5573 2950 5623 Η
2970 5568 3449 5640 superimposito,
3482 5567 3640 5638 quod
3668 5581 3784 5620 non

2130 5646 2319 5712 potest
2346 5640 2502 5697 aliud
2536 5635 2717 5712 quam
2746 5635 3082 5712 νικητηρίων
3113 5635 3264 5712 esse}

2199 5712 2313 5785 (28)
2346 5713 2526 5768 Index
2554 5707 2724 5785 inod_o
2755 5707 2960 5785 dictus
2980 5707 3448 5785 ἰηεθιξίιμλοιποῦ-
3482 5711 3650 5785 ante“
3671 5724 3777 5785 po:

2124 5779 2397 5842 stremam
2429 5800 2650 5842 vocem.
2681 5782 2925 5840 Perinde
2954 5787 3045 5839 est
3075 5782 3250 5847 adsit,
3281 5779 3371 5838 vel
3399 5779 3569 5837 absit.
3603 5779 3784 5838 Natat
