4094 6360
315 366 473 428 1213

1163 373 1264 434 DE
1309 375 1762 440 CERIMONIIS
1807 377 2043 440 AUME
2083 381 2558 443 ΒΥΖΑΝΤΙΝΑΞ
2603 383 2748 444 LIB.
2798 385 2872 446 Il.

3575 382 3731 442 1214

313 499 453 576 ηγὸς
503 500 604 568 τῆς
651 499 842 588 ξάμου
907 495 1052 576 ἔχειν
1108 507 1335 580 στρατὸν
1385 505 1450 581 δ’,
1499 510 1588 564 καὶ
1639 508 1873 574 διπλοῦς
1903 520 1969 584 α’,

2108 514 2244 572 ἱϐΟΟ.
2277 517 2579 588 Strategus
2607 515 2765 572 Sami
2787 518 3082 585 receperat
3111 515 3171 571 in
3203 529 3266 570 se
3297 513 3734 585 praestaretOOO

316 589 462 677 ομοῦ
494 595 551 646 ε’.
584 585 836 658 Ἐδέξατο
870 591 898 644 ὁ
925 594 1225 666 στρατηγὸς
1273 600 1370 650 τοῦ
1424 597 1653 672 Αἰγαίου
1708 600 1979 677 πελάγους

313 674 464 754 ἔχειν
505 678 732 753 στρατὸν
787 685 852 754 γ,
908 681 998 734 καὶ
1045 678 1280 748 διπλοῦς
1325 693 1391 742 α’.
1446 688 1619 761 Ὁμοῦ
1649 690 1711 746 τὸ
1747 674 1980 769 πᾶννγι-

313 765 507 830 λιάδες
537 773 624 838 κη’
653 766 745 822 καὶ
773 769 836 826 τ’.

317 1054 418 1108 Διᾶ
465 1055 574 1108 τῶν
633 1049 1076 1144 καϐαλλαρῖικῶνε
1120 1062 1250 1144 τῶν.
1286 1061 1619 1134 ὀφειλόντων
1651 1063 1978 1138 ταξειδεῦσαι

894 1130 969 1190 εἰς
1023 1130 1086 1184 τὸ
1142 1130 1408 1204 πλόϊμον.

389 1212 699 1290 Σχολάριοι
794 1219 1159 1293 Θρᾳκησιάνοι
1251 1223 1342 1276 καὶ
1430 1223 1738 1291 Μακεδόνες
1825 1227 1977 1302 ,αλζἏ

315 1301 454 1359 Ἀπὸ
500 1307 603 1357 τοῦ
658 1303 891 1378 θέματος
945 1311 1054 1361 τῶν
1105 1311 1424 1383 Θρᾳκησίων
1473 1335 1540 1388 ιιιι.
1594 1316 1726 1372 Ἀπὸ
1765 1320 1862 1371 τοῦ
1893 1315 1980 1371 et-

317 1411 495 1465 ματος
548 1389 843 1458 Σεϐαστίας
905 1398 1179 1473 Ἀρμένιοι
1239 1422 1304 1475 δα.
1356 1404 1498 1476 ’Δμὸ
1555 1405 1617 1460 τὸ
1676 1404 1978 1462 Πλατάνιον

311 1481 567 1572 ’ᾲΛρμένοι
601 1485 674 1572 γ’,
707 1484 814 1540 ἀπὸ
869 1493 969 1556 τῆς
1021 1489 1225 1563 Πρίνης
1273 1498 1342 1568 cp"
1395 1493 1537 1566 ὁμοῦ
1577 1490 1980 1572 καϐαλλαρικοὶ

317 1570 360 1632 ’ς
395 1569 503 1641 λζ’,
533 1571 623 1627 καὶ
652 1573 795 1646 ὁμοῦ
825 1575 888 1630 τὸ
918 1580 1022 1630 πᾶν
1055 1574 1143 1632 διά
1171 1599 1229 1634 τε
1258 1584 1355 1634 τοῦ
1386 1580 1632 1655 πλοΐμου
1665 1569 1844 1640 auarae
1870 1590 1979 1641 τῶν

319 1656 750 1736 καϐαλλαρικῶν
783 1661 1036 1738 χιλιάδες
1068 1663 1149 1721 λδ“
1180 1664 1280 1737 λζ.

715 1860 814 1915 Διὰ
853 1864 949 1915 τοῦ
997 1860 1286 1937 βασιλικοῦ
1315 1863 1582 1941 πλοῒμου.

395 1944 668 2021 Δρόμονις
726 1949 767 2017 ξ’
805 1946 1026 2023 ἔχοντες
1075 1951 1174 2007 ἆνά
1222 1951 1434 2030 ἀνδρῶν
1491 1955 1840 2028 κωπηλατῶν
1872 1957 1972 2031 σλ“,

317 2035 412 2090 καὶ
442 2035 554 2127 dixit
570 2035 922 2111 πολεμιστῶν
956 2042 1018 2094 ο“’
1067 2041 1208 2114 ὁμοῦ
1257 2042 1508 2118 χιλιάδες
1551 2053 1640 2116 ιη’.
1675 2046 1976 2127 Πάμφυλοι

325 2131 396 2211 μ’·
440 2124 492 2195 ἐξ
532 2126 603 2180 ὧν
655 2127 710 2180 οἱ
764 2128 860 2201 μὲν
906 2135 950 2183 κ’
997 2129 1287 2209 πάμφυλοι
1326 2133 1424 2188 ἀνὰ
1472 2132 1680 2211 ἀνδρῶν
1717 2124 1888 2211 95,01
1921 2135 1979 2192 δὲ

321 2210 494 2290 ἕτεροι
552 2217 599 2271 κ’
660 2218 760 2272 ἂνὰ
817 2217 1027 2294 ἀνδρῶν
1069 2220 1172 2296 ρλ“,
1230 2224 1320 2278 καὶ
1378 2226 1514 2289 Ῥῶς
1681 2210 1821 2301 ὁμοῦ
1857 2231 1976 2297 δεωζ

320 2303 498 2378 Ὁμοῦ
525 2306 587 2362 τὸ
619 2313 722 2362 πᾶν
752 2307 1005 2383 χιλιάδες
1027 2319 1109 2386 κγ’
1135 2312 1224 2366 καὶ
1257 2310 1374 2372 δύο.

2009 1895 2056 1960 Β

2087 609 2142 660 et
2176 605 2336 661 mille
2368 604 2624 677 duplos;
2675 606 2901 662 faciunt
2949 605 3126 661 simul
3184 603 3494 677 quinquies
3547 602 3729 658 mille.

2085 695 2384 767 Strategus
2423 695 2594 767 ΑΞδεί
2657 695 2834 752 maris
2884 698 3177 767 receperat
3234 695 3295 751 iu
3343 710 3407 749 se
3460 697 3733 765 praestare

2084 785 2249 851 3000,
2278 789 2335 840 et
2365 784 2526 840 mille
2548 783 2757 856 duplos
2781 802 2796 852 ;
2824 785 3052 841 faciunt
3082 781 3259 840 simul
3290 787 3498 855 quater
3545 781 3730 840 mille.

2091 873 2157 929 Hi
2189 889 2395 930 omnes
2425 874 2745 947 computati
2777 875 3040 930 efﬁciunt
3067 873 3273 944 viginti
3302 878 3430 928 octo
3461 871 3644 927 millia
3674 876 3732 926 et

2090 969 2411 1021 tercentum
2445 965 2658 1037 capita.

2199 1074 2270 1130 De
2301 1075 2598 1146 equitibus,
2630 1073 2728 1146 qui
2755 1075 3029 1131 debebant
3059 1074 3118 1129 in
3147 1073 3321 1129 classe
3350 1069 3617 1128 militare.

2156 1233 2437 1291 Scholarii
2493 1234 2861 1292 Thracesiani
2911 1239 2969 1292 et
3019 1235 3366 1291 Macedones
3423 1232 3585 1289 mille
3628 1231 3730 1287 tri-

2084 1323 2244 1393 ginta
2302 1327 2545 1393 septem.
2600 1324 2640 1378 E
2714 1324 2959 1379 themate
3030 1323 3480 1380 Thracesiorum
3547 1320 3726 1377 mille.

2085 1411 2234 1466 877
2267 1411 2308 1466 Ε
2333 1411 2584 1468 themate
2615 1413 2890 1468 Sebastias
2923 1412 3159 1467 Armeni
3214 1411 3392 1468 mille.
3443 1411 3484 1466 E
3540 1410 3731 1466 Plata-

2086 1501 2182 1557 nio
2213 1500 2450 1556 Armeni
2482 1501 2809 1574 quingenti,
2844 1517 2874 1557 e
2923 1501 3096 1556 Prina
3128 1501 3453 1572 quingenti.
3489 1499 3736 1554 Faciunt

2086 1589 2262 1645 simul
2293 1589 2478 1647 sexies
2510 1589 2671 1646 mille
2701 1590 2943 1662 triginta
2973 1594 3200 1662 septem
3233 1590 3499 1661 equites;
3529 1592 3586 1643 et
3624 1604 3736 1642 an-

2087 1680 2380 1735 numerati
2437 1679 2840 1752 superioribus
2887 1679 3173 1735 classiarii
3223 1677 3446 1734 faciunt
3499 1676 3736 1748 triginta

2086 1773 2341 1840 quatuor
2371 1768 2554 1825 millia
2585 1774 2641 1826 et
2672 1768 2913 1841 triginta
2942 1773 3184 1840 septem.

2595 1877 2673 1932 De
2702 1874 2882 1932 classe
2909 1873 3220 1947 imperiali.

2157 1964 2373 2021 Classis
2423 1964 2746 2036 imperialis
2787 1965 3092 2022 constabat
3133 1962 3516 2020 dromonibus
3561 1977 3731 2019 sexa-

2088 2053 2267 2124 ginta.
2303 2054 2533 2125 Singuli
2582 2055 2886 2111 dromones
2933 2054 3222 2110 vehebant
3273 2053 3635 2109 ducentenos
3679 2059 3734 2109 et

2090 2145 2349 2216 trigenos
2381 2144 2656 2216 remiges,
2690 2143 2906 2201 milites
2933 2151 3131 2200 autem
3165 2148 3572 2215 septuagenos.
3626 2142 3734 2198 Fao

2091 2233 2256 2289 ciunt
2287 2232 2466 2290 simul
2507 2233 2726 2305 sumpti
2767 2233 3090 2289 octodecim
3143 2231 3346 2286 millia.
3397 2229 3736 2302 Pamphylia

2094 2338 2266 2394 porro
2297 2324 2605 2378 constabat
2635 2322 3046 2394 quadraginta,
3069 2336 3318 2393 quorum
3344 2319 3545 2390 viginti
3570 2318 3740 2374 vehe-

316 2397 467 2500 bant
494 2399 648 2500 viros
669 2406 946 2458 centenos
976 2409 1425 2500 et-sexagenos;
1462 2407 1670 2480 reliqui
1716 2410 1921 2482 viginti
1975 2415 2170 2468 autem
2224 2413 2511 2468 vehebant
2557 2413 2709 2468 viros
2757 2416 3032 2468 centenos
3063 2415 3122 2467 et
3170 2409 3432 2482 trigenos
3489 2413 3545 2465 et
3592 2407 3739 2465 Rus-

316 2503 421 2544 sos
451 2494 510 2543 in
537 2494 875 2547 universum
908 2494 1332 2566 septingentos.
1367 2496 1611 2554 Faciunt
1641 2516 1846 2556 omnes
1878 2500 2054 2557 simul
2089 2501 2271 2558 millia
2287 2501 2484 2573 viginti
2516 2502 2626 2558 tria
2655 2506 2714 2558 et
2745 2503 2860 2558 duo
2891 2501 3180 2558 homines.

609 2610 708 2665 Διὰ
737 2615 834 2665 τοῦ
861 2610 1092 2684 θὲματος
1114 2618 1222 2668 τῶν
1257 2609 1703 2690 Κιϐυρῥαιωτῶν.

394 2698 670 2772 Δρόμονες
726 2706 783 2754 ιε’
840 2697 1044 2778 ἔχοντα
1090 2702 1194 2756 ἀνὰ
1241 2702 1450 2778 ἀνδρῶν
1500 2705 1851 2778 κωπηλατῶν
1884 2709 1986 2778 σλ¹,

323 2786 413 2842 καὶ
473 2787 575 2842 ἀνὰ
633 2786 986 2863 πολεμιστῶν
1047 2800 1107 2846 0"
1169 2793 1310 2864 ὁμοῦ
1360 2793 1614 2872 χιλιάδες
1675 2795 1716 2851 δ’
1772 2798 1862 2852 καὶ
1916 2805 1983 2876 cp"

324 2874 624 2951 Πάμφυλοι
687 2879 744 2940 ις’
800 2873 1024 2954 ἔχοντες
1079 2882 1134 2934 οἱ
1197 2883 1290 2954 μὲν
1346 2890 1382 2944 ς’
1433 2883 1531 2938 ἀνὰ
1571 2883 1776 2960 ἀνδρῶν
1806 2873 1987 2960 ρξ“,οἱ

324 2961 385 3019 δὲ
411 2962 590 3040 ἕτεροι
626 2972 655 3020 ι“
685 2966 784 3020 ἀνᾶ
815 2964 1023 3042 ἀνδρῶν
1072 2966 1173 3044 ρλ“·
1229 2971 1371 3042 ὁμοῦ
1403 2969 1657 3046 χιλιάδες
1764 2975 1852 3030 καὶ
1889 2977 1983 3048 σε’.

315 3056 496 3131 Ὁμοῦ
525 3057 588 3112 τὸ
618 3062 720 3113 πᾶν
753 3057 1006 3135 χιλιάδες
1037 3067 1076 3124 ς’
1105 3061 1196 3116 καὶ

2466 2623 2538 2678 De
2565 2622 2804 2678 themate
2833 2620 3362 2693 Cibyrrhwotarum.

2169 2711 2487 2766 Praestabat
2517 2711 2626 2767 hoc
2654 2710 2854 2766 thema
2870 2711 3180 2766 dromones
3210 2706 3562 2778 quindecim,
3595 2722 3739 2778 quo-

2100 2816 2230 2856 rum
2261 2801 2480 2873 singuli
2511 2801 2786 2856 tenebant
2833 2800 3085 2872 remiges
3115 2799 3476 2853 ducentenos
3518 2799 3576 2852 et
3634 2795 3738 2850 tri-

2097 2906 2273 2961 genos
2305 2894 2364 2946 et
2395 2889 2612 2946 milites
2645 2893 3056 2961 septuagenos.
3085 2886 3318 2943 Faciunt
3349 2889 3558 2958 quater
3578 2883 3741 2939 mille

2095 2984 2152 3034 et
2181 2979 2555 3051 quingentos.
2589 2977 2941 3050 Pamphylos
2959 2975 3274 3048 praestabat
3295 2973 3572 3044 sedecim,
3595 2989 3742 3044 quo-

2096 3085 2228 3124 rum
2260 3084 2360 3123 sex
2388 3069 2622 3138 quidem
2656 3066 2945 3123 vehebant
2981 3066 3138 3120 viros
3177 3068 3453 3120 centenos
3483 3067 3542 3118 et
3571 3077 3739 3117 sexa-

321 3164 530 3222 genos,
562 3150 758 3205 cateri
797 3151 999 3208 decem
1041 3169 1174 3209 vero
1223 3158 1499 3212 centenos
1556 3161 1614 3213 et
1670 3157 1950 3230 trigenos.
2009 3158 2256 3215 Faciunt
2305 3156 2484 3213 simul
2545 3155 2731 3212 millia
2783 3157 2900 3211 duo
2959 3157 3016 3210 et
3072 3154 3353 3210 ducentos
3413 3150 3738 3224 sexaginta.

316 3237 508 3294 Simul
537 3239 765 3311 sumpti
795 3240 1094 3313 pamphyli
1118 3247 1175 3299 et
1203 3244 1507 3301 dromones
1535 3245 1756 3303 iaciunt
1783 3247 1964 3304 millia
1993 3263 2096 3304 sex
2125 3251 2184 3303 et
2211 3247 2612 3320 septingentos
2641 3246 2964 3318 sexaginta.

707 3346 805 3401 Διὰ
841 3351 939 3402 τοῦ
985 3347 1221 3422 θὲματος
1252 3352 1350 3422 τῆς
1386 3352 1597 3426 Σάμου.

395 3433 670 3509 Δρόμονες
707 3443 734 3490 ι’
764 3431 985 3512 ἔχοντες
1017 3437 1116 3494 ἀνᾶ
1146 3437 1354 3515 ἀνδρῶν
1399 3441 1750 3511 κωπηλατῶν
1780 3445 1861 3500 σλ¹
1892 3444 1982 3499 καὶ

321 3521 422 3577 ἆνᾶ
445 3523 797 3599 πολεμιστῶν
828 3533 887 3580 ο“·
924 3528 1067 3600 ὁμοῦ
1107 3549 1176 3603 κγ.
1230 3528 1524 3609 Πάμφυλοι
1560 3532 1649 3606 ιβ“,
1682 3527 1901 3608 ἔχοντες
1931 3535 1983 3588 οἱ

329 3611 426 3685 μὲν
483 3610 524 3667 δ’
583 3614 682 3668 άνά
728 3613 934 3690 ἀνδρῶν
991 3617 1343 3688 κωπηλιτῶν
1404 3621 1498 3694 ρξ’,
1555 3622 1606 3675 οἱ
1668 3619 1723 3676 δὲ
1782 3621 1831 3692 η’
1886 3622 1987 3677 ἀνὰ

326 3699 538 3777 ἀνδρῶν
568 3702 668 3777 ρλ“’
704 3705 846 3778 ὁμοῦ
875 3713 1019 3781 ,αχπ“
1049 3706 1226 3780 Ὁμοῦ
1262 3709 1324 3763 τὸ
1368 3713 1470 3764 πᾶν
1505 3707 1596 3765 διὰ
1625 3708 1722 3766 τοῦ
1754 3711 1985 3786 θέματος

323 3797 425 3861 τῆς
459 3791 645 3866 Σάμου
673 3791 837 3869 ὶδχπκ

2014 3358 2066 3425 C

2647 3357 2729 3410 De
2752 3354 2994 3410 themate
3021 3352 3196 3408 Sami.

2166 3451 2487 3502 Dromones
2545 3444 2773 3512 decem,
2832 3443 3116 3498 habentes
3190 3437 3411 3513 singuli
3489 3440 3742 3511 remiges

2094 3537 2451 3592 ducentenos
2467 3539 2525 3590 st
2540 3534 2820 3606 trigenos,
2841 3533 3061 3589 milites
3075 3536 3484 3603 septuagenos.
3499 3530 3747 3586 Faciunt

2096 3623 2268 3681 simul
2299 3628 2389 3679 ter
2419 3623 2600 3680 mille.
2635 3621 2939 3694 Pamphyli
2969 3621 3300 3690 duodecim,
3334 3636 3580 3692 quorum
3608 3635 3745 3690 qua-

2096 3718 2230 3769 tuor
2261 3713 2512 3782 remiges
2541 3711 2828 3768 vehebant
2859 3716 3136 3768 centenos
3165 3714 3223 3765 et
3261 3724 3580 3780 sexagenos
3628 3707 3746 3762 sin-

2098 3801 2261 3874 guli;
2295 3802 2658 3874 reliquorum
2691 3806 2819 3858 octo
2850 3806 3047 3856 autem
3096 3798 3312 3870 singuli
3363 3801 3637 3853 centenos
3685 3799 3745 3850 et

326 3884 612 3955 trigenos.
647 3887 894 3944 Faciunt
916 3889 1093 3945 simul
1123 3890 1345 3961 sumpti
1383 3891 1544 3948 mille
1589 3898 1928 3951 sexcentum
1977 3900 2032 3950 et
2075 3893 2394 3966 octoginta.
2443 3891 2631 3950 Simul
2679 3891 2899 3963 sumpti
2959 3891 3270 3946 dromones
3329 3891 3386 3944 et
3442 3885 3744 3960 pamphyli

325 3974 608 4032 thematis
637 3977 796 4033 Sami
830 3979 1054 4035 faciunt
1082 3985 1291 4052 quater
1322 3981 1480 4038 mille
1511 3992 1847 4041 sexcentum
1879 3990 1937 4041 et
1964 3984 2274 4055 octoginta.

545 4083 646 4138 Διὰ
673 4089 771 4140 τοῦ
805 4087 1037 4159 Θέματος
1064 4090 1162 4142 τοῦ
1213 4087 1444 4165 Αἰγαίου
1475 4089 1770 4166 πελάγους.

403 4173 678 4246 Δρόμονες
731 4179 771 4244 ζ’
819 4169 1038 4254 ἔχοντες
1089 4177 1190 4231 ἀνὰ
1236 4175 1448 4251 ἀνδρῶν
1496 4179 1852 4250 κωπηλατῶν
1885 4180 1988 4252 σλ“,

325 4261 421 4316 καὶ
451 4261 554 4317 ἀντὶ
581 4261 934 4336 πολεμιστῶν
965 4272 1026 4319 0"
1070 4267 1213 4338 ὁμοῦ
1430 4268 1727 4345 Πάμφῦλοι
1759 4271 1798 4338 ζ’
1829 4267 1991 4344 ἔχον-

323 4372 414 4414 τες
448 4351 499 4406 οἱ
534 4353 629 4426 μὲν
660 4361 705 4429 γ’
735 4353 833 4408 άνᾶ
861 4353 1074 4429 ἀνδρῶν
1119 4356 1211 4431 ρξ’,
1255 4355 1306 4408 οἱ
1357 4352 1415 4410 δὶ
1443 4353 1617 4431 ’ἕτεροι
1667 4355 1710 4411 δ’
1754 4359 1855 4412 ἀνὰ
1896 4357 1990 4412 άν-

325 4438 472 4516 δρῶν
505 4439 609 4516 ρλ“’
646 4443 790 4516 ὁμοῦ
821 4465 884 4512 ,α.
917 4445 1098 4518 Ὁμοῦ
1139 4445 1202 4500 τὸ
1251 4447 1355 4500 πᾶν
1388 4442 1477 4500 διὰ
1505 4449 1602 4501 τοῦ
1632 4447 1866 4520 θέματος
1892 4450 1989 4503 τοῦ

320 4531 561 4610 Αἰγαίου
592 4531 868 4612 πελάγους
895 4542 1006 4610 ηγρκ

753 4733 856 4792 Διὰ
884 4736 980 4788 τοῦ
1007 4733 1241 4807 θέματος
1269 4731 1558 4795 Ἑλλάδος.

2537 4093 2612 4148 De
2641 4093 2884 4148 themate
2909 4091 3088 4159 ΑΞρωί
3112 4090 3306 4145 maris.

2171 4183 2496 4240 Dromones
2527 4187 2776 4254 septem,
2807 4181 3086 4238 vehentes
3107 4177 3324 4252 singuli
3347 4177 3597 4250 remiges
3617 4178 3744 4250 250,

2101 4273 2320 4329 milites
2348 4273 2440 4339 70,
2464 4273 2684 4328 faciunt
2707 4272 2870 4328 2100.
2895 4269 3199 4343 Pamphyli
3221 4273 3466 4341 septem,
3491 4284 3744 4341 quorum

2099 4368 2216 4419 tres
2267 4361 2553 4418 vehebant
2611 4361 2832 4434 singuli
2893 4360 3025 4429 16ος
3081 4360 3150 4416 de
3209 4357 3448 4429 reliquis
3495 4361 3746 4429 quatuor

2098 4447 2318 4521 singuli
2353 4448 2491 4516 130;
2525 4448 2747 4505 faciunt
2770 4446 2948 4504 mille.
2979 4445 3190 4502 Totum
3222 4460 3359 4517 ergo
3397 4444 3744 4514 contingens

2098 4538 2373 4594 thematis
2420 4537 2596 4610 Egaai
2643 4536 2823 4592 maris
2892 4538 3016 4591 erat
3057 4538 3146 4590 ter
3195 4532 3356 4589 mille
3399 4535 3458 4588 et
3505 4536 3741 4588 centum

2096 4628 2422 4686 hominum.

2615 4737 2692 4792 De
2719 4735 2955 4792 themate
2986 4733 3226 4789 Graecia.

399 4819 696 4914 dpdpovsc-
751 4830 782 4877 ι’
829 4820 1049 4898 ἔχοντες
1097 4823 1196 4878 ἆνᾶ
1245 4820 1457 4898 ἀνδρῶν
1501 4822 1849 4895 κωπηλατῶν
1883 4822 1983 4897 σλ“,

2173 4825 2491 4880 Dromones
2521 4823 2722 4880 decem
2769 4821 3050 4877 vehentes
3080 4817 3300 4891 singuli
3331 4817 3584 4890 remiges
3613 4816 3738 4870 230.

320 4909 418 4966 καὶ
450 4911 550 4966 ἀνὰ
579 4911 931 4986 πολεμιστῶν
964 4920 1024 4969 0"
1059 4913 1200 4986 ὁμοῦ
1242 4936 1312 4990 κγ.

755 5003 853 5059 Διὰ
899 5006 1009 5058 τῶν
1057 5000 1387 5077 Μαρδαῒτῶν
1424 5006 1556 5078 (34).

396 5089 796 5168 Μαρδαξαῖται,
830 5093 1056 5168 στρατὸς
1103 5093 1196 5148 σὺν
1227 5091 1511 5168 ἀρχόντων
1542 5096 1682 5168 (35),
1711 5091 1864 5165 κδπι“ζ“,
1895 5095 1989 5150 καὶ

2099 4913 2313 4970 milites
2340 4915 2432 4981 70,
2467 4913 2686 4969 faciunt
2714 4916 2800 4968 ter
2832 4909 3010 4966 mille.

2712 5002 2788 5056 De
2817 4999 3120 5056 Mardaitis.

2171 5093 2592 5150 Mardaitorum
2623 5090 2825 5163 capite,
2856 5088 3105 5146 ducibus
3136 5105 3340 5146 eorum
3372 5087 3744 5163 computatis.

1385 5259 1590 5316 JOAN.
1625 5259 1770 5318 JAC.
1804 5260 2071 5317 REISKII
2101 5257 2697 5318 COMMENTARIUS.

403 5411 518 5485 (34)
549 5413 698 5468 Sunt
722 5410 944 5484 gemini
976 5410 1267 5470 Mardaitm
1298 5410 1610 5468 orientales
1640 5417 1690 5467 et
1725 5411 1991 5485 occiden-

405 5554 523 5637 (3_5)
554 5554 915 5637 Frequenter
938 5554 1135 5626 jungit
1163 5552 1377 5610 Noster
1396 5549 1462 5637 ,ἐν
1495 5557 1552 5610 et
1581 5552 1674 5607 σύν
1697 5483 1988 5637 genitali:

334 5627 512 5683 Paulo
544 5634 679 5698 post
709 5627 995 5683 habemus
1026 5625 1256 5698 quoque
1282 5625 1649 5752 συνάρχιξντες
1696 5625 1755 5681 in
1797 5627 1988 5682 nomi-

334 5698 555 5752 nativo.
587 5703 872 5752 tanquam
905 5699 953 5752 si
985 5714 1103 5752 una
1133 5715 1239 5752 vox
1272 5705 1448 5752 esset.
1528 5698 1806 5752 roconius
1856 5697 1988 5752 Hm-

332 5697 560 5770 nativo,
587 5699 953 5770 tauquamisi
985 5714 1103 5770 una
1133 5715 1239 5754 vox
1272 5697 1806 5770 essetJProcopius
1856 5697 1990 5770 Hm-

335 5764 550 5828 scbelii
577 5787 632 5842 p.
681 5764 806 5840 {27,
856 5769 946 5840 ξὺν
1003 5764 1282 5847 φυλακῶν.
1325 5772 1394 5826 Et
1439 5770 1500 5827 in
1549 5764 1728 5826 veteri
1780 5768 1991 5826 inscri-

2099 5411 2298 5484 ptione
2327 5413 2481 5484 apud
2514 5411 2829 5484 Pocokium
2864 5427 2918 5482 p.
2953 5410 3043 5484 50.

2219 5478 2528 5558 Περσεφόνη
2559 5478 2844 5558 πρόπολον
2866 5478 3102 5558 σφετέρῃ
3136 5479 3625 5558 εἰσήγᾳ-γενῇᾳύλήν

2325 5502 2528 5558 ισεφονη
2560 5502 2844 5556 προποΑον
2874 5502 3102 5558 σφετερη
3136 5502 3420 5606 εισηγαγεν
3452 5502 3552 5534 αυΑ

2325 5555 2493 5620 ΙΙατρὶ
2525 5553 2617 5608 σὺν
2651 5553 2916 5629 αἶνογόου-
2939 5551 3198 5629 μητέρος,
3377 5547 3518 5622 αϐίφ
3545 5615 3552 5620 1

2172 5617 2509 5699 Ρνοεςενρίπα
2535 5644 2696 5682 suam
2725 5617 3015 5701 in'qaulam'
3037 5617 3254 5701 iaduajit
3277 5625 3447 5695 [banc
3469 5617 3742 5701 puellam]

2102 5701 2164 5753 ut
2193 5706 2331 5755 esset
2371 5693 2636 5755 ministra
2664 5699 2819 5768 patri
2864 5713 2965 5755 suo
3013 5697 3239 5753 Ablabio
3279 5693 3348 5751 et
3380 5693 3745 5749 maestissima

2102 5772 2290 5826 matri.
