4094 6380
349 381 502 446 1215

1428 367 1972 436 CONSTANTINI
2020 367 2719 428 PORPHYBOGENITI

3605 361 3766 422 1216

341 511 676 570 efﬁciebant
707 511 914 582 quater
943 507 1103 564 mille
1152 507 1444 581 octoginta
1487 509 1712 578 septem
1756 499 1988 574 capita;

2126 497 2243 552 ιατά
2272 500 2593 572 προσθήκην
2635 495 2813 570 ἓτεροι
2862 511 2914 566 ᾳ·
2970 493 3112 566 ὅμοῦ
3172 497 3314 562 ,επζᾉ
3360 493 3534 564 Ὁμοῦ
3561 491 3624 546 τὸ
3654 495 3764 544 πᾶν

343 600 559 671 quibus
578 597 893 654 accedebat
917 597 1201 651 mantissa
1225 595 1384 651 mille
1410 593 1713 650 hominum
1737 607 1751 657 ;
1774 588 1993 644 faciunt

340 689 504 744 5087.
538 689 688 743 Tota
716 703 854 758 ergo
889 685 1112 743 navalis
1143 685 1354 741 militia
1399 700 1430 739 e
1479 684 1660 738 classe
1705 674 1991 750 imperiali

340 785 399 834 et
427 795 459 834 e
489 777 676 834 classe
711 775 1050 849 provinciali
1083 775 1404 847 composita
1431 772 1735 830 constabat
1764 771 1992 822 dromo-

343 868 518 925 nibus
532 873 767 924 centum
784 871 841 922 et
862 866 1192 933 duodecim,
1209 862 1610 936 etpamphylis
1624 858 1992 933 septuaginta

345 959 607 1029 quinque
633 973 646 1024 ;
680 955 833 1012 878
861 955 1172 1027 remigibus
1198 953 1467 1025 trigesies
1493 959 1549 1008 et
1571 957 1777 1022 quater
1806 946 1988 1012 mille,

346 1045 634 1103 militibus
663 1045 824 1113 7340,
859 1043 1066 1100 Russis
1094 1044 1223 1112 700,
1256 1041 1548 1098 Mardaitis
1576 1039 1737 1096 5087.

796 1153 958 1220 Roga:
987 1149 1310 1222 imperiali:
1329 1150 1543 1206 classis.

416 1241 714 1298 Exercitus
741 1256 871 1298 cum
906 1240 1156 1296 ducibus
1187 1243 1416 1296 constat
1457 1239 1630 1293 12502
1677 1231 1991 1304 capitibus.

343 1333 500 1404 Roga
526 1336 615 1387 est
644 1335 938 1387 centenar.
974 1331 1064 1396 15,
1096 1329 1241 1385 litras
1260 1330 1354 1396 90,
1378 1329 1741 1384 numismata
1769 1324 1991 1379 decem.

339 1421 641 1476 Accedunt
671 1421 964 1476 mantissa
987 1418 1147 1474 mille
1171 1418 1300 1485 viri,
1324 1433 1574 1488 quorum
1599 1412 1815 1486 singuli
1839 1411 1993 1468 acci-

342 1512 513 1583 piunt
562 1528 724 1568 num.
757 1513 830 1581 5;
891 1512 1113 1567 faciunt
1157 1511 1323 1566 litras
1369 1510 1461 1578 69,
1516 1525 1680 1564 num.
1712 1507 1819 1574 32;
1861 1503 1993 1560 dein

343 1601 516 1657 Russi
549 1601 674 1667 700,
706 1617 950 1672 quorum
976 1615 1116 1671 roga
1136 1599 1196 1654 in
1221 1598 1556 1655 universum
1588 1601 1677 1652 est
1694 1601 1919 1652 centen.
1940 1596 1992 1646 1.

342 1691 503 1747 Facit
535 1707 671 1762 roga
693 1689 902 1746 classis
923 1694 980 1746 et
997 1694 1322 1744 Russorum
1348 1686 1527 1744 simul
1550 1683 1884 1743 centenaria
1906 1683 1992 1749 17,

343 1781 507 1836 litras
536 1780 626 1846 59,
664 1779 1026 1835 numismata
1057 1779 1146 1834 42.

713 1887 788 1942 De
816 1886 1049 1942 themate
1078 1884 1607 1957 Cibyrrhwotarum.

341 2073 396 2122 et
427 2065 626 2137 duplis
657 2068 885 2122 constat
913 2063 1208 2136 capitibus
1235 2063 1398 2120 6160.
1431 2061 1589 2134 Roga
1619 2063 1708 2117 est
1756 2062 1986 2115 centen.

337 2155 394 2221 2,
427 2153 579 2210 litras.
608 2155 701 2224 21,
738 2170 902 2210 num.
937 2154 1027 2209 42.

896 2262 974 2314 De
1001 2260 1238 2316 themata
1265 2259 1444 2314 Sami.

415 2353 660 2406 Constat
695 2351 825 2421 ejus
875 2350 1164 2405 exercitus
1216 2365 1334 2404 una
1384 2365 1519 2404 cum
1579 2347 1828 2402 ducibus
1858 2346 1999 2400 4680

345 2439 639 2510 capitibus
669 2442 725 2493 et
747 2436 943 2509 duplis
959 2436 1137 2492 mille.
1164 2437 1324 2509 Roga
1344 2441 1434 2492 est
1451 2437 1768 2505 centum.2,
1794 2433 1908 2488 litr.
1942 2435 1994 2502 1,

349 2545 517 2585 num.
547 2530 634 2585 11.

779 2637 852 2692 De
881 2635 1116 2690 themate
1143 2633 1316 2705 Αἲρωί
1343 2635 1537 2690 maris.

426 2725 721 2782 Exercitus
750 2740 884 2780 cum
917 2723 1167 2779 ducibus
1216 2724 1342 2793 310,
1394 2722 1559 2795 dupli
1610 2721 1791 2779 mille.
1843 2723 1996 2795 Roga

352 2820 582 2873 centen.
617 2816 669 2882 1,
702 2815 819 2872 litr.
841 2815 934 2882 54,
968 2830 1132 2870 num.
1167 2814 1220 2870 3.

734 2923 806 2978 De
835 2921 1126 2977 Mardailis
1153 2920 1609 2977 occidentalibus.

417 3012 720 3069 Exercitus
763 3027 896 3066 cum
947 3010 1193 3066 ducibus
1236 3010 1397 3065 4087.
1451 3012 1611 3081 Roga
1677 3017 1906 3067 centen.
1939 3009 1992 3068 4.

340 3103 462 3160 litr.
495 3103 587 3170 66,
622 3118 783 3157 num.
815 3101 922 3169 32;
960 3101 1244 3154 mantissa
1275 3098 1460 3169 mille}
1487 3099 1818 3166 hominum,
1853 3116 1995 3171 quo-

2021 1876 2069 1938 Β

411 1976 586 2031 Totus
617 1976 747 2047 ejus
777 1941 1055 2031 thematis
1075 1941 1367 2030 exercitus
1399 1989 1518 2028 una
1563 1987 1699 2027 cum
1743 1969 1995 2026 ducibus
2033 1941 2036 1946 Ι

2104 584 2192 640 διὰ
2219 608 2277 642 τε
2305 592 2402 642 τοῦ
2437 586 2726 662 βασιλικοῦ
2757 584 3029 657 πλοῗμου,
3091 579 3178 638 διά
3235 603 3294 638 τε
3349 586 3456 636 τῶν
3507 581 3762 652 θεμάτων

2103 672 2360 750 δρόμονες
2403 677 2532 752 ριβ’,
2583 674 2874 755 πάμφυλοι
2921 674 3011 742 οε’,
3063 669 3255 746 ἄνδρες
3304 667 3639 741 πωπηλάτάι
3674 689 3770 744 χι-

2103 761 2288 826 λιάδες
2319 762 2419 833 λὸ’,
2448 765 2538 819 καὶ
2571 762 2902 837 πολεμισταὶ
2931 767 3088 836 ,ζτμλ
3109 760 3199 816 καὶ
3222 762 3356 824 Ῥὦς
3389 764 3463 833 ψ’,
3494 760 3583 814 καὶ
3614 760 3776 832 Μαρ-

2103 852 2279 910 δαῖται
2309 857 2458 931 ,επζπ

2351 1143 2421 1199 Αἱ
2456 1141 2615 1218 ῥόγαι
2648 1138 2738 1196 διὰ
2771 1145 2868 1196 τοῦ
2918 1139 3211 1216 βασιλικοῦ
3243 1141 3510 1212 πΑοὶμου.

2177 1232 2417 1305 Στρατὸς
2477 1233 2839 1306 συνάρχοντες
2891 1227 3143 1306 χιλιάδες
3201 1231 3271 1303 ιβ’
3318 1229 3407 1283 καὶ
3453 1229 3564 1302 φβ’.
3596 1227 3773 1300 Ῥόγα

2102 1321 2423 1395 κεντηνάρια
2457 1323 2533 1391 ιε’,
2568 1319 2751 1396 λίτραι
2800 1322 2866 1399 L",
2923 1323 2972 1379 t'.
3021 1321 3346 1396 Προσθήκην
3386 1316 3562 1373 αὒτῶν
3591 1337 3636 1385 ια
3667 1317 3775 1371 ἀνὰ

2102 1412 2458 1484 νομισμάτων
2490 1412 2548 1478 ε’,
2597 1408 2885 1486 γινόμενον
2939 1411 3118 1485 λίτραι
3167 1411 3258 1482 ξθ’,
3309 1408 3625 1482 νομίσματα
3653 1406 3773 1480 λβ’.

2103 1502 2240 1563 Ῥὦς
2271 1502 2343 1576 ψ’,
2378 1502 2510 1575 ῥόγα
2540 1502 2895 1576 κεντηνάριον
2948 1505 3018 1559 α’.
3070 1499 3246 1574 Ὁμοῦ
3276 1497 3366 1554 διὰ
3389 1502 3486 1553 τοῦ
3516 1497 3772 1569 πλοῖμου

2103 1591 2193 1645 καὶ
2243 1594 2351 1644 τῶν
2391 1592 2526 1651 Ῥῶς
2576 1589 2711 1665 ῥόγα
2757 1590 3083 1666 κεντηνάρια
3135 1590 3217 1658 ιζ’,
3269 1585 3451 1662 λίτραι
3499 1586 3592 1654 νθ’,
3649 1585 3773 1658 μβ⁹.

2348 1879 2449 1934 Διὰ
2475 1883 2575 1935 τοῦ
2618 1881 2851 1952 Θὲματος
2899 1879 3005 1932 τῶν
3057 1871 3508 1952 Κιϐυῤῥαιωτῶν.

2171 1972 2412 2046 Στρατὸς
2474 1970 2832 2044 συνάρχοντες
2892 1969 3036 2041 βψξκ
3099 1966 3266 2042 Ῥόγα
3320 1962 3639 2038 κεντηνάρια
3695 1962 3770 2035 β’,

2099 2058 2281 2134 λίτραι
2313 2062 2416 2133 καί,
2455 2061 2548 2134 μβ⁹
2579 2057 2672 2113 σὺν
2699 2062 2819 2120 τοῖς
2849 2055 3088 2118 διπλοῖς.

2465 2255 2562 2310 Διᾶ
2607 2258 2705 2310 τοῦ
2756 2254 2986 2327 θὲματος
3036 2258 3136 2321 τῆς
3189 2249 3399 2323 Σάμου.

2170 2345 2377 2421 Σρατὸς
2412 2344 2774 2417 συνάρχοντες
2822 2340 2987 2416 ,δχπζ
3035 2339 3124 2394 καὶ
3175 2338 3281 2394 ἀπὸ
3311 2342 3418 2393 τῶν
3449 2334 3663 2391 διπλῶν
3693 2357 3764 2404 μ.

2098 2433 2257 2511 Ῥόγα
2286 2434 2608 2507 κεντηνάρια
2644 2433 2711 2506 β’,
2746 2429 2905 2505 λίτρα
2934 2435 3000 2499 α’,
3035 2437 3117 2486 ια’.

2315 2629 2414 2685 Διὰ
2451 2633 2548 2685 τοῦ
2581 2626 2815 2702 etum:
2846 2632 2945 2684 τοῦ
2994 2627 3226 2704 Αἱγαίου
3256 2623 3548 2699 πελάγους.

2171 2720 2415 2795 Στρατὸς
2447 2720 2814 2798 συνάρχοντες
2862 2725 2957 2794 ,γρ’
3002 2717 3090 2772 καὶ
3143 2715 3250 2771 ἀπὸ
3298 2721 3407 2771 τῶν
3456 2712 3671 2770 διπλῶν
3701 2734 3772 2787 ,α.

2095 2810 2260 2885 Ῥόγα
2289 2807 2638 2883 κεντηνᾶριον
2688 2810 2754 2877 α’,
2809 2806 2994 2882 λίτραι
3023 2804 3118 2876 νδ’,
3150 2807 3219 2881 γ’.

2419 2917 2518 2972 Διὰ
2555 2921 2664 2972 τῶν
2709 2912 3038 2990 Μαρδαϊτῶν
3070 2920 3168 2984 τῆς
3204 2913 3439 2974 Δύσεως.

2168 3008 2411 3081 Στρατὸς
2443 3007 2806 3081 συνάρχοντες
2850 3007 2895 3041 ⁴⁸
2940 3003 3092 3073 ,ὃπζῖ
3144 3003 3310 3077 Ῥὀγα
3340 2999 3664 3074 κεντηνάρια
3696 2997 3762 3053 δ’›

2098 3096 2278 3172 λίτραι
2323 3097 2412 3167 ξς’,
2466 3094 2574 3168 λβ“.
2624 3094 2720 3149 Καὶ
2768 3097 2802 3164 ἡ
2846 3095 3132 3167 προσθήκη
3183 3089 3393 3164 ἀνδρῶν
3442 3112 3491 3165 ⁸α
3538 3089 3635 3144 ἀνᾶ
3684 3089 3757 3158 η’,

336 3210 467 3252 rum
508 3195 760 3267 quisque
792 3201 998 3249 octona
1030 3191 1388 3247 numismata
1419 3191 1648 3264 accipit,
1674 3192 1810 3248 facit
1848 3209 1991 3248 cen-

2135 3187 2378 3259 ινόμενον
2413 3188 2456 3260 ρ’
2489 3187 2557 3255 α’,
2590 3183 2771 3257 λίτραι
2808 3185 2892 3251 ια’,
2941 3184 3011 3254 η’.
3043 3187 3214 3250 Ὁμοῦ
3262 3181 3322 3236 τὸ
3370 3185 3476 3234 πᾶν
3521 3176 3611 3233 διὰ
3655 3181 3764 3232 τῶν

335 3285 529 3351 ten.1,
562 3283 680 3338 litr.
714 3283 800 3347 11,
835 3297 1000 3337 num.
1051 3283 1105 3337 8.
1165 3281 1230 3335 In
1281 3280 1621 3336 universum
1673 3297 1808 3352 ergo
1859 3281 1993 3338 facit

2126 3277 2425 3356 lap'daitibv
2482 3285 2582 3348 τῆς
2659 3274 2861 3337 δύσεως
2921 3277 3058 3353 ῥόγα
3105 3275 3431 3348 κὲντηνάρια
3487 3274 3524 3327 ε“
3581 3271 3766 3345 λίτραι

336 3389 478 3445 roga
508 3371 927 3429 Mardaitarum
976 3369 1430 3426 occidentalium
1483 3374 1711 3426 centen.
1762 3371 1818 3438 5,
1870 3370 1989 3427 litr.

336 3462 430 3516 77.
465 3477 625 3518 num.
660 3461 746 3515 42.
782 3461 932 3515 Tota
962 3475 1192 3514 summa
1225 3474 1496 3530 rogarum
1549 3475 1651 3530 pro
1701 3459 1990 3529 imperiali

342 3547 609 3616 classico,
640 3565 745 3620 pro
775 3547 997 3616 Russis,
1031 3563 1134 3618 pro
1165 3545 1409 3602 classico
1441 3547 1779 3618 provinciali
1803 3553 1860 3604 et
1891 3565 1992 3620 pro

347 3637 651 3694 Mardaitis
685 3634 1152 3693 occidentalibus
1183 3641 1272 3692 est
1328 3641 1558 3691 centen.
1593 3637 1685 3704 29,
1747 3635 1866 3692 litr.
1902 3638 1991 3705 13,

348 3727 629 3783 numism.
663 3726 754 3784 66.

907 3833 982 3887 De
1010 3846 1144 3902 roga
1172 3831 1432 3902 equitum.

417 3923 527 3979 Pro
567 3920 874 3979 scholariis
905 3920 1317 3977 Thracesianis
1349 3926 1407 3976 et
1447 3921 1886 3990 Macedonibus,
1920 3925 1991 3980 ad

2099 3372 2193 3440 οἵ,
2230 3370 2343 3445 μβ“.
2378 3368 2481 3425 Καὶ
2519 3369 2660 3440 ὁμοῦ
2684 3367 2747 3420 τὸ
2779 3371 2883 3421 πᾶν
2917 3363 3006 3420 διά
3042 3385 3100 3420 τι
3143 3369 3240 3419 τοῦ
3276 3361 3567 3437 βασιλικοῦ
3598 3359 3770 3416 πλοῖ-

2103 3481 2231 3533 μου,
2281 3459 2392 3514 τῶν
2439 3459 2600 3528 Ῥὣς,
2649 3459 2758 3511 τῶν
2800 3457 3106 3529 Θεματικῶν
3154 3453 3413 3526 πλοΐμων
3444 3451 3533 3507 καί
3569 3453 3676 3506 τῶν
3723 3451 3774 3486 ⁴⁹

2100 3545 2426 3623 Μαρδαϊτῶν
2477 3553 2578 3617 τῆς
2638 3543 2842 3608 δύσεως
2905 3546 3039 3619 ῥόγα
3094 3544 3417 3619 κεντηνάρια
3445 3541 3546 3612 κθ“,
3582 3536 3772 3614 λίτραι

2103 3643 2192 3714 ιγ“,
2224 3638 2312 3710 Εςὲ

2425 3832 2524 3888 Διά
2545 3839 2645 3902 τῆς
2674 3831 2835 3907 ῥόγας
2862 3836 2968 3887 τῶν
2991 3826 3438 3906 καϐαλΛαρικῶν.

2174 3921 2272 3978 Διᾶ
2316 3923 2424 3978 τῶν
2475 3921 2790 3997 σχολαρίων
2830 3925 2940 3977 τῶν
2989 3920 3373 3996 Θρᾳκησιάνων
3437 3919 3528 3974 καὶ
3579 3919 3771 3975 Maxe-

1700 4021 1796 4077 VA
1805 4022 1944 4079 RI/E
1990 4023 2407 4080 LECTIONES.

422 4113 445 4147 ‘
498 4113 878 4186 συναρχοντῶν
909 4111 1002 4167 od.
1079 4109 1126 4147 ⁴⁹
1159 4107 1419 4183 πλοΐμῶν
1458 4113 1566 4165 τῶν
1596 4116 1667 4166 Μ.
1698 4111 1789 4165 καὶ
1818 4117 1918 4180 τῆς
1950 4113 2077 4170 cod.

1421 4209 1615 4265 JOAN.
1655 4209 1796 4266 JAC.
1839 4210 2100 4266 REISKII
2138 4210 2706 4266 COMMENTARIUS.

354 4309 524 4365 tales.
557 4308 650 4364 Illi
678 4311 845 4363 erant
873 4311 1093 4363 veteres
1116 4306 1322 4362 Pisidas
1345 4311 1403 4361 et
1427 4307 1560 4362 Pam
1572 4307 1750 4378 phyli,
1767 4314 1822 4363 et
1843 4307 2010 4365 habi-

355 4384 556 4436 tabant
585 4381 741 4436 circa
771 4379 1046 4434 Attaliam
1079 4378 1139 4432 in
1174 4378 1432 4451 themate
1452 4378 2006 4451 Cibyrrhaaotarum.

354 4453 496 4508 Inde
517 4451 785 4509 traducta
808 4467 942 4522 pars
965 4465 1171 4522 eorum
1194 4449 1597 4522 deponebatur
1631 4453 1686 4506 in
1706 4452 2009 4508 Thessalia

352 4531 408 4580 et
435 4524 770 4581 Macedonia
801 4521 858 4578 et
889 4539 990 4594 per
1017 4521 1269 4594 insulas
1303 4521 1475 4594 ngaei
1536 4524 1714 4577 maris
1771 4540 2006 4594 sparge-

355 4595 590 4652 bantur.
626 4596 689 4650 Hi
723 4594 863 4650 dicti
894 4593 1132 4650 fuerunt
1153 4593 1558 4649 occidentales.
1588 4593 1885 4650 Heracli’us
1906 4593 2006 4651 eos

355 4684 458 4722 suo
492 4675 747 4738 tempore
779 4667 838 4720 in
886 4674 1143 4738 montem
1174 4663 1478 4738 Libanum
1529 4669 1586 4720 et
1637 4665 2004 4738 Palizestinam

355 4734 643 4804 mittebat,
671 4743 734 4792 ut
763 4738 1082 4794 Saracenos
1109 4734 1190 4791 ibi
1218 4744 1499 4791 vexarent
1519 4742 1574 4791 et
1598 4737 2004 4807 reprimerent.

352 4811 511 4877 Quod
563 4811 792 4883 egregie
848 4809 1128 4883 fecerunt,
1183 4811 1671 4883 totu_m_tractum
1735 4809 2008 4883 aA_I_\‘_igro

355 4888 575 4953 monte,
598 4877 732 4960 hoc
746 4884 834 4960 est
865 4881 938 4935 ab
969 4877 1280 4960 Antiochia
1302 4877 1440 4960 inde
1458 4885 1513 4933 et
1534 4879 1755 4960 ﬁnibus
1773 4879 2008 4960 Qilicize,

358 4951 644 5035 usquead
679 4952 878 5009 urbem
905 4959 1165 5007 sanctam
1213 4951 1665 5033 eacursionibus
1697 4957 1753 5006 et
1786 4953 2010 5022 depra-

353 5026 690 5079 dationibus
722 5024 1087 5079 infestantes.
1126 5023 1167 5078 E
1209 5037 1424 5077 vnctnta
1445 5027 1863 5079 Saracenorum
1921 5025 2010 5079 vi-

359 5095 573 5166 dentur
603 5111 812 5150 nomen
837 5092 1250 5166 accepisse.Cl.
1271 5097 1837 5150 Assemannuscerte
1858 5094 2006 5150 Bibl.

359 5164 606 5220 0r.t.1.
655 5181 708 5234 p.
768 5166 893 5232 502,
953 5164 1009 5220 id
1072 5167 1298 5222 derivat
1351 5181 1384 5219 a
1443 5166 1702 5232 Marada,
1764 5167 2004 5234 rebellis,

359 5238 540 5363 (eram,
575 5233 878 5290 indomitus
907 5238 1035 5306 fuit.
1070 5237 1195 5292 Non
1229 5235 1635 5308 improbabilia
1667 5254 1734 5293 ea
1781 5233 2008 5309 etymoé

385 5322 518 5363 oms
547 5312 655 5361 est.
690 5305 876 5361 Possit
896 5323 1123 5363 auoaue
1152 5307 1241 5362 vel
1275 5324 1306 5362 a
1337 5308 1528 5363 reddo.
1559 5308 1646 5362 vel
1679 5326 1711 5363 a
1743 5311 1869 5363 rad.
1903 5311 2008 5363 de-

385 5307 655 5378 ogiaiest.
690 5305 876 5378 Possit
896 5305 1123 5376 quoque
1152 5307 1241 5362 vel
1275 5305 1528 5375 a'redda,
1559 5308 1646 5362 vel
1679 5326 1711 5363 a
1743 5305 1869 5376 rad',
1903 5311 2008 5364 de-

361 5376 557 5456 rivari.
610 5376 842 5456 Scilicet
881 5394 926 5456 _a
999 5379 1176 5456 priori
1243 5383 1332 5456 est
1371 5381 1828 5456 _in__parti‘c_ip_io
1907 5397 2004 5436 vm

361 5448 795 5520 conjugationis
875 5448 1122 5502 Murtadd
1205 5454 1262 5504 et
1326 5451 1382 5504 al
1467 5448 1790 5506 Murtaddah
1872 5459 2007 5507 sunt

360 5519 655 5594 αροὲίίιϊαζ,
707 5519 965 5594 relapsi,_
986 5520 1252 5594 haeretici.
1322 5523 1482 5594 Forte
1539 5531 1677 5577 sunt
1731 5523 1787 5577 hi
1848 5523 2004 5577 Mar-

359 5588 526 5652 daitce
557 5591 897 5665 iidem_cu_m
918 5588 1305 5665 _P_aulicianis,
1342 5593 1645 5665 haereticis,
1679 5594 1776 5665 qui
1801 5610 1868 5648 ex
1899 5597 2005 5649 Ar-

363 5668 560 5724 menia
581 5663 797 5737 etiAsia
825 5662 884 5716 in
916 5661 1227 5737 Thraciam
1277 5679 1310 5737 ᾳ
1335 5661 1715 5737 _Copronymo
1753 5667 2004 5722 traducti

362 5743 419 5794 et
448 5739 602 5793 circa
633 5732 1065 5806 Philippopolin
1099 5733 1346 5806 depositi
1372 5732 1651 5806 fuerunt.
1685 5737 1741 5791 Si
1789 5753 1921 5794 vero
1971 5753 2005 5794 a

362 5809 464 5864 τ·αά
522 5803 1190 5878 repetas,'s_igniticabit
1245 5805 1301 5878 at
1367 5803 1661 5860 Murtadah
1736 5807 2003 5878 homines

363 5878 462 5952 qui
491 5878 561 5934 ad
587 5873 971 5949 quaerendum
1002 5874 1085 5943 id,
1117 5873 1270 5943 quod
1302 5878 1583 5944 appetunt
1610 5881 1666 5932 et
1694 5893 1810 5946 quo
1846 5877 1999 5934 indi.

2121 4315 2282 4381 gent,
2315 4314 2530 4366 exeunt
2561 4315 2618 4364 et
2647 4309 2942 4381 oberrant.
2976 4308 3154 4381 Erant
3185 4307 3341 4381 enim
3375 4305 3769 4381 hi‘Murdaitm

2119 4377 2310 4454 magis
2338 4381 2552 4454 subitis
2576 4381 2636 4435 in
2661 4397 2832 4454 agros
2853 4379 3093 4454 hostiles
3117 4377 3567 4447 incursionibus,
3601 4395 3774 4454 agen-

2117 4451 2464 4524 disprredis,
2499 4451 2764 4508 locandis
2788 4451 3042 4524 insidiis,
3074 4466 3252 4524 quam
3279 4466 3484 4524 pugnas
3519 4451 3770 4524 stataria

2121 4521 2563 4591 utiles,husaris
2593 4525 2809 4579 nostris
2841 4521 3180 4578 similesJIn
3213 4521 3553 4577 omni’certe
3582 4521 3775 4576 histo-

2117 4596 2228 4660 ria,
2281 4605 2342 4650 ut
2395 4596 2496 4651 feri
2543 4595 2808 4653 crudeles
2861 4594 3129 4650 homines
3174 4593 3604 4649 describuntur.
3661 4593 3769 4647 Ce-

2117 4666 2334 4722 drenus
2357 4683 2413 4738 p.
2447 4668 2544 4722 451
2576 4667 2777 4738 laudat
2799 4681 3001 4738 eorum
3027 4666 3418 4738 dexteritatem
3443 4681 3511 4738 ea
3533 4664 3773 4738 insidiis

2160 4744 2312 4794 ostes
2337 4731 2621 4809 obrueudi
2658 4754 2671 4794 :
2724 4733 2881 4805 δίκην
2913 4731 3243 4809 Μλαρδαςίτῶν
3294 4734 3658 4809 κρυπτόμενοι
3715 4735 3770 4788 οἱ

2138 4807 2914 4886 Ρωμαῖοι-ἐξαίφνης-τοὺτοις
2959 4805 3392 4886 ἐπιρῥίπτοντεςι.
3427 4805 3630 4886 Ενίαιὶ.Δ
3653 4823 3769 4860 no-

2118 4885 2201 4936 tat
2234 4879 2572 4952 pabulatum
2605 4881 2691 4936 vel
2735 4887 3013 4952 aquatum
3055 4879 3242 4952 exire,
3285 4879 3380 4952 vel
3429 4879 3770 4950 quaesitum,

2120 4950 2426 5024 ubi‘aqua.
2462 4953 2558 5008 ubi
2589 4950 2890 5024 pabulum,
2930 4951 3033 5024 rubi
3083 4950 3142 5005 in
3194 4951 3535 5006 universum
3587 4952 3770 5007 victui

2120 5023 2452 5079 necessaria
2472 5023 2610 5091 sint,
2635 5041 2836 5092 eoque,
2857 5023 3053 5079 saltim
3079 5024 3535 5093 quodammodo,
3560 5037 3770 5093 conve-

2120 5096 2361 5154 niebant
2394 5111 2527 5150 cum
2562 5089 3020 5166 praecursoribus
3053 5089 3356 5159 eiercitus,
3387 5097 3505 5154 τοῖς
3533 5089 3773 5165 προδρό.

2123 5186 2271 5238 μοις,
2305 5173 2370 5221 ut
2401 5165 2610 5224 Noster
2643 5165 2901 5238 appellat
2949 5167 3007 5238 in
3040 5166 3295 5238 Tactico.
3331 5166 3644 5238 Moup'tti'tro'.
3675 5181 3773 5236 ap-

2159 5239 2416 5293 ellantur
2446 5257 2478 5294 a
2509 5237 2731 5294 Codino
2762 5237 2926 5293 Ol'tic.
2961 5237 3035 5303 Il,
3070 5255 3128 5292 n.
3171 5237 3260 5290 65.
3297 5243 3354 5292 et
3382 5237 3452 5293 V.
3485 5254 3541 5290 n.
3574 5237 3681 5302 87;
3714 5253 3770 5290 v.

2172 5328 2201 5363 u
2239 5311 2433 5381 Cange
2458 5327 2514 5364 v.
2548 5305 2885 5382 Mup-ca'ingc,
2919 5309 3016 5363 ubi
3061 5311 3147 5362 vir
3186 5309 3566 5382 doctissimus
3616 5313 3672 5382 et
3702 5309 3775 5382 de

2117 5381 2208 5436 his
2242 5378 2449 5437 litteris
2474 5378 2690 5452 optime
2716 5384 2957 5436 meritus
2984 5379 3262 5434 nonnulla
3284 5380 3479 5444 habet,
3505 5396 3633 5450 quae
3655 5378 3776 5450 ipsi

2117 5457 2180 5507 ut
2211 5453 2576 5508 orientalium
2612 5453 2936 5508 litterarum
2967 5452 3120 5506 haud
3149 5454 3331 5520 perito
3356 5452 3523 5506 iacile
3554 5453 3774 5506 condo-

2116 5540 2219 5578 nes
2255 5539 2269 5589 ;
2303 5531 2364 5578 ut
2394 5531 2482 5580 est
2503 5525 2644 5580 illud
2672 5526 2742 5597 de
2761 5523 3087 5597 μυρσαῖτης,
3111 5523 3406 5597 quodnon
3436 5523 3771 5594 dignitatis,

2117 5597 2222 5680 sed
2245 5594 2815 5680 propriumnhﬁominis
2835 5594 3044 5650 nomen
3062 5602 3170 5680 est.
3188 5594 3394 5680 Adhuc
3419 5597 3770 5680 notandum,

2116 5682 2146 5721 e
2176 5665 2370 5722 Nostri
2405 5685 2459 5740 p.
2507 5669 2612 5723 382
2660 5684 2962 5740 apparare,
2997 5665 3384 5740 occidentales
3427 5667 3770 5740 Mardaitas,

2116 5741 2182 5810 ut
2220 5740 2279 5794 in
2312 5737 2628 5810 provinciis
2659 5737 2969 5795 maritimis
3000 5738 3320 5810 depositos,
3345 5743 3554 5795 nautas
3579 5737 3767 5810 potis-

2115 5808 2335 5866 simum
2367 5815 2424 5866 et
2455 5811 2707 5881 remiges
2733 5814 2789 5866 et
2821 5811 3038 5882 piratas
3071 5808 3271 5864 fuisse.
