4094 6372
297 436 459 499 1217

1157 434 1258 494 DE
1300 434 1752 496 CERIMONIIS
1796 436 2028 498 AULxE
2072 437 2542 500 BYZANTINE
2584 439 2729 501 LlB.
2781 442 2859 502 Il.

3563 440 3723 503 1218

292 567 470 625 ὃόνων
504 567 641 642 ὑπὲρ
669 564 879 640 ἀνδρῶν
909 564 1112 642 χιηίων
1161 563 1263 637 λζ’.
1307 567 1474 640 Ῥόγα
1499 567 1852 642 κεντηνάριον
1887 569 1956 638 α’,

2082 569 2228 626 mille
2261 570 2503 643 triginta
2532 575 2590 628 et
2620 575 2846 645 septem
2879 573 3054 640 viros,
3103 538 3242 647 roga
3273 577 3363 632 est
3405 578 3632 632 conten.
3669 575 3724 642 1,

292 659 483 734 λίτραι
546 658 658 732 μα’,
714 653 815 714 κδ’.
875 655 972 711 Διὰ
1029 659 1126 709 τοῦ
1182 656 1416 728 θὲματος
1468 661 1576 711 τῶν
1635 656 1956 731 Θρᾳκησίων

295 750 436 824 ῢπέρ
469 746 674 823 ἀνδρῶν
709 768 753 822 ,γ
784 745 881 800 ἀνᾶ
913 745 1271 818 νομισμάτων
1401 747 1536 822 ῥόγα
1568 747 1632 818 ρ’,
1667 745 1853 821 λίτραι
1886 750 1962 831 π’,

295 836 402 894 κδ’.
463 839 562 892 Διὰ
618 841 716 891 τοῦ
777 834 1010 908 θὲματος
1072 831 1396 896 Σεϐαστείας
1457 836 1589 910 ὑπὲρ
1648 833 1860 910 ἀνδρῶν
1917 858 1963 907 ια

299 929 437 1006 ῥόγα
479 931 528 1002 ρ’
574 931 642 997 α’⁹
693 922 878 1000 λίτραι
930 925 1019 1002 ιγ’,
1069 922 1168 980 κδ’.
1219 926 1316 980 Διὰ
1362 931 1470 981 τῶν
1519 926 1821 1000 Ἀρμενίων
1855 931 1962 982 τῶν

298 1021 660 1074 ΠΛατανιτῶν
718 1015 852 1089 ὑπὲρ
908 1011 1114 1089 ἀνδρῶν
1189 1017 1238 1092 φ’
1313 1015 1413 1069 ἀνὰ
1488 1015 1842 1089 νομισμάτων
1901 1018 1958 1083 ς’,

295 1107 436 1183 ῥόγα
487 1104 856 1178 κεντηνάριον,
909 1104 1089 1177 λίτραι
1144 1111 1252 1176 μαδ,
1297 1106 1410 1177 μή.
1459 1104 1556 1159 Διὰ
1602 1109 1708 1159 τῶν
1763 1110 1960 1180 Ἀρμε-

295 1197 458 1250 νίων’
492 1195 701 1270 Πρίνης
781 1194 913 1267 ὑπὲρ
970 1189 1176 1266 ἀνδρῶν
1249 1194 1293 1246 o‘
1349 1192 1437 1248 ἐνά
1493 1195 1846 1268 νομισμάτων
1902 1197 1959 1268 ε’,

299 1285 442 1362 ῥόγα
466 1282 814 1358 κεντηνάριον
873 1285 941 1350 ⁸ο,
1000 1280 1182 1357 λίτραι
1239 1285 1338 1353 κζ’,
1398 1285 1491 1346 νς’,
1552 1285 1726 1358 Ὁμοῦ
1757 1279 1964 1339 καϐάλ-

301 1374 492 1450 λάριοι
549 1372 706 1450 ,βλζζ
758 1373 925 1446 Ῥὸγα
978 1375 1300 1443 κεντηνάρια
1360 1374 1427 1449 β’,
1484 1371 1668 1448 λίτραι
1717 1373 1816 1444 νδ“,
1850 1373 1958 1444 λη’.

374 1463 473 1518 Καὶ
505 1463 557 1518 οἱ
589 1462 725 1517 κατὰ
773 1462 1090 1536 προσθήκην
1141 1459 1332 1536 ἄνδρες
1369 1461 1677 1540 τρισγίλιοι
1717 1462 1961 1518 ὲννεακό-

299 1575 416 1610 σιοι
448 1551 581 1628 ῥόγα
631 1553 696 1627 ρ’,
746 1553 812 1618 α’,
874 1549 1060 1626 λίτραι
1117 1553 1218 1626 νβ’,
1274 1553 1366 1613 νς’.
1429 1553 1526 1607 Καὶ
1573 1553 1716 1626 ὁμοῦ
1747 1551 1836 1607 διὰ
1863 1557 1961 1608 τοῦ

292 1639 712 1716 καϐαλλαρικοῦ
773 1639 908 1717 ῥόγα
962 1641 1290 1717 κεντηνάρια
1345 1639 1410 1710 δ’,
1472 1640 1658 1716 λίτραι
1721 1643 1788 1713 ζ’,
1849 1642 1958 1717 κβ’.

2073 659 2220 715 litrm
2249 660 2338 726 41,
2382 676 2546 716 num.
2578 661 2670 716 24.
2722 666 2830 716 Pro
2865 665 2950 717 ter
2991 662 3152 718 mille
3196 663 3337 718 viris
3385 680 3416 720 e
3464 663 3725 720 themate

2071 749 2520 806 Thracesiorum
2566 754 2843 821 (quorum
2897 752 3303 824 unusquisque
3343 753 3480 809 bina
3530 754 3726 810 numi-

2074 844 2262 894 smata
2293 840 2352 894 in
2385 840 2738 911 stipendium
2774 840 3034 912 accipit.)
3066 846 3156 896 est
3205 857 3344 913 roga
3394 849 3620 898 centen.
3671 844 3724 911 1,

2070 927 2189 984 litr.
2219 929 2309 998 80,
2364 931 2642 985 numism.
2689 929 2778 984 24.
2823 930 2933 985 Pro
2985 931 3146 986 mille
3196 932 3336 987 viris
3388 947 3418 987 e
3465 931 3728 988 themate

2071 1019 2344 1074 Sebastits
2377 1023 2462 1074 est
2508 1035 2649 1090 roga
2680 1022 2831 1075 cent.
2882 1022 2928 1085 1,
2979 1019 3122 1075 litrae
3157 1021 3246 1089 13,
3282 1037 3446 1076 num.
3491 1022 3583 1078 24.
3619 1022 3726 1079 Pru

2071 1106 2406 1178 quingentis
2439 1108 2580 1162 viris
2629 1123 2694 1163 ex
2725 1107 2995 1164 Armenis
3042 1109 3534 1177 Plataniensibus,
3571 1111 3728 1166 senis

2071 1195 2333 1252 nummis
2363 1197 2424 1250 in
2458 1196 2723 1267 singulos
2753 1195 3083 1268 imputatis,
3117 1200 3208 1253 est
3239 1213 3377 1270 roga
3406 1206 3634 1255 ceuten.
3672 1199 3724 1265 1,

2072 1284 2194 1340 litr.
2226 1285 2317 1350 41,
2353 1286 2615 1341 ηυῐη.48.
2651 1285 2756 1341 Pro
2787 1286 3229 1358 quadringentis
3261 1287 3409 1358 vigis
3439 1303 3507 1343 ex
3539 1290 3731 1343 Arme-

2072 1373 2164 1430 nis
2197 1375 2424 1442 Prines,
2457 1375 2652 1446 quinis
2683 1377 2944 1432 nummis
2990 1376 3049 1431 in
3083 1377 3349 1449 singulos
3399 1378 3731 1462 imputatis,

2070 1468 2162 1519 est
2193 1480 2335 1535 roga
2366 1468 2520 1519 cent.
2555 1468 2607 1531 1,
2640 1463 2758 1518 litr.
2790 1465 2883 1530 27,
2916 1480 3076 1520 num.
3108 1466 3202 1520 56.
3243 1466 3390 1521 Tota
3420 1482 3557 1538 ergo
3591 1483 3734 1539 roga

2077 1551 2527 1609 caballariorum
2579 1569 2679 1608 seu
2730 1554 3002 1625 equitum
3045 1554 3136 1610 bis
3185 1553 3348 1610 mille
3391 1555 3632 1627 triginta
3679 1560 3738 1612 et

2077 1645 2302 1715 septem
2332 1648 2476 1700 sunt
2507 1645 2840 1700 centenaria
2870 1645 2924 1713 2,
2959 1643 3077 1698 litr.
3109 1644 3200 1712 54,
3237 1659 3396 1700 num.
3429 1645 3521 1700 38.
3554 1646 3734 1701 Acce-

311 1737 468 1793 dunt
513 1735 807 1791 mantissas
850 1733 976 1790 loco
1018 1737 1108 1788 ter
1156 1733 1316 1790 mille
1367 1736 1648 1806 nongenti
1695 1734 1825 1804 viri,
1877 1749 2126 1806 quorum
2176 1749 2314 1804 roga
2356 1738 2447 1790 est
2495 1741 2644 1790 cent.
2681 1734 2733 1802 1,
2783 1733 2900 1790 litr.
2949 1734 3042 1790 52.
3095 1733 3194 1790 Est
3236 1751 3374 1807 ergo
3433 1751 3570 1807 roga
3629 1750 3732 1808 pro

300 1829 432 1882 tota
462 1823 776 1881 caballaria
806 1823 1138 1880 centenaria
1169 1829 1443 1895 quatuor,
1475 1823 1619 1880 litras
1649 1824 1706 1891 7,
1741 1839 1904 1880 num.
1936 1823 2034 1878 22.

2003 1929 2050 1994 B

773 1922 870 1976 Διά
908 1924 1006 1975 τοῦ
1059 1918 1338 1995 προχρέου
1371 1922 1506 1992 (36).

381 2011 482 2065 Διά
523 2013 630 2064 τῶν
681 2007 940 2082 πλοΐμων
992 2014 1102 2063 τῶν
1151 2016 1197 2081 γ’
1247 2007 1493 2083 θεμάτων
1547 2012 1654 2063 τῶν
1688 2009 1740 2079 ξε
1770 2003 1974 2083 Κιϐυρο

311 2099 563 2178 ραιωτῶν
613 2106 716 2170 τῆς
769 2100 961 2171 Σάμου
1009 2098 1234 2154 καὶτοῦ
1281 2099 1509 2172 Αἰγαίου
1538 2097 1810 2174 πελάγους
1842 2099 1975 2173 ὑπὲρ

312 2189 521 2266 ἀνδρῶν
555 2211 604 2265 κγ
637 2191 736 2244 ἀνά
768 2190 817 2265 β’
847 2188 1026 2265 λίτραι
1059 2191 1170 2264 τίετ’,
1220 2186 1320 2245 κδ’.
1373 2190 1469 2243 Διά
1497 2194 1607 2244 τῶν
1639 2186 1972 2264 Μαρδαϊτῶν

314 2288 418 2351 τῆς
477 2279 680 2336 δύσεως·
746 2284 1117 2356 τουρμαρχῶν
1175 2281 1246 2355 γ’,
1304 2279 1406 2334 ἀνὰ
1462 2279 1558 2347 λς“,
1602 2277 1976 2356 δρουγγαρίων

314 2371 410 2444 μβ¹
449 2369 549 2424 ἀνᾶ
626 2371 716 2443 ιβ’,
785 2371 1046 2442 κομήτων
1121 2369 1212 2443 μβ’
1277 2369 1379 2422 ἀνὰ
1447 2370 1485 2430 ς’
1551 2372 1896 2444 στρατιωτῶν
1937 2388 1976 2443 ⁸ε

309 2459 416 2514 ἆνά
477 2457 540 2528 δ’,
599 2459 859 2535 γινόμενα
933 2457 1216 2535 ἀμφότερα
1282 2457 1604 2532 κεντηνάρια
1661 2459 1729 2534 β’,
1789 2457 1973 2534 λίτραι

309 2547 414 2627 ιιθπ,
472 2549 564 2609 νς’.
625 2549 722 2602 Διὰ
777 2552 884 2602 τῶν
942 2547 1242 2622 Ἀρμενίων
1322 2549 1572 2620 θεμάτων
1651 2542 1976 2608 Σεϐαστείας

307 2641 683 2715 τοορμαρχῶν
745 2638 782 2692 ε’
840 2639 938 2691 ἂνὰ
991 2637 1082 2711 ιβ’,
1143 2634 1520 2713 δρουγγαρίων
1583 2639 1613 2691 ι’
1673 2638 1772 2691 ἂνὰ
1804 2637 1864 2706 ς’,
1889 2656 1978 2691 κο-

317 2727 510 2798 μήτων
551 2734 602 2796 η’
655 2723 757 2782 avi
813 2733 870 2797 e‘,
929 2730 1276 2800 στρατιωτῶν
1331 2724 1685 2780 ἐννεακοσίων
1717 2726 1976 2796 ἑξήκοντα

308 2813 467 2869 πέντε
515 2815 614 2869 ἀνά
663 2812 726 2883 δ’,
776 2815 1038 2890 γινόμενα
1089 2813 1358 2892 ἀγφότερα
1417 2813 1599 2887 λίτραι
1649 2815 1716 2869 νε’
1766 2816 1827 2883 ζ’.
1879 2814 1976 2869 Διὰ

315 2909 421 2958 τῶν
475 2904 779 2978 ’Δρμενίων
852 2903 1058 2977 Πρίνης
1108 2901 1292 2977 ἄνδρες
1343 2906 1393 2983 φ’
1442 2905 1544 2958 ἆνὰ
1597 2905 1662 2978 β’,
1719 2903 1977 2978 γινόμενα

314 2989 498 3066 λίτραι
559 2999 646 3066 ty‘,
701 2989 792 3062 ξδ’.
846 2992 942 3046 Καὶ
1001 2992 1143 3064 ὁμοῦ
1202 2988 1290 3045 διὰ
1341 2995 1440 3046 τοῦ
1490 2991 1802 3069 ἀμφοτὲρου
1845 3011 1979 3066 προ-

323 3082 501 3155 χρέου
556 3087 634 3157 ρρ¹
693 3077 757 3150 δ’,
790 3079 973 3151 λίτραι
1025 3080 1216 3156 νβ’,ξ’.
1253 3079 1473 3149 Ἰστέον,
1535 3081 1617 3136 δτι
1674 3078 1889 3153 ἐδέξατο
1948 3082 1976 3136 ὁ

315 3169 619 3244 στρατηγὸς
674 3171 782 3223 τῶν
848 3163 1279 3243 Κιϐυρῥαιωτῶν
1334 3169 1424 3224 καὶ
1475 3170 1502 3223 ὁ
1552 3171 1836 3224 κατεπάνω
1866 3173 1975 3225 τῶν

312 3256 648 3331 Μαρδαϊτῶν
700 3255 1009 3327 Ἀτταλίας,
1056 3255 1149 3312 (ἱνα
1194 3260 1222 3312 ὁ
1276 3259 1370 3331 μὲν
1437 3260 1743 3336 στρατηγὸς
1794 3259 1977 3333 εὐτρε-

314 3346 452 3420 πίσῃ
490 3343 752 3421 χελάνὸια
783 3343 879 3400 δύο
913 3347 1018 3400 ἀπὸ
1047 3350 1154 3400 τῶν
1204 3348 1405 3402 οὐσιῶν
1442 3351 1549 3401 τῶν
1581 3352 1976 3422 τουρμαρχῶν,

319 3437 348 3490 ὁ
386 3432 443 3490 δὲ
468 3435 747 3490 κατεπάνω
779 3438 883 3488 τῶν
918 3431 1245 3510 Μἰρδαϊτῶν
1273 3435 1562 3511 εὐτρεπίσῃ
1589 3436 1821 3513 γαλαίας
1844 3440 1981 3509 (37),

317 3523 412 3579 καὶ
479 3521 569 3578 διὰ
616 3522 860 3598 Μαρτίου
926 3524 1096 3596 μηνὸς
1161 3525 1525 3580 ἀποστείλωσι
1571 3525 1707 3580 αὐτὰ
1758 3526 1833 3586 εἰς
1880 3533 1981 3580 Συ-

313 3613 461 3689 ρίαν,
503 3614 596 3668 ἳνα
634 3614 758 3690 περὶ
808 3616 1022 3669 πάντων
1077 3619 1183 3669 τῶν
1230 3614 1402 3669 ἐκεῖσε
1451 3614 1843 3688 μελετωμένων
1889 3615 1982 3670 καὶ

316 3703 711 3778 πραττομένων
770 3702 1052 3778 ἐνέγκωσιν
1101 3705 1386 3778 ἀπόκρισιν
1445 3706 1534 3760 καὶ
1591 3703 1794 3776 ἀληθὲς
1849 3726 1981 3778 μαν-

318 3789 506 3850 δάτον.
541 3791 760 3860 Ἰστὲον,
795 3793 879 3846 ὅτι
938 3791 1152 3864 ἐδέξατο
1222 3794 1250 3848 ὁ
1307 3794 1797 3869 πρωτοσπαθάριος
1831 3795 1981 3849 Λέων

2616 1922 2769 1977 879
2802 1921 2874 1977 De
2907 1921 3189 1993 prochreo.

2150 2013 2259 2067 Pro
2291 2016 2380 2067 ter
2410 2010 2572 2067 mille
2594 2012 2731 2066 viris
2753 2011 3068 2070 classiariis
3090 2028 3120 2068 e
3149 2012 3342 2069 tribus
3365 2012 3483 2069 illis
3511 2014 3732 2071 thema-

2077 2100 2260 2168 tibus,
2291 2100 2820 2172 Cibyrrhasotarum
2871 2117 3101 2173 nempe,
3135 2101 3294 2158 Sami
3327 2109 3504 2174 atque
3552 2104 3731 2161 maris

2079 2190 2274 2261 Egesi,
2325 2189 2482 2245 binis
2532 2189 2596 2245 in
2648 2189 2912 2260 singulos
2963 2192 3223 2246 nummis
3271 2190 3602 2264 imputatis,
3647 2196 3736 2250 est

2081 2294 2253 2349 rogar
2284 2277 2400 2332 litr.
2434 2277 2884 2344 83,num.24.De
2915 2277 3219 2334 Mardaitis
3253 2279 3735 2337 occidentalibus.

2086 2367 2193 2424 Pro
2223 2367 2582 2423 turmarchis
2630 2367 2820 2423 tribus
2847 2368 2983 2424 inde
3029 2368 3247 2440 petitis,
3285 2384 3636 2442 unoquoque
3667 2370 3740 2425 36

2087 2457 2349 2512 nummis
2371 2458 2658 2513 aestimato
2685 2475 2699 2526 ;
2726 2457 3061 2528 drungariis
3083 2458 3432 2528 42,singulis
3448 2459 3736 2516 duodenis

2082 2546 2543 2602 numismatibus
2557 2546 3196 2613 aestimatis;comitibus
3215 2547 3462 2615 42,senis
3474 2550 3740 2606 nummis

2081 2636 2140 2691 in
2159 2649 2452 2707 quemque
2468 2635 2797 2707 imputatis;
2819 2635 3107 2691 militibus
3120 2636 3406 2708 gregariis
3421 2637 3735 2708 quinquies

2082 2725 2264 2791 mille,
2298 2725 2596 2796 quaternis
2646 2723 2704 2778 in
2760 2723 3026 2795 singulos
3072 2725 3335 2780 nummis
3386 2724 3732 2797 imputatis;

2082 2814 2388 2870 coniicitur
2436 2829 2576 2882 roga
2622 2820 2853 2869 centen.
2900 2813 2956 2883 2,
2997 2812 3112 2868 litr.
3166 2813 3258 2882 99,
3292 2829 3459 2870 num.
3508 2815 3599 2869 56.
3646 2815 3726 2872 De

2082 2902 2438 2958 thematibus
2469 2899 2796 2968 Armenias;
2829 2906 2888 2956 et
2919 2901 3108 2972 primo
3137 2901 3210 2956 de
3259 2901 3514 2958 themate
3542 2903 3725 2960 Seba-

2081 2991 2226 3046 stite.
2261 2989 2367 3044 Pro
2401 2990 2750 3046 turmarchis
2781 2991 2916 3045 inde
2952 2989 3145 3060 petitis
3186 2990 3727 3063 quinque,quorum

2081 3079 2401 3151 unicuique
2419 3079 2672 3135 duodeni
2692 3079 2862 3135 solidi
2889 3079 3243 3150 stipendium
3267 3084 3437 3149 sunt;
3471 3085 3529 3136 et
3549 3082 3727 3137 drun-

2082 3169 2260 3241 gariis
2290 3168 2512 3234 decem,
2548 3184 2796 3240 quorum
2848 3168 3065 3239 singuli
3113 3168 3476 3240 stipendium
3509 3169 3727 3227 habent

2089 3273 2256 3314 senos
2307 3257 2568 3324 solidos;
2600 3262 2658 3312 et
2689 3257 3002 3313 comitibus
3033 3261 3183 3325 octo,
3233 3257 3482 3330 singulis
3531 3259 3731 3330 quinis

2090 3347 2293 3403 solidis
2352 3347 2565 3414 censis,
2623 3351 2680 3401 et
2738 3345 3024 3402 militibus
3079 3347 3364 3419 gregariis
3419 3347 3734 3420 nongentis

2093 3437 2396 3510 sexaginta
2427 3437 2676 3500 duobus,
2719 3436 3020 3507 quaternis
3072 3437 3334 3493 nummis
3362 3437 3425 3493 in
3474 3438 3739 3510 singulos

2093 3527 2440 3599 imputatis;
2475 3529 2564 3580 est
2611 3541 2752 3597 roga
2784 3527 2842 3580 in
2876 3526 3207 3582 universum
3241 3526 3327 3582 lit.
3356 3526 3450 3594 55,
3481 3543 3648 3583 num.
3679 3528 3735 3582 7.

2092 3617 2167 3672 De
2194 3616 2473 3671 Armenia
2513 3615 2734 3670 Prines.
2767 3613 3025 3670 Veniunt
3073 3615 3207 3671 inde
3253 3614 3362 3670 viri
3411 3616 3740 3687 quingenti,

2091 3703 2309 3776 singuli
2344 3703 2576 3760 duobus
2598 3703 2802 3760 solidis
2825 3704 3255 3761 censi.Faciunt
3285 3701 3738 3774 litras13,num.

2088 3795 2178 3850 64.
2213 3794 2359 3850 Tota
2391 3810 2626 3850 summa
2656 3792 2925 3865 prochrei
2957 3799 3185 3848 conten.
3218 3791 3412 3858 4,1itr.
3445 3796 3536 3863 52,
3571 3809 3737 3850 num.

1693 3910 1919 3968 VARIE
1959 3907 2374 3966 LECTIONES.

391 4007 440 4042 ⁵⁸
472 4005 677 4063 ΣΧΟΛ.
719 4005 878 4062 Οὕτω
908 4005 1045 4062 κατὰ
1082 4009 1425 4081 προσθήκην.

1388 4131 1587 4188 JOAN.
1625 4133 1767 4187 JAC.
1813 4129 2074 4186 REISKII
2115 4122 2712 4182 COMMENTARIUS.

399 4226 516 4295 (36)
548 4226 693 4302 Quid
730 4225 1005 4302 wpdxpeov
1037 4229 1136 4294 sit,
1168 4246 1283 4284 non
1315 4238 1550 4300 exputo,
1586 4247 1777 4301 neque
1823 4229 1988 4302 inve-

328 4299 454 4362 nio,
489 4301 586 4372 qui
620 4299 1060 4372 doceat.Fuitne
1083 4303 1238 4372 quod
1270 4318 1376 4356 nos
1393 4299 1650 4356 dicimus
1679 4299 1983 4368 Handgeld,

325 4369 562 4439 Angeld,
626 4371 937 4438 Vorschusz,
997 4369 1199 4428 avdnce
1267 4372 1535 4440 d’argent,
1603 4387 1984 4427 nummorum

332 4457 725 4512 summa,qua
761 4443 926 4496 militi
950 4442 1007 4496 in
1031 4445 1247 4498 bellum
1268 4444 1414 4498 ituro
1438 4444 1494 4497 in
1511 4459 1773 4499 mensem
1799 4459 1984 4497 unum

332 4513 658 4568 alterumve
689 4519 824 4568 ante
874 4513 1135 4570 debitum
1171 4516 1487 4570 terminum
1538 4514 1887 4582 solvebatur,
1923 4518 1986 4568 ut

328 4583 443 4640 sibi
496 4599 674 4649 arma,
709 4585 947 4658 victum
979 4590 1035 4640 et
1085 4586 1199 4642 alia
1244 4588 1576 4642 necessaria
1627 4587 1983 4658 expeditioni

335 4671 677 4727 comparare
710 4664 904 4727 posset
925 4655 952 4712 t’

406 4709 520 4800 (δὴ)
553 4709 1064 4800 ΕεῐήγᾏὶίᾸηδδὶοη
1094 4730 1335 4799 Κήἁιίαι,
1368 4729 1440 4784 de
1472 4746 1588 4800 quo
1620 4729 1736 4784 dixi
1771 4728 1844 4784 ad
1873 4728 1982 4784 Ta-
2017 4709 2062 4772 θ

331 4796 531 4872 raphae
563 4797 897 4872 Moallacam
932 4819 985 4869 p.
1019 4801 1106 4855 48.
1142 4796 1526 4856 Commodum
1559 4801 1654 4855 hic
1685 4817 1987 4872 exponen-

329 4870 457 4940 dus
472 4869 627 4924 venit
654 4869 816 4924 locus
841 4871 1277 4928 Continuatoris
1301 4869 1778 4927 Constantiniani
1801 4872 1988 4940 p.122.

331 4939 550 5010 Script.
589 4950 711 5010 post
743 4942 1222 5012 Theophan.,ubi
1252 4945 1365 4998 tria
1388 4948 1624 4998 navium
1659 4939 1874 5011 genera
1897 4959 1990 4998 no-

333 5007 656 5088 minantur,
690 5007 1024 5088 κουμϐάρια,
1050 5007 1240 5086 γάλέαι
1263 5021 1329 5088 et
1358 5017 1634 5088 σατοῦραι.
1661 5007 1786 5088 sti
1820 5015 1992 5070 malis

336 5079 660 5158 cumigqrias
692 5101 725 5140 a
754 5079 928 5158 γόμοξ
948 5079 1218 5158 derivare
1247 5079 1540 5158 (χούμϐος,
1573 5080 1869 5157 κόμϐος,οῐ
1896 5103 1990 5158 γο-

347 5172 450 5224 po:
483 5153 635 5209 idem
669 5153 794 5211 esse
823 5153 961 5211 alibi
993 5157 1131 5225 dixi,
1153 5163 1209 5213 et
1239 5153 1450 5213 valeret
1474 5167 1611 5213 tunc
1640 5153 1988 5214 vocabulum

339 5227 501 5281 idem
522 5231 709 5300 atque
738 5228 1012 5300 onerariae
1037 5231 1249 5300 naves),
1282 5231 1466 5299 possit
1487 5230 1559 5285 ab
1588 5229 1856 5292 Arabico,
1891 5228 1994 5284 Cu-

345 5297 777 5372 bar,_deriv_ari,
810 5299 867 5354 id
899 5306 990 5372 est
1018 5317 1181 5372 naves
1205 5297 1476 5372 'gr'andes,
1529 5302 1702 5371 primi
1743 5300 1989 5365 ordinis,

346 5367 618 5443 maximas
649 5369 865 5443 formae.
897 5368 1097 5425 Γαλέαι
1138 5367 1298 5441 sunt,
1335 5381 1394 5428 ut
1441 5367 1617 5443 patet,
1652 5378 1860 5428 nostris
1888 5389 1992 5442 ga-

343 5439 488 5515 lere:
517 5446 573 5496 et
602 5441 878 5510 galeones.
915 5447 987 5498 De
1013 5439 1547 5515 σατοῢραιίηηᾶοτη
1592 5439 1706 5498 non
1737 5439 1990 5508 constat,

342 5513 504 5586 itane
534 5519 708 5579 recte,
737 5531 810 5586 an
846 5515 1058 5569 rectius
1089 5513 1380 5586 σακτοῦραι
1404 5517 1711 5576 scribatur.
1745 5520 1810 5569 ut
1835 5515 1990 5584 apud

344 5582 703 5658 Scriptorem
736 5583 877 5658 Vitae
927 5587 1125 5642 Basilii
1172 5582 1591 5658 Macedonisp.
1627 5587 1730 5641 185
1774 5589 1820 5642 Α
1851 5582 1995 5658 legi-

345 5654 530 5728 tur.Si
566 5656 854 5728 posterius
903 5661 1196 5728 praeferas,
1230 5658 1376 5713 nihil
1424 5654 1692 5728 different
1741 5654 1996 5712 nominis

347 5724 600 5803 quidem
619 5723 1048 5803 significatione
1076 5746 1110 5785 a
1137 5732 1255 5788 ταῖς
1280 5723 1641 5803 κουμῦαρίαις
1665 5745 1766 5786 seu
1797 5745 1994 5785 onera-

348 5798 473 5866 riis,
505 5798 553 5852 si
587 5797 669 5853 ita
688 5797 858 5854 velis.
893 5799 1037 5856 Nam
1085 5797 1601 5874 σακτοῦραίοεεὲηῐ
1650 5819 1748 5872 pro
1781 5818 1993 5855 σακτωει

2099 4224 2232 4299 ptui,
2268 4241 2302 4280 a
2326 4221 2566 4299 σάττειν,
2597 4221 3020 4299 oﬂgrciredttlihi
3053 4231 3244 4278 tamen
3280 4223 3484 4299 melior
3513 4225 3746 4284 videtur

2097 4294 2278 4370 altera
2304 4294 2511 4370 lectio
2546 4296 2802 4367 σατοῦραι
2852 4294 2940 4350 vel
2989 4303 3155 4370 certe
3187 4297 3506 4370 πατοῦραι,
3556 4313 3745 4370 eaque

2095 4369 2312 4439 pariter
2340 4367 2588 4422 Arabica
2618 4383 2727 4420 vox
2775 4381 2926 4422 esse.
2959 4367 3259 4438 Signiﬁcat
3299 4367 3516 4439 nempe
3549 4367 3747 4424 rhdthr

2094 4438 2389 4493 dimidiam
2420 4440 2498 4494 rei
2531 4439 2814 4508 cujusque
2841 4439 3224 4508 partem.Ergo
3251 4438 3442 4494 chthor
3471 4456 3642 4495 naves
3664 4439 3750 4496 di-

2095 4512 2274 4566 midim
2305 4511 2446 4575 sint,
2480 4525 2604 4580 qua:
2632 4510 2703 4563 ad
2737 4510 3217 4582 cumbarias_seu
3267 4511 3521 4582 grandes
3568 4527 3746 4569 naves

2094 4582 2351 4638 habeant
2381 4583 2668 4636 rationem
2695 4581 3022 4635 dimidiam.
3056 4580 3418 4652 Neque'bzec
3447 4582 3573 4638 sola
3604 4587 3746 4639 sunt

2091 4652 2372 4709 vocabula
2421 4653 2654 4707 nautica
2702 4653 2950 4707 Arabica
2981 4654 3180 4708 Graeca
3228 4652 3459 4709 civitate
3506 4655 3744 4712 donata.

2091 4729 2233 4780 Sunt
2263 4735 2316 4781 et
2348 4724 2484 4790 alia,
2519 4732 2581 4778 ut
2607 4739 2741 4796 6.70.
2775 4727 2943 4796 Ταριτ
2977 4724 3350 4796 ιιιανίίί,υειο.τ
3379 4725 3563 4790 navis,
3583 4726 3746 4793 quasi

2095 4798 2255 4852 dicas
2288 4797 2634 4857 venatrirmt
2664 4795 2865 4850 Batavi
2887 4795 3181 4866 appellant
3202 4811 3338 4851 suae
3356 4796 3747 4865 lugdenﬂnde

2095 4874 2289 4923 autem
2323 4874 2408 4922 tot
2438 4867 2682 4921 Arabica
2713 4867 2994 4921 vocabula
3025 4868 3085 4921 in
3121 4868 3380 4922 Graecum
3412 4883 3743 4925 sermonem

2095 4957 2157 4994 se
2193 4945 2584 5007 penetrarunt,
2616 4953 2752 4991 cum
2785 4938 2966 4992 Graeci
2997 4937 3197 4993 multis
3226 4939 3456 4994 saeculis
3487 4949 3621 4995 ante
3650 4944 3752 4996 Sa-

2095 5026 2338 5066 racenos
2371 5009 2795 5081 navigationem
2819 5009 3261 5073 excoluerint,et
3295 5011 3486 5066 medio
3517 5027 3753 5081 quoque

2094 5100 2230 5148 aevo,
2266 5082 2318 5136 si
2351 5098 2466 5153 non
2509 5080 2662 5150 plus,
2696 5085 2850 5136 certe
2882 5097 2994 5136 non
3029 5081 3249 5153 minus,
3271 5098 3448 5153 quam
3478 5080 3749 5140 Saraceni

2095 5152 2420 5225 Andalusii,
2453 5152 2595 5225 Afri,
2633 5153 2957 5225 Cretenses,
3003 5152 3304 5224 Egyptii,’
3331 5153 3459 5225 Syri
3491 5169 3666 5212 naves
3694 5161 3752 5211 et

2096 5224 2290 5298 praelia
2317 5228 2493 5298 atque
2523 5223 2730 5277 itinera
2763 5223 3061 5298 maritima
3092 5223 3478 5294 exercuerim,
3502 5227 3750 5298 ideoque

2097 5295 2333 5352 navium
2366 5296 2489 5349 haec
2519 5309 2734 5365 genera
2763 5295 2986 5350 dudum
3017 5302 3152 5350 ante
3181 5301 3499 5353 Saracenos
3529 5295 3752 5354 habue-

2095 5368 2563 5436 rint,eorumque
2596 5381 2733 5421 cum
2766 5365 2913 5436 ipsis
2946 5367 3206 5423 nomina.
3232 5369 3372 5432 Quis
3405 5368 3513 5424 hoc
3539 5369 3744 5424 dicat?

2093 5441 2238 5494 Mira
2267 5455 2359 5494 res
2390 5444 2479 5492 est
2511 5437 2847 5508 linguarum
2882 5439 3148 5494 mutatio.
3182 5439 3254 5495 Ut
3284 5456 3376 5496 res
3415 5455 3635 5506 omnes,
3667 5439 3750 5495 ita

2097 5509 2325 5566 disiecti
2357 5524 2588 5582 quoque
2619 5514 2775 5582 certo
2806 5509 3118 5582 stabilique
3161 5510 3289 5566 loco
3332 5511 3446 5565 non
3481 5515 3742 5582 manent,

2097 5583 2196 5666 sed
2233 5579 2536 5666 mutantqr
2556 5579 2854 5666 in‘dies,‘ut
2875 5579 3452 5666 homineszllicinitas
3481 5581 3747 5666 gentium

2097 5664 2150 5709 et
2180 5651 2545 5708 consuetudo
2575 5654 2633 5706 et
2663 5653 2924 5707 studium
2950 5653 3198 5708 novandi
3226 5651 3448 5707 homini
3477 5651 3747 5707 innatum

2099 5725 2353 5782 multum
2386 5723 2445 5779 in
2477 5738 2803 5781 sermonem
2833 5739 3072 5797 quoque
3101 5721 3745 5795 valent.Vid.ad.p.380.
