4094 6366
320 408 474 469 1223

1331 399 1862 463 CONSTANTINI
1910 395 2612 459 PORPHYBOGENITI

3578 409 3739 468 1224

311 542 369 599 in
403 556 468 597 se
511 539 866 596 casarianus
906 537 1118 610 aliquis
1155 536 1216 593 in
1258 535 1486 595 Natolia
1529 551 1706 608 agens
1758 537 1958 607 parata

2084 525 2137 584 δ’.
2173 529 2430 584 Ἀποστεί
2458 550 2492 604 ῃ
2527 527 2585 584 δὲ
2614 529 2752 586 αὐτὰ
2807 529 2896 586 διὰ
2948 534 3248 609 συντομίας
3297 533 3385 594 διὰ
3432 543 3535 594 τοῦ
3583 557 3741 615 πρωο

309 635 506 686 tenere
536 629 723 685 millia
753 629 954 699 viginti
983 627 1336 700 [saccorum]
1360 625 1564 681 hordei
1589 630 1646 681 et
1667 623 1972 693 sexaginta

310 721 495 777 millia
537 721 867 791 [saccorum
917 717 1300 788 dolicrumve]
1357 715 1673 788 paxamatii
1702 719 1758 768 et
1798 714 1970 767 farris

306 815 364 868 et
396 811 589 866 farinae
623 826 726 881 pro
757 807 1166 881 Cibyrrhaeotis
1197 813 1256 862 et
1285 812 1536 875 stratege
1571 803 1832 872 Natoliis,
1859 802 1961 874 qui

309 917 340 956 e
394 900 636 956 Natolia
678 898 1098 969 transmigrare
1145 897 1359 952 debent
1409 896 1468 950 in
1515 894 1811 961 Attaliam,
1864 908 1972 962 quo

310 990 809 1062 praesidiariorum
841 990 968 1059 ejus
1000 989 1068 1042 ad
1103 988 1276 1042 Calon
1314 986 1456 1041 Oros
1507 1000 1868 1054 egressorum
1912 983 1970 1038 in

307 1079 463 1135 vices
521 1080 857 1134 succedant.
929 1076 1366 1132 Protonotarius
1434 1074 1968 1146 Cibyrrhaaotarum

306 1173 534 1224 coemat
565 1168 751 1224 millia
795 1167 1097 1239 sexaginta
1137 1166 1432 1221 clavorum
1469 1165 1834 1218 minutorum
1869 1178 1972 1234 pro

313 1257 483 1314 coriis
528 1256 858 1329 afﬁgendis.
903 1257 982 1312 De
1013 1255 1296 1312 sandaliis
1343 1270 1444 1310 seu
1489 1253 1682 1326 parvis
1722 1252 1972 1323 navigiis

314 1349 664 1418 comparatis
694 1347 754 1403 in
789 1361 958 1401 usum
1004 1345 1443 1400 dromoniorum
1485 1343 1830 1408 notandum,
1874 1341 1970 1396 de-

316 1437 450 1492 bere
481 1452 778 1492 cursorem
801 1435 1057 1506 aliquem
1082 1451 1146 1491 ex
1166 1433 1404 1489 hetaeria
1428 1433 1810 1503 desumptum
1836 1445 1973 1485 cum

314 1542 480 1582 sacro
536 1526 807 1581 mandato
845 1526 917 1582 ad
961 1529 1306 1595 catepanum
1367 1522 1542 1591 mitti,
1587 1525 1645 1576 et
1684 1520 1837 1576 hunc
1886 1519 1970 1574 illi

314 1616 524 1672 addere
547 1613 1126 1687 protocancellarium
1164 1627 1520 1684 omnemque
1551 1609 1969 1667 assistentiam.

310 1702 414 1758 Ille
443 1719 644 1759 cursor
676 1710 870 1758 sumat
901 1701 1246 1758 Cortitianos
1277 1700 1426 1756 881
1460 1699 1750 1754 Heracleas
1770 1697 1852 1769 [id
1875 1700 1965 1752 est

313 1792 648 1849 classiarios
679 1808 747 1848 ex
776 1791 968 1847 insula
991 1791 1175 1847 Corﬁz
1197 1805 1299 1845 seu
1323 1790 1588 1860 Corcyra,
1614 1789 1762 1859 apud
1795 1790 1975 1842 Hera-

2082 616 2574 694 τοκαγκιλλαρίου.
2609 621 2721 677 Ἰνα
2751 617 2808 676 δὲ
2857 617 2964 696 ἔχῃ
2995 624 3043 660 ⁵⁸
3071 621 3295 680 ἕκαστον
3343 626 3630 684 σανδάλιον
3674 651 3741 684 το

2079 709 2370 781 κατάρτιον
2416 709 2583 762 αὐτοῦ
2630 710 2720 764 καὶ
2761 711 2823 765 τὸ
2869 715 3189 788 κερατάριον
3240 718 3324 770 καὶ
3372 717 3472 772 ἀνὰ
3515 719 3743 775 κωπίων

2076 793 2120 850 δ’
2147 796 2239 850 καὶ
2291 797 2354 852 τὸ
2402 798 2760 872 παρακώπιον
2823 802 2958 874 (53).
3005 803 3128 857 Ἓτι
3180 801 3235 859 δὲ
3281 806 3373 858 καὶ
3426 805 3648 863 amata
3699 814 3745 878 ζ¹

2078 886 2393 942 ἂκτάκωπα.
2429 888 2557 960 Περῖ
2589 893 2696 941 τῶν
2748 883 3047 962 τριϐολίων
3096 895 3232 965 (54),
3278 894 3372 948 ’ἱνα
3423 894 3676 972 ἐρωτηθῇ
3711 901 3741 953 ὁ

2074 977 2401 1045 κοιτωνίτης
2434 976 2807 1053 Θεοδώρητος,
2839 981 2892 1033 τί
2926 981 3189 1054 ἐγένοντο’
3224 984 3438 1056 ὁμοίως
3472 988 3561 1041 καὶ
3611 990 3740 1063 περὶ

2074 1071 2182 1120 τῶν
2213 1068 2448 1121 σακκίων
2481 1073 2588 1123 τῶν
2619 1074 2894 1141 περσυνῶν
2926 1073 3041 1144 (55)
3074 1072 3163 1127 καὶ
3196 1079 3303 1129 τῶν
3355 1078 3598 1146 τζαπίων
3649 1080 3742 1134 καὶ

2073 1157 2305 1225 τζόκων,
2357 1155 2688 1230 κρικελλίων
2746 1179 2806 1213 τε
2854 1160 2944 1214 καὶ
2987 1158 3292 1218 δακτυλίων
3345 1167 3434 1221 καὶ
3486 1167 3738 1242 ψελλίων

2078 1247 2166 1300 καὶ
2196 1251 2384 1321 κριῶν,
2445 1247 2531 1301 ἴνα
2579 1249 2878 1322 ἀποστείλῃ
2934 1251 3025 1305 τὸν
3078 1255 3328 1326 νοτάριον
3380 1255 3544 1312 αὐτοῦ
3597 1260 3736 1331 μετᾶ

2076 1337 2176 1403 τήν
2205 1338 2556 1414 καταγραφὴν
2589 1339 2805 1392 πάντων
2835 1339 2973 1413 πρὸς
3003 1343 3168 1413 ἡμᾶς.
3206 1344 3334 1414 Περὶ
3366 1349 3464 1398 τοῦ
3507 1347 3740 1419 ὁρισθῆ-

2077 1446 2162 1479 ναι
2193 1429 2284 1479 τὸν
2318 1425 2827 1499 παραθαλασσίτην,
2855 1426 2946 1482 ’ἱνα
2978 1427 3236 1506 ἒξοπλίσῃ
3273 1433 3378 1487 ἀπὸ
3429 1433 3736 1502 συνδόσεως

2076 1519 2185 1568 τῶν
2220 1513 2396 1569 αὐτῶν
2430 1517 2544 1587 (56)
2574 1515 2908 1590 στρατιώτας
2951 1520 3066 1586 ,ασζ
3123 1521 3338 1589 Ἰστὲον,
3390 1524 3472 1578 ὅτι
3523 1523 3744 1595 ἐδέξατο

2079 1602 2109 1658 ὅ
2138 1624 2196 1658 τε
2228 1599 2651 1681 Κιϐυρραιώτης
2686 1607 2776 1660 καὶ
2827 1608 2855 1661 ὁ
2903 1609 3189 1664 κατεπὰνω
3243 1616 3352 1667 τῶν
3401 1611 3740 1687 Μαρδαϊτῶν

2078 1692 2370 1755 ’Λτταλίας
2426 1693 2517 1747 καὶ
2568 1694 2595 1747 ὁ
2644 1694 2790 1781 λέων
2833 1699 2930 1750 τοῦ
2981 1691 3331 1771 Συμϐατίκη,
3389 1697 3479 1755 τίνει
3528 1697 3737 1781 ἔχῶσιν

2079 1782 2376 1859 ἀσφάλειαν
2409 1783 2500 1837 καὶ
2532 1779 2832 1856 ἀκρίϐειαν,
2887 1786 2975 1840 καὶ
3033 1788 3109 1859 μὴ
3159 1779 3744 1864 παραχωρῶσίνήτινα

237 1953 242 1957 ἡ
313 1881 497 1938 cleam
521 1897 654 1938 cum
691 1881 938 1938 navibus
979 1880 1291 1936 stationem
1318 1879 1607 1951 agentes].
1637 1878 1807 1933 Levet
1828 1891 1972 1947 quo-

2084 1877 2187 1926 τῶν
2217 1871 2566 1948 ἀγνωρίστων
2594 1873 2730 1946 πρὸς
2762 1874 2955 1948 Συρίαν
2986 1873 3264 1948 ἀπελθεῖν,
3297 1879 3385 1932 καὶ
3435 1875 3506 1933 δι’
3557 1881 3741 1936 αὐτῶν

2088 1961 2517 1986 1---.--_--._-_-_,_-_
2593 1962 2640 1986 2-
2674 1962 2847 1986 n,-!,_,
2941 1964 2955 1986 ς
3006 1964 3095 1986 1,‘
3134 1967 3191 1986 In
3366 1967 3377 1986 ι
3585 1967 3643 1986 τι,

315 1987 429 2042 que
458 1976 671 2027 nautas
704 1973 762 2026 in
795 1969 1030 2043 singula
1070 1969 1341 2025 sandalia
1372 1974 1710 2040 quaternos,
1753 1981 1972 2036 eosque

2084 1961 2523 2034 ἀποκομισθῆναι
2564 1962 2640 2022 εἷς
2673 1962 2867 2037 Συρίαν
2901 1964 2966 2019 τὰ
2997 1964 3105 2020 ἀπὸ
3134 1967 3443 2038 Ῥωμανίας
3474 1967 3741 2043 μανδάτα.

322 2077 454 2115 cum
487 2060 767 2116 sandaliis
800 2069 1165 2132 quantocyus
1197 2061 1389 2113 mittat
1420 2073 1552 2112 cum
1596 2053 2128 2126 protocaucellario.
2172 2054 2464 2108 Instructa
2503 2059 2679 2108 sunto
2721 2054 2987 2111 sandalia
3027 2073 3134 2112 suo
3171 2060 3446 2130 quodque
3487 2062 3641 2118 malo
3683 2067 3748 2118 et

305 2155 564 2204 antenna
594 2156 651 2206 et
682 2150 857 2206 remis
898 2148 1197 2221 quaternis
1228 2153 1284 2202 et
1315 2163 1479 2202 remo
1511 2145 1746 2200 vicario.
1783 2145 1954 2199 Levet
1995 2143 2128 2198 item
2169 2143 2410 2214 cymbas
2450 2149 2791 2198 octonorum
2837 2161 3132 2202 remorum
3166 2163 3286 2204 sex.
3332 2150 3477 2214 Quid
3521 2151 3745 2208 factum

232 2308 234 2310 ν
310 2241 383 2295 sit
415 2241 485 2294 de
517 2240 856 2303 muricibus,
891 2241 1032 2295 item
1065 2240 1135 2294 de
1166 2239 1352 2294 saccis
1383 2253 1534 2293 anno
1566 2236 1865 2307 superiore
1911 2235 2288 2305 comparatis,
2331 2234 2399 2288 de
2433 2233 2750 2304 ligonibus,
2797 2237 3120 2306 stipitibus,
3163 2238 3432 2306 circellis,
3477 2242 3742 2310 aunulis,

325 2330 641 2401 torquibus
701 2331 905 2386 ferreis
941 2338 994 2386 et
1041 2329 1281 2397 volutis,
1330 2329 1718 2399 interrogetur
1766 2328 2042 2381 ccstonita
2089 2325 2511 2389 Theodoretus,
2563 2325 2730 2395 isque
2771 2342 2905 2380 cum
2944 2329 3203 2384 indiculo
3249 2333 3513 2388 omnium
3562 2350 3745 2390 suum

315 2422 612 2476 notarium
662 2421 733 2475 ad
786 2437 892 2476 nos
927 2420 1136 2475 mittat.
1181 2423 1500 2492 Imperetur
1541 2419 1809 2489 praefecto
1848 2432 1960 2471 orae
2005 2413 2312 2470 maritimae
2354 2415 2521 2484 [steni
2569 2415 2824 2486 nempe],
2868 2422 2933 2471 ut
2973 2424 3159 2474 armet
3196 2435 3264 2474 ex
3303 2422 3745 2478 contributione

314 2511 742 2582 oppidanorum
789 2511 998 2566 milites
1039 2511 1197 2567 mille
1237 2512 1542 2565 ducentos.
1594 2511 1959 2578 Receperunt
2012 2507 2071 2560 in
2121 2519 2182 2559 se
2238 2511 2527 2576 strategus
2573 2506 2844 2560 thematis
2892 2508 3423 2580 Cibyrrhssotarum
3475 2519 3530 2567 et
3580 2517 3740 2568 cate-

317 2617 509 2674 panus
559 2603 975 2659 Mardaitarum
1032 2602 1256 2657 Attalis:
1305 2607 1364 2657 et
1406 2601 1518 2656 Leo
1568 2601 1636 2655 de
1683 2604 1854 2670 gente
1897 2595 2215 2668 Symbatici
2270 2596 2425 2650 dicta
2473 2595 2759 2652 oriundus
2809 2600 3112 2669 providere
3160 2601 3407 2658 sollicita
3455 2620 3616 2670 cura,
3669 2619 3747 2658 ne

311 2705 480 2760 quem
509 2691 774 2763 ignotum
806 2692 1104 2748 hominem
1145 2693 1342 2748 sinant
1374 2691 1430 2746 in
1467 2691 1690 2760 Syriam
1717 2688 1975 2754 evadere,
2010 2687 2178 2755 cujus
2207 2683 2494 2741 delatione
2526 2686 2666 2756 quid
2698 2702 2892 2742 rerum
2934 2693 3228 2748 nostrates
3259 2691 3504 2750 Romani
3533 2698 3746 2764 agant,

316 2779 512 2835 hostes
541 2781 926 2852 cornperiant.

317 2897 390 2954 De
410 2897 680 2967 expediti:
697 2897 757 2952 in
781 2899 1222 2969 Longobardiam
1248 2906 1486 2969 tempore
1510 2897 1722 2969 domini
1745 2894 1977 2969 Romani

437 2971 756 3042 [Lecapenij
787 2966 926 3041 imp.
958 2970 1074 3026 ind.
1107 2987 1225 3026 vm.
1260 2966 1438 3040 [Anno
1469 2971 1677 3026 Christi
1702 2966 1854 3038 935.]

345 3075 526 3131 'Cum
578 3076 1049 3146 protospathario
1098 3078 1418 3150 Epiphanio
1468 3075 1760 3148 appelleus
1820 3073 1973 3128 indi-

318 3165 511 3222 ctione
543 3173 742 3221 octava
773 3167 977 3222 classis
1013 3169 1172 3241 regia
1203 3168 1507 3224 constabat
1530 3164 1848 3222 chelandiis
1875 3168 1976 3219 aut

315 3253 647 3310 fsnunculis
699 3257 968 3310 undecim
1014 3273 1028 3325 ;
1072 3275 1200 3328 quas
1250 3263 1443 3312 autem
1501 3259 1876 3328 przrcesserat
1923 3257 1978 3309 et

310 3342 434 3412 jam
470 3342 721 3412 septima
750 3342 1066 3399 indictione
1098 3346 1208 3399 sub
1239 3345 1450 3401 ducatu
1502 3343 1726 3415 patricii
1757 3347 1973 3397 Cosmaa

323 3430 630 3499 appulerat
659 3431 888 3496 classis,
935 3431 1178 3487 totidem
1224 3432 1550 3488 chelandiis
1595 3431 1893 3487 constabat
1923 3426 1977 3484 el

323 3523 544 3588 septem
591 3519 835 3573 carabiis
886 3519 1109 3574 Russos
1157 3523 1263 3576 415
1317 3522 1683 3576 vehentibus.
1736 3520 1977 3591 Equites

317 3612 484 3662 erant
514 3621 543 3661 e
605 3607 964 3663 thematibus
1013 3608 1447 3665 Thracesiorum
1500 3615 1558 3665 et
1600 3610 1970 3677 Macedoniae,

320 3703 575 3751 rectores
633 3697 872 3767 quidem
927 3700 1054 3764 202,
1119 3700 1387 3755 scholarii
1448 3701 1748 3771 [veterani]
1799 3698 1870 3751 98
1917 3702 1972 3752 et

316 3785 520 3841 novitii
552 3786 678 3842 608.
723 3787 929 3842 Milites
970 3795 1136 3844 erant
1179 3790 1487 3861 peregrini,
1522 3794 1578 3844 et
1619 3787 1854 3859 quidem
1907 3788 1977 3842 de

315 3889 531 3945 magna
561 3874 797 3930 hetaeria
830 3878 918 3943 31,
954 3878 1022 3933 de
1066 3880 1260 3934 media
1305 3880 1539 3933 hetaeria
1587 3879 1675 3944 46,
1725 3879 1797 3932 de
1842 3880 1974 3930 Far-

315 3963 486 4034 ganis
520 3965 606 4032 45,
643 3965 713 4019 de
753 3964 1024 4020 Cbazaris
1063 3969 1153 4036 47,
1187 3968 1321 4023 dein
1363 3969 1431 4022 de
1474 3966 1733 4021 basilicis
1771 3967 1862 4031 71,
1907 3965 1977 4019 de

317 4048 568 4105 arithmo
597 4051 954 4109 urbanorum
984 4054 1074 4121 35,
1107 4056 1176 4110 de
1210 4054 1370 4110 novis
1393 4055 1633 4124 captivis
1655 4054 1745 4120 79,
1774 4052 1975 4107 Musu-

314 4139 418 4194 lini
451 4140 570 4211 [seu
606 4141 881 4198 Saraceni
914 4143 985 4198 de
1016 4144 1157 4200 urbe
1189 4149 1246 4200 et
1286 4144 1578 4216 provincia
1618 4141 1839 4216 Musse]
1886 4144 1972 4210 iis,

2942 2889 3394 2964 ταξειδευσάντων
3480 2893 3566 2950 ἐπὶ
3644 2901 3747 2953 τοῦ

2884 2963 3117 3026 ασιλέως
3149 2966 3226 3027 εἷς
3260 2963 3364 3022 ΐνδ.
3399 2973 3449 3036 η“
3481 2969 3617 3040 (57).

2157 3068 2236 3124 Τὰ
2291 3066 2626 3131 κατελθόντα
2687 3070 2824 3141 μετὰ
2880 3074 2976 3125 τοῦ
3037 3074 3534 3148 πρωτοσπαθαρίου
3587 3078 3742 3133 Ἐπι-

2083 3158 2273 3237 φανίου
2340 3155 2760 3233 βασιλοπλόϊμα
2819 3161 2930 3232 (58)
2992 3159 3259 3236 χελάνδια
3312 3163 3390 3227 εἷς
3446 3162 3744 3221 ἰνδικτίονα

2085 3255 2133 3318 η’
2170 3248 2256 3304 ια’.
2289 3247 2356 3301 τὰ
2386 3244 2830 3318 προκατελθόντα
2881 3251 3016 3322 μετὰ
3062 3255 3158 3306 τοῦ
3208 3253 3496 3329 πατρικίου
3554 3258 3750 3330 Κοσμᾶ

2087 3333 2354 3411 χελάνδια
2399 3336 2474 3396 εἰς
2527 3335 2819 3391 ἷνδικτίυνα
2853 3344 2891 3407 ς’
2926 3341 3010 3395 ια’.
3063 3341 3199 3403 Ῥῶς
3250 3338 3483 3417 καράὄια
3533 3347 3648 3418 (59)
3703 3347 3750 3416 ζ’

2085 3421 2284 3499 ἔχοντα
2315 3422 2510 3499 ἄνδρας
2562 3427 2674 3480 υιε“.
2723 3428 2819 3480 Δια
2866 3432 2975 3481 τῶν
3019 3425 3468 3505 καϐαλλαρικῶν.
3525 3439 3751 3508 Θρᾳκη-

2087 3515 2258 3569 σιᾶνοι
2316 3517 2405 3569 καὶ
2459 3512 2758 3577 Μακεδόνες
2807 3515 3071 3592 ἄρχοντες
3119 3521 3222 3594 op‘,
3276 3519 3570 3596 σχολάριοι
3622 3524 3739 3600 ιιηλ

2084 3624 2196 3657 νεοι
2230 3601 2526 3678 σχολάριοι
2569 3611 2681 3679 χηζ
2730 3605 2828 3659 Διὰ
2880 3610 2990 3660 τῶν
3046 3613 3414 3680 χαρακιωτῶν
3465 3612 3580 3683 (60)
3629 3615 3744 3665 τῶν

2087 3690 2330 3754 ἐθνικῶνο
2393 3698 2492 3761 τῆς
2557 3691 2799 3768 μεγάλης
2885 3692 3149 3769 ἓταιρείας
3211 3695 3393 3771 ἄνδρες
3481 3695 3583 3752 λα’·
3641 3705 3752 3769 τῆς

2091 3779 2262 3853 μέσης
2322 3781 2588 3855 ἑταιρείας
2645 3779 2832 3857 ἄνδρες
2895 3788 2997 3855 μζ’.
3061 3787 3342 3860 Φαργάνοι
3399 3784 3589 3861 ἄνδρες
3641 3790 3750 3862 με’.

2084 3871 2323 3943 Χάζαροι
2371 3871 2476 3942 μζ·
2539 3871 2645 3925 ἀπὸ
2700 3876 2806 3925 τῶν
2873 3872 3172 3947 βασιλικῶν
3239 3876 3428 3951 ἂνδρες
3487 3885 3586 3932 om"
3639 3877 3753 3935 ἀπὸ

2087 3963 2183 4012 τοῦ
2225 3958 2463 4032 ἀριθμοῦ
2506 3964 2612 4014 τῶν
2666 3959 2717 4015 ἐν
2769 3964 2835 4036 τῇ
2896 3962 3055 4018 πόλει
3107 3962 3295 4040 ἂνδρες
3345 3965 3437 4022 λε’·
3492 3968 3597 4022 ἀπὸ
3635 3973 3751 4022 τῶν

2089 4046 2220 4102 νέων
2266 4046 2644 4122 αἰχμαλώτων
2696 4057 2790 4113 00‘.
2839 4052 3212 4108 Μουσουλινοὶ
3263 4058 3374 4128 (61)
3424 4052 3612 4132 ἄνδρες
3669 4077 3746 4111 ια·

2089 4144 2432 4213 Πανορμῖται
2492 4136 2680 4214 ἄνδρες
2745 4143 2834 4211 ιη“.
2896 4145 3132 4217 Τοῦρκοι
3209 4148 3321 4219 (62)
3399 4143 3586 4222 ἄνδρες
3631 4145 3743 4206 τπδ’,

2081 2889 2179 2942 Διά
2237 2893 2343 2942 τῶν
2405 2888 2456 2941 ἐν
2519 2884 2835 2964 Λαγοϐαρδί

2191 2963 2360 3032 κυροῦ
2392 2961 2682 3033 Ῥωμανοῦ
2712 2965 2810 3016 τοῦ
2843 2911 2878 3037 ἓ

2191 2963 2360 3032 κυροῦ
2392 2961 2682 3033 Ῥωμανυῦ
2712 2961 2810 3016 me

1675 4252 1914 4307 VARIE
1955 4249 2373 4306 LECTIONES.

385 4336 431 4373 ⁵⁵
460 4331 574 4412 ἔχει
608 4339 736 4395 cod.
769 4344 825 4397 et
854 4343 968 4412 ed.,
1005 4347 1068 4398 ut
1096 4342 1256 4398 alibi.

1362 4442 1562 4498 JOAN.
1603 4441 1748 4498 JAC.
1791 4438 2048 4495 REISKII
2087 4437 2671 4494 COMMENTARIUS.

390 4538 501 4609 (53)
563 4539 806 4594 Videtur
859 4556 1055 4595 remus
1118 4541 1364 4596 vicarius
1423 4557 1570 4609 esse,
1633 4541 1814 4595 fracto
1874 4544 1976 4593 aut

319 4608 538 4664 amisso
578 4611 1050 4692 s_ubstituendus.
1097 4615 1161 4668 In
1205 4616 1276 4667 M.
1321 4619 1444 4668 erat
1481 4608 1710 4685 παρακω
1750 4627 1886 4667 cum
1936 4630 1976 4664 π

319 4688 740 4749 suprascripto.
1460 4717 1463 4720 ι

388 4753 500 4822 (54)
531 4753 908 4810 Tribulorum
942 4772 1039 4810 seu
1082 4757 1370 4811 muricum
1417 4757 1474 4809 in
1521 4753 1687 4809 bellis
1731 4754 1972 4810 usitato-

315 4839 445 4898 rum
465 4837 793 4898 accuratam
823 4827 1062 4883 memini
1090 4845 1184 4883 me
1208 4827 1420 4898 legisse
1441 4826 1890 4896 descriptionem
1915 4827 1971 4880 in

315 4893 580 4966 ProcOpii
615 4899 880 4963 historia,
915 4900 1150 4954 Gothica
1184 4893 1467 4964 nii'allor,
1505 4899 1604 4954 sed
1640 4893 1832 4954 locum
1860 4915 1974 4954 non

321 4967 587 5041 annotavi
623 4988 637 5034 ;
675 4971 789 5024 vid.
825 4971 891 5024 ad
931 4987 983 5041 p.
1020 4971 1145 5025 389.

391 5035 506 5103 (55)
541 5037 623 5092 [ta
654 5045 743 5094 est
772 5041 831 5096 in
869 5035 951 5098 M'.
989 5044 1152 5099 Forte
1184 5041 1315 5097 novi
1345 5040 1528 5097 Graeci
1561 5040 1643 5096 sic
1669 5041 1980 5098 enuntiant

323 5120 442 5178 pro,
458 5112 777 5178 περυσινῶν.

395 5176 883 5256 (56)Ἰ³υι·ιθ-τῶν
928 5181 1127 5240 ἀστῶν.
1179 5185 1244 5241 Id
1290 5189 1444 5240 certe
1491 5184 1569 5256 in,
1597 5185 1818 5240 Latinis
1877 5202 1976 5242 ex-

323 5251 506 5330 pressi
545 5271 559 5314 ;
591 5254 650 5330 at
676 5251 867 5330 solent
887 5257 1069 5330 amba!
1105 5273 1271 5330 voces
1296 5274 1329 5311 a
1351 5255 1608 5330 librariis
1634 5259 1977 5330 permutari,

323 5321 390 5448 Et
415 5321 776 5448 gonstravit
803 5325 956 5378 doct.
991 5326 1070 5384 Io.
1107 5329 1410 5384 Piersonus
1434 5321 1760 5383 Verosimil.
1789 5328 1888 5397 1.1,
1922 5321 1973 5384 3.

391 5463 509 5546 (5‘7)
544 5462 756 5546 [Incidit
976 5467 1036 5524 C.
1068 5469 1193 5534 935,
1229 5486 1343 5540 qua
1373 5472 1662 5546 tamenin
1695 5472 1980 5546 temporis

318 5536 724 5608 nota_subesse
743 5536 974 5592 videtur
993 5555 1175 5608 error,
1209 5536 1271 5594 ut
1303 5557 1334 5596 e
1357 5541 1626 5596 dicendis
1648 5543 1718 5598 ad
1745 5536 1978 5599 titulum

321 5604 653 5687 proximum
685 5608 997 5687 constabit.
1027 5604 1326 5667 Romanus
1349 5628 1465 5668 non
1497 5611 1725 5680 Junior,
1751 5615 1847 5670 sed
1873 5619 1971 5670 Le-

317 5691 591 5750 capeuus
615 5679 982 5750 intelligitur.

397 5746 514 5814 (58)
543 5746 644 5801 Vel
679 5746 878 5816 etiam,
914 5753 962 5807 si
999 5752 1131 5822 quis
1166 5751 1352 5816 malit,
1405 5751 1874 5826 βασιλοπλοΐμου.
1918 5757 1978 5814 In

2007 4869 2055 4931 D

2085 4538 2271 4616 Haesit.
2291 4533 3043 4616 ἓασιλοπλφᾳροςςιρὺυιη
3068 4541 3304 4597 dederat
3331 4539 3754 4616 βασιλικοπλοι.

2158 4607 2272 4678 (59)
2294 4607 2448 4683 sunt
2478 4607 2710 4683 navigia
2741 4607 2989 4683 minora,
3025 4629 3153 4683 quas
3196 4607 3524 4683 majoribus
3564 4616 3755 4673 inser-

2083 4679 2274 4754 viunt.
2328 4679 2468 4734 Tale
2519 4681 2820 4754 navigium
2867 4679 3130 4754 designat
3160 4679 3548 4742 vnx'Arabica
3590 4691 3753 4748 unde

2085 4750 2380 4824 haeciorta
2428 4767 2534 4824 ;_v.
2569 4750 2898 4824 _Du’Cange
2937 4750 3294 4811 foarabus.
3337 4757 3453 4813 Non
3501 4763 3754 4816 confun-

2086 4823 2278 4898 denda
2309 4822 2535 4892 species
2567 4822 2686 4898 haec
2717 4822 2855 4878 cuni
2894 4826 3074 4898 altera
3116 4829 3351 4882 navium
3387 4831 3600 4898 specie,
3644 4831 3750 4887 Go-

2088 4894 2184 4975 νιιζ)
2217 4908 2319 4947 seu
2351 4896 2770 4975 corvus_dictn_,_
2801 4896 2953 4975 unde
2993 4899 3180 4975 La_tini
3205 4915 3326 4975 sua
3363 4894 3599 4972 gclabia
3640 4920 3748 4958 no-

2089 4965 2390 5020 minarunt
2439 4965 2602 5031 ;vid.
2647 4968 2851 5022 Cali'ari
2897 4969 3151 5025 Annales
3188 4965 3530 5028 Genuenses
3573 4991 3608 5028 ι.
3654 4975 3752 5032 Vl.

2086 5036 2392 5174 ἓιὲἴῶῌθιι.
2449 5035 2575 5093 Ital.
2630 5037 2837 5094 Murat.
2885 5056 2941 5111 p.
3003 5042 3128 5096 261.
3189 5047 3246 5098 et
3305 5045 3383 5098 Du
3443 5044 3634 5117 Gange
3692 5065 3754 5103 ν.

2251 5125 2319 5161 τι.

2159 5148 2608 5258 (ξῷ)“νὶίίεηιιις
2665 5180 3030 5258 iide_m_esse
3061 5188 3237 5258 atque
3289 5185 3341 5239 οἱ
3397 5186 3747 5258 Χαρακηνοί,

2085 5252 2292 5306 milites
2348 5252 2615 5319 gregarii,
2683 5253 2781 5323 qui
2842 5253 3112 5310 destinati
3142 5252 3302 5312 sunt
3355 5252 3750 5330 expeditioni-1

2087 5338 2210 5420 bus
2257 5337 2503 5405 bellicis,
2561 5345 2619 5395 et
2678 5349 2738 5396 ut
2797 5341 2856 5397 in
2923 5343 3093 5410 vallo,
3160 5347 3239 5414 τῷ
3313 5346 3540 5420 χάρακι,
3616 5363 3748 5404 ver-

2091 5418 2633 5565 εέῗὲῗῖζγὶᾱθῃιιιιχ
2669 5499 2798 5540 esse
2844 5485 3060 5565 arabes
3115 5487 3440 5565 aut_Turc_i
3497 5505 3564 5545 ex
3612 5506 3749 5565 pro-

2089 5551 2635 5679 :Ltacuigtitdusulensi
2667 5571 2772 5611 seu
2803 5573 2833 5613 e
2865 5556 3281 5629 Mesopotamia
3323 5560 3474 5615 bello
3504 5551 3656 5632 capti
3687 5567 3751 5620 et

2090 5639 2467 5772 Ὓῗὸιέῗῑὲυηι
2494 5697 2595 5772 qui
2631 5697 2802 5772 hodie
2833 5699 3089 5772 Hungari
3128 5701 3428 5760 dicuntur.
3462 5703 3606 5761 Nam
3640 5702 3749 5762 bo-

2091 5765 2297 5823 dierna
2327 5765 2628 5836 Bungaria
2657 5769 2794 5826 olim
2830 5765 3041 5829 Turcia
3073 5774 3365 5830 audiebat.
