4094 6366
283 451 440 514 1229

1123 457 1224 519 DE
1263 443 1719 524 CEBIMONIIS
1765 464 1999 526 AULAE
2044 466 2527 530 BYZANTINE
2568 471 2723 532 LIB.
2772 471 2852 533 II.

3543 480 3700 542 1230

280 592 453 648 αὐτοῦ
484 592 655 668 ῥηγὸς
688 593 803 666 (Ἠ)
835 592 1217 682 σκαραμαὶγγια
1247 591 1493 672 δίκτρινα
1541 598 1604 661 ς’.
1639 597 1805 674 Λόγῳ
1833 602 1930 654 τοῦ

2060 600 2270 665 ;huris;
2297 601 2477 674 alipta
2513 603 2640 661 500.
2672 607 2783 662 Pro
2814 606 2942 676 ejus
2971 615 3190 680 septem
3231 610 3540 672 comitibus
3569 615 3698 672 sin-

274 682 525 754 κόμητος
555 683 646 736 καὶ
681 681 989 759 μαρκησίου
1020 686 1130 756 (72)
1160 689 1258 739 τοῦ
1282 686 1448 741 αὐτοῦ
1472 685 1641 763 ρηγὸς
1670 691 1768 742 τοῦ
1787 686 1932 760 πλη-

276 772 558 842 σιάζοντος
588 771 651 826 τὸ
683 770 822 844 θέμα
852 766 1230 849 Λαγοϐαρδίας
1264 776 1652 852 σκαραμάγγια
1692 784 1748 846 ε’,
1795 776 1938 832 δικί-

271 883 453 938 τρινον
484 863 549 930 α’,
584 857 857 937 διρόδινον
892 864 960 935 α’,
993 859 1265 920 διϐένετον
1294 867 1358 932 α’,
1395 864 1658 940 δίασπρον
1691 869 1757 922 at"
1791 869 1934 942 ὁμοῦ

276 953 668 1030 σκαραμάγγια
702 953 766 1022 θ’,
801 951 1078 1030 ἐσωφὸρικ
1110 953 1174 1024 δ’,
1209 954 1485 1034 ἐσωφόρια
1519 956 1837 1029 λεπτόζηλο.
1865 961 1932 1034 γ“’

279 1044 424 1117 ὁμοῦ
456 1048 516 1113 ζ’.
551 1044 723 1118 Ἔργα
752 1041 960 1119 ἀργυρᾶ
993 1041 1263 1124 διάχρυσα
1293 1047 1361 1119 γ’.
1399 1045 1460 1102 Εἰ
1493 1043 1550 1101 δὲ
1577 1048 1666 1102 καὶ
1707 1047 1865 1110 αὐτὸς
1906 1049 1934 1103 6

285 1132 384 1208 ῥήξ
417 1131 478 1187 οὔ
516 1131 910 1208 παραγένηται,
945 1133 1245 1210 ἀποστείλῃ
1280 1131 1337 1190 δὲ
1366 1133 1522 1207 λαὸν,
1570 1137 1661 1192 καὶ
1704 1158 1938 1193 καταποο

285 1220 575 1296 λεμήσωσι
601 1221 691 1276 καὶ
722 1223 1024 1297 ἀφανίσωσι
1055 1224 1182 1286 τοὺς
1213 1223 1519 1289 ἀποστάτας
1552 1229 1640 1282 καὶ
1680 1226 1936 1302 παραδώ-

285 1333 423 1366 σωσι
465 1312 535 1366 τὰ
582 1312 785 1386 κὰστρα
832 1317 911 1384 τῷ
968 1318 1254 1390 στρατηγῷ
1310 1310 1710 1392 Λαγοόαρδίας.
1761 1316 1938 1372 ὡσαύ-

283 1421 398 1463 τως
430 1398 502 1456 δι⁹
530 1400 708 1456 αὐτῶν
734 1400 1036 1477 ἀποστείιιῃ
1069 1404 1137 1458 τὰ
1166 1403 1545 1481 προρῥηθὲντα
1580 1407 1753 1461 πάντα
1800 1408 1936 1482 πρὸς

285 1491 382 1546 τὸν
445 1491 604 1566 ῥῆγα.
655 1487 953 1560 Ἐδόθησαν
994 1496 1072 1564 τῷ
1113 1494 1590 1569 πρωτοσπαθαρίῳ
1639 1495 1940 1572 Ἑπιφανῖῳ

289 1577 448 1654 λόγῳ
480 1576 666 1649 ἐξόδου
699 1581 811 1654 (73)
837 1583 935 1635 τοῦ
982 1578 1150 1637 αὗτοῦ
1199 1580 1465 1656 ταξειδίου
1512 1590 1613 1654 τῆς
1663 1579 1942 1662 Λαγοϐαρ-

287 1665 408 1732 δίας
465 1669 852 1744 σκαραμάγγια
900 1666 1171 1748 διαφόρων
1228 1677 1437 1746 χροιῶν
1489 1672 1581 1728 καὶ
1631 1673 1935 1748 ἐξεμπλίων

289 1761 358 1830 ς’,
427 1757 692 1835 ἔσωρόρια
749 1758 982 1816 ὀκτάλια
1037 1759 1111 1832 λ’,
1174 1761 1410 1838 λωρωτὰ
1465 1765 1533 1833 κ’,
1583 1763 1819 1835 ἀληθινά
1872 1772 1935 1822 κ’.

288 1849 380 1920 Ἐξ
426 1849 600 1905 αὐτῶν
648 1845 934 1920 ἐξωδίασεν
992 1851 1020 1906 6
1077 1853 1565 1925 πρωτοσπαθάριος
1625 1856 1937 1932 Ἐπιφάνιος

286 1938 673 2012 σκαραμάγγια
705 1939 774 2012 β’,
825 1939 1097 2017 ἐσωφόρια
1145 1940 1372 1996 ὀκτάλια
1423 1947 1503 2012 ιζ’,
1554 1945 1790 2019 Αωρωτᾶ
1840 1945 1932 2018 ιβ’,

283 2024 525 2098 ἀληθινὰ
553 2023 638 2084 ιδ’.
674 2027 825 2084 Μετά
858 2024 914 2082 δὲ
959 2029 1021 2082 τὸ
1071 2025 1401 2105 ἀναδραμεῖν
1446 2029 1605 2086 αὐτὸν
1657 2031 1934 2106 εἰσεκόμι-

284 2137 375 2171 σεν
439 2115 508 2172 τὰ
571 2116 994 2190 περισσεύσαντα
1059 2120 1440 2196 σκαραμεὶγγια
1529 2119 1597 2192 δ’,
1666 2120 1940 2200 ἐσωφόρια

289 2206 517 2262 ὀκτάλια
551 2207 639 2281 ιγ’,
671 2204 908 2282 λωρωτᾶ
957 2214 1028 2279 η’,
1087 2207 1322 2280 ἀληθινα
1365 2218 1428 2274 ς“.
1476 2211 1690 2280 Ἰστέον,
1744 2213 1827 2268 ὅτι
1873 2213 1940 2268 τὰ

288 2297 552 2371 Θεματικὰ
606 2296 822 2371 πλόϊμα
877 2296 929 2354 ἐν
981 2302 1049 2373 τῇ
1114 2301 1252 2356 κατά
1307 2302 1532 2377 Κρήτης
1592 2301 1763 2378 ἀφίξει
1821 2301 1942 2375 ἐρο-

283 2385 554 2463 γεύθησαν
585 2390 640 2457 (7
679 2391 697 2459 )
740 2384 931 2450 οὕτως*
986 2389 1037 2443 οἱ
1085 2390 1436 2466 τουρμάρχαι
1485 2390 1585 2444 ἀνὰ
1632 2389 1699 2458 λ¹,
1751 2392 1807 2445 οἱ
1845 2390 1942 2446 κό-

288 2496 464 2548 μητες
494 2477 594 2540 τῆς
637 2475 839 2550 κὸρτης
887 2476 983 2531 δινὰ
1033 2483 1099 2546 κ’,
1148 2479 1200 2534 οἱ
1249 2477 1644 2553 χαρτουλάριοι
1693 2485 1803 2534 τῶν
1853 2491 1942 2544 οε·-

287 2564 480 2639 μςὶτων
525 2565 627 2620 ἀνὰ
671 2572 737 2632 κ’,
785 2567 836 2620 οἱ
886 2562 1201 2638 δομέστικοι
1257 2571 1365 2622 τῶν
1425 2567 1673 2641 θεμάτων
1730 2569 1830 2624 ἀνᾶ
1874 2577 1940 2639 κ’,

285 2656 339 2710 οἱ
383 2651 738 2729 δρουγγάριοι
766 2653 865 2709 ἀνὰ
914 2656 981 2725 κ’,
1031 2657 1088 2710 o't
1137 2655 1378 2730 κόμητες
1417 2658 1514 2711 ὀινᾶ
1559 2664 1621 2726 c;‘,
1673 2659 1724 2712 οἱ
1778 2678 1941 2732 στρα-

281 2749 483 2800 τιῶται
515 2743 611 2798 ἀνὰ
641 2743 711 2819 γ’,
763 2744 819 2797 οἱ
868 2743 1169 2820 ναύκληροι
1228 2750 1335 2800 τῶν
1391 2745 1604 2824 γαλεῶν
1648 2747 1747 2803 ἀνὰ
1795 2744 1862 2818 δ’,
1916 2747 1944 2802 ὁ

286 2835 422 2896 λαὸς
485 2839 598 2890 τῶν
656 2834 892 2910 γαλεῶν,
949 2834 1077 2906 ἤτοι
1156 2837 1209 2891 οἱ
1295 2834 1626 2912 Μαρδαῖται,
1715 2838 1815 2893 ἀνὰ
1872 2840 1942 2914 γ’.

290 2923 515 2991 ’[στὲον,
565 2923 671 2994 ὃτι,
712 2925 765 2979 οἱ
813 2928 911 2979 τοῦ
967 2924 1202 2999 θέματος
1261 2931 1359 2983 τοῦ
1415 2927 1781 3002 Χαρπεζικίου
1833 2930 1942 3000 (75)

285 3013 640 3089 ἱρογεύοησεν
702 3012 898 3077 οὓτως.
946 3016 1012 3073 Οἱ
1065 3014 1300 3091 μεγάλοι
1352 3020 1726 3094 τουρμάρχαι,
1778 3020 1806 3073 ὁ
1856 3039 1948 3092 με·

281 3102 555 3180 ριάρχης,
587 3103 616 3158 6
646 3102 827 3177 κόμης
863 3107 963 3168 τῆς
1011 3105 1216 3180 κόρτης
1262 3106 1352 3161 καὶ
1399 3108 1427 3162 ὁ
1479 3105 1798 3181 ὃομὲστικος
1845 3114 1946 3163 τοῦ

282 3192 530 3266 θέματος
591 3191 686 3247 ἀνὰ
752 3194 808 3261 ε’,
879 3194 931 3248 o't
1001 3192 1349 3269 ἒλαττὸτεροι
1432 3197 1783 3274 τουρμάρχαι
1849 3199 1946 3254 ἀνὰ

278 3281 643 3355 ννμισμὰτων
680 3279 740 3351 6‘,
775 3283 826 3336 οἱ
869 3281 1222 3358 δρουγγάριοι
1275 3285 1370 3339 ἀνὰ
1399 3287 1468 3362 γ’,
1519 3287 1570 3341 o't
1617 3292 1943 3362 στρατιῶται

2046 691 2194 762 gulis
2218 692 2529 765 esophoria
2551 695 2709 753 bina.
2743 697 2850 752 Pro
2882 714 2978 755 sex
2999 699 3124 771 ejus
3153 701 3700 776 episcopistotidem

2047 783 2454 854 scaramangia
2485 785 2715 843 citrina.
2746 787 3223 859 Proejuscomite
3255 797 3312 847 et
3343 796 3698 866 marchione,

2047 871 2567 942 cujusjurisdictio
2601 891 2732 930 cum
2764 877 3065 949 provincia.
3109 879 3524 952 Longobardiaa
3557 902 3701 942 con-

2047 962 2344 1028 terminat,
2383 966 2795 1038 scaramangia
2841 967 2897 1035 5,
2940 967 3215 1023 citrinum
3280 971 3330 1041 1,
3383 987 3611 1030 roseum
3649 977 3699 1040 1,

2048 1056 2317 1106 venetum
2354 1053 2403 1121 1,
2438 1058 2495 1108 et
2525 1053 2723 1110 album
2754 1056 2777 1109 1
2808 1071 2821 1122 ;
2874 1056 2934 1111 in
2968 1057 3302 1114 universum
3365 1077 3699 1119 scaraman-

2047 1141 2140 1210 gia
2194 1140 2247 1195 9.
2302 1143 2441 1197 Item
2499 1143 2810 1217 esophoria
2867 1146 3314 1221 [praestantiora]
3385 1152 3419 1206 4
3472 1155 3529 1208 et
3588 1154 3702 1209 tria

2050 1228 2270 1284 minuta
2303 1251 2317 1298 ;
2352 1231 3116 1308 simulesophoria7;opera
3146 1241 3702 1310 argenteainaurata

2046 1318 2100 1372 3.
2137 1319 2398 1375 Habebat
2429 1321 2788 1394 Epiphanius
2811 1324 2869 1380 in
2902 1327 3220 1395 mandatis,
3244 1333 3328 1395 ut,
3361 1330 3410 1384 si
3445 1346 3543 1387 rex
3574 1331 3700 1404 ipse

2050 1424 2164 1463 non
2225 1409 2524 1467 adveniret
2573 1412 2688 1468 sibi
2733 1413 3107 1484 opitulatum,
3181 1417 3433 1474 mitteret
3499 1423 3700 1477 tamen

2050 1496 2264 1568 copias,
2299 1515 2426 1568 quas
2458 1500 2800 1573 subigerent
2837 1506 2896 1557 et
2952 1505 3408 1563 exterminarent
3437 1507 3702 1579 rebelles,

2049 1585 2396 1658 praesidique
2418 1588 2825 1661 Longobardiaa
2852 1597 3039 1651 castra
3064 1595 3460 1661 restituerent,
3496 1598 3706 1656 nihilo-

2051 1670 2245 1727 minus
2303 1674 2425 1745 regi
2505 1675 2778 1745 praedicta
2807 1694 3053 1734 munera
3113 1681 3363 1739 mitteret
3419 1699 3524 1756 per
3579 1687 3704 1756 ejus

2050 1759 2337 1829 homines,
2376 1762 2532 1818 haud
2562 1780 2734 1822 secus
2756 1783 2820 1821 ac
2853 1767 3042 1839 siipse
3065 1769 3361 1826 adfuisset.
3394 1774 3702 1830 Addeban-

2051 1854 2149 1906 tur
2189 1853 2653 1925 protospathario
2698 1855 3024 1928 Epiphanio
3056 1874 3122 1914 eo
3155 1860 3289 1929 fine,
3325 1863 3389 1917 ut
3437 1862 3699 1934 haberet,

2052 1939 2207 1995 unde
2246 1950 2517 2013 sumptus
2586 1942 2644 1998 in
2704 1943 2804 1999 illa
2856 1945 3288 2018 Longobardica
3335 1952 3703 2022 expeditione

2051 2028 2284 2096 faceret,
2314 2031 2722 2103 scaramangia
2745 2033 3101 2091 diversorum
3137 2036 3396 2094 colorum
3426 2045 3484 2096 et
3513 2057 3702 2097 exem-

2050 2115 2282 2188 plorum
2315 2134 2560 2175 numero
2591 2135 2712 2187 sex,
2747 2121 3056 2193 esophoria
3085 2124 3295 2180 octalia
3324 2143 3428 2182 seu
3468 2128 3701 2185 octoul-

2051 2207 2214 2262 naria
2243 2207 2332 2277 30,
2400 2206 2588 2264 lorota
2617 2225 2720 2265 seu
2741 2209 2880 2266 loris
2911 2211 3196 2284 insignita
3225 2215 3314 2272 vel
3380 2219 3702 2276 cancellata

2048 2296 2139 2365 20,
2199 2297 2375 2352 rubra
2419 2299 2510 2354 20.
2563 2299 2643 2354 De
2701 2299 2790 2356 his
2874 2303 3153 2373 expendit
3202 2308 3703 2379 protospatharius

2049 2385 2412 2458 Epiphanius
2462 2391 2869 2461 scaramangia
2915 2394 2974 2459 2,
3034 2394 3347 2467 esophoria
3370 2397 3580 2455 octalia
3612 2399 3704 2466 17,

2051 2475 2234 2532 lorota
2266 2477 2348 2548 12,
2393 2479 2572 2534 rubra
2605 2479 2688 2534 14.
2719 2479 2963 2553 Reliqua
3009 2484 3345 2542 restituebat
3395 2486 3452 2543 in
3497 2488 3703 2546 urbem

2054 2580 2340 2642 reversus,
2400 2569 2800 2639 scaramangia
2852 2570 2906 2638 4,
2966 2573 3278 2642 esophoria
3354 2577 3564 2634 octalia
3613 2579 3702 2646 13,

2052 2652 2237 2710 lorota
2267 2657 2319 2723 8,
2354 2655 2531 2711 rubra
2559 2657 2613 2712 6.
2671 2657 2973 2715 Classiarii
3034 2662 3419 2733 provinciales
3451 2665 3704 2737 accipie-

2055 2743 2200 2798 bant
2227 2745 2288 2801 in
2315 2744 2675 2817 expeditione
2705 2747 2974 2804 Cretense
2992 2766 3161 2823 rogas
3183 2751 3240 2807 in
3257 2752 3414 2809 hunc
3427 2755 3665 2812 modum
3687 2773 3700 2812 :

2054 2835 2402 2891 turmarchae
2435 2835 2664 2907 trigena
2693 2838 3057 2895 numismata
3089 2841 3362 2909 ;comites
3391 2843 3568 2900 cortis
3599 2861 3701 2902 seu

2056 2927 2308 2999 praetorii
2335 2924 2538 2982 vicena
2570 2925 3280 2995 ;chartulariithemalum
3308 2931 3447 2988 item
3471 2932 3700 3005 vicena;

2055 3016 2361 3074 domestici
2394 3015 2721 3071 thematum
2755 3016 2891 3072 item
2925 3035 2938 3085 ;
2974 3018 3274 3090 drungarii
3300 3024 3701 3092 tantumdem;

2055 3109 2296 3165 comites
2346 3121 2533 3171 sena;
2594 3107 2845 3178 gregarii
2914 3107 3132 3164 milites
3187 3113 3398 3181 terna;
3451 3113 3706 3170 naucleri

2055 3200 2355 3272 galearum
2379 3213 2482 3253 seu
2514 3196 2842 3252 triremium
2868 3202 3184 3269 quaterna;
3236 3202 3484 3272 populus
3505 3203 3706 3276 galea-

2058 3305 2183 3344 rum
2215 3303 2314 3343 seu
2339 3285 2506 3342 turba
2536 3288 2786 3356 nautica,
2836 3285 3133 3342 Mardaitae
3175 3294 3333 3360 puta,
3369 3293 3552 3347 terna.
3597 3292 3705 3357 Qui

280 3373 386 3428 ἀνᾶ
524 3371 742 3445 Ἰστέον,
805 3371 887 3428 ὅτι
939 3375 992 3429 οἱ
1041 3370 1445 3445 ΣΘλαϐηο-ισὶνοι
1498 3378 1548 3432 οἱ
1601 3380 1942 3443 καθισοὲντες

2060 3380 2127 3435 de
2158 3377 2412 3432 themate
2459 3374 2769 3447 Cbarpezic
2809 3378 2996 3442 erant,
3027 3377 3390 3448 accipiebant
3436 3396 3604 3451 rogas
3641 3380 3704 3438 in

279 3461 366 3523 εἷς
397 3463 461 3517 τὸ
511 3460 726 3536 ὀψίκιον
778 3461 1145 3538 ἧρογεύϐησαν
1199 3463 1396 3528 οὕτως·
1455 3467 1511 3520 αἱ
1568 3472 1715 3540 τρεῖς
1763 3467 1936 3522 αὐτῶν

280 3549 524 3628 κεφαλαὶ
579 3548 675 3606 ἀνὰ.
722 3557 778 3619 ε’,
829 3552 920 3606 καὶ
970 3553 1021 3608 οἱ
1075 3550 1263 3610 λοιποὶ
1299 3554 1398 3610 ἀνὰ
1456 3562 1810 3629 νομισμάτων
1862 3559 1935 3632 γ’.

2050 3467 2206 3523 hunc
2239 3465 2503 3521 modum.
2540 3464 2733 3534 Magni
2763 3465 3138 3533 turmarchae,
3188 3465 3326 3524 item
3352 3469 3704 3539 meriereha,

2049 3573 2243 3614 comes
2264 3554 2443 3611 cortis
2501 3559 2557 3610 et
2615 3553 2974 3611 domesticus
3016 3553 3294 3614 thematis
3343 3558 3708 3631 accipiebant

1329 3653 1528 3710 JOAN.
1569 3655 1714 3712 JAC.
1757 3656 2023 3712 BElSKll
2062 3649 2655 3710 COMMENTARIUS.

283 3751 416 3807 erat
447 3747 768 3822 Manasses,
815 3749 956 3805 olim
1017 3750 1324 3822 episcopus
1381 3751 1756 3819 Arelatensis,
1810 3761 1949 3809 tunc

286 3830 490 3877 autem
524 3820 594 3874 ab
618 3822 802 3894 aliine
831 3837 961 3889 suo,
994 3820 1127 3894 rege
1147 3820 1410 3892 Hugone,
1433 3825 1490 3880 in
1525 3823 1745 3881 Italiam
1778 3841 1947 3881 voca-

285 3897 396 3966 tus
425 3903 480 3948 et
536 3893 874 3966 episuupatu
918 3893 1406 3966 atqueimarehia
1465 3897 1752 3966 Tridenti,
1811 3898 1949 3953 item

285 3965 633 4036 episcopatu
663 3963 1070 4036 Mantuano’et
1101 3965 1419 4023 Veronensi
1473 3963 1747 4035 donatus,
1797 3971 1950 4024 Mar-

289 4034 431 4093 chio
463 4034 756 4103 Eporedize
789 4043 912 4092 erat
964 4037 1368 4106 Berengarius,
1432 4039 1590 4095 ﬁlius
1629 4039 1946 4096 Adelberti.

285 4106 658 4176 Spoletinum
711 4107 979 4178 protinus
1012 4109 1452 4166 nominabinus.
1503 4111 1612 4166 Sed
1655 4111 1951 4167 Albericus

288 4180 546 4252 gemam
582 4178 861 4252 consulis,
890 4180 1147 4252 nomine
1177 4182 1438 4252 regebat,
1485 4181 1747 4238 Marociaa
1793 4184 1951 4239 filius

287 4250 579 4323 Hugonis
595 4251 749 4323 regis
781 4251 1100 4323 privignus.
1133 4251 1198 4307 1n
1250 4250 1536 4323 reliquos,
1582 4253 1633 4309 si
1665 4255 1830 4322 tanti,
1861 4255 1952 4310 in-

286 4323 538 4396 quirant
569 4321 821 4378 historiae
843 4322 1054 4380 Italicae
1102 4323 1279 4379 medii
1345 4321 1450 4378 aevi
1480 4325 1696 4382 curiosi
1742 4321 1949 4400 ruspa-

290 4403 476 4451 tores.

367 4465 482 4540 (71)
512 4465 962 4540 Quinamietiam
997 4465 1058 4521 hi
1091 4466 1324 4540 sintsex
1356 4465 1615 4540 episcopi
1649 4468 1804 4538 regis
1836 4470 1950 4525 liu-

289 4537 492 4612 gonis,
519 4553 610 4612 me
644 4537 856 4612 melius
897 4540 1152 4612 dixerint
1207 4537 1580 4612 historiaium
1639 4537 1817 4595 medii
1849 4541 1953 4612 διειγί

287 4609 492 4684 periti.
525 4609 697 4684 Forte
717 4609 935 4684 fuerint
959 4610 1022 4684 hi
1052 4610 1302 4684 P_isanus
1316 4619 1414 4684 aut
1443 4610 1952 4684 Janueus_is,'[‘ici-

291 4680 522 4749 hensis,
554 4680 1027 4749 Mediolanensis,
1051 4681 1430 4751 Veronensis,
1489 4681 1868 4754 Aquileianus
1900 4691 1955 4740 et

292 4754 625 4811 Ravonnas.

373 4826 490 4896 (72)
539 4824 818 4893 Marchio,
886 4823 1009 4896 regi
1059 4824 1287 4896 Hugoni
1340 4839 1575 4896 parens,
1634 4829 1703 4882 ad
1763 4825 1966 4882 thema

295 4896 713 4964 Longobardiaa
768 4897 1072 4967 proximus
1122 4901 1248 4953 erat
1329 4898 1482 4953 circa
1536 4897 1640 4952 illa
1695 4903 1960 4967 tempora

297 4967 691 5040 Theobaidus,
736 4967 954 5037 Spoleti
1010 4973 1067 5023 et
1111 4969 1396 5025 Camertis
1453 4969 1747 5040 Marchio,
1777 4984 1959 5040 eoque

297 5042 366 5096 Δ.
386 5039 498 5111 934
520 5039 822 5104 defuncto,
881 5041 1232 5111 Ansgarius,
1265 5040 1423 5096 filius
1453 5039 1775 5107 Adelberti,
1807 5039 1961 5096 Mar-

297 5109 535 5168 chionis
566 5111 888 5184 Eporediaa.
950 5109 1274 5182 Spoletani,
1318 5113 1589 5183 quamvis
1626 5114 1802 5184 duces
1837 5113 1961 5184 ple-

302 5197 562 5252 rumque
618 5181 906 5249 audirent,
969 5181 1166 5240 revera
1225 5181 1419 5239 tam'en
1474 5181 1853 5240 marchiones'
1907 5188 1963 5240 et

301 5254 552 5327 comites
609 5258 796 5327 erant,
852 5259 927 5322 et,
986 5258 1053 5310 ut
1118 5255 1200 5327 ait
1268 5254 1552 5327 Murator,
1603 5260 1643 5312 t.
1685 5261 1726 5322 ι,
1761 5255 1960 5327 Antiq.

301 5325 439 5384 Ital.
479 5341 574 5397 _p.
678 5326 830 5389 270.,
908 5341 1056 5382 nunc
1142 5325 1320 5393 ducis,
1406 5342 1556 5384 nunc
1603 5325 1960 5394 marchimzz‘s,

302 5395 590 5456 interdum
645 5399 819 5454 etiam
860 5400 1078 5454 comitis
1134 5397 1294 5455 titulo
1389 5400 1652 5469 insigniti
1726 5415 1963 5456 cernun-

303 5478 423 5527 tur.

378 5541 498 5613 (73)
547 5543 698 5614 Ergo
747 5558 862 5597 non
901 5557 1196 5610 nummos,
1253 5542 1354 5596 sed
1395 5547 1585 5599 vestes
1631 5541 1745 5614 ipsi
1795 5542 1967 5597 adde-

308 5614 469 5680 bant,
498 5613 642 5685 quas
673 5614 948 5686 venderet
980 5613 1166 5686 (erant
1213 5619 1409 5670 autem
1454 5613 1872 5686 panniCPtani
1905 5615 1965 5668 in

309 5687 550 5754 Europa
589 5685 932 5740 occidentali
974 5685 1092 5740 cari
1143 5689 1200 5740 et
1248 5686 1388 5756 rari)
1445 5696 1497 5740 ct
1554 5685 1690 5739 inde
1731 5686 1965 5740 viveret.

316 5760 530 5813 Parum
555 5755 737 5827 digna
770 5756 893 5830 hinc
916 5773 1006 5814 res
1065 5755 1485 5830 esset__legatis
1516 5762 1862 5830 iuostrorum
1886 5772 1968 5830 re-

361 5845 478 5884 um.
501 5831 565 5902 lu
595 5827 878 5900 Atsyseino
912 5833 980 5902 et
998 5827 1394 5902 orientalibus
1427 5828 1780 5902 quibusdam
1813 5827 1968 5902 regi:-

365 5916 434 5957 us
488 5897 779 5957 minorum
828 5899 1090 5972 gentium
1133 5897 1616 5974 paupertiuarum
1667 5897 1969 5969 t‘ertur,"si

2058 3752 2230 3824 legati
2259 3766 2459 3824 eorum
2491 3748 2726 3824 Armeni
2757 3754 2857 3805 aut
2884 3749 3066 3806 Judaei
3100 3758 3443 3808 mercatores
3468 3757 3624 3824 sunt,
3646 3759 3706 3811 et

2057 3821 2186 3879 cu‘m
2268 3821 2579 3892 mancipiis
2637 3825 2905 3876 eastratis
2979 3829 3366 3878 mercaturam
3413 3821 3700 3882 exercent.

2056 3895 2218 3952 Conf.
2279 3893 2538 3948 Bernieri
2604 3894 2871 3948 Itinerar.
2942 3900 2999 3949 et
3055 3893 3256 3949 relatio
3305 3893 3578 3953 historica
3633 3899 3705 3954 de

2056 3965 2312 4035 Choadja
2337 3965 2590 4030 Morado,
2635 3963 2790 4034 regis
2824 3963 3125 4036 [Ethiopian
3156 3970 3449 4036 quondam
3485 3969 3556 4022 ad
3589 3969 3706 4024 Ba-

2058 4046 2219 4094 tavos
2248 4040 2460 4107 legato,
2501 4039 2634 4106 post
2670 4035 2950 4104 upuscula
3009 4035 3277 4107 Ludovici
3338 4037 3415 4093 du
3449 4039 3602 4095 Four
3631 4041 3706 4098 de

2058 4106 2357 4181 Longerue
2381 4107 2584 4177 Lipsiae
2626 4122 2778 4161 anno
2803 4107 2941 4160 1750
2969 4106 3145 4181 edita.
3179 4110 3452 4181 Attamen
3483 4117 3609 4166 erat
3636 4128 3705 4168 eo

2057 4178 2316 4251 tempore
2337 4195 2491 4254 _mos_
2524 4185 2874 4254 mercatores
2907 4194 3019 4254 pro_
3047 4178 3255 4251 legatis
3284 4181 3577 4248 mittendi,
3603 4199 3708 4254 pro

2059 4248 2303 4324 istorum
2337 4249 2643 4324 hominum
2700 4248 3061 4324 parcimonia
3108 4248 3166 4306 et
3209 4259 3567 4324 paupertate.
3603 4248 3708 4311 'lta

2060 4325 2189 4382 Otto
2222 4323 2431 4392 I,imp.
2457 4321 2845 4392 Luitfredum,
2887 4321 3222 4378 institorem
3265 4321 3369 4380 seu
3418 4331 3710 4382 mercato-

2060 4414 2203 4463 rem,
2228 4391 2646 4468 πραγματευτήν
2679 4392 3111 4468 Moguntinum,
3140 4394 3391 4468 legabat_
3426 4396 3595 4468 CPlin
3636 4398 3708 4453 ad
3770 4435 3774 4440 -

2060 4464 2510 4525 Constantinum
2549 4464 3167 4537 Porphyrogennetum
3192 4464 3222 4536 ;“
3259 4480 3314 4522 ν.
3368 4466 3706 4540 Luitprand.

2061 4540 2206 4596 Hist.
2240 4543 2336 4606 Vl,
2368 4541 2422 4593 2.

2135 4613 2248 4684 (74)
2279 4614 2347 4666 At
2367 4607 2664 4684 quotiesid
2698 4607 3122 4684 iteratum_?Ad
3138 4612 3433 4684 quantum
3449 4611 3710 4684 spatium

2066 4678 2358 4754 imputata
2384 4678 2540 4754 ipsis
2575 4679 2680 4736 fuit
2709 4695 2848 4754 roga
2868 4678 2895 4734 τ
2926 4678 3605 4754 Singulisnernensibus,
3638 4699 3712 4738 an

1987 4737 2035 4803 Π
2066 4737 2507 4810 trimestribu's?
2537 4757 2659 4823 Ego
2683 4737 3001 4824 crederem,
3031 4737 3090 4807 in
3107 4751 3370 4824 singulos
3399 4737 3716 4810 annos'aiut

2075 4834 2227 4882 certe
2258 4842 2361 4897 pro
2410 4829 2533 4897 tota
2566 4823 2945 4897 expeditione
2993 4825 3162 4896 (pour
3210 4823 3716 4897 funewcampagne

2068 4902 2197 4952 tout
2225 4895 2464 4966 entiere)
2498 4895 2680 4950 fuisse
2736 4901 2962 4966 tantum
3008 4899 3308 4966 erogatum
3344 4895 3464 4951 illis
3495 4895 3716 4953 militia:

2071 4969 2313 5024 diversis
2341 4965 2908 5037 ducibus,quantum
2926 4965 3021 5022 hic
3042 4965 3394 5023 recensetur.
3425 4967 3716 5024 Minutum

2071 5048 2222 5112 certe
2254 5054 2357 5110 pro
2405 5043 2604 5112 nostra
2633 5043 2818 5112 etate.
2872 5037 3034 5112 P_atet
3079 5054 3150 5094 ex
3194 5055 3253 5110 p.
3313 5038 3420 5094 386
3464 5039 3718 5112 singulis

2071 5109 2308 5183 quidem
2341 5109 2643 5164 mensibus
2656 5109 2862 5184 datam
2896 5110 3074 5165 fuisse
3122 5109 3346 5184 rogem,
3378 5111 3480 5166 sed
3512 5109 3721 5184 quovis

2072 5179 2273 5239 mense
2302 5179 2711 5236 tantummodo
2743 5186 3006 5250 quartam
3032 5179 3254 5252 partem
3286 5183 3416 5252 ejus
3447 5179 3719 5250 summa,

2073 5270 2201 5327 qua:
2231 5253 2325 5308 hic
2357 5252 2574 5322 scripta
2600 5258 2704 5327 est,
2740 5266 2874 5306 cum
2911 5255 3033 5327 tota
3073 5252 3360 5324 expeditio
3417 5269 3535 5311 non
3568 5254 3723 5311 ultra

2073 5323 2828 5400 quatuoumensesdurare
2859 5323 3324 5400 subsumeretur.

2145 5398 2259 5469 (75)
2289 5395 2509 5469 Thema
2537 5392 2842 5469 Charpezik
2891 5399 3024 5469 aut;
3052 5394 3452 5469 Clturpezikion
3511 5393 3722 5469 nullibi

2075 5465 2323 5540 reperio.
2361 5467 2611 5535 Cogitavi
2643 5466 2962 5540 aliquando
2988 5467 3067 5540 de
3113 5465 3384 5540 Darbesck
3437 5467 3494 5540 in
3535 5467 3724 5540 conii-

2077 5536 2190 5597 niis
2221 5539 2433 5597 Ciliciae
2467 5537 2737 5606 etSyrizp,
2768 5536 2827 5591 in
2854 5537 3115 5592 faucibus
3143 5551 3198 5594 et
3232 5538 3379 5608 pylis
3409 5538 3545 5608 sitio,
3578 5536 3724 5592 cels-

2076 5614 2199 5670 bris
2231 5610 2486 5666 nominis
2534 5608 2832 5664 clisurain
2867 5608 3105 5663 historia
3167 5606 3431 5665 Arabica.
3475 5606 3724 5663 Rectene

2081 5682 2546 5753 coniectaverim,
2569 5680 2819 5735 viderint
2848 5679 2965 5734 alii.
2995 5680 3108 5735 Sed
3136 5679 3723 5753 scrupulummovet,

2080 5749 2235 5825 quod
2295 5752 2655 5825 Χαρπεζίκιον
2713 5760 2990 5825 recurrat
3036 5767 3094 5824 p.
3127 5749 3368 5809 385._et
3421 5749 3727 5822 aliquoties

2083 5824 2392 5898 deinceps,
2408 5840 2588 5896 eaque
2612 5824 2828 5897 scriptu
2840 5841 2898 5881 ra
2916 5829 3252 5882 constanter
3271 5829 3545 5881 servetur.
3728 5845 3730 5847 >
