4094 6374
336 436 486 500 1231

1422 416 1953 485 CONSTANTINI
1997 412 2691 489 PORPHYROGENITI

3588 415 3613 473 l
3624 414 3745 475 232

330 575 552 636 solidos
578 571 830 649 quinos;
861 567 1120 625 minores
1133 560 1483 621 turmarchaa
1503 559 1725 619 solidos
1754 559 1980 649 quater-

2106 550 2163 609 Οἱ
2194 550 2300 611 ἀπὸ
2327 553 2424 605 τοῦ
2455 549 2686 623 θέματος
2716 549 2826 602 τῶν
2850 539 3169 620 Θρᾳκησίων
3204 540 3257 600 ἔν
3282 545 3354 619 τῇ
3403 546 3599 622 Κρήτῃ
3651 567 3753 602 πε-

328 645 806 738 nos;drungarii
834 664 1051 726 ternos,
1086 654 1302 711 milites
1336 652 1524 721 binos,
1580 650 1733 707 388
1783 645 1979 704 Sthla-

326 734 555 815 basiani
584 754 643 810 in
664 734 960 810 bbsicium
991 745 1192 803 thema
1239 742 1486 800 traducti
1516 744 1575 796 et
1617 739 1696 795 ibi
1727 734 1978 809 depositi

327 862 530 919 rogem
579 839 946 913 accipiebant
1000 835 1201 890 hanc:
1253 840 1369 888 tres
1434 844 1639 886 eorum
1689 821 1978 897 capitanei

327 915 608 993 nummos
655 930 890 1003 quinos,
951 923 1163 997 reliqui
1216 926 1428 978 ternos.
1473 918 1577 985 Qui
1636 933 1666 972 e
1722 915 1979 970 themate

328 1025 781 1082 Thracesiorum
840 1018 897 1072 in
949 1017 1173 1071 Cretam
1223 1009 1610 1081 trajiciebanl,
1659 1010 1828 1062 erant
1879 1003 1977 1058 hi:

328 1118 623 1185 strategus
648 1111 737 1166 vel
770 1110 984 1180 praetor
1009 1108 1111 1159 aut
1142 1117 1377 1174 praeses,
1418 1095 1757 1154 turmarcha
1792 1093 1980 1149 Theo-

326 1183 721 1268 dosiacorum,
813 1194 1163 1254 turmarchte
1244 1191 1555 1257 victorum,
1631 1183 1982 1242 turmarchee

323 1292 780 1356 maritimorum,
825 1282 1177 1350 meriarcha,
1237 1276 1632 1336 chartularius
1677 1272 1980 1342 thematis,

323 1398 520 1442 comes
549 1378 744 1445 cortis,
778 1373 1132 1432 domesticus
1164 1367 1465 1435 thematis,
1504 1361 1984 1437 drungarocomi-

322 1479 414 1530 tes
435 1472 527 1539 64,
561 1482 815 1542 quorum
850 1463 948 1521 alii
977 1462 1166 1529 binos,
1218 1458 1315 1515 alii
1348 1462 1543 1513 ternos
1604 1453 1846 1542 milites-
1871 1450 1980 1506 sub

326 1576 435 1617 sua
462 1538 846 1630 dispositione
877 1549 1189 1615 habebant,
1223 1548 1304 1602 ita
1334 1551 1399 1602 ut
1421 1543 1637 1599 milites
1658 1541 1715 1596 in
1750 1538 1982 1595 univer-

326 1665 460 1706 sum
482 1647 678 1705 essent
705 1646 942 1700 centum
973 1646 1027 1695 et
1048 1634 1494 1711 quinquaginta.
1512 1632 1593 1688 De
1614 1630 1983 1703 processione

323 1737 416 1794 vel
447 1734 638 1794 ofﬁcio
669 1729 906 1803 strategi
921 1728 1168 1786 aderant
1196 1722 1546 1797 expeditioni
1575 1719 1981 1793 protomanda-

322 1831 436 1895 tor,
494 1818 1068 1898 protocancellarius,
1109 1811 1652 1888 protobandoforus,
1709 1807 1976 1881 protodo-

323 1896 552 1973 mestici
584 1928 704 1982 sex,
742 1903 1209 1982 protocenterchi
1266 1905 1321 1972 6,
1380 1898 1868 1974 processionales,
1920 1896 1976 1951 id

323 2009 415 2060 est
445 2001 825 2076 apparitores,
841 2004 1097 2054 centum.
1119 1990 1476 2049 DeArmenis
1509 1988 1781 2060 riperiam
1814 2002 1980 2042 suam

325 2083 1098 2158 custodientibus,quamvis
1112 2080 1354 2137 haberet
1380 2081 1674 2148 strategus
1703 2089 1825 2131 tum
1851 2090 1983 2130 cum

323 2181 598 2239 educeret
638 2180 698 2234 in
757 2173 1182 2246 expeditionem
1214 2170 1570 2236 Cretensem,
1601 2165 1759 2220 viros
1791 2180 1983 2219 arma-

325 2274 423 2327 tos
459 2269 531 2325 ad
562 2271 892 2333 sexcentos,
919 2266 1178 2319 attamen
1211 2275 1329 2316 non
1352 2256 1705 2331 permissum
1735 2258 1826 2311 est
1855 2253 1985 2325 plu-

324 2359 513 2429 ribus,
574 2372 750 2429 quam
821 2349 1266 2426 quinquaginta,
1339 2346 1478 2403 viris
1560 2344 1825 2415 trajicere
1912 2341 1985 2398 ob

330 2448 689 2521 paucitatem
750 2441 1116 2499 carabiorum
1178 2435 1603 2494 onerariarum.
1658 2433 1738 2490 De
1794 2432 1988 2487 bendo

333 2543 543 2595 turmas
573 2533 1106 2592 Theodosiacorum
1132 2529 1370 2585 aderant
1393 2542 1587 2582 comes
1622 2538 1986 2595 unus,proa-

332 2632 476 2701 getae
500 2641 605 2683 seu
636 2622 920 2698 primipili
944 2628 1211 2693 quatuor,
1237 2616 1714 2690 protomandator
1737 2616 1992 2669 turmar-

338 2716 460 2775 οδω
490 2730 644 2772 unus
677 2731 691 2783 ;
726 2713 950 2770 faciunt
981 2706 1160 2766 simul
1191 2710 1412 2778 septem
1441 2707 1654 2777 capita.
1689 2703 1766 2757 De
1797 2701 1990 2757 bando

336 2803 655 2863 merarchaa
689 2800 905 2875 pariter
934 2799 1177 2855 aderant
1207 2800 1429 2868 septem
1491 2794 1616 2847 viri.
1650 2792 1833 2849 Causa
1863 2792 1992 2861 ejus

2091 640 2367 716 ράσαντες,
2401 639 2429 693 6
2460 637 2789 712 στρατηγὸς,
2823 636 2851 690 6
2881 634 3245 710 τουρμάρχης
3294 638 3404 691 τῶν
3454 632 3754 691 Θεοδοσια-

2086 734 2197 783 κῶν
2230 730 2363 799 (76),
2401 728 2451 782 οἱ
2480 726 2835 801 τουρμάρχαι
2864 730 2972 780 τῶν
2999 723 3294 799 βικτόρων,
3321 726 3372 778 οἱ
3392 726 3749 802 τουρμάρχοι

2087 824 2187 887 τῆς
2218 817 2520 890 παραλίου,
2556 816 2583 870 6
2619 814 2955 890 μεριάρχης,
2989 814 3017 868 6
3058 812 3465 889 χαρτουλάριος
3512 818 3610 869 τοῦ
3660 815 3757 870 Θέ-

2093 928 2284 981 ματος,
2318 907 2346 960 6
2375 906 2556 979 κόμης
2588 904 2688 972 τῆς
2711 904 2936 978 κόρτης,
2961 902 2989 957 6
3013 899 3338 974 δομέστικος
3367 906 3466 958 τοῦ
3487 903 3753 976 θὲματος,

2090 994 2643 1072 δρουγγαροκόμητες
2675 990 2769 1064 ξδ’,
2799 986 3025 1067 ἔχοντες
3056 992 3107 1045 οἱ
3138 990 3292 1046 αὐτοὶ
3334 988 3752 1067 δρουγγαροκό-

2092 1106 2261 1158 μητες
2302 1086 2353 1139 o't
2387 1084 2481 1157 μὲν
2524 1082 2625 1138 ἀνὰ
2674 1084 3021 1155 στρατιωτῶν
3056 1077 3177 1150 δύο,
3228 1081 3279 1134 οἱ
3330 1077 3387 1135 δὲ
3441 1080 3540 1135 ἀνὰ
3584 1101 3751 1155 στρα·

2087 1179 2299 1244 τιωτῶν
2349 1176 2417 1249 γ’,
2472 1174 2547 1236 ὼς
2598 1172 2732 1227 εἶναι
2779 1172 2842 1227 τὸ
2899 1176 3002 1225 πᾶν
3066 1170 3399 1246 στρατιώτας
3459 1171 3555 1245 ρν“.
3607 1171 3756 1229 ’Δπὸ

2088 1272 2190 1334 τῆς
2220 1262 2597 1341 προελεύσεως
2627 1266 2724 1317 τοῦ
2767 1265 3073 1337 στρατηγοῦ
3113 1260 3142 1315 6
3173 1258 3688 1336 πρωτομανδάτωρ,
3724 1263 3754 1316 6

2089 1351 2712 1431 πρωτοκαγκελλάριος,
2746 1352 2775 1406 6
2805 1345 3360 1429 πρωτοϐανδοφόρος,
3392 1347 3753 1426 πρωτοδομὲ-

2091 1464 2266 1498 στικοι
2318 1444 2384 1512 ς“,
2439 1442 2934 1517 πρωτοπένταρχοι
2986 1446 3050 1507 ς’,
3106 1436 3561 1514 προελευσιμαῖοι
3591 1440 3755 1509 πεζοὶ

2092 1534 2155 1608 ρ’.
2203 1532 2344 1588 Ἀπὸ
2394 1536 2501 1586 τῶν
2536 1531 2842 1607 Ἀρμενίων
2870 1532 2978 1584 τῶν
3009 1527 3393 1607 φυλασσόντων
3426 1530 3527 1599 τήν
3573 1542 3755 1605 παρα-

2091 1621 2215 1676 λίαν
2248 1624 2345 1675 τοῦ
2377 1620 2634 1695 Οέματος.
2663 1619 2751 1681 Ὠς
2785 1618 2887 1695 γὰρ
2919 1617 3187 1692 ἀνήγαγεν
3219 1618 3247 1673 6
3268 1618 3753 1695 στρατηγὸς,εἶχεν

2087 1711 2194 1774 ἓως
2218 1715 2326 1766 τῶν
2360 1717 2411 1787 χ’
2442 1710 2886 1784 ἐξωπλισμένους
2923 1710 3058 1784 πρὸς
3089 1708 3153 1764 τὸ
3182 1710 3413 1783 περάσαι
3454 1707 3509 1764 ὲν
3537 1711 3751 1784 Κρήτῃ·

2090 1798 2179 1855 διὰ
2210 1798 2267 1856 δὲ
2313 1801 2414 1869 τήν
2465 1799 2762 1875 ὀλιγότητα
2808 1802 2915 1854 τῶν
2958 1797 3285 1874 καματὲρων
3343 1793 3622 1874 καραϐίων
3673 1798 3742 1854 οὗ

2088 1892 2548 1967 συνεχωρήθησαν
2578 1889 2831 1963 περᾶσαι,
2863 1888 2909 1943 εἰ
2944 1889 3020 1961 μή
3055 1889 3111 1941 οἱ
3140 1887 3205 1943 ν’.
3241 1886 3380 1943 Ἀπὸ
3413 1890 3509 1943 τοῦ
3543 1884 3749 1963 βάνδου

2090 1981 2193 2048 τῆς
2236 1979 2481 2054 τούρμας
2525 1982 2633 2033 τῶν
2678 1974 3050 2033 Θεοδοσιακῶν
3102 1976 3282 2050 κόμης
3334 1979 3403 2045 α’,
3452 1977 3755 2052 προάγεται

2092 2068 2159 2141 δ’,
2192 2070 2219 2124 6
2251 2064 2737 2145 πρωτομανδάτωρ
2776 2070 2874 2121 τοῦ
2932 2066 3293 2141 τουρμάρχου
3315 2067 3381 2135 α’,
3429 2067 3458 2121 6
3491 2063 3753 2140 δομὲστι-

2091 2180 2186 2231 κος
2215 2162 2313 2214 τοῦ
2342 2159 2705 2233 τουρμάρχου
2735 2157 2801 2210 α’·
2836 2156 2976 2228 ὁμοῦ
3012 2157 3070 2224 ζ”
3106 2155 3213 2210 ἀπὸ
3252 2160 3351 2210 τοῦ
3405 2152 3605 2231 βάνδου
3652 2158 3756 2211 τοῦ

2095 2250 2377 2325 μεράρχου
2411 2246 2621 2321 ὁμοίως
2655 2247 2718 2316 ζ’.
2757 2246 2876 2301 Ὅτι
2928 2234 3264 2320 στρατιώτας
3313 2246 3379 2301 ού
3428 2244 3756 2318 προσέταξεν

2093 2340 2121 2393 6
2164 2336 2525 2415 δρουγγάριος
2556 2339 2654 2391 τοῦ
2684 2334 2932 2408 πλοῒμου
2963 2335 3192 2411 περάσαι
3247 2332 3300 2389 ἒν
3348 2335 3561 2409 Κρήτῃ,
3592 2333 3638 2389 εἰ
3672 2335 3756 2408 μὴ

2094 2425 2369 2503 ἄρχοντας
2418 2425 2510 2480 καὶ
2570 2424 2898 2502 προαγέτας.
2956 2426 3081 2482 ’Ότι
3137 2425 3166 2479 6
3222 2424 3584 2499 τουρμάρχης
3643 2428 3755 2478 τῶν

2101 2517 2376 2591 βικτόρων
2438 2512 2527 2569 διὰ
2585 2514 2648 2569 τὸ
2705 2515 2942 2569 ἀσθενεῖν
2994 2514 3157 2568 αὐτὸν
3217 2514 3550 2593 κατελείφθη
3610 2514 3764 2588 παρᾶ

2094 2610 2192 2661 τοῦ
2225 2603 2587 2682 ὃρουγγαρίου
2618 2607 2715 2658 τοῦ
2752 2600 3002 2677 πλοΐμου
3034 2602 3110 2666 εἰς
3157 2601 3383 2680 φύλαξιν
3429 2606 3530 2670 τῇς
3579 2623 3765 2679 παρα-

2098 2694 2224 2751 λίου
2253 2699 2351 2749 τοῦ
2382 2695 2636 2768 θέματος.
2663 2694 2996 2767 Ἐκράτησεν
3029 2689 3087 2748 δὲ
3117 2692 3145 2746 ὁ
3177 2690 3338 2754 αὐτὸς
3388 2692 3759 2769 τουρμάρχης

2097 2786 2189 2842 καὶ
2217 2785 2347 2846 τοὺς
2375 2783 2683 2859 προαγὲτας
2714 2781 2900 2839 αὐτοῦ.

322 2895 406 2954 rei
435 2895 560 2951 haec
580 2899 726 2951 erat.
760 2889 1123 2963 Drungarius
1157 2886 1366 2943 classis
1389 2887 1649 2958 jusserat
1687 2883 1817 2955 ejus
1846 2879 2121 2937 thematis
2168 2895 2285 2935 non
2326 2877 2565 2947 milites,
2617 2876 2721 2931 sed
2778 2881 3007 2932 tantum
3056 2879 3307 2932 rectores
3338 2884 3391 2932 et
3421 2875 3759 2948 primipilos

324 2987 553 3043 adesse.
598 2982 961 3042 Turmarcha
1005 2982 1292 3036 victorum
1348 2975 1845 3047 relinquebatura
1904 2970 2215 3041 drungario
2283 2966 2510 3034 classis,
2581 2970 2891 3039 propterea
2958 2967 3111 3038 quod
3165 2970 3485 3037 aegrotaret,
3543 2966 3757 3038 jussus

324 3076 561 3134 interim
590 3090 753 3132 oram
775 3071 1127 3128 maritimam
1154 3065 1463 3139 provinciae
1495 3064 1811 3123 custodire.
1847 3061 1949 3117 Ille
1981 3075 2113 3117 vero
2145 3057 2482 3114 turmarcha
2511 3072 2652 3112 suos
2675 3055 3005 3129 primipilos
3027 3072 3226 3113 secum
3261 3056 3510 3113 tenebat.

910 3167 1148 3225 CAPUT
1175 3166 1375 3223 XLVI.

321 3264 618 3336 Expeditio
646 3260 908 3336 adversus
948 3259 1166 3314 Cretam
1218 3260 1614 3336 etﬁarmatarq
1635 3261 1747 3336 tam
1766 3252 1989 3336 glareis,

395 3322 574 3409 quam
600 3335 904 3409 equitatus,
956 3337 1214 3409 tempore
1254 3327 1614 3409 Constantini
1650 3329 1702 3381 et
1729 3322 1992 3409 .Romani

403 3395 1106 3478 Porphyrqgenitorym
1130 3400 1371 3478 ,φεῖ-ἰειο
1399 3398 1650 3469 ﬁdelium
1716 3398 1851 3468 imp.
1899 3395 1988 3450 in-

404 3472 539 3534 dith
561 3472 659 3533 VII
684 3472 854 3547 [anno
895 3473 1100 3530 Christi
1126 3472 1277 3538 9491.

409 3637 589 3708 Regia
618 3635 831 3693 classis
871 3633 1180 3692 constabat
1236 3631 1385 3689 usiis
1431 3629 1687 3704 [navium
1720 3628 1777 3683 id
1809 3642 1993 3700 genus

336 3728 468 3800 0st,]
502 3731 740 3785 centum
769 3723 1225 3798 quinquaginta,
1249 3722 1309 3777 in
1341 3721 1561 3793 quibus
1580 3716 1993 3791 pamphylisex

336 3823 395 3874 et
424 3817 523 3875 alii
545 3819 658 3873 duo
690 3832 891 3873 recens
917 3812 1241 3886 comparati
1277 3831 1291 3881 ;
1327 3808 1634 3866 chelandia
1657 3809 1726 3863 ad
1747 3811 1993 3861 usiarum

339 3908 528 3963 instar
557 3907 711 3963 facta
740 3908 995 3968 centum,
1030 3903 1091 3958 in
1121 3902 1333 3975 quibus
1369 3896 1829 3954 numerabantur
1852 3894 1994 3949 usiaa

341 4004 567 4069 septem
598 3995 925 4050 Russorum
969 4008 1073 4066 per
1092 3989 1521 4064 Dyrrhachium
1554 3992 1609 4042 et
1649 3983 1991 4041 Dalmatiam

335 4084 647 4141 stationem
694 4093 955 4156 agentes,
989 4087 1109 4138 tres
1140 4080 1198 4135 in
1230 4077 1519 4146 Calabria,
1577 4081 1695 4131 tres
1754 4073 1878 4129 alite
1920 4073 1993 4129 ad

334 4174 763 4248 expediundam
821 4172 1077 4244 aliquam
1112 4169 1475 4243 imperialem
1513 4165 1993 4223 commissionem

332 4281 468 4321 cum
489 4264 786 4335 Stephano
815 4261 1054 4319 ostiario
1078 4265 1136 4316 et
1165 4261 1436 4333 praefecto
1474 4258 1627 4313 sacri
1656 4254 1993 4327 aquimina-

334 4353 409 4409 lis
433 4355 493 4409 in
525 4352 870 4424 Hispaniam
906 4351 1121 4406 missae.
1147 4345 1504 4420 Pamphylus
1539 4360 1691 4400 unus
1717 4343 1995 4399 custodis:

334 4441 502 4498 urbis
530 4459 562 4497 ιι
604 4441 717 4497 Deo
740 4440 1104 4513 protegendae
1142 4432 1772 4509 [Constantinopoleos]
1805 4433 1993 4502 depu-

2698 3155 2964 3211 ΚΕΦΑΑ.
3009 3155 3141 3211 ME"

2101 3245 2163 3301 Ἦ
2235 3244 2389 3336 κατὰρ
2440 3243 2806 3336 wﬁc‘ijppo‘
2846 3242 3069 3331 Κρήτηε
3137 3245 3249 3317 (77)
3331 3241 3596 3336 γενομένη
3668 3241 3761 3334 ἆκῖ

2175 3315 2425 3389 στρατεία
2492 3314 2579 3370 καὶ
2651 3313 2927 3384 ἐξόπλισίς
2992 3321 3101 3370 τῶν
3147 3313 3242 3371 ⁷τε
3334 3313 3593 3389 πλοΐμων
3666 3315 3763 3370 καὶ

2172 3383 2603 3462 καϐαλλαρικῶν
2682 3385 2768 3442 ἐπὶ
2847 3388 3258 3462 Κωνσταντίνου
3354 3387 3443 3441 καὶ
3532 3387 3767 3459 Ῥωμα-

2173 3464 2268 3515 νοῦ
2308 3457 2445 3535 Δτῶν
2510 3461 3043 3535 ῌορφλυρογεννήτων
3118 3457 3170 3514 ἐν
3259 3463 3484 3533 Χριστῷ
3550 3457 3765 3513 πιστῶν

2178 3480 2268 3515 νου
2335 3480 2443 3515 των
2510 3476 2589 3513 uo
2628 3479 2767 3535 φυρο
2805 3476 2980 3529 εννητι

2178 3530 2449 3606 βασιλέων
2484 3531 2561 3594 εἷς
2594 3476 2891 3587 ῗνδικτίονα
2918 3531 2980 3601 ζ’,

2173 3622 2244 3677 Τὸ
2288 3620 2575 3697 βασιλικὸν
2619 3620 2865 3696 πλόϊμον
2924 3619 3099 3677 ούσίαι
3160 3622 3257 3695 ρν’,
3310 3618 3361 3692 ἐξ
3410 3621 3482 3675 ὧν
3533 3621 3762 3701 πάμφυ-

2103 3706 2204 3771 λος
2228 3712 2339 3782 (78)
2370 3710 2412 3779 ζ’
2453 3707 2544 3763 καὶ
2594 3708 2647 3762 οἱ
2697 3708 2899 3782 ἀρτίως
2948 3708 3467 3768 κατασκευασθέντες
3517 3708 3587 3782 β’.
3647 3706 3763 3765 Οὖ-

2104 3797 2266 3853 σιακᾶ
2314 3794 2580 3873 χελάνδια
2632 3805 2695 3871 ρ“.
2755 3797 2840 3868 Ἐξ
2902 3797 3076 3853 αὐτῶν
3127 3802 3234 3853 τῶν
3283 3798 3549 3854 Ῥουσίων
3596 3795 3651 3852 ἕν
3700 3818 3763 3852 τε

2105 3886 2398 3963 Δυρραχίῳ
2440 3887 2529 3941 καὶ
2580 3884 2632 3941 ἐν
2683 3884 2968 3959 Δαλματῖᾳ
3018 3885 3197 3942 οὐσίαι
3242 3886 3305 3955 ζ’,
3358 3883 3410 3941 ἐν
3463 3881 3763 3962 Καλαϐρίᾳ

2106 3977 2283 4033 οὐσίαι
2316 3978 2385 4052 γ’,
2425 3977 2561 4050 μετὰ
2587 3980 2684 4032 τοῦ
2717 3976 2996 4052 ὀστιαρίου
3037 3976 3308 4055 Στεφάνου
3348 3975 3438 4032 καὶ
3486 3979 3760 4052 νιψιστια-

2107 4066 2226 4142 ρίου
2258 4065 2334 4128 είς
2365 4066 2463 4136 τὴν
2496 4065 2762 4123 Ἱσπανίαν
2797 4063 2991 4121 δουλία
3043 4065 3220 4121 οὐσίαι
3265 4072 3329 4141 γ’.
3381 4065 3475 4128 Εἷς
3525 4064 3757 4144 φύλαξιν

2103 4163 2205 4225 τῆς
2256 4154 2627 4233 θεοφυλάκτου
2684 4153 2902 4217 πόλεως
2965 4154 3263 4233 πάμφυλος
3320 4156 3365 4210 α’
3421 4155 3513 4210 καὶ
3576 4154 3761 4210 οὐσίαι

2105 4244 2207 4302 κδ’.
2238 4245 2311 4300 Τὰ
2367 4244 2645 4319 μέλλοντα
2690 4243 3023 4316 ταξειδεῦσαι
3064 4244 3116 4300 ἐν
3147 4248 3337 4321 Κρήτῃ
3370 4243 3662 4323 πάμφυλοι
3696 4247 3762 4317 ζ’,

2109 4335 2334 4392 obstanti:
2377 4334 2640 4411 χελάνδια
2689 4337 2797 4410 λγ“,
2852 4338 2993 4409 ὁμοῦ
3052 4334 3315 4412 χελάνδια
3377 4343 3445 4411 μ’.
3493 4335 3769 4413 Δρόμονες

2107 4433 2152 4481 κ’
2190 4427 2291 4481 δινά
2330 4426 2526 4482 οὐσιῶν
2580 4428 2648 4501 β’,
2709 4424 2887 4481 οὒσίαι
2939 4428 3012 4499 μ’.
3073 4427 3142 4483 Οἱ
3207 4429 3342 4489 Ῥῶς
3398 4423 3588 4503 ἄνδρες
3637 4423 3770 4501 φπδ⁸

333 4536 498 4588 tatus
542 4534 599 4588 et
655 4511 791 4586 asia
839 4526 1049 4601 viginti
1115 4530 1386 4599 quatuor.
1437 4523 1592 4579 38-1
1646 4524 1710 4577 In
1770 4522 1988 4575 Cretam

2110 4513 2200 4570 καὶ
2230 4511 2422 4571 παιδία
2449 4514 2517 4570 τὰ
2563 4518 2827 4571 ποιοῦντα
2871 4517 3205 4585 ταξειδεῦσαι
3257 4518 3371 4588 (79)
3412 4512 3600 4590 ἄνδρες
3654 4517 3766 4589 με’,

335 4636 656 4677 excursura
692 4618 877 4675 armis
906 4616 1283 4689 atﬂigendam
1344 4610 1646 4685 pamphyli
1695 4613 1750 4677 7,
1798 4608 1988 4664 usiacs

2107 4606 2249 4677 ὁμοῦ
2306 4605 2447 4666 Ῥῶς
2503 4605 2645 4679 χλιθῖ
2708 4605 2771 4659 Οἱ
2845 4603 3191 4678 Τουλμάτζοι
3264 4602 3455 4679 ἄνδρες
3511 4605 3646 4675 τξη’,
3706 4605 3765 4659 οἱ

336 4708 645 4768 chelandia
690 4708 799 4777 33;
852 4707 913 4763 in
963 4706 1304 4762 universum
1354 4710 1491 4759 sunt
1536 4697 1846 4756 chelandia
1902 4696 1992 4766 40,

2106 4691 2465 4769 αἴχμάλωτοι
2514 4690 2707 4769 ἄνδρες
2887 4693 3151 4765 Ἐάθησαν
3213 4693 3288 4757 είς
3376 4692 3602 4771 φύλαξιν
3658 4700 3765 4765 τῆς

1400 4854 1606 4912 JOAN.
1638 4852 1783 4911 αλια.
1816 4850 2083 4908 REISKII
2114 4848 2685 4907 COMMENTARIUS

407 5007 522 5080 (76)
553 5007 837 5082 Reliquiae
864 5006 950 5063 hae
982 5008 1166 5082 eunte
1195 5002 1377 5059 veteri
1406 4994 1991 5082 disciplinamilitari

338 5071 757 5145 Romanorum,
801 5080 860 5135 in
884 5094 999 5148 qua
1028 5077 1289 5148 legiones
1339 5071 1571 5148 passim
1597 5071 1992 5148 abaugustis

339 5143 804 5220 appellabantur.
855 5143 1626 5219 Victores'pariterVidentur
1650 5143 1829 5197 iidem
1858 5154 1993 5194 cum

341 5220 565 5276 leaione
611 5221 831 5275 victrice
870 5235 1013 5276 esse.
1048 5219 1281 5275 Nicetes
1312 5234 1370 5276 ι).
1404 5218 1491 5272 16.
1525 5215 1781 5276 legiones
1813 5227 1993 5276 quas-

341 5227 565 5291 legione
611 5227 831 5275 victrice
870 5235 1013 5276 esse.
1049 5227 1281 5275 Ntcetas
1312 5234 1370 5290 p.
1404 5227 1491 5272 16.
1525 5227 1781 5286 Iegtones
1813 5227 1995 5283 quas-

341 5292 479 5345 dam
511 5289 621 5343 sub
669 5290 894 5344 Joanne
952 5291 1246 5346 Comneno
1302 5293 1606 5357 memorat,
1669 5300 1847 5357 unam
1888 5284 1998 5334 τῶν

342 5358 895 5441 Ἑξελεκτῶν,⁸81ἱειῐιι
950 5359 1412 5429 Macedonicam,
1442 5356 1617 5416 aliam
1640 5356 1995 5428 Scythicam,

340 5435 518 5490 aliam
542 5435 864 5487 Persicam.

413 5504 528 5577 (‘77)
579 5503 1015 5577 Expeditionem
1041 5500 1209 5577 hanc
1275 5500 1642 5559 Constantini
1683 5499 2000 5577 adversus

352 5569 678 5634 Saracenos
702 5574 1007 5630 Cretenses
1038 5572 1298 5629 infelices
1331 5589 1641 5629 successus
1664 5572 1811 5626 duce
1841 5569 1999 5625 Gono

347 5648 483 5721 gyla
531 5648 803 5721 eunucho
869 5643 1131 5721 sortitam
1215 5646 1418 5721 fuisse,
1476 5647 1717 5721 Cedren.
1780 5658 1836 5714 p.
1873 5637 2005 5721 Δ50⁸0

344 5711 565 5786 narrat,
595 5725 653 5774 et
681 5720 761 5774 ita
791 5719 851 5772 in
880 5715 1156 5773 extremis
1206 5716 1571 5773 Constantini
1603 5711 2002 5786 rebus'refert,

344 5794 410 5843 ut
439 5782 886 5844 immediateisti
919 5786 1242 5842 narrationi
1267 5791 1513 5841 mortem
1547 5787 1672 5858 ejus
1705 5782 2002 5855 subjiciat,

2102 4998 2265 5077 certe
2288 4998 2434 5077 post
2453 4995 2702 5077 reitejus
2728 4993 2952 5077 calculo
2985 4994 3113 5077 Ind.
3310 4996 3415 5077 __A.
3436 4994 3539 5077 _M.
3571 4995 3766 5066 6464.⁹

2104 5068 2161 5150 id
2185 5066 2458 5150 εειξΑιρε
2496 5067 2624 5150 966,
2675 5071 3026 5150 εοεῐαεηθρλω
3058 5067 3276 5150 tradit:_
3310 5066 3520 5150 l‘loster
3562 5077 3764 5150 autem

2109 5138 2170 5193 in
2203 5137 2323 5194 ind.
2357 5137 2504 5208 VII.,
2538 5139 2594 5194 id
2617 5137 2707 5194 est
2754 5141 2820 5193 A.
2881 5139 3007 5206 949,
3057 5138 3303 5210 reponit.
3342 5137 3467 5195 Non
3517 5138 3767 5196 concilio

2105 5210 2256 5283 hanc
2285 5226 2566 5283 pugnam.

2180 5280 2299 5354 (78)
2326 5280 2614 5355 Videntur
2644 5280 2877 5355 navigia
2933 5294 3060 5355 esse
3090 5280 3151 5355 in
3187 5281 3528 5355 Pamphylia
3577 5282 3769 5339 fabre—

2108 5352 2283 5421 facta,
2315 5359 2414 5408 aut
2457 5354 2735 5426 qualibus
2756 5352 2814 5408 in
2834 5352 3181 5423 Pamphylia
3212 5352 3546 5411 utebantur.

2182 5426 2296 5495 (79)
2326 5426 2515 5491 Pueri,
2535 5426 2630 5496 qui
2657 5427 2873 5494 faciunt
2902 5429 3084 5496 castra
3112 5429 3319 5482 metari
3350 5435 3449 5481 aut
3478 5426 3538 5482 in
3570 5428 3771 5483 castris

2110 5495 2582 5577 agere.__0bsc_ure
2638 5496 2871 5577 dictum
2899 5495 3180 5577 leviteret
3209 5498 3485 5577 amb_igue_
3509 5499 3770 5566 expressi

2111 5567 2171 5622 in
2205 5567 2760 5625 Latinis.thentur
2792 5568 2991 5629 luisse.
3014 5569 3116 5640 qui
3147 5567 3774 5640 tentoriaerigerentet

2111 5639 2499 5712 destruerent,
2533 5656 2746 5712 aquam
2790 5639 3057 5711 gererent
3087 5646 3144 5696 et
3174 5641 3291 5696 alia
3322 5639 3646 5696 ministeria
3676 5640 3769 5696 fa-

2114 5717 2329 5766 cerent.
2395 5711 2604 5768 Verum
2656 5719 2777 5767 tam
2833 5712 3081 5782 paucine
3138 5716 3223 5768 tot
3262 5711 3628 5779 hominibus,
3657 5712 3772 5770 584

2114 5796 2381 5853 numero,
2413 5783 2789 5840 sufﬁciebant
2816 5783 2844 5837 ‘t
2863 5782 2973 5837 Vix
3003 5787 3223 5855 putem.

3563 6364 3578 6368 _
3679 6362 3702 6368 η
3786 6365 3818 6372 κ
3894 6370 3914 6374 Ἴ
3994 6372 4021 6374 __
