4094 6408
397 398 555 460 1233

1253 398 1350 459 DE
1395 393 1846 458 CERIMONIIS
1895 395 2128 457 AULJE
2173 395 2650 458 ΒΥΖΑΝΤΙΝίΕ
2697 399 2838 458 LIB.
2889 398 2962 458 ΙΙ.

3657 401 3808 458 1234

409 530 630 592 πόλεως
686 531 738 586 οἱ
787 532 1085 607 στρατηγοὶ
1124 533 1220 586 τοῦ
1279 529 1512 606 Αἰγαίου
1571 528 1845 604 πελάγους
1908 531 2040 602 μετᾶ

2156 531 2470 588 dromones
2499 531 2590 602 20,
2625 549 2872 605 quorum
2907 548 3042 588 cum
3075 533 3290 604 singuli
3324 533 3496 590 binas
3527 533 3810 590 haberent

393 617 704 694 χελανδίων
757 620 1074 697 παμφύλων
1109 625 1150 690 ζ’
1178 619 1278 674 ἀνᾶ
1325 617 1534 694 ἀνδρῶν
1578 625 1656 696 ρκ’
1693 620 1789 674 κπὶ
1837 619 2042 693 χελαν-

396 708 535 766 δίων
567 711 838 766 οὖσιακῶν
871 709 918 766 δ’
949 710 1046 765 ἆνᾶ
1097 709 1301 780 ἀνδρῶν
1346 711 1450 786 ρη’.
1485 709 1824 781 Κατελείειθη
1860 707 1916 764 δὲ
1955 713 2042 764 καὶ

395 799 493 874 μία
527 799 684 856 ούσία
714 801 789 862 εἷς
844 801 904 855 τὸ
952 802 1119 876 κόψαι
1159 802 1257 870 τήν
1298 807 1399 870 τῆς
1451 797 1655 876 ὀγδόης
1718 798 2044 862 ἷνδικτίονος

391 888 563 960 ξυλήν
598 892 734 962 (80).
769 890 830 948 Ὀ
861 891 1165 966 στρατηγὸς
1197 897 1296 960 τῆς
1340 890 1530 964 Σάμου
1556 891 1690 962 μετᾶ
1737 887 2042 964 χελανδίων

393 979 707 1056 παμφύλων
771 985 810 1048 ς’
868 979 967 1034 ἀνὰ
1015 977 1219 1055 ἀνδρῶν
1282 979 1471 1034 αν“καὶ
1521 977 1826 1054 χελανδίων
1857 981 2044 1036 οὐσια-

392 1073 506 1124 κῶν
543 1069 584 1137 ζ’
638 1068 738 1122 ἆνᾶ
785 1065 996 1143 ἀνδρῶν
1055 1069 1164 1144 ρη’.
1205 1068 1622 1139 Ἀπεστάλησαν
1661 1067 1716 1124 δὲ
1768 1069 1900 1142 μετᾶ
1947 1075 2045 1125 τοῦ

389 1156 884 1232 πρωτοσπαθαρίου
941 1159 1200 1216 Ἰωάννου
1240 1160 1329 1213 καὶ
1390 1159 1710 1233 ἆσηκρήτης
1761 1157 1810 1213 ἐν
1850 1161 2044 1236 Ἀφρι-

1454 1245 1718 1270 11‘5'.‘

398 1337 704 1410 στρατηγὸς
763 1339 874 1392 τῶν
907 1331 1335 1412 Κιϐυῤῥαιωτῶν
1382 1339 1515 1411 μετᾶ
1563 1336 1866 1412 χελανδίων
1896 1359 2048 1410 παμ-

391 1423 583 1504 φύλων
619 1427 662 1494 ς’
694 1424 794 1480 ἀνὰ
841 1423 1054 1502 ἀνδρῶν
1080 1427 1156 1500 ρν⁹
1203 1425 1295 1481 καὶ
1347 1423 1656 1500 χελανδίων
1691 1427 1966 1504 ούφιακῶν
2002 1428 2049 1496 ς’

393 1515 497 1570 ἕκνᾶ
553 1511 760 1588 ἀνδρῶν
795 1517 882 1590 ρι’·
939 1513 1269 1596 κατελείφθη
1307 1513 1364 1570 ’δὲ
1413 1516 1503 1570 καὶ
1559 1515 1634 1578 εἷς
1677 1515 1902 1594 φύλαξιν
1945 1520 2047 1570 τοῦ

393 1605 634 1678 θὲματος
691 1602 977 1684 πάμφυλοι
1049 1607 1116 1680 β’,
1172 1604 1398 1660 οὐσιακὰ
1466 1602 1526 1662 δ’.
1590 1603 1928 1683 Κατελείφθη
1991 1603 2048 1659 δὲ

395 1695 488 1752 καὶ
521 1697 596 1759 εἷς
637 1697 700 1752 τὸ
737 1697 902 1770 κόψαι
932 1697 1034 1765 τὴν
1095 1697 1193 1764 τῆς
1253 1694 1456 1772 ὀγδόης
1517 1693 1836 1758 ἷνδικτίονος
1879 1695 2045 1766 ξυλήν

400 1786 580 1840 οὐσίαι
619 1787 690 1861 β’.
749 1784 1086 1863 Κατελείφθη
1139 1783 1196 1840 δὲ
1251 1787 1338 1840 καὶ
1403 1785 1480 1846 εἷς
1530 1785 1756 1864 φύλαξιν
1806 1789 1920 1858 (82)
1949 1789 2046 1840 τοῦ

2150 639 2289 677 suas
2321 623 2500 690 usias,
2534 622 2938 678 efficiebantur
2977 621 3116 678 usis:
3158 623 3243 677 40.
3284 623 3606 680 Russorum
3643 629 3809 680 erant

2151 711 2254 767 viri
2285 711 2410 778 584,
2446 711 2660 783 quibus
2697 713 2740 766 si
2776 718 3157 768 accensentur
3193 713 3261 766 42
3301 715 3464 784 pueri
3508 731 3609 770 seu
3655 713 3806 770 servi

2151 799 2210 854 in
2267 802 2475 856 castris
2533 801 2877 870 servientes,
2910 807 3080 858 erunt
3134 801 3309 858 Russi
3365 801 3620 858 universi
3674 801 3803 857 629.

2149 889 2436 946 Tulmatzi
2472 891 2600 959 368,
2646 891 2852 961 captivi
2905 891 3035 946 700.
3099 890 3598 962 Relinquebantur
3644 891 3804 948 domi

2151 980 2226 1036 ad
2274 979 2598 1036 custodiam
2651 979 2813 1036 urbis
2866 979 3082 1052 [regias]
3132 980 3372 1052 strategi
3415 980 3586 1051 rEgaai
3633 979 3806 1036 maris

2152 1087 2286 1128 cum
2320 1069 2645 1125 chelandiis
2673 1069 3004 1142 pamphylis
3032 1069 3088 1140 6,
3121 1085 3364 1141 quorum
3391 1068 3624 1142 singula
3659 1077 3808 1125 tene-

2157 1165 2290 1218 bant
2321 1161 2474 1240 viros
2517 1169 2790 1217 centenos
2832 1161 3084 1229 vicenos,
3128 1165 3184 1216 et
3222 1159 3552 1216 chelandiis
3595 1161 3806 1216 usiacis

2153 1251 2453 1323 quaternis
2485 1251 2733 1322 singulis
2763 1250 2917 1306 viros
2949 1255 3225 1306 centenos
3256 1254 3494 1306 octonos
3536 1248 3808 1305 vehenti-

2153 1340 2279 1396 bus.
2313 1339 2439 1396 Una
2473 1356 2703 1411 quoque
2735 1339 2859 1395 usis
2891 1340 3333 1412 relinquebatur
3371 1340 3441 1394 ad
3471 1338 3804 1396 caedendam

2151 1429 2409 1501 ligneam
2436 1431 2739 1485 materiam
2773 1431 2900 1500 [pro
2923 1429 3185 1485 aediﬁciis
3208 1429 3456 1500 publicis
3486 1427 3803 1502 erigendis]

2153 1535 2252 1590 per
2301 1520 2619 1575 instantem
2675 1525 2936 1574 octavam
2979 1517 3360 1574 indictionem
3411 1518 3537 1590 [seu
3585 1532 3807 1573 annum

2154 1609 2423 1680 proxime
2471 1608 2855 1679 secuturum].
2913 1607 3085 1663 Porro
3135 1607 3515 1664 mittebantur
3563 1606 3623 1663 in
3673 1605 3810 1662 Cre-

2151 1697 2294 1768 tam]
2330 1701 2619 1768 stralegus
2639 1697 2793 1753 Sami
2820 1713 2951 1754 cum
2980 1695 3304 1752 chelandiis
3326 1694 3663 1769 pamphylis
3684 1711 3805 1764 sex,

2153 1803 2403 1858 quorum
2439 1786 2899 1858 unumquodque
2941 1785 3090 1841 viros
3123 1791 3400 1842 centenos
3439 1785 3807 1857 quinquage-

395 1879 566 1947 κυροῦ
613 1878 886 1952 Στεφᾶἱνου
941 1880 1038 1930 τοῦ
1071 1873 1503 1952 γυναικαδέλφου
1545 1879 1641 1930 τοῦ
1691 1873 1963 1950 βασιλέως
1995 1873 2040 1930 ἐν

2156 1894 2262 1932 nos
2293 1876 2579 1943 trahebat,
2611 1881 2667 1931 et
2708 1875 3032 1931 chelandiis
3073 1875 3289 1931 usiacis
3323 1876 3378 1944 6,
3411 1879 3466 1931 et
3505 1875 3563 1928 in
3603 1889 3806 1929 eorum

387 1962 568 2037 Ῥόδῳ
624 1963 782 2020 οὐσία
829 1971 880 2019 α’
936 1966 1029 2020 καὶ
1090 1962 1370 2038 δρομόνων
1431 1963 1478 2020 δ’
1533 1965 1628 2018 ἀνᾶ
1684 1962 1891 2038 ἀνδρῶν
1941 1964 2044 2019 σκ’·

385 2052 588 2109 Γαλὲαι
617 2061 716 2124 τῆς
758 2052 1044 2116 Ἀτταλίας
1094 2055 1175 2122 ιε’,
1211 2054 1297 2124 Ἐξ
1357 2054 1536 2108 αὐτῶν
1597 2052 1926 2129 κατελείφθῆ
1970 2054 2046 2116 εἷς

389 2141 614 2222 φύλαξιν
659 2148 756 2199 τοῦ
805 2143 1036 2217 θέματος
1085 2143 1281 2218 γαλέαι
1341 2143 1397 2204 ς’.
1453 2142 1652 2199 Γαλέαι
1696 2143 1802 2213 τῆς
1833 2145 2044 2199 Ἀντιο-

390 2232 542 2306 χείας
573 2235 682 2302 (83)
739 2233 804 2308 β’.
853 2231 1290 2307 Κςτελείφθησαν
1339 2233 1430 2286 καὶ
1480 2233 1634 2288 αὗται
1680 2233 1757 2294 εἷς
1816 2230 2042 2311 φύλαξιν

374 2324 474 2375 τοῦ
505 2320 672 2375 αὐτοῦ
720 2322 977 2394 ϐέματος.
1013 2321 1211 2376 Γαλέαι
1267 2327 1369 2390 τῆς
1422 2320 1738 2394 Καρπάθου.
1785 2319 2042 2376 Κατελεί-

381 2420 594 2490 φθησαν
645 2407 720 2472 sic;
771 2409 999 2489 φύλαξιν
1051 2415 1152 2476 τῆς
1202 2413 1378 2482 νήσου
1421 2411 1718 2486 Καρπάθου
1765 2411 1936 2484 γαλέα
1975 2411 2040 2467 α’.

383 2498 520 2555 ’Δπό
557 2502 654 2552 τοῦ
699 2497 937 2572 θέματος
982 2497 1406 2568 Πελοποννησου
1459 2501 1486 2553 ὁ
1545 2499 1911 2578 τουρμᾶρχης
1942 2507 2041 2569 τῆς

382 2587 666 2664 παραλίου
706 2589 842 2662 μετᾶ
889 2585 1192 2664 χελανδίων
1256 2585 1341 2645 δι’.
1373 2589 1510 2645 Ἀπὸ
1547 2593 1655 2644 τῶν
1715 2587 2039 2662 Μαρδαῖτῶν

379 2681 490 2732 τῶν
521 2683 622 2746 τῆς
672 2676 884 2733 Δύσεως
944 2679 1217 2750 θεμάτων,
1249 2674 1635 2748 Νικοπόλεως,
1697 2677 2043 2749 Πελοποννή-

383 2787 505 2836 σου,
529 2764 879 2844 Κεφαληνίας
911 2765 1100 2840 ἅνδρες
1129 2789 1192 2842 ιγ.

2158 1981 2514 2037 unoquoque
2573 1965 2710 2020 viris
2766 1965 2888 2020 108.
2951 1964 3338 2020 Mittebantur
3387 1979 3617 2036 quoque
3667 1978 3805 2018 cum

2154 2056 2378 2112 Joanne
2411 2053 2878 2127 protospathario
2909 2061 2963 2108 et
2993 2063 3248 2110 asecreta
3287 2053 3348 2109 in
3379 2053 3635 2109 Africam
3668 2052 3806 2108 che-

2154 2145 2352 2200 lendia
2393 2145 2432 2199 3
2481 2150 2537 2199 et
2584 2145 2896 2200 dromones
2954 2144 3007 2208 4,
3061 2143 3338 2199 habentes
3387 2141 3602 2215 singuli
3651 2141 3806 2197 viros

2156 2235 2514 2290 ducenlenos
2581 2233 2836 2289 vicenos.
2906 2233 3206 2304 Strategus
3271 2230 3803 2301 Cibyrrhazotarum

2157 2324 2498 2380 mittebatur
2528 2340 2662 2378 cum
2694 2321 3018 2378 chelandiis
3051 2320 3379 2393 pamphylis
3410 2336 3532 2386 sex,
3565 2319 3806 2376 trahen-

2153 2413 2312 2468 tibus
2371 2412 2619 2484 singulis
2669 2412 2824 2467 viros
2884 2417 3158 2466 centenos
3226 2410 3692 2482 quinquagenos,
3752 2414 3812 2466 et

2153 2502 2476 2557 cbelandiis
2505 2502 2720 2556 usiacis
2753 2501 2788 2554 6
2818 2517 2950 2556 cum
2993 2500 3134 2555 viris
3162 2515 3396 2571 quoque
3438 2499 3697 2555 centenis
3737 2499 3808 2554 de

2155 2591 2266 2647 nis.
2303 2590 2807 2662 Reiinquebantur
2837 2591 2895 2645 in
2931 2589 3266 2662 praesidium
3302 2587 3610 2660 provinciae
3647 2605 3808 2657 pam-

2151 2679 2309 2751 phyli
2340 2681 2395 2748 2,
2429 2681 2628 2735 usiaca
2656 2678 2962 2735 chelandia
2993 2679 3024 2733 4
3049 2698 3063 2748 ;
3089 2680 3226 2733 item
3259 2677 3402 2733 usiae
3429 2681 3464 2732 2
3486 2679 3556 2732 ad
3588 2679 3810 2734 caeden-

2151 2771 2285 2826 dam
2349 2767 2655 2825 materiam
2711 2785 2812 2840 pro
2862 2773 3067 2824 octava
3113 2767 3454 2823 indictione.
3506 2766 3693 2822 Etiam
3743 2767 3806 2822 in

387 2859 578 2914 insula
635 2859 838 2915 Rhodo
897 2859 1328 2916 observandum
1396 2860 1708 2916 Dominum
1781 2860 2160 2930 Stephanum,
2231 2863 2466 2916 fratrem
2539 2857 2948 2930 imperatricis,
3005 2857 3445 2930 relinquebatur
3502 2858 3632 2914 usia
3688 2875 3809 2914 una

389 2953 449 3005 et
478 2949 783 3006 dromonia
813 2961 1082 3021 quatuor,
1139 2951 1246 3004 220
1313 2953 1574 3022 quodque
1635 2950 2090 3006 classiariorum.
2151 2953 2226 3006 De
2275 2951 2608 3022 quindecim
2681 2949 2864 3022 galeis
2922 2951 3146 3006 Attalim
3199 2949 3682 3020 relinquebantur
3733 2949 3807 3004 ad

391 3038 716 3095 custodiam
761 3038 931 3095 istius
970 3039 1274 3110 provinciae
1319 3039 1494 3110 galeae
1537 3056 1656 3094 sex.
1703 3039 1866 3094 Domi
1908 3056 2144 3111 quoque
2180 3041 2499 3096 manebant
2537 3040 2664 3095 duas
2704 3039 3034 3094 Antiochiae
3075 3037 3254 3110 galeae
3301 3037 3556 3110 praesidii
3604 3055 3804 3096 causa.

385 3127 633 3184 Nautica
673 3143 905 3200 quoque
943 3129 1030 3184 vis
1069 3129 1278 3186 insulae
1327 3129 1601 3202 Carpathi
1645 3129 1801 3185 domi
1843 3131 2145 3186 restitabat
2183 3131 2456 3187 eumdem
2506 3131 2562 3185 in
2611 3131 2807 3186 tinem.
2856 3129 3228 3186 Consistebat
3275 3133 3403 3184 tum
3457 3145 3525 3185 ea
3576 3132 3702 3185 tota
3746 3127 3809 3183 in

383 3234 502 3274 una
561 3217 746 3292 galea.
806 3218 1166 3291 Expeditioni
1225 3219 1502 3276 intererat
1559 3235 1588 3275 e
1649 3219 1903 3275 themate
1962 3219 2344 3293 Peloponnesi
2399 3219 2738 3277 turmarcha
2795 3237 2908 3276 orae
2965 3219 3271 3276 maritima:
3328 3234 3460 3274 cum
3501 3217 3800 3275 chelandii

365 3311 654 3380 -quatuor.
695 3307 1109 3365 Mardaitarum
1149 3325 1180 3366 e
1220 3309 1534 3382 provinciis
1575 3309 2052 3378 occidentalibus,
2094 3315 2159 3365 ut
2208 3309 2491 3383 NicOpoli,
2542 3309 2938 3382 Pe10ponneso
2987 3315 3046 3366 et
3085 3301 3437 3381 C'ephalenia
3483 3307 3805 3366 excitorum

383 3397 630 3454 aderant
657 3397 768 3452 viri
801 3401 888 3453 ter
919 3397 1094 3454 mille.

879 3487 977 3541 Διά
1007 3491 1106 3542 cuii
1130 3481 1571 3561 καϐαλλαρικοῦ.

461 3575 599 3630 Ἀπὸ
646 3579 744 3631 τοῖ’)
803 3574 1036 3648 θὲματος
1104 3575 1320 3651 Θρᾴκης
1378 3578 1405 3630 ὁ
1470 3579 1882 3651 τοποτηρητὴς,
1949 3579 2039 3632 καὶ

385 3663 494 3718 ἀπὸ
525 3669 634 3720 τῶν
667 3661 713 3719 δ’
751 3665 1048 3741 ταγμάτων
1095 3663 1360 3744 ἄρχοντες
1409 3663 1596 3741 ἄνδρες
1631 3665 1781 3740 μλθ’,
1832 3665 2043 3742 σχολά-

390 3757 629 3828 ριοιτῶν
687 3751 730 3809 δ’
757 3754 1076 3829 ταγμάτων,
1135 3752 1328 3830 ἄνδρες
1385 3753 1510 3810 τνδ’·
1583 3757 1728 3830 ὁμοῦ
1777 3756 2040 3833 ἄρχοντες

378 3841 474 3898 καὶ
506 3843 802 3920 σχολάριοι
849 3849 960 3900 τῶν
994 3841 1036 3898 δ’
1090 3847 1409 3921 ταγμάτων,
1443 3843 1632 3921 ἄνδρες
1700 3847 1839 3925 υεγκ
1897 3848 2035 3905 ’Δπὸ

376 3937 492 3989 τῶν
562 3933 794 4008 θέματος
853 3933 1184 3998 Μακεδονίας
1255 3937 1285 3991 δ
1340 3939 1732 4012 τοποτηρητής
1783 3939 1871 3992 καὶ
1931 3937 2038 3992 ἀπὸ

377 4027 492 4078 τῶν
521 4019 567 4078 δ’
613 4025 911 4102 ταγμάτων
963 4023 1255 4104 ἄρχοντες,
1313 4023 1502 4101 ἄνδρες
1558 4027 1667 4102 πγ’.
1729 4026 2035 4103 Σχολοίριοι

2787 3495 2866 3546 De
2893 3491 3172 3563 equitatu.

2222 3579 2502 3652 Equitum
2544 3581 2784 3636 aderant
2826 3581 2895 3635 ad
2957 3579 3119 3636 illam
3160 3575 3587 3650 expeditionem
3633 3577 3714 3635 hi.
3759 3577 3802 3634 E

2153 3668 2411 3725 themate
2440 3669 2699 3725 Thraciae
2731 3668 3108 3724 lociservator
3135 3671 3191 3725 et
3209 3673 3457 3740 quatuor
3479 3671 3806 3740 tagmatum

2151 3763 2424 3826 rectores,
2460 3759 2560 3831 qui
2591 3759 2746 3814 viros
2783 3759 2886 3814 I39
2923 3757 3277 3824 efﬁciebant,
3323 3773 3454 3813 cum
3499 3755 3809 3813 scholar-iis

2149 3853 2401 3919 quatuor
2448 3853 2798 3919 tagmatum,
2850 3847 3140 3919 capitibus
3191 3843 3314 3900 354.
3358 3844 3422 3900 In
3461 3845 3802 3900 universum

2149 3937 2234 3994 illi
2265 3937 2609 4004 efﬁciebant,
2653 3941 2768 3992 tam
2801 3944 3074 4003 rectores,
3118 3949 3298 4005 quam
3341 3933 3618 3989 scholarii
3659 3950 3806 4006 qua-
3851 3961 3856 3964 -

2145 4031 2278 4084 tuor
2307 4035 2632 4100 tagmatum
2683 4026 2860 4082 simul
2901 4026 3144 4098 sumpti,
3184 4025 3378 4098 capita
3418 4025 3543 4084 493.
3590 4029 3630 4080 E
3673 4026 3804 4082 the-

1434 4147 1639 4204 JOAN.
1700 4149 1844 4205 JAC.
1888 4145 2142 4204 REISKII
2183 4143 2774 4204 COMMENTARlUS.

455 4253 576 4328 (80)_
618 4255 683 4310 Id
732 4257 820 4312 est
852 4251 1052 4328 ,ξυλίαν
1083 4255 1458 4328 lignaturam,
1519 4255 2030 4328 materiamnligni

383 4325 680 4398 caededam
713 4343 816 4398 pro
847 4325 1168 4383 indictione
1211 4344 1316 4382 seu
1359 4343 1514 4382 anno
1561 4328 1778 4382 futuro.
1835 4325 2030 4383 Nautes

385 4395 488 4451 otii
519 4395 779 4470 tempore
797 4397 886 4453 vel
917 4398 1152 4470 quando
1175 4415 1289 4453 non
1316 4399 1374 4470 in
1409 4398 1772 4468 expeditione
1798 4399 2034 4453 nautica

381 4473 604 4535 essent,
644 4469 717 4524 ad
749 4469 1188 4542 opera’publica
1219 4469 1671 4542 adhibebantur,
1705 4474 1770 4525 ut
1791 4471 1860 4525 ad
1881 4485 2036 4542 com-

381 4543 731 4613 portandam
792 4541 1052 4598 aedificiis
1089 4542 1344 4613 publicis
1391 4541 1690 4596 struendis
1730 4541 2032 4596 materiem

383 4610 524 4684 ivid.
561 4611 674 4668 Leo
703 4612 966 4669 Gramm.
1001 4631 1056 4684 p.
1089 4610 1198 4667 472
1226 4619 1284 4670 et
1321 4614 1445 4668 481.
1477 4613 1720 4668 Cedren.
1754 4629 1809 4681 p.
1840 4613 1949 4668 585
1977 4617 2035 4668 et

381 4681 536 4754 599),
597 4685 681 4738 ita
737 4684 828 4740 hic
886 4681 1130 4756 loci—fed
1194 4685 1464 4740 caedenda
1529 4685 1687 4756 ligna
1751 4685 1812 4740 in
1880 4684 2122 4756 silvisD

388 4769 495 4824 pro
551 4770 661 4810 usu
703 4760 806 4811 aut
848 4755 1046 4827 palatii
1086 4760 1187 4812 aut
1239 4759 1385 4813 forte
1426 4755 1600 4812 totius
1650 4756 1816 4812 urbis
1865 4755 2041 4812 CPta-

457 4897 572 4968 (81)
621 4897 815 4955 Africa
857 4898 952 4954 hic
991 4905 1079 4955 est
1119 4917 1231 4956 non
1274 4917 1410 4970 pars
1449 4903 1732 4956 terrarum
1773 4899 1930 4955 orbis
1973 4899 2045 4956 de

429 4975 642 5042 uatuor
670 4985 807 5038 una,
839 4972 939 5026 sed
964 4976 1068 5027 aut
1089 4972 1388 5042 provincia
1409 4973 1610 5027 stricte
1640 4972 1726 5028 sic
1747 4972 1924 5036 dicta,
1947 4977 2048 5026 aut

384 4985 642 5094 quatuor
670 4985 807 5038 una,
839 4985 939 5026 seu
964 4985 1068 5027 aut
1089 4989 1388 5042 provmcia
1409 4985 1610 5027 stricte
1640 4987 1726 5028 sic
1747 4985 1924 5036 uicta,
1947 4985 2046 5026 aut

435 5041 570 5110 ujus
601 5043 908 5112 provincia
941 5042 1208 5114 capitalis
1247 5043 1631 5116 cognominis,
1673 5043 1841 5098 sedes
1891 5043 2046 5111 regia

385 5111 881 5168 Fathemiderum.
941 5121 1252 5168 antequam
1313 5119 1374 5168 in
1415 5119 1728 5168 IEgvntum
1767 5114 2046 5168 transmi-

385 5129 881 5180 r'amemianrum,
941 5129 1252 5184 antequam
1313 5132 1374 5170 in
1415 5129 1728 5187 Asgyptum
1767 5129 2041 5169 transmi-

382 5189 638 5268 grarent,
669 5183 816 5268 ξὶῖειε
845 5188 916 5268 δε
946 5186 1244 5268 caedit?”
1264 5187 1550 5268 etaetatis
1581 5185 2041 5268 taumatia,

386 5253 644 5328 Mahadi,
678 5256 950 5312 Mahadia
972 5257 1128 5313 dicta
1156 5261 1230 5328 (ν.
1263 5253 1620 5314 D’Hertielot.
1646 5257 1792 5312 Bibl.
1823 5257 2038 5312 Orient.

381 5341 436 5381 ν.
481 5327 732 5384 Mehedia
773 5345 826 5399 p.
867 5329 1020 5400 573.)
1062 5327 1482 5385 Dominabatur
1530 5335 1724 5384 autem
1777 5345 1844 5384 eo
1894 5336 2042 5383 tcm-

381 5414 540 5471 pore,
589 5409 659 5455 A.
711 5403 772 5454 Ο.
830 5399 957 5461 949,
1003 5399 1206 5456 Africae
1249 5401 1592 5464 Almansur,
1643 5417 1822 5471 nepos
1882 5401 2042 5454 illius

383 5470 740 5543 Almehadii,
793 5488 968 5543 quem
1021 5475 1192 5528 modo
1247 5470 1930 5542 nominavimus,’primi
1971 5473 2042 5527 de

385 5547 556 5608 gente
609 5542 1084 5599 Fathemidarum
1124 5545 1180 5599 in
1222 5545 1410 5599 Africa
1452 5551 1510 5600 et
1559 5543 1908 5615 Mauritania
1942 5543 2041 5615 dy-

386 5619 591 5668 nastm.
648 5616 771 5669 Non
837 5615 982 5670 bene
1047 5615 1426 5671 conveniebat
1489 5617 1578 5671 his
1657 5614 2036 5685 Fathemidis,

383 5685 588 5759 africae
641 5691 700 5759 et
739 5686 951 5759 Sicilia
994 5695 1168 5759 atque
1229 5688 1510 5743 Sardiniae
1567 5687 1878 5759 dominist
1899 5701 2036 5759 cum

388 5755 737 5828 0mmiadis,
769 5757 872 5832 qui
896 5755 1236 5834 supremum
1255 5763 1399 5817 tunc
1429 5759 1738 5834 imperium
1757 5757 1820 5818 in
1843 5758 2016 5831 Hispa

2142 4271 2250 4310 nos
2277 4254 2498 4310 Arabes
2527 4268 2848 4321 eorumque
2879 4252 3100 4309 multos
3129 4251 3392 4308 diversos
3417 4251 3652 4324 regulos
3677 4269 3802 4308 om-

2143 4343 2248 4380 nes
2277 4325 2642 4380 exercebant.
2687 4325 2806 4380 Illa:
2846 4325 3178 4396 simultates
3223 4329 3483 4396 tempore
3525 4325 3799 4396 postﬂsub

2142 4397 2466 4480 Almoézso,
2493 4398 2668 4480 istqu
2690 4395 3023 4480 Almans‘uri
3049 4394 3800 4480 ﬁilip,in_apertum__bellum

2143 4469 2548 4540 erumpebant.
2603 4467 2848 4524 Videtur
2903 4469 3102 4539 itaque
3154 4466 3462 4538 legationis
3524 4466 3684 4522 illius
3733 4467 3798 4522 in

2141 4541 2394 4621 Africam
2417 4556 2627 4621 scapus
2657 4539 2856 4621 fuisse,
2963 4541 3302 4621 Almansur,
3326 4537 3601 4621 dominus
3621 4540 3800 4621 maris

2145 4609 2573 4691 mediterranei.
2599 4613 2748 4691 inter
2779 4610 3038 4691 Siciliam
3077 4609 3448 4691 etﬂGrssciam
3485 4609 3799 4691 interjecti,

2153 4687 2470 4739 Saracenos
2537 4684 2858 4747 Cretenses,
2927 4689 2991 4737 ut
3047 4699 3079 4737 a
3143 4679 3444 4752 Saracenis
3521 4679 3801 4752 Hispanis

2155 4755 2574 4826 dependentes,
2630 4769 2950 4826 eorumque
3004 4752 3176 4826 olim_
3215 4750 3496 4826 ἀπρικους,
3575 4750 3804 4808 vexaret

2156 4823 2440 4899 quantum
2473 4835 2665 4896 posset
2692 4843 2706 4894 ;
2739 4823 2958 4899 vidiad
2991 4841 3046 4895 p.
3081 4823 3206 4890 330,
3241 4823 3423 4899 _di_cta.

2226 4899 2338 4970 (82)
2390 4893 2740 4970 Stephanus,
2793 4897 2948 4952 filius
2993 4893 3254 4970 Romani
3301 4894 3603 4970 Lecapepi,
3657 4893 3798 4950 olim

2153 4965 2508 5040 imperator;
2543 4971 2772 5026 tandem
2810 4985 2963 5024 anno
2994 4967 3134 5040 945,
3167 4967 3406 5021 ineunte
3445 4965 3480 5022 α
3517 4965 3803 5040 Constan-

2157 5037 2274 5098 tino
2323 5041 2561 5113 imperio
2619 5047 2817 5098 exutus
2878 5043 2934 5113 et
2989 5039 3048 5094 in
3106 5039 3534 5113 Proconnesum
3585 5037 3801 5113 primo,

2155 5114 2364 5169 deinde
2411 5109 2680 5168 Rhodum
2731 5109 3072 5174 translatus,
3127 5109 3364 5165 exilium
3407 5115 3463 5164 et
3511 5109 3802 5179 privatam

2152 5186 2331 5240 vitam
2363 5201 2465 5255 per
2503 5185 2571 5239 t9
2614 5199 2798 5240 annos
2838 5182 3104 5239 toleravit
3142 5181 3252 5255 Vid
3301 5181 3541 5255 Cedren.
3575 5199 3629 5253 p.
3671 5181 3800 5240 634.

2152 5262 2210 5312 et
2241 5253 2578 5326 Luit‘prand.
2609 5257 2825 5311 Hister.
2863 5256 2901 5310 Ι.
2928 5270 3014 5326 vr,
3040 5269 3169 5326 cap.
3204 5253 3404 5326 10,11.

2226 5328 2339 5400 (83)
2377 5324 2750 5400 Antiochiam
2790 5325 3065 5400 tenebant
3090 5325 3280 5400 ἦς’ωοί
3332 5325 3437 5400 ab_
3453 5326 3520 5380 A.
3552 5325 3626 5400 _C.
3670 5324 3799 5400 903.

2151 5395 2330 5468 (teste
2354 5400 2492 5472 Hegi
2527 5399 2794 5464 Chalitst)
2829 5401 2903 5472 ad
2931 5399 2995 5452 A.
3047 5397 3204 5472 1070,
3237 5413 3354 5467 quo
3393 5397 3596 5472 T_urcis
3633 5395 3803 5472 cessit

2151 5465 2282 5541 post
2329 5465 2529 5526 infelix
2581 5472 2814 5525 Romani
2871 5469 3146 5540 Diogenis
3197 5465 3329 5522 cum
3376 5469 3510 5541 Alp.
3552 5465 3800 5541 {trs-lano

2151 5537 2434 5612 praelium.
2489 5542 2668 5610 Atqui
2707 5548 2902 5598 tamen
2945 5537 3174 5612 invenio
3227 5541 3376 5612 apud
3420 5537 3796 5612 Abult'edam,

2151 5607 2306 5670 anno
2344 5615 2474 5669 Chr.
2533 5607 2659 5684 965,
2719 5630 2844 5670 eam
2901 5611 3206 5668 Saracenis
3257 5607 3643 5665 Tarsensibus
3699 5623 3800 5678 pa-

2149 5686 2356 5743 ruisse.
2417 5687 2584 5743 Anno
2629 5691 2828 5745 tamen
2869 5685 2998 5756 969,
3055 5685 3344 5741 Romanos
3390 5694 3520 5736 eam
3551 5693 3787 5754 recupe-

2149 5773 2304 5816 rasse
2333 5759 2488 5824 idem
2519 5757 2622 5816 ait.
