4094 6422
292 351 448 414 1235
1351 344 1885 411 CONSTANTINI
1927 344 2634 410 PORPHYROGENITI
3545 349 3704 410 1236

291 490 447 543 mata
475 486 821 543 Macedoniae
852 484 1229 542 lociservator
1248 490 1301 539 et
1331 490 1583 555 quatuor
1603 487 1934 556 tagmatum

2063 486 2154 535 τῶν
2189 479 2234 535 δ’
2280 480 2576 556 ταγμάτων
2622 475 2834 555 ἄνδρες,
2877 476 3028 557 σινδμζ
3089 479 3231 552 ὁμοῦ
3286 479 3550 555 ἄρχοντες
3608 479 3705 536 καί

288 579 557 644 rectores,
600 575 707 631 viri
747 575 859 643 83;
901 579 958 631 et
1001 572 1278 630 scholarii
1320 577 1568 646 quatuor
1608 575 1935 644 tagmatum

2063 566 2345 645 τχολάριοι
2404 573 2514 625 τῶν
2551 569 2824 643 τεσσάρων
2879 567 3199 647 ταγμάτων,
3277 565 3469 644 ἀνδρες
3554 569 3703 640 ωξο’·

284 664 396 721 viri
413 663 542 736 293,
574 664 671 738 qui
705 664 883 721 simul
914 663 1136 736 sumpti
1167 662 1309 736 [una
1348 678 1479 718 cum
1514 661 1936 735 superioribus]

2065 659 2185 716 Απὸ
2242 663 2350 714 τῶν
2398 663 2704 735 περατικῶν
2751 658 3050 735 ταγμάτων
3101 658 3129 714 ὁ
3178 652 3508 734 ὲξκουόίτωρ
3569 660 3708 732 μετά

284 752 553 811 efficiunt
590 770 899 811 numerum
956 753 1262 809 hominum
1314 752 1442 807 869.
1493 751 1534 807 E
1584 751 1935 818 tagmatibus

2063 753 2146 803 τοῦ
2195 768 2584 823 τοποτηρητου
2643 746 2809 803 αὐτοῦ
2864 747 2956 802 καὶ
3012 746 3210 810 παντός
3267 751 3365 802 τοῦ
3422 749 3710 825 τάγματος

284 843 555 914 peraticis
587 844 835 900 aderant
866 843 1168 915 praefectus
1189 840 1591 898 excubitorum
1624 840 1773 898 385
1800 856 1937 897 cum

2063 837 2234 904 κὺτοῦ,
2296 839 2585 914 ἀρχόντων
2631 839 2721 893 καὶ
2780 836 3126 914 σχολαρίων,
3178 839 3320 910 ὁμοῦ
3386 834 3596 912 ἀνδρῶν
3627 839 3705 913 ψ’.

282 929 692 988 losiservatore
724 948 828 990 suo
870 934 1112 1004 totoque
1152 947 1259 987 suo
1302 935 1581 1003 tagmate,
1624 931 1802 1001 quod,
1844 944 1939 985 re-

282 1020 541 1077 ctoribus
570 1025 628 1077 et
658 1020 965 1078 scholariis
1006 1018 1182 1077 simul
1224 1019 1602 1092 computatis,
1640 1018 1930 1075 efﬁciebat

283 1109 438 1165 viros
495 1110 605 1166 700
654 1127 668 1178 ;
718 1110 861 1167 item
919 1111 1123 1166 aderat
1164 1109 1571 1166 hicanatorum
1637 1110 1938 1182 praefectus

286 1216 421 1258 cum
450 1199 857 1258 lociservature
887 1217 994 1258 suo
1027 1206 1083 1259 et
1114 1201 1347 1259 cohorte
1378 1218 1506 1271 sua,
1548 1217 1681 1274 qum
1715 1206 1942 1258 consta-

282 1291 382 1348 bat
410 1290 551 1348 viris
586 1291 713 1361 £56,
741 1295 863 1349 tam
906 1292 1253 1359 rectoribus,
1298 1308 1475 1366 quam
1516 1292 1935 1350 cohortalibus.

281 1380 363 1437 De
393 1379 508 1437 illis
530 1382 826 1453 Armenia,
850 1382 953 1456 qui
980 1398 1165 1456 nuper
1187 1382 1360 1439 modo
1381 1398 1516 1438 cum
1541 1381 1941 1455 assignatione

283 1485 439 1542 rogas
469 1469 710 1526 Natolia:
743 1469 1096 1543 tagmatibus
1128 1471 1389 1543 adjuncti
1424 1471 1676 1540 fuerant,
1701 1471 1943 1526 aderant

284 1558 394 1613 viri
427 1557 603 1613 mille.
638 1556 721 1613 De
749 1556 1182 1615 Sthlabesianis
1213 1559 1340 1628 [seu
1365 1558 1577 1630 Slavis]
1602 1559 1940 1615 sedentibus

282 1645 345 1703 in
378 1647 610 1719 Opsicio
635 1646 743 1702 viri
770 1647 898 1703 220.
934 1648 1077 1704 Item
1111 1648 1313 1704 aderat
1359 1649 1648 1717 strategus
1689 1647 1941 1705 Thrace-

287 1736 585 1793 sianorum
632 1752 767 1792 cum
800 1737 986 1793 tribus
1037 1736 1160 1793 suis
1205 1737 1558 1793 turmarchis
1606 1741 1667 1793 et
1704 1736 1942 1810 reliquis

290 1827 413 1881 suis
445 1826 769 1881 rectoribus
807 1825 1267 1898 provincialibus
1307 1826 1697 1898 cmnibusque
1736 1825 1944 1899 primi-
1975 1867 2023 1935 Β

288 1915 424 1988 pilis
465 1919 524 1971 et
574 1919 691 1972 tota
740 1932 848 1972 sua
895 1915 1264 1988 processione
1316 1920 1374 1971 et
1430 1916 1739 1983 militibus,
1798 1932 1945 1988 quos

299 2004 600 2077 drungarii
632 2011 687 2060 et
717 2004 957 2062 comites
984 2004 1141 2061 illius
1171 2004 1375 2061 usibus
1395 2006 1773 2079 praestabant,
1803 2005 1944 2062 viris

290 2108 503 2167 nempe
551 2094 670 2150 150.
718 2093 866 2151 Nam
916 2094 1125 2168 reliqui
1179 2096 1284 2151 800
1336 2096 1667 2152 debuerunt
1721 2095 1944 2153 viritim

291 2187 608 2256 quaternos
652 2199 924 2240 nummos
970 2190 1269 2258 praestare.
1314 2183 1477 2241 Unde
1515 2185 1786 2241 conlectae
1828 2185 1949 2241 fue-

290 2278 433 2330 runt
472 2271 622 2328 litus
664 2273 755 2342 41,
796 2274 1080 2329 numism.
1125 2275 1216 2329 32.
1257 2273 1339 2330 De
1377 2273 1586 2345 quibus
1624 2273 1950 2346 accipiebat

289 2361 495 2418 thema
520 2360 877 2432 Cbarpezicii
909 2360 1075 2418 litras
1104 2363 1197 2429 24,
1231 2361 1587 2419 numismata
1614 2363 1706 2420 56.
1728 2362 1835 2419 Sed
1864 2362 1951 2418 di-

290 2449 565 2519 ligentius
587 2451 778 2507 adhuc
798 2451 949 2524 apud
971 2451 1311 2509 archontem
1334 2452 1749 2525 inquirendum
1772 2452 1832 2508 in
1855 2470 1951 2509 ve-

295 2554 427 2595 rum
461 2555 768 2596 numerum
812 2539 1074 2598 militum
1111 2540 1172 2597 in
1209 2543 1436 2598 Cretam
1476 2541 1880 2615 expeditorum
1920 2559 1952 2599 e

296 2628 552 2685 themate
600 2628 1039 2686 Thracensium.
1080 2636 1161 2687 De
1200 2631 1473 2688 Armenia
1512 2631 1780 2703 ejusdem
1822 2631 1949 2689 the—

293 2717 465 2774 matis
494 2717 939 2789 Thracensium,
972 2736 1135 2777 oram
1168 2719 1327 2777 illius
1360 2721 1711 2778 maritimam
1746 2726 1947 2778 custo-

294 2805 612 2875 dientibus,
645 2807 891 2864 aderant
920 2807 1025 2865 viri
1051 2809 1178 2877 600,
1206 2808 1376 2866 exciti
1407 2826 1606 2866 verum
1641 2811 1715 2867 ob
1749 2810 1954 2883 pauci-

292 2898 473 2952 tatem
490 2897 726 2952 navium
752 2897 1151 2956 onerariarum
1175 2914 1290 2955 non
1323 2898 1954 2975 sinebanturtrajicere

294 2984 409 3042 nisi
438 2986 844 3042 tantummodo
882 2987 991 3042 viri
1032 2987 1480 3061 quinquaginta.
1530 2988 1743 3045 Aderat
1791 3005 1952 3060 porro

2050 928 2112 986 ’0
2142 927 2393 990 ἷκανάτος
2427 928 2564 1003 μετά
2602 931 2701 985 τοῦ
2759 930 3147 1002 τοποτηρητοῦ
3177 928 3342 984 αὐτοῦ
3382 928 3471 983 καὶ
3501 929 3706 991 παντὸς

2048 1022 2146 1075 τοῦ
2186 1021 2467 1096 τάγματος
2504 1020 2693 1091 αὐτοῦ,
2725 1020 3010 1096 ἀρχόντων
3038 1018 3129 1075 καὶ
3186 1015 3528 1094 σχολαρίων,
3561 1019 3707 1094 ὁμοῦ

2051 1106 2261 1185 ἀνδρῶν
2305 1116 2436 1175 υνς¹.
2481 1109 2619 1167 Ἃπὸ
2657 1114 2767 1166 τῶν
2822 1110 3127 1185 Ἀρμενίων
3186 1108 3294 1165 τῶν
3360 1109 3562 1184 ἀρτίως
3617 1130 3714 1165 κα-

2048 1196 2389 1274 ταταγὲντων
2442 1198 2762 1277 ρογεόεσθαι
2807 1196 2886 1262 εἷς
2941 1199 3008 1253 τά
3057 1204 3164 1268 τῆς
3237 1195 3542 1268 Ἀνατολῆς
3614 1197 3712 1253 τά·

2052 1309 2259 1365 γματα,
2300 1285 2513 1364 ἀνδρῶν
2546 1310 2618 1363 ιοι.
2649 1288 2791 1346 Ἀπὸ
2839 1293 2946 1343 τῶν
2978 1284 3407 1359 Σθλαϐησιάνων
3440 1291 3549 1343 τῶν
3577 1289 3714 1344 καθ-

2053 1376 2272 1451 ημένων
2340 1378 2415 1441 εἷς
2464 1378 2528 1434 τὸ
2576 1378 2793 1453 ἀψίκιον
2837 1374 3042 1453 ἀνδρῶν
3110 1379 3207 1433 σκ’.
3274 1378 3334 1435 Ὀ
3399 1377 3711 1454 στρατηγὸς

2052 1471 2159 1522 τῶν
2211 1467 2534 1543 Θρᾳκησίων
2591 1470 2727 1540 μετά
2755 1472 2864 1523 τῶν
2902 1470 3071 1543 τριῶν
3116 1466 3281 1522 αὐτοῦ
3336 1470 3711 1542 τουρμαρχῶν

2051 1557 2141 1612 καὶ
2171 1561 2278 1611 τῶν
2329 1553 2541 1612 λοιπῶν
2593 1557 2903 1630 θεματικῶν
2934 1555 3220 1631 ἀρχόντων
3251 1555 3416 1611 αὐτοῦ
3453 1554 3543 1610 καὶ
3573 1556 3709 1611 πάν·

2051 1666 2158 1700 των
2201 1649 2309 1700 τῶν
2350 1649 2669 1723 προαγετῶν
2716 1646 2805 1701 καὶ
2845 1646 3026 1715 πάσης
3082 1646 3250 1700 αὐτοῦ
3296 1646 3397 1710 τῆς
3441 1642 3713 1721 προελεύ-

2056 1755 2191 1797 σεως
2220 1734 2308 1789 καὶ
2343 1738 2714 1810 στρατιωτῶν,
2747 1735 2824 1789 ὧν
2875 1733 3030 1809 εἶχον
3090 1733 3144 1788 αἱ
3200 1731 3565 1812 δρουγμάριοι
3616 1733 3711 1789 καὶ

2053 1820 2294 1899 κὸμητες
2336 1823 2410 1887 εἷς
2443 1821 2698 1880 δουλείαν
2740 1823 2943 1895 αὐτῶν,
2976 1819 3184 1899 ἀνδρῶν
3220 1824 3320 1899 ρν⁹.
3374 1826 3463 1887 Ὠς
3504 1822 3710 1897 ἑτέρων

2105 1916 2118 1937 ν
2449 1917 2473 1930 υ
2580 1913 2595 1931 9
2815 1913 2839 1945 ι
3150 1913 3195 1943 σ,
3405 1913 3419 1930 ι
3520 1913 3534 1935 ν

2056 1936 2101 1971 ω
2167 1934 2514 1990 στρατιωτων
2570 1926 2976 1986 απαιτηθιντων
3030 1911 3288 1987 λογαριον
3332 1911 3429 1969 ἀνα
3487 1909 3554 1970 δ.
3607 1911 3710 1971 Δί-

2053 2024 2175 2079 τραι
2212 2005 2304 2079 μα’
2345 2001 2641 2080 ν.λβ’.Καὶ
2694 2003 2743 2073 ἐξ
2801 2004 2981 2059 αὐτῶν
3010 2001 3274 2080 ἐρογεόθη
3326 2003 3389 2058 τὸ
3438 2003 3578 2077 Θέμα
3609 2006 3712 2058 τοῦ

2055 2094 2426 2170 Χαρπεζικίου
2458 2091 2649 2171 λίτρας
2669 2090 2774 2165 κδ’,
2802 2094 2951 2158 ν.νς’.
2984 2094 3143 2163 Ζήτει
3176 2090 3254 2156 εἷς
3276 2093 3408 2153 τοὺς
3438 2089 3711 2168 ἄρχοντας

2057 2182 2556 2259 λεπτομερέστερον
2612 2184 2724 2257 (84)
2769 2187 2871 2239 τοῦ
2927 2182 3270 2261 πεφάσαντος
3329 2178 3468 2237 λαοῦ
3535 2181 3587 2236 ἐν
3640 2185 3714 2257 τῇ

2060 2274 2212 2346 νήσῳ
2240 2275 2432 2348 Κρήτῃ
2461 2272 2571 2328 ἀπό
2617 2277 2715 2329 τοῦ
2746 2272 2984 2347 θέματος
3028 2276 3137 2328 τῶν
3196 2269 3542 2346 Θρᾳκησίων.
3576 2271 3720 2330 Ἀπὸ

2060 2366 2170 2419 τῶν
2238 2362 2548 2438 Ἀρμενίων
2588 2364 2691 2434 τήν
2740 2361 2908 2418 αὐτοῦ
2958 2360 3216 2436 θεματος,
3246 2364 3354 2416 τῶν
3397 2360 3722 2436 Θρᾳκησίων

2062 2457 2171 2509 τῶν
2202 2450 2592 2533 φυλασσόντων
2644 2454 2744 2523 τήν
2804 2448 3077 2527 παραλίαν
3105 2453 3203 2506 τοῦ
3242 2451 3499 2525 Θρᾳκήση
3533 2445 3730 2525 ἄνδρες

2064 2542 2143 2622 χ’.
2179 2541 2279 2597 Διά
2328 2539 2385 2598 δὶ
2433 2542 2531 2612 τὴν
2580 2540 2888 2619 ὀλιγότητα
2939 2544 3048 2597 τῶν
3090 2540 3413 2616 καματὲρων
3442 2533 3723 2615 καραϐίων

2063 2632 2124 2688 οὗ
2156 2634 2615 2712 συνεχωρήθησαν
2655 2632 2885 2709 περᾶσαι
2918 2631 2964 2688 εἶ
2999 2633 3073 2707 μή
3109 2628 3299 2707 ἄνδρες
3335 2632 3389 2700 θ’,
3431 2632 3492 2691 ’O
3531 2651 3726 2709 στρατ-

2063 2722 2201 2798 ηγὸς
2258 2727 2354 2778 τοῦ
2419 2724 2790 2799 Χαρπεζικίου
2861 2721 2996 2795 μετά
3059 2721 3259 2785 παντὸς
3327 2724 3425 2777 τοῦ
3483 2722 3724 2795 θεματος

2062 2810 2252 2882 αὐτοῦ,
2304 2809 2476 2888 ἤγουν
2530 2811 2668 2885 μετά
2718 2814 3089 2889 τουρμαρχῶν
3137 2807 3598 2888 προκριτωτέρων
3630 2812 3727 2867 καὶ

2064 2905 2163 2956 τοῦ
2195 2901 2443 2973 κόμητος
2474 2908 2576 2973 τῆς
2610 2902 2942 2977 κόρτης,τοῦ
2969 2898 3296 2975 δομεστίκου
3335 2903 3432 2956 τοῦ
3463 2898 3726 2975 θὲματος,

2065 2985 2272 3063 ἀνδρῶν
2331 2995 2427 3060 κε’,
2485 2989 2577 3044 καὶ
2610 2993 2822 3063 μικρῶν
2876 2991 3278 3065 τουρμαρχῶν,
3322 2984 3538 3063 ἀνδρῶν
3600 2989 3724 3063 μζ¹’,

296 3076 588 3145 strategus
619 3072 971 3146 Charpezicii
1004 3090 1141 3131 cum
1173 3079 1293 3132 toto
1331 3075 1592 3132 themate
1623 3092 1753 3142 suo,
1786 3074 1845 3132 id
1869 3080 1950 3133 est

2066 3078 2157 3132 καὶ
2217 3074 2611 3155 δρουγγαρίων,
2679 3076 2888 3153 ἀνδρῶν
2930 3085 3024 3150 σε’,
3080 3076 3172 3134 καὶ
3231 3081 3601 3151 στρατιωτῶν,
3635 3075 3720 3131 ἀν-

298 3176 432 3218 cum
465 3138 820 3220 turmarchis
841 3168 1045 3237 praesta
1057 3164 1307 3221 ntioribu
1334 3168 1433 3221 set
1459 3166 1671 3223 comite
1692 3138 1871 3222 cortis
1901 3170 1950 3222 et

2073 3164 2213 3243 δρῶν
2247 3138 2388 3239 υκηί
2403 3138 2563 3242 ’ὁμοῦ
2592 3138 2790 3243 ἀνδρεςΙ
2809 3168 2911 3243 ψέ.

298 3253 616 3310 domestico
646 3253 943 3325 thematis,
986 3254 1127 3312 viris
1155 3256 1246 3324 25,
1292 3254 1741 3329 minoribusque
1780 3257 2141 3316 turmarchis
2181 3259 2272 3330 47,
2304 3259 2641 3334 drungariis
2668 3259 2778 3317 205
2814 3265 2872 3318 et
2909 3259 3193 3335 gregariis
3230 3259 3356 3329 420,
3393 3259 3456 3317 in
3491 3258 3728 3318 univer-

299 3356 435 3399 sum
466 3342 607 3400 viris
634 3343 762 3400 705.

301 3448 380 3507 De
405 3464 542 3522 roga
566 3450 738 3508 totius
763 3451 923 3537 illius
960 3453 1173 3537 classis,
1213 3460 1330 3511 tam
1368 3455 1612 3537 peditum
1650 3455 1770 3529 [seu
1806 3455 1958 3513 cla:-

724 3525 1047 3597 siariorum]
1078 3542 1244 3598 quam
1272 3525 1541 3599 equitum,

377 3634 489 3689 Pro
523 3634 1145 3706 quatuortagmatibus
1167 3636 1336 3710 regia.-
1370 3636 1599 3707 classis,
1633 3654 1954 3695 connume-

309 3721 451 3780 ratis
490 3726 609 3779 tam
652 3724 993 3796 rectoribus,
1035 3742 1213 3797 quam
1253 3725 1551 3800 gregariis,
1600 3728 1738 3785 item
1786 3727 1962 3800 regiis

308 3811 754 3871 mandatoribus
783 3817 841 3871 et
872 3814 1109 3872 medicis
1137 3823 1191 3872 et
1220 3816 1579 3889 captivorum
1626 3825 1744 3874 tam
1772 3821 1962 3876 recto-

310 3900 492 3974 ribus,
537 3918 713 3974 quam
754 3903 1057 3977 gregariis,
1096 3905 1414 3963 Tulmatzis
1459 3910 1518 3962 et
1555 3906 1758 3963 Russis
1794 3911 1960 3980 puta,

311 4009 419 4049 nec
455 4008 573 4048 non
612 3991 751 4060 illis,
800 4011 948 4065 quos
993 3994 1248 4052 ecclesiae
1308 3994 1769 4064 contribuerant,
1818 3996 1961 4051 item

311 4080 717 4137 machinarum
744 4082 1081 4139 bellicarum
1105 4084 1318 4156 operis,
1343 4100 1599 4157 expensa
1622 4084 1731 4141 fuit
1753 4084 1963 4158 rogain

310 4175 510 4243 parato
558 4172 760 4243 grandi
808 4189 920 4229 aere
960 4172 1083 4229 haec
1118 4190 1131 4228 :
1166 4173 1312 4229 litrae
1363 4172 1589 4230 scilicet
1638 4174 1771 4231 1691
1826 4189 1963 4230 cum

290 4260 769 4317 rnumismatibus
804 4262 897 4331 53,
937 4266 996 4319 et
1028 4262 1088 4318 in
1146 4262 1538 4320 miliaresibus
1584 4279 1685 4321 seu
1735 4264 1962 4321 minuto

311 4364 421 4404 aere
468 4347 620 4405 litrae
649 4350 742 4419 73,
787 4349 1151 4408 numismata
1183 4352 1274 4420 62,
1337 4352 1672 4409 milliaresia
1725 4354 1777 4410 4.
1831 4353 1969 4418 Qum

310 4441 495 4496 ambae
527 4456 790 4509 summae,
824 4445 966 4513 tam,
999 4441 1253 4500 litteram
1285 4460 1620 4514 aurearum,
1652 4460 1829 4517 quam
1854 4443 1967 4499 mi-

2067 3456 2168 3513 Διά
2220 3464 2321 3529 τῆς
2378 3458 2545 3535 ῥόγας
2615 3479 2727 3516 των
2784 3456 3198 3536 προειρημὲιδων
3262 3459 3492 3536 ’πάντων
3552 3454 3730 3514 πλοΐ-

2420 3528 2562 3607 μων,
2594 3535 2772 3604 πεζῶν
2816 3528 2907 3588 καὶ
2947 3528 3374 3606 ’καϐαλλαρίων.

2140 3624 2239 3679 Διὰ
2290 3627 2398 3679 τῶν
2453 3626 2730 3701 τεσσάρων
2783 3622 3036 3699 θεμάτων
3085 3627 3183 3680 τοῦ
3232 3623 3521 3699 βασιλικοῦ
3570 3617 3739 3679 πλοΐ-

2073 3733 2200 3786 μου,
2242 3711 2332 3769 διὰ
2368 3718 2477 3770 τῶν
2513 3712 2803 3794 ἀρχόντων
2844 3713 2934 3770 καὶ
2967 3717 3314 3792 στρατιωτῶν
3348 3713 3441 3768 σὺν
3504 3711 3738 3789 βασιλι-

2068 3806 2181 3857 κῶν
2243 3799 2596 3879 μανδατόρων
2656 3804 2746 3860 καὶ
2792 3803 2991 3880 ἷ¹ατρῶν
3046 3803 3137 3860 καὶ
3194 3808 3301 3859 τῶν
3344 3800 3727 3877 αἰχμαλώτων

2070 3891 2355 3968 ἀρχόντων
2412 3894 2503 3949 καὶ
2580 3899 2952 3972 στρατιωτῶν,
2999 3892 3390 3969 Τουλματζίων
3458 3890 3549 3948 καὶ
3615 3896 3729 3948 τῶν

2070 3982 2209 4045 Ῥως
2268 3984 2360 4039 καὶ
2422 3986 2531 4039 τῶν
2588 3982 2896 4056 ἐκκλησιῶν
2954 3983 3045 4039 καὶ
3128 3987 3236 4040 τῶν
3318 3980 3726 4058 μαγγαναρίων,

2074 4070 2208 4146 ῥόγα
2258 4077 2526 4151 χάραγμα
2567 4073 2772 4148 λίτραι.
2803 4073 2970 4153 αχίισί
2998 4074 3150 4149 ν.νγ“.
3181 4072 3288 4129 Καὶ
3321 4068 3410 4128 διὰ
3463 4072 3737 4148 μιλιαρη-

2074 4161 2204 4219 σίων
2262 4162 2442 4240 λίτραι
2484 4184 2582 4240 ογ,,
2610 4165 2771 4239 ν,νβ“,
2833 4162 2930 4235 ξδ’,
2970 4165 3230 4239 γινόμενα
3268 4165 3482 4241 χρυσοῦ
3521 4159 3734 4237 λίτραι,

2079 4252 2434 4330 μιλιαρήσια,
2487 4254 2816 4329 κεντηνάρια
2879 4254 2964 4324 ιζ’,
3024 4252 3214 4329 λίτραι
3266 4252 3352 4324 εί,
3412 4252 3583 4328 ν.μβ’,
3634 4249 3739 4321 ξδ’.

2079 4343 2143 4400 ’Π
2202 4341 2575 4399 ἀποσταλεῖσα
2633 4342 2774 4421 ρόγα
2803 4342 2882 4408 εἷς
2935 4342 2999 4400 τὸ
3056 4341 3361 4421 Δυρῤἀχιον
3419 4337 3571 4418 λόγῳ
3617 4344 3732 4396 τῶν

2078 4433 2124 4503 ζ’
2155 4431 2465 4509 χελανδίων
2494 4437 2603 4490 τῶν
2629 4429 2800 4491 ὄντων
2830 4432 3103 4490 ἐκεῖσεγαὶ
3137 4429 3517 4508 αἰχμαλώτων
3550 4428 3738 4490 Τουλ-

310 4527 657 4586 liarensium
717 4537 1148 4604 argenteorum,
1199 4533 1376 4591 simul
1440 4539 1692 4607 sumpta
1745 4533 1950 4590 faciunt

2084 4523 2320 4599 ματζίων
2409 4523 2544 4597 ὑπὲρ
2614 4521 2828 4599 ἀνδρῶν
2914 4523 3040 4600 μα’
3088 4525 3300 4598 χρυσοῦ
3367 4519 3566 4610 λίτραι-
3609 4518 3736 4610 μιλ.

314 4620 651 4676 centenaria
698 4621 787 4692 t7,
827 4621 869 4679 1.
909 4622 1004 4693 62,
1041 4637 1102 4679 n.
1141 4622 1212 4677 42
1240 4627 1299 4680 et
1352 4623 1675 4680 miliaresia
1706 4622 1759 4680 4.
1808 4623 1950 4696 Rogl

2084 4612 2270 4688 λίτραι
2312 4616 2440 4688 ρις⁸,
2498 4614 2651 4684 ν,ιζ“.
2710 4613 2818 4669 Διὰ
2884 4614 2982 4667 τοῦ
3060 4612 3437 4696 θέματοςντοῦ
3502 4607 3742 4686 Αῗγαίου

314 4705 750 4779 Dyrrhachium
774 4711 955 4768 missa
978 4727 1080 4785 pro
1101 4717 1319 4784 septem
1343 4712 1670 4780 chelandiis
1690 4712 1769 4768 ibi
1793 4727 1940 4784 agen

2083 4701 2379 4780 πελάγους,
2412 4700 2500 4758 διὰ
2528 4723 2588 4758 τε
2641 4706 2751 4758 τῶν
2811 4702 3125 4775 θεματικων
3188 4695 3472 4777 ἀρχόντων
3504 4698 3602 4755 παὶ
3642 4702 3745 4755 τοῦ

314 4796 477 4852 tibus
512 4801 569 4852 et
599 4798 845 4871 captivis
869 4798 1191 4857 Tulmatzis
1214 4816 1458 4857 numero
1479 4800 1585 4856 793
1610 4800 1721 4857 l‘uit
1741 4801 1798 4856 in
1824 4798 1950 4857 litri:

2085 4798 2393 4869 στρατηγοῦ
2452 4793 2590 4871 ῥόγα
2647 4794 2856 4868 χρυσοῦ
2912 4788 3097 4865 λίτραι
3131 4790 3232 4864 ειν,
3270 4785 3431 4863 ν,κδ⁸.
3465 4790 3622 4859 Ζήτει
3665 4786 3747 4852 εἷς

315 4888 443 4943 auri
466 4886 620 4944 886
651 4892 710 4945 et
748 4888 1103 4948 milliaresiis
1142 4889 1417 4947 litrarum
1460 4893 1699 4949 centum
1729 4893 1787 4946 et
1816 4891 1950 4947 sede

2082 4883 2214 4947 τοὺς
2267 4882 2539 4960 ἄρχοντας
2584 4886 2684 4938 τοῦ
2729 4877 3016 4956 τετραδίου
3066 4881 3566 4956 λεπτομερέστερον
3633 4879 3742 4948 τὴν

314 4974 432 5032 cim
461 4980 522 5030 et
550 4978 978 5036 numismatum
1011 4981 1097 5035 17.
1138 4984 1248 5037 Pro
1277 4979 1535 5037 themate
1567 4980 1736 5054 ΕΣεωί
1769 4979 1950 5036 maris

2087 4973 2251 5053 ρόγὰν
2278 4976 2388 5029 τῶν
2420 4992 2455 5049 γ
2516 4969 3012 5046 πλοϊμοθεμάτων.
3074 4969 3173 5026 Διά
3222 4973 3319 5025 τοῦ
3350 4969 3584 5043 Otium;
3633 4973 3741 5038 τῆς

317 5063 645 5121 rectoribus
675 5068 802 5139 ejus
847 5071 990 5142 puta
1018 5072 1077 5125 et
1117 5068 1425 5139 militibus,
1468 5069 1650 5126 missa
1690 5067 1797 5126 fuit
1834 5085 1950 5142 roga

2089 5067 2301 5139 Σάμου,
2347 5060 2438 5118 διά
2486 5083 2545 5118 τε
2588 5066 2698 5118 τῶν
2748 5063 3057 5135 θεματικῶν
3100 5059 3385 5135 ἀρχόντων
3433 5062 3530 5114 τοῦ
3575 5075 3741 5133 στρα-

316 5147 438 5205 litr.
471 5150 561 5219 69,
603 5170 767 5212 num.
821 5157 913 5214 24.
957 5160 1257 5227 Quantum
1299 5176 1454 5233 rogas
1491 5158 1821 5232 acceperint
1863 5158 1950 5214 tri:

2085 5156 2183 5210 τοῦ
2215 5151 2350 5230 ρόγα
2381 5154 2589 5227 χρυσοῦ
2630 5148 2815 5221 λίτραι
2865 5146 3004 5227 ρλδ’,
3054 5149 3178 5208 ν.κ’.
3221 5147 3319 5205 Διᾶ
3352 5150 3448 5203 τοῦ
3505 5148 3743 5220 etiam;

316 5236 576 5295 themata
613 5243 855 5314 marina,
900 5247 1255 5321 deligentius
1292 5248 1717 5320 exquirendum
1761 5249 1837 5304 ab
1877 5264 1950 5303 ar

2087 5247 2196 5300 τῶν
2248 5237 2702 5320 Κιϐυῤῥαιωτῶν,
2761 5237 2854 5296 διὰ
2915 5243 3026 5295 τῶν
3088 5242 3396 5314 θεματικῶν
3451 5236 3741 5313 ἀρχόντων

318 5326 635 5387 cbontibus
680 5338 936 5404 quatuor
963 5342 1315 5409 tagmatum.
1355 5338 1657 5396 Thematis
1678 5338 1834 5395 Sami
1856 5343 1950 5394 tan

2086 5334 2178 5388 καὶ
2231 5337 2327 5388 τοῦ
2371 5335 2601 5407 στρατοῦ
2652 5331 2746 5386 σὺν
2801 5327 3129 5408 Μαρδαῖτῶν
3156 5333 3255 5385 τοῦ
3301 5328 3471 5385 αὐτοῦ
3509 5326 3751 5401 θέματος

1364 5503 1560 5562 JOAN.
1600 5505 1746 5563 JAC.
1789 5502 2055 5562 REISKII
2093 5498 2689 5560 COMMENTARIUS.

393 5666 508 5796 (84)
538 5664 601 5727 F.
633 5673 767 5744 post
799 5668 945 5727 hanc
976 5685 1175 5729 vocem
1205 5673 1419 5731 excidit
1448 5679 1549 5732 aut
1575 5674 1772 5733 saltim
1794 5673 1970 5732 tacite
2076 5673 2470 5733 rciscitandum
2523 5671 2682 5746 apud
2726 5670 3015 5752 praefectos
3065 5664 3403 5739 accuratius,
3444 5672 3585 5742 quot
3626 5679 3740 5723 nu-

397 5757 477 5796 DD
501 5743 718 5796 endum
777 5751 864 5796 est
921 5741 1066 5796 mat.
1126 5748 1228 5796 aut
1292 5747 1505 5796 excidit
1564 5746 1655 5796 τὸν
1710 5746 1968 5796 ἆοὶθαὸν-
2079 5762 2230 5796 mero
2258 5747 2634 5796 militarem
2658 5746 2835 5796 classe
2862 5745 3086 5796 inermi.

323 5741 719 5816 supplendum
777 5751 864 5803 est
921 5741 1066 5818 περί,
1126 5748 1228 5802 aut
1292 5747 1505 5805 excidit
1564 5746 1655 5803 τὸν
1710 5746 1946 5824 ἀρὶθμὸν

2079 5762 2230 5806 mero
2258 5747 2478 5805 milites
2494 5741 2634 5804 cum
2658 5741 3086 5803 classe'iverint.
