4094 6396
358 370 389 427 1
407 367 522 428 237

1214 365 1315 423 DE
1361 360 1806 424 CERIMONIIS
1853 359 2090 423 AULIE
2139 361 2620 422 BYZANTIN/E
2668 361 2810 423 LIB.
2859 356 2933 421 Il.

3627 357 3781 420 1238

359 496 500 576 ῥόγα
533 504 743 576 χρυσοῦ
776 499 960 575 λίτραι
995 497 1278 572 ροζ“,.ν.δ’.
1330 501 1426 554 Διά
1467 503 1564 554 τοῦ
1595 498 1874 574 προχρέου
1905 503 2011 554 τῶν

2130 498 2450 555 rectoribus
2481 516 2659 570 quam
2723 500 3009 555 militibus
3041 498 3234 556 missas
3263 502 3401 556 sunt
3456 498 3517 556 in
3579 514 3783 570 regam

361 585 692 663 Μαρδαϊτῶν
743 591 853 642 τῶν
903 593 1005 654 τῆς
1057 582 1262 651 δύσεως
1327 587 1572 660 θεμάτων
1623 586 1755 659 ὑπὲρ
1808 584 2019 660 ἀνδρῶν

357 699 450 754 ν.γ
478 677 580 732 ἀνᾶ
611 675 655 731 δ’
686 680 897 752 χρυσοῦ
929 675 1113 750 λίτραι
1148 676 1276 750 ρξς’,
1322 677 1494 750 ν.μη’.
1527 676 1612 746 Ἐξ
1642 676 1816 730 αὐτῶν
1854 674 2016 746 ἐδόθη

356 772 440 840 τῷ
487 765 758 843 πατρικίῳ
811 765 1052 841 Κρινίτῳ
1100 767 1246 842 παρὰ
1298 771 1400 822 τοῦ
1447 766 1734 840 πατρικίου
1785 765 2019 841 Μιχαὴλ

360 860 463 912 τοῦ
507 857 758 926 Οὐρανοῦ
814 858 928 929 (85)
991 853 1171 928 λίτραι
1219 856 1321 919 λς’.
1384 857 1481 911 Καὶ
1538 857 1605 910 τὰ
1664 853 1884 920 δοθέντα
1913 855 2018 910 ἀπὸ

357 951 461 1002 τοῦ
503 950 772 1007 κοιτῶνος
824 944 901 1007 εἷς
962 943 1351 1020 ἀναπλήρωσιν
1412 950 1502 1001 τοῦ
1551 950 1722 1001 ποσοῦ
1765 950 1870 1001 τῶν
1916 947 2022 1020 ρξς¹

363 1033 568 1108 λιτρῶν
619 1035 712 1090 καὶ
765 1041 851 1108 μς⁸
900 1033 1082 1110 λίτραι
1134 1035 1238 1110 ρλ’,
1289 1036 1463 1108 ν.μη’,
1513 1036 1600 1090 καὶ
1653 1033 1793 1108 ὁμοῦ
1823 1036 1883 1090 τὸ
1914 1041 2018 1090 πᾶν

357 1125 545 1201 λίτραι
581 1126 707 1200 ρξς’,
739 1131 913 1198 ν.μη’.
962 1126 1060 1179 Καὶ
1108 1123 1418 1202 ὀφείλουσιν
1454 1120 1750 1198 λαμϐάνειν
1786 1125 1838 1180 o'i
1867 1125 2020 1180 αῦτοὶ

354 1211 664 1288 Μαρδαΐται
715 1215 831 1270 καθ’
878 1211 1102 1270 ἕκαστον
1158 1221 1304 1286 μῆνα
1352 1217 1406 1269 αἱ
1455 1221 1600 1291 τρεῖς
1642 1213 1894 1290 χιλιάδες
1923 1216 2022 1269 ἀνὰ

354 1303 701 1378 νομίσματος
760 1305 826 1377 α’,
869 1304 1133 1380 γινόμενα
1188 1302 1280 1359 διὰ
1333 1308 1440 1359 τῶν
1496 1302 1536 1360 δ’
1599 1309 1785 1378 μηνῶν
1843 1302 2020 1378 ἕτεραι

353 1390 544 1468 λίτραι
604 1393 728 1469 ρξς’,
795 1399 970 1466 ν.μη’.
1027 1394 1126 1448 Atii
1182 1397 1287 1448 τῶν
1350 1391 1391 1448 δ’
1446 1395 1739 1469 ταγμάτων
1805 1393 2020 1469 Θρᾴκης

360 1482 452 1539 διά
503 1505 561 1540 τε
621 1485 788 1558 ρόγας
847 1483 1167 1558 φιλοτιμίας
1237 1486 1348 1556 (86)
1405 1490 1501 1539 τοῦ
1579 1485 1847 1560 φοσσάτου
1905 1485 2022 1540 ἀντὶ

359 1579 470 1630 τῶν
522 1573 758 1646 ἱματίων
805 1578 1015 1648 χρυσοῦ
1068 1573 1249 1648 λίτραι
1301 1593 1446 1648 por,
1497 1577 1652 1644 ν.κθ’,
1705 1577 2023 1652 σκαραμάγ-

354 1686 454 1740 για
511 1666 575 1728 θ’.
639 1665 737 1720 Διὰ
793 1667 903 1720 τῶν
965 1661 1007 1718 δ’
1064 1664 1359 1739 ταγμάτων
1430 1663 1762 1727 Μακεδονίας
1822 1663 1911 1720 διά
1966 1687 2024 1722 τε

365 1753 534 1830 ῥόγας
585 1751 906 1832 φιλοτιμίας
963 1757 1061 1809 τοῦ
1123 1756 1394 1832 φοσσάτου
1437 1753 1551 1809 ἀντὶ
1615 1761 1723 1810 τῶν
1783 1756 2019 1828 ἱματίων

365 1848 577 1918 χρυσοῦ
627 1841 812 1942 λίτραι
861 1845 968 1920 pA‘,
1017 1845 1172 1915 ν.ξη’,
1225 1846 1614 1919 σκαραμάγγια
1659 1846 1756 1942 κζ,³
1776 1845 1872 1900 Διὰ
1913 1849 2019 1901 τῶν
2057 1877 2102 1942 Β

356 1937 663 2007 περατικῶν
722 1931 818 1988 δύο
894 1935 1185 2010 ταγμάτων
1265 1939 1361 1989 τοῦ
1433 1955 1490 1989 τε
1566 1930 1875 2007 ἐξκουϐίτου
1932 1936 2021 1990 καὶ

355 2027 466 2078 τῶν
521 2023 814 2090 ἱκανάτων,
869 2021 959 2077 διά
1004 2044 1061 2078 τε
1103 2022 1264 2098 ῥὸγας
1315 2021 1634 2098 φιλοτιμίας
1683 2028 1778 2078 τοῦ
1819 2025 2022 2101 epeos-3':-

357 2132 454 2168 του
506 2111 628 2167 ἀντὶ
677 2111 910 2186 ἱματίων
960 2114 1014 2186 χ’
1052 2113 1375 2186 κεντηνάρια
1418 2110 1483 2183 δ’,
1536 2111 1716 2187 λίτραι
1777 2120 1849 2184 π’,
1900 2134 2026 2169 σκα-

364 2203 643 2279 ραμᾶγγια
710 2204 840 2278 ριβ’.
910 2202 1008 2257 Διὰ
1055 2207 1152 2258 τοῦ
1217 2201 1446 2275 θὲματοι,
1514 2208 1610 2258 τοῦ
1655 2206 2022 2278 Χαρπεζικίου

364 2293 721 2367 τουρμάρχαι
787 2293 1222 2367 προκριτώτεροι
1309 2292 1417 2366 κβ’,
1481 2294 1508 2347 6
1575 2293 1858 2368 μεράρχης
1925 2299 2022 2348 τοῦ

361 2379 620 2454 θὲματος,
671 2382 699 2436 ὁ
748 2383 930 2455 κόμης
982 2386 1082 2448 τῆς
1149 2382 1375 2452 κόρτης,
1442 2383 1469 2436 ὁ
1539 2380 1858 2455 δομέστικος
1925 2387 2024 2438 τοῦ

357 2471 593 2542 θὲματος
643 2471 742 2525 ἀνᾶ
791 2471 850 2541 ε’,
902 2473 1254 2546 τουρμάρχαι
1300 2470 1647 2537 ἐλαττότεροι
1696 2474 1780 2546 μζ¹
1830 2473 1928 2527 ἀνὰ
1957 2471 2021 2544 δ’,

358 2557 715 2636 δρουγγάριοι
784 2561 854 2615 σε’
922 2561 1021 2616 ἀντὶ
1085 2568 1152 2635 γ’,
1219 2567 1545 2636 στρατιῶται
1615 2570 1731 2632 υκη“
1791 2563 1893 2617 ἀνὰ
1954 2564 2020 2637 β’.

355 2650 526 2728 Ῥόγα
554 2654 765 2726 χρυσοῦ
797 2649 978 2725 λίτραι
1024 2650 1126 2721 κδ’,
1171 2658 1312 2714 ν.νς⁸,
1367 2653 1466 2706 Διά
1513 2656 1619 2707 τῶν
1668 2647 2024 2722 Σθλαϐησιά-

361 2759 471 2794 νων
529 2743 638 2795 τῶν
703 2739 1020 2812 καθημένων
1083 2739 1159 2803 εἷς
1214 2741 1276 2795 τὸ
1335 2741 1571 2815 ὀψίκιον,
1633 2739 1822 2816 ἄνδρες
1891 2745 2021 2815 ρκζ’,

359 2826 594 2904 κεφαλαὶ
661 2834 806 2906 τρεῖς
860 2829 956 2885 ἀνὰ
1011 2831 1069 2901 ε’,
1119 2830 1209 2885 καὶ
1272 2831 1322 2886 οἱ
1382 2829 1571 2887 λοιποὶ
1631 2828 1744 2902 ρκδ¹
1800 2830 1898 2886 ἀνὰ
1953 2839 2020 2908 γ’,

363 2919 500 2994 ῥόγα
531 2918 716 2992 λίτραι
767 2925 824 2990 ε’,
865 2921 963 2990 κζ’,
1017 2919 1233 2988 Ἰστέον,
1280 2919 1389 2990 ὅτι,
1441 2917 1532 2976 διὰ
1581 2921 1644 2975 τὸ
1695 2923 1770 2994 μή
1829 2920 2024 2996 ῥογευ-

357 3010 518 3078 θῆναι
584 3009 648 3064 τὸ
715 3009 852 3083 θέμα
919 3013 1026 3065 τῶν
1105 3009 1444 3083 Θρᾳκησίων,
1513 3008 1658 3064 ἀλλὰ
1725 3009 2020 3084 ἀρόγειιτον

355 3099 580 3171 περάσει
613 3096 666 3154 ἐν
700 3100 918 3173 Κρήτῃ,
954 3096 1042 3153 διὰ
1070 3097 1230 3155 τοῦτο
1265 3097 1391 3154 οὐδὲ
1428 3097 1654 3154 ἐνταῦθα
1685 3100 1860 3170 ἐτέθη.

2130 587 2258 642 auri
2291 589 2460 644 littrse
2491 589 2592 644 134
2625 592 2857 644 etnum.
2888 589 2979 645 20.
3004 588 3346 646 Rectoribus
3373 588 3785 660 militibusque

2129 677 2404 733 thematis
2435 678 2987 748 Cibyrrhzeotarum,
3022 695 3252 750 unaque
3291 679 3589 734 Mardaitis
3628 681 3785 750 ejus-

2129 768 2259 822 dem
2292 766 2564 824 thematis
2618 769 2812 825 missae
2861 770 3096 824 fuerunt
3152 770 3211 824 in
3272 784 3470 841 regam
3534 771 3660 824 auri
3713 770 3784 824 li-

2129 861 2230 912 trm
2265 859 2364 912 177
2399 863 2457 914 et
2485 875 2650 914 num.
2684 858 2737 913 4.
2800 863 2862 914 In
2895 874 3005 914 aere
3046 866 3179 914 ante
3224 857 3488 914 debitum
3546 863 3784 930 tempus

2128 947 2260 1003 dato
2281 947 2581 1004 Mardaitis
2638 950 2965 1005 tliematum
3009 946 3462 1006 occidentalium
3502 947 3641 1003 viris
3676 964 3784 1003 nu-

2130 1053 2290 1094 mero
2322 1042 2410 1094 ter
2431 1039 2613 1108 mille,
2639 1037 2890 1112 singulis
2913 1038 3201 1110 capitibus
3243 1037 3302 1094 in
3362 1040 3648 1109 quaterna
3677 1051 3784 1092 uu-

2131 1126 2406 1182 mismata
2436 1127 2650 1197 censis,
2684 1129 2887 1183 solutas
2919 1131 3057 1182 sunt
3080 1125 3230 1182 litras
3272 1126 3374 1180 166
3403 1129 3461 1182 et
3490 1139 3652 1180 num.
3687 1122 3776 1177 48.

2133 1216 2318 1286 llujus
2354 1233 2600 1272 summas
2632 1215 2796 1273 litras
2827 1217 2897 1271 36
2926 1214 3432 1288 accepitpatricius
3463 1213 3715 1268 Crinitus
3743 1227 3777 1267 a

2132 1305 2372 1377 patricio
2404 1304 2650 1361 Michael
2683 1304 2894 1362 Urano.
2930 1306 2971 1360 E
3010 1309 3235 1362 ccetone
3274 1304 3344 1360 ad
3378 1302 3785 1373 integrandam

2133 1396 2306 1450 modo
2329 1395 2544 1450 dictam
2577 1411 2876 1450 summam
2912 1393 3182 1450 lilrarum
3213 1399 3444 1450 centum
3491 1393 3788 1463 sexaginta

2132 1500 2232 1540 sex
2262 1488 2320 1540 et
2350 1501 2510 1540 num.
2544 1485 2614 1540 46
2645 1485 2787 1540 dates
2823 1489 2960 1540 sunt
3008 1485 3153 1539 litra
3214 1483 3316 1538 130
3362 1486 3421 1538 et
3476 1497 3638 1537 num.
3695 1481 3783 1535 48.

2133 1575 2345 1630 Totum
2403 1590 2540 1646 ergo
2590 1573 2730 1629 facit
2785 1573 2952 1629 litras
3003 1574 3128 1643 166,
3183 1588 3350 1628 num.
3409 1571 3501 1627 48.
3560 1569 3790 1626 Debent

2133 1679 2302 1736 porro
2333 1664 2511 1720 iidem
2551 1662 2844 1719 Mardaitas
2875 1663 2936 1719 in
2967 1678 3228 1719 mensem
3283 1661 3542 1734 accipere
3574 1658 3787 1716 viritim

2131 1755 2493 1810 numismata
2519 1752 2771 1825 singula.
2807 1757 2939 1810 Haec
2955 1752 3390 1809 numismatain
3413 1750 3708 1806 trimestre
3729 1751 3787 1804 et

2132 1844 2243 1900 tria
2303 1845 2611 1901 hominum
2661 1844 2849 1900 millia
2904 1851 3239 1915 computata
3275 1842 3543 1898 efﬁciunt
3590 1840 3785 1896 adhuc

2134 1933 2306 1989 aliam
2327 1949 2622 1990 summam
2660 1935 2760 1989 166
2792 1935 2975 1989 litrar.
3017 1937 3072 1989 et
3093 1932 3162 1987 48
3193 1931 3473 1988 numism.
3523 1931 3784 1997 Quatuor

2131 2023 2492 2094 tagmatibus
2523 2023 2782 2080 Thracias
2815 2022 2961 2079 datas
3006 2023 3244 2079 fuerunt
3272 2026 3393 2077 tam
3426 2020 3485 2074 in
3529 2034 3667 2091 roga
3687 2019 3780 2074 de-

2133 2112 2275 2182 bita,
2300 2130 2477 2184 quam
2504 2113 2564 2168 in
2598 2129 2839 2170 munere
2869 2111 3206 2186 peeuniario
3257 2110 3510 2183 gratuito
3542 2107 3782 2165 nomine

2133 2207 2380 2262 vestium
2415 2207 2474 2262 in
2499 2207 2923 2279 expeditionem
2956 2204 3508 2277 comparandarum,
3560 2202 3685 2258 auri
3705 2200 3782 2257 li-

2135 2302 2231 2351 tras
2258 2297 2352 2351 171
2388 2304 2443 2352 et
2474 2297 2758 2353 numism.
2791 2297 2862 2350 29
2909 2299 2967 2352 et
2997 2297 3125 2368 [pro
3181 2293 3488 2367 praecipuis
3544 2291 3782 2348 rectori-

2135 2384 2264 2453 bus]
2310 2387 2714 2458 scaramangia
2744 2402 2971 2443 novem.
3003 2383 3135 2441 Pari
3184 2384 3357 2440 modo
3377 2386 3499 2438 tam
3540 2380 3600 2436 in
3623 2395 3784 2452 roga,

2132 2490 2307 2545 quam
2345 2477 2401 2532 in
2463 2491 2709 2532 munere
2767 2493 2870 2548 pro
2918 2475 3180 2532 vestibus
3230 2470 3585 2529 militaribus
3637 2469 3785 2524 datas

2134 2569 2274 2621 sunt
2302 2569 2551 2637 quatuor
2578 2566 2940 2638 tagmatibus
2965 2563 3312 2620 Macedoniae
3335 2562 3461 2619 auri
3493 2560 3637 2616 litras
3660 2559 3785 2624 130,

2135 2671 2300 2710 num.
2340 2656 2430 2720 68,
2465 2660 2521 2711 et
2552 2654 2952 2726 scaramangia
2982 2655 3073 2721 20,
3103 2653 3313 2709 Iisdem
3372 2649 3560 2707 titulis
3617 2664 3785 2705 acce-

2135 2749 2349 2817 perunt
2379 2746 2494 2800 duo
2523 2751 2779 2816 tagmata
2802 2745 3215 2817 peraticorum,
3250 2757 3458 2813 nempe
3489 2739 3786 2796 excubito-

2135 2849 2225 2890 res
2255 2838 2312 2888 et
2339 2834 2617 2903 hicanati,
2652 2835 2779 2890 auri
2815 2834 3145 2890 centenaria
3192 2836 3459 2902 quatuor,
3519 2827 3685 2884 litras
3713 2826 3786 2880 80

2134 2927 2188 2979 et
2209 2923 2618 2996 scaramangia
2649 2923 2772 2979 112.
2803 2923 2866 2979 In
2899 2923 3158 2979 themate
3207 2917 3564 2992 Cbarpezieii
3616 2931 3786 2972 acce-

2133 3018 2346 3084 perunt
2379 3014 2723 3071 turmarchaa
2756 3014 3115 3071 honestiores
3174 3027 3420 3068 numero
3467 3009 3539 3063 24
3569 3023 3599 3064 e
3657 3023 3786 3063 me-

2134 3103 2339 3159 rarcha
2395 3104 2673 3160 thematis
2731 3108 2788 3161 et
2847 3120 3042 3161 comes
3090 3101 3263 3160 cortis
3315 3104 3374 3156 et
3429 3097 3788 3155 domesticus

354 3191 640 3247 thematis
671 3191 889 3247 viritim
921 3191 1104 3263 quina
1136 3193 1516 3249 numismata.
1567 3192 2063 3250 Turmarcharum
2103 3195 2398 3251 minorum
2446 3212 2690 3252 numero
2731 3196 2800 3250 47
2839 3193 3058 3266 singuli
3089 3198 3372 3266 quaterna
3405 3191 3782 3256 numismata,

358 3281 810 3352 drungariorum
867 3283 976 3337 205
1032 3283 1288 3354 quisque
1335 3287 1500 3339 terna
1549 3281 1765 3339 milites
1820 3284 1944 3351 428,
1989 3283 2206 3339 viritim
2238 3285 2398 3341 bina.
2426 3284 2555 3340 Fuit
2581 3301 2717 3357 ergo
2749 3301 2948 3341 eorum
2981 3301 3120 3357 roga
3149 3285 3210 3340 in
3235 3283 3574 3339 universum
3615 3279 3784 3334 litra-

358 3383 492 3426 rum
547 3370 675 3426 auri
718 3370 788 3425 24
837 3375 896 3426 et
925 3387 1089 3428 num.
1150 3372 1240 3428 59.
1295 3371 1835 3428 Sthlabesianorum
1889 3373 2301 3429 excubantium
2358 3373 2419 3429 in
2485 3374 2743 3430 themate
2798 3373 3029 3442 ebsicii,
3061 3389 3304 3430 numero
3337 3371 3459 3442 126,
3492 3364 3784 3442 capitanei

359 3463 480 3516 tres
512 3465 864 3534 acceperunt
894 3462 1244 3518 numismata
1277 3463 1476 3534 quina,
1537 3461 1747 3533 reliqui
1805 3462 1927 3530 124,
1991 3471 2172 3534 terna,
2232 3480 2462 3521 summa
2512 3463 2628 3522 litr.
2661 3465 2715 3520 5.
2775 3481 2942 3521 num.
2999 3464 3090 3522 27.
3140 3463 3445 3520 Thematis
3491 3459 3786 3516 Thracen-

361 3550 523 3608 sium
556 3552 724 3608 nulla
765 3552 860 3609 hic
892 3553 958 3608 ﬁt
983 3553 1152 3619 ratio,
1177 3553 1313 3624 quia
1345 3553 1568 3623 absque
1598 3569 1736 3624 roga
1760 3552 2124 3623 trajiciebant
2146 3555 2202 3610 in
2217 3555 2465 3612 Cretam.

687 3651 870 3707 Ἔστιν
913 3652 947 3720 ἡ
989 3648 1266 3720 ἐξόπλισις
1317 3647 1588 3724 δρόμονος
1629 3651 1694 3708 α’.

2491 3655 2562 3712 De
2593 3665 2885 3712 armatura
2921 3658 3091 3712 unius
3127 3656 3428 3712 dromom's.

432 3734 703 3796 Κλιϐἀνια
735 3740 796 3811 ο’,
833 3739 1068 3814 λωρίκια
1106 3740 1243 3815 ψιλᾶ
1288 3737 1442 3815 λόγῳ
1493 3745 1602 3795 τῶν
1653 3739 2016 3816 πρωτοκαρᾶ-

2197 3744 2474 3802 Dromoni
2511 3745 2612 3801 uni
2645 3745 2825 3803 armis
2873 3747 3220 3802 instruendo
3255 3747 3550 3816 rebusque
3581 3755 3784 3798 neces-

358 3823 470 3884 6ων
527 3834 636 3905 (87)
681 3829 772 3886 καὶ
823 3829 1164 3910 σιφωναρίων
1225 3829 1316 3886 καὶ
1391 3828 1654 3907 πρωρέων
1716 3831 1806 3905 ιβ’,
1858 3829 2016 3907 ’ἐτερα

2129 3836 2299 3891 sariis
2333 3836 2454 3891 haec
2478 3836 2759 3908 requisita
2789 3843 2842 3891 et
2872 3845 3082 3907 praesta
3111 3835 3341 3892 fuerunt
3367 3851 3380 3890 :
3413 3830 3780 3900 clibania70;

1417 3931 1620 3988 JOAN.
1650 3931 1797 3987 JAC.
1833 3931 2102 3988 RElSKIl
2129 3932 2720 3990 COMMENTARIUS.

427 4029 541 4103 (85)
577 4031 833 4089 Celebris
862 4030 986 4087 haec
1017 4048 1157 4102 gens
1189 4029 1515 4088 Uranorum
1542 4031 1629 4086 vel
1663 4031 2012 4087 Uraniorum

352 4101 532 4158 etiam
563 4103 625 4159 in
661 4106 903 4160 historia
959 4101 1226 4172 Turcica,
1285 4104 1463 4173 vulgo
1523 4107 1948 4158 Eurenosorum
1981 4119 2015 4158 a

351 4173 924 4302 Turci257dicta;vid.
962 4175 1266 4232 Leunclav.
1310 4175 1583 4231 Pandect.
1628 4173 1776 4230 Hist.
1837 4175 2011 4232 Ture.

353 4261 489 4302 can.
591 4289 603 4302 .
1545 4275 1549 4278 ~

353 4261 603 4318 cap.27.
1545 4275 1549 4278 ~

432 4317 548 4392 (86)
573 4323 722 4376 Ante
745 4318 900 4392 hanc
927 4319 1550 4392 voceminserendum,
1583 4317 1777 4374 saltim
1796 4317 2013 4392 _tacite,

356 4389 472 4471 καῖ,
505 4389 662 4471 quod
721 4391 917 4471 codici
961 4391 1143 4471 deest,
1204 4399 1257 4446 et
1288 4391 1369 4471 sic
1405 4405 1658 4471 'quoque
1680 4389 2015 4471 paulopost

358 4458 694 4537 aliquoties.
728 4467 926 4537 Potest
959 4479 1063 4534 pro
1107 4458 1463 4537 βραχυλογία
1516 4458 1743 4534 plebeia
1785 4458 2013 4537 haberi.

353 4531 644 4596 Praeterea
675 4531 1001 4591 notandum
1061 4531 1336 4605 dh‘cofin
1378 4531 1478 4588 his
1519 4531 1854 4605 'computis,
1915 4531 2015 4587 ubi

354 4622 491 4667 ante
538 4623 848 4664 numerum
898 4607 1157 4677 aliquem
1220 4609 1376 4661 stant
1422 4606 1537 4660 duo
1571 4606 1694 4677 hinc
1724 4608 2018 4677 commata

356 4680 774 4754 appositasibi,
793 4683 894 4734 aut
914 4676 1029 4733 duo
1051 4676 1670 4754 punctasuperposita,
1694 4677 1753 4731 id
1779 4676 2015 4754 signum

361 4747 493 4811 esse
516 4751 960 4813 numismatum,
1010 4747 1112 4805 aut
1142 4747 1472 4805 solidorum
1519 4747 1855 4814 aureorum,
1916 4747 2017 4802 ubi

359 4841 498 4881 vero
520 4823 879 4894 conspicitur
910 4823 1014 4877 hoc
1046 4822 1283 4893 signum
1348 4837 1393 4871 ω
1449 4829 1788 4892 sequentem
1812 4835 2016 4874 nume-

366 4913 500 4953 rum
533 4893 1170 4951 esse’miliaresiorum.

427 4969 543 5038 (86)
573 4965 858 5038 Videntur
876 4965 1127 5037 pnefecti
1145 4965 1518 5022 carabiorum
1555 4962 2011 5038 esse.Siphona-

355 5036 444 5096 rii'
464 5036 627 5104 sunt,
643 5039 745 5109 qui
765 5036 1031 5109 Graecum
1047 5037 1265 5093 dictum
1282 5037 1476 5106 ignem
1495 5054 1525 5093 e
1541 5036 1892 5108 siphonibus
1905 5039 2016 5104 eja-

353 5110 636 5167 culantur
661 5108 682 5180 ';
711 5108 1134 5180 v.Theophan.
1170 5126 1226 5178 p.
1272 5110 1376 5163 332
1415 5114 1472 5164 et
1528 5111 1654 5164 423.
1715 5111 2014 5180 Constant.

351 5178 709 5256 Porphyrog.
743 5182 812 5236 de
853 5178 1174 5256 administr.
1235 5179 1480 5256 imperio
1533 5198 1589 5253 p.
1643 5181 1739 5256 64.
1778 5178 2014 5256 A'[Cail_i-

350 5251 524 5312 nicus
555 5251 843 5324 'repertor
915 5252 1072 5324 ignis
1112 5251 1315 5309 Graeci.
1369 5251 1570 5307 Zonar.
1642 5251 1888 5324 11.790;
1942 5251 2014 5306 de

346 5326 469 5394 igni
503 5323 696 5381 Graeco
737 5330 795 5379 et
853 5323 1087 5389 ritibus,
1153 5324 1368 5394 quibus
1419 5325 1528 5378 fuit
1576 5323 1904 5394 expeditus,
1956 5339 2007 5378 ν.

402 5397 623 5453 ulcher.
655 5398 999 5452 Carnotens.
1026 5395 1083 5450 in
1117 5396 1302 5467 gestis
1335 5395 1691 5467 peregrinor.
1730 5395 2009 5467 Franco-

351 5487 482 5525 rum
521 5487 574 5537 p.
603 5467 756 5536 407;
819 5468 985 5524 Cenf.
1036 5465 1143 5521 Du'
1176 5468 1366 5535 Gange
1426 5465 1495 5520 ad
1529 5465 1789 5522 Joinvill.
1827 5484 1881 5536 p.
1915 5467 2007 5522 71.

351 5541 591 5597 Vossius
638 5541 696 5595 in
757 5539 960 5595 Obser.
1021 5556 1120 5593 var
1172 5555 1222 5593 c.
1263 5538 1336 5603 9;
1388 5538 1595 5592 classis
1637 5539 2011 5604 imperatoria

353 5613 708 5685 siphonibus
753 5611 1042 5685 instructa
1089 5608 1369 5685 πυρφόρος
1424 5605 1618 5670 στόλος
1644 5626 1696 5679 p.
1724 5609 1811 5685 49.
1848 5608 2008 5685 Luit-

354 5680 612 5758 pr'and.]'
643 5684 1090 5758 Praetereundus
1113 5680 1258 5758 mihi
1283 5698 1406 5758 n_on_
1456 5690 1542 5738 est
1567 5680 1868 5758 egregrius
1918 5680 2007 5758 lo-

357 5751 461 5818 bus
491 5751 676 5812 Anna
721 5755 1030 5814 Comnenae
1062 5756 1120 5811 in
1173 5751 1444 5810 Alexiade
1476 5770 1532 5826 p.
1595 5751 1731 5807 335’
1758 5751 1856 5807 ubi
1904 5753 2002 5821 ait,

2047 5006 2094 5072 D

2124 4030 2386 4088 Alexium
2411 4038 2631 4104 patrem
2658 4048 2830 4089 suum
2866 4032 3186 4088 confecisse
3214 4048 3386 4090 naves
3413 4039 3467 4090 et
3489 4034 3546 4089 in
3578 4049 3781 4090 earum

2127 4120 2474 4175 unaquaque
2506 4121 2677 4175 prora
2721 4109 3023 4175 protomas
3063 4105 3381 4175 bestiarum
3415 4105 3782 4162 terrestrium

2125 4173 2518 4258 Eu‘mﬁa‘pértis
2542 4173 2832 4258 rictibqu
2868 4175 2958 4258 :Ev
2992 4173 3186 4250 ἑκάστῃ
3203 4176 3401 4258 πρῷρα
3431 4179 3537 4230 τῶν
3569 4175 3780 4258 πλοίων

2127 4241 2216 4322 δια
2247 4245 2473 4322 χαλκῶν
2496 4243 2587 4322 καὶ
2604 4243 2848 4322 σιδηρῶν
2867 4245 3105 4322 λεόντων
3130 4241 3476 4322 κὲκὶᾶλλοίων
3508 4246 3781 4322 χερσαίων

2129 4315 2287 4384 ζώων
2314 4315 2554 4392 κεφαλὰς
2577 4318 2713 4390 μετὰ
2739 4315 3029 4392 στομάτων
3064 4319 3421 4392 ἀνεῳγμένων
3453 4315 3786 4392 κατασχευά-

2129 4408 2246 4465 σιαςῖ
2275 4387 2556 4465 χρυσῷᾲτε
2576 4387 2945 4465 ὴε-ριστεὶλας,
2978 4391 3052 4452 ὡς
3085 4387 3186 4444 καῖ
3213 4387 3273 4447 ἐὲι
3305 4391 3478 4465 μόνης
3512 4391 3633 4455 θέας
3671 4411 3779 4465 c30-

2129 4452 2261 4537 6ερᾶ
2279 4452 2585 4537 ’ξαίνεσθαιρ
2599 4452 2661 4537 τᾷ
2677 4458 2884 4516 διᾶτῶν
2898 4452 3006 4537 τῶν
3023 4452 3315 4537 στρεπτῶν’
3332 4452 3467 4537 κατᾶ
3496 4452 3604 4517 τῶν
3622 4452 3786 4537 stole-

2133 4531 2272 4606 μίων
2302 4531 2802 4608 ’μέλλονμάερίεσοαι
2834 4538 2942 4607 πῦρ
2977 4531 3064 4588 διὰ
3092 4531 3210 4589 ’τῶν
3233 4605 3242 4608 _
3267 4535 3552 4608 στομάτων
3608 4533 3782 4589 αὐτῶν

2128 4595 2492 4676 ἇταρεσῖιεύασε
2521 4595 2737 4673 διιέναιξ
2785 4595 3020 4681 curabit,
3073 4613 3134 4662 ut
3190 4605 3257 4681 τα
3305 4595 3538 4681 στρεπτά
3569 4608 3785 4664 tortilia

2126 4696 2225 4750 per
2260 4697 2356 4750 ora
2380 4682 2607 4735 istorum
2640 4680 2978 4750 animalium
3007 4683 3200 4750 contra
3230 4679 3413 4750 hostes
3442 4681 3778 4745 emitterent,

2129 4747 2267 4804 ὥστε
2299 4747 2474 4805 δοκεῖν
2507 4750 2633 4812 τοῦς
2695 4747 2916 4813 λέοντας
2971 4748 3063 4803 καὶ
3119 4749 3298 4805 τᾶλλα
3346 4751 3454 4803 τῶν
3513 4751 3780 4804 τοιούτων

2131 4823 2287 4891 ζώων
2327 4827 2489 4877 τοῦτο
2538 4820 2900 4896 ἐξερεύγεσθαι
2949 4823 3084 4878 adeo
3133 4827 3195 4877 ut
3255 4824 3432 4878 leones
3479 4829 3784 4896 ca’teraqae

2130 4897 2268 4951 (alia
2287 4897 2557 4950 animalia
2585 4895 2702 4964 ipsa
2727 4896 3047 4950 viderentur
3084 4896 3272 4964 ignem
3327 4904 3597 4951 eructare.
3632 4895 3781 4961 Quid

2133 4967 2227 5022 hic
2260 4965 2370 5022 loci
2401 4976 2540 5022 sunt
2572 4969 2805 5035 tortz’lia,
2859 4965 2927 5019 τὰ
2975 4965 3208 5038 στρεπτᾶ
3237 4964 3266 5020 ?
3326 4967 3466 5021 Puto
3525 4982 3653 5022 esse
3700 4964 3782 5020 si-

2131 5038 2358 5110 phones
2388 5038 2951 5107 versatiles,torti|es
2973 5040 3032 5093 in
3065 5055 3240 5110 quam
3275 5039 3527 5110 quisque
3559 5041 3782 5109 partem

2126 5109 2285 5165 velit.
2337 5111 2418 5165 Ad
2473 5110 2563 5164 his
2622 5110 2968 5179 siphonibus
3009 5109 3340 5182 exemplum
3400 5109 3785 5182 d'esumptum

2122 5182 2352 5237 videtur
2381 5182 2785 5254 inventoribus
2835 5182 3197 5236 nostratibus
3249 5188 3694 5254 musquetarum
3729 5185 3786 5236 et

2124 5269 2438 5336 _canonu_m,
2473 5253 2570 5336 qui
2603 5269 2798 5308 revera
2822 5258 2963 5336 sunt
2985 5255 3266 5336 siphones
3289 5253 3586 5336 ignivomi.
3632 5253 3785 5336 D_u_m

2121 5324 2311 5380 locum
2348 5325 2502 5378 hunc
2538 5330 2746 5393 tracto,
2805 5327 2964 5380 venit
3005 5327 3062 5379 in
3098 5323 3444 5381 memoriam
3481 5325 3626 5381 alter
3661 5323 3788 5379 Dio-

2122 5398 2242 5452 dori
2288 5396 2491 5463 Siculi,
2551 5412 2725 5466 quem
2784 5396 3113 5466 intelligere
3184 5401 3324 5451 ante
3386 5399 3563 5466 hunc,
3603 5401 3780 5450 Annae

2123 5470 2312 5524 locum
2347 5485 2459 5522 non
2495 5465 2674 5535 poiui.
2740 5467 2839 5521 Est
2884 5465 3254 5522 Bibliotheca:
3285 5469 3501 5524 Hister.
3553 5465 3592 5522 l.
3651 5483 3782 5533 xm,

2119 5539 2159 5595 1.
2216 5541 2306 5594 99.
2361 5556 2415 5610 p.
2473 5539 2599 5594 622.
2665 5538 2869 5594 Narrat
2951 5539 3388 5603 Callicratiden,
3481 5539 3783 5610 Spartana!

2118 5613 2326 5668 classis
2361 5609 2714 5682 praefectum,
2749 5625 2955 5665 navem
2978 5627 3146 5666 suam
3173 5611 3466 5682 ininavem
3503 5609 3782 5678 Atticam,

2118 5699 2234 5763 qua
2282 5683 2532 5763 Pericles
2583 5683 2797 5763 junior
2844 5682 3188 5752 vehebatur,
3239 5681 3556 5763 impegisse
3617 5683 3783 5763 tanta

2114 5754 2412 5822 violentia,
2447 5758 2510 5810 ut
2540 5754 2801 5827 expediri
2825 5770 3003 5813 naves
3033 5769 3238 5811 rursus
3262 5769 3379 5811 non
3415 5754 3723 5827 potuerint
3759 5767 3774 5810 :
