4094 6386
389 385 539 444 1241

1230 387 1330 448 DE
1376 387 1830 449 CEBIMONIIS
1878 383 2114 449 AULE
2158 377 2635 451 BYZANTIN/E
2677 385 2826 451 LIB.
2873 392 2947 452 ιι.

3650 389 3808 453 1242

388 512 674 591 σφενδόναι
734 513 956 589 σιδηραῖ
1007 516 1303 588 πετζὲϊναι,
1353 514 1562 572 πέταλα
1610 522 1829 592 πορτῶν
1898 517 2044 592 λόγῳ

2162 521 2248 577 bit
2277 521 2536 578 clibauos
2567 523 2656 590 60,
2690 522 2883 594 galeas
2911 524 2982 578 60
3013 528 3068 579 et
3105 522 3316 580 loricas
3367 523 3563 580 denas.
3598 522 3808 580 Usiaca

387 601 647 666 ἐνδῦσεως
712 609 818 660 τῶν
884 602 1156 683 διαφόρων
1233 605 1561 681 τροχιλίων,
1631 607 1837 669 caietae
1908 609 2040 681 (95),

385 693 638 764 τζόκους,
700 693 1033 770 ἀξινορύγια,
1085 695 1302 772 βαρέας,
1379 697 1664 771 βυρσάρια,
1728 696 2047 766 κέντουκλα,

390 781 669 858 σκαφίδια,
773 782 1065 861 καλδάρια,
1177 784 1456 840 καποῦλια
1558 787 1692 859 {96),
1792 787 2046 860 πτυάρια,

390 874 613 949 σχοινία
688 871 942 950 διάφορα,
1017 875 1239 954 καρφία,
1326 872 1667 949 ἀρμελαύσια
1742 877 1873 948 (97).
1953 875 2050 930 Διὰ

387 971 491 1032 τῆς
556 963 886 1034 ἐξοπλίσεως
932 969 1040 1019 τῶν
1120 969 1466 1042 μαγγανικῶν
1525 963 1800 1034 ἐξόπλισις
1856 986 2050 1040 τετρα-

393 1051 529 1129 ρέων
597 1050 658 1122 δ’,
739 1049 1055 1110 λαϐδαδὲων
1125 1052 1188 1120 δ’,
1261 1053 1548 1109 εἰλακτιῶν
1594 1056 1708 1126 (98)
1748 1052 1811 1124 δ’,
1880 1053 2045 1128 ἤγουν

387 1140 719 1218 κρικέλλους
773 1142 869 1197 ἀνὰ
921 1141 1038 1215 δύο,
1090 1144 1402 1220 παγούρους
1449 1151 1512 1212 α’,
1566 1141 1854 1223 σφενδόνας
1902 1143 2051 1215 σιδη-

391 1237 488 1306 ρᾶς
555 1232 644 1306 ιβ’,
700 1230 908 1287 πέταλα
973 1235 1190 1306 πορτῶν
1261 1235 1339 1294 εἷς
1396 1233 1462 1286 τὰ
1515 1232 1779 1311 τροχίλια
1827 1240 1887 1306 c‘,
1939 1233 2048 1288 σεί-

390 1342 517 1383 στας
576 1323 642 1396 ρ’,
711 1321 1026 1399 ἀξινορύγια
1093 1324 1156 1391 σ’,
1219 1321 1447 1378 πελέκια
1514 1325 1580 1398 ρ’,
1643 1324 1926 1398 τζικοῦρια
1981 1327 2046 1396 τ’,

387 1411 576 1486 κριοὺς
606 1410 680 1472 et:
710 1410 806 1473 τὰς
837 1411 1088 1485 χελώνας
1126 1413 1175 1481 ι’,
1230 1411 1426 1487 βαρέας
1476 1412 1720 1488 μεγάλας
1751 1419 1816 1479 κ’,
1853 1411 2047 1488 βαρέας

392 1501 592 1575 μικρὰς
623 1498 690 1556 λ’.

2153 611 2458 667 chelandia
2490 611 2782 666 habebant
2808 627 3055 684 quaeque
3078 612 3338 668 clibanos
3368 613 3573 679 denos,
3607 612 3806 684 galea

2161 701 2362 766 denas,
2398 699 2608 757 loricas
2640 709 2842 756 tenues
2881 702 3050 757 binas
3110 707 3166 757 et
3223 701 3487 774 vulgares
3544 714 3803 758 octonas.

2158 793 2491 861 Apparatus
2522 791 2926 862 expugnandis
2947 792 3156 846 castris
3180 792 3424 847 idoneus
3449 791 3543 846 hic
3563 792 3802 848 aderat:

2159 880 2363 934 Turris
2423 879 2635 950 lignea,
2694 881 3037 946 testudines,
3081 881 3477 936 arcubalistrze
3556 882 3808 953 grandes

2159 985 2289 1024 cum
2325 969 2602 1025 trochleis
2626 974 2683 1024 et
2711 969 2951 1026 funibus
2985 987 3086 1041 per
3115 972 3290 1026 strias
3313 969 3498 1037 tortis,
3518 971 3806 1043 petrariae,

2158 1057 2462 1123 cantherii,
2489 1058 2768 1113 machinae
2786 1074 2921 1114 cum
2946 1074 3053 1114 suo
3100 1064 3410 1130 apparatu.
3455 1059 3808 1114 Testudines

2158 1147 2452 1202 habebant
2483 1148 2688 1203 arietes
2723 1164 2882 1215 suos,
2927 1147 3163 1220 reliquae
3213 1148 3356 1203 varii
3397 1148 3626 1221 generis
3675 1164 3807 1202 ma-

2158 1236 2342 1291 china:
2375 1235 2636 1292 circellos
2670 1253 2802 1292 cum
2838 1239 3120 1308 appositis
3173 1237 3447 1309 utrinque
3478 1237 3805 1304 forficibus,

2159 1323 2408 1380 circulos
2438 1329 2495 1381 et
2544 1325 2807 1380 annulos.
2863 1328 3074 1381 Fundos
3133 1327 3330 1383 ferreae
3389 1331 3446 1382 et
3493 1325 3804 1394 coriacee;

2159 1413 2428 1481 bracteze,
2460 1414 2662 1486 quales
2714 1415 2898 1485 portis
2952 1414 3119 1470 indui
3173 1414 3363 1470 solent
3404 1413 3805 1470 incrustandis

2157 1503 2328 1557 variis
2361 1504 2673 1572 trochleis;
2722 1503 3000 1571 malleos;
3065 1503 3334 1574 stipites;
3367 1503 3590 1573 ligones
3641 1508 3808 1558 terras

390 1591 1011 1660 revellendte;barilia
1042 1609 1142 1650 seu
1198 1593 1405 1662 cados;
1441 1594 1640 1662 coria;
1674 1599 1988 1661 centones;
2023 1592 2306 1664 scaphas;
2367 1592 2624 1648 caldaria
2677 1609 2780 1649 seu
2841 1592 3030 1649 ahena
3079 1609 3244 1664 aqua
3291 1592 3690 1649 calefaciendis
3721 1593 3812 1649 la-

389 1682 497 1738 bra
527 1681 744 1754 [qualia
772 1687 910 1736 sunt
938 1682 1255 1748 balnearia,
1291 1681 1349 1736 in
1384 1684 1600 1755 quibus
1642 1682 1912 1739 homines
1969 1683 2218 1739 linteave
2260 1682 2591 1754 lavantur];
2644 1682 2840 1742 bottas
2898 1684 3202 1754 egerendis
3260 1683 3534 1738 sordibus
3593 1682 3810 1750 lutove,

393 1771 564 1827 funes
593 1770 799 1838 varios,
831 1770 1045 1838 clavos,
1079 1771 1436 1829 armelausia
1470 1790 1575 1828 seu
1598 1789 1737 1845 saga
1766 1772 1989 1829 thoraci
2023 1772 2367 1842 superindui
2416 1772 2607 1828 solita.
2649 1774 2736 1827 Ad
2791 1773 3119 1841 machinas,
3169 1774 3447 1844 petrarias
3494 1777 3636 1845 puta
3675 1774 3707 1828 4
3754 1777 3812 1830 et

1439 1871 1642 1928 JOAN.
1674 1873 1817 1928 JAC.
1852 1871 2118 1927 REISKII
2149 1869 2752 1927 COMMENTARIUS.

391 1969 599 2037 forma,
634 1969 734 2041 sed
769 1972 996 2024 tantum
1033 1969 1438 2041 magnitudine
1486 1971 1903 2040 discrepuisse,
1946 1969 2048 2025 illa
2076 1973 2123 2037 Β
2157 1968 2365 2041 nusius
2389 1968 3806 2041 indescriptionebelliVenetorumcumCPtanis,

391 2042 646 2111 majora,
681 2039 788 2095 hos
821 2042 1076 2097 minores
1109 2039 1310 2108 fuisse,
1342 2044 1515 2097 ambo
1541 2039 1792 2097 circulos
1827 2045 2044 2097 t'erreos

393 2111 468 2166 ad
496 2112 1048 2184 apprehendendum
1092 2114 1312 2184 aliquid
1347 2121 1450 2168 aut
1480 2115 1549 2168 ad
1587 2113 1916 2182 alligandos
1950 2114 2042 2168 tu-

397 2179 684 2238 nes.Post
714 2179 935 2256 σιδηραῖ
966 2190 1068 2239 aut
1095 2179 1475 2240 inserendum
1509 2191 1599 2241 est.
1629 2179 1740 2254 καί,
1773 2189 1874 2240 aut
1920 2185 2045 2241 sal-

397 2255 497 2327 tim
531 2271 760 2327 comma
791 2255 1306 2327 interponendum.

469 2326 580 2397 (95)
611 2326 900 2397 Dubilavi,
934 2326 1050 2398 quo
1084 2329 1255 2384 modo
1286 2344 1484 2384 vocem
1517 2327 1670 2385 hanc
1719 2329 2039 2385 redderem.

393 2398 660 2471 Poteram
712 2407 933 2454 catenas
985 2401 1379 2471 interpretari,
1429 2405 1486 2454 et
1536 2400 1618 2455 sic
1668 2401 1773 2471 teci
1827 2418 1881 2471 p.
1914 2401 2040 2456 390.

393 2469 542 2546 Nam
574 2485 752 2540 snpra
782 2472 850 2524 ad
888 2488 975 2546 p._
1010 2472 1116 2526 336
1142 2469 1582 2546 idemonstravi,
1617 2470 1769 2546 σειρά
1826 2469 1884 2527 et
1942 2490 2045 2523 σει-

395 2540 520 2594 στόν
552 2557 726 2596 omne
770 2543 1093 2612 pendulum,
1146 2543 1360 2607 laxum,
1409 2545 1675 2599 oscitlans
1703 2540 1873 2599 'esse.
1932 2547 2045 2598 Ma-

393 2612 479 2668 lui
514 2619 708 2668 tamen
738 2613 976 2669 matteas
1025 2621 1268 2683 vertere,
1300 2613 1407 2667 ἀπὸ
1447 2617 1543 2668 τοῦ
1594 2613 1777 2685 σείειν,
1830 2616 1902 2671 ab
1954 2616 2042 2669 in-

395 2685 687 2741 cuﬁendo.

467 2755 782 2829 (96)AVenit
828 2773 859 2810 a
920 2757 1118 2829 Latino
1175 2758 1422 2829 capulus,
1461 2760 1614 2829 quod
1674 2775 1864 2814 arcam
1919 2773 2045 2812 esse

392 2827 633 2901 mortuis
675 2827 988 2899 e/Tezendz's,
1041 2845 1200 2884 nemo
1238 2827 1497 2900 ignorat.
1560 2831 1789 2901 Proprie
1847 2832 2042 2883 tamen

391 2900 622 2972 capulus
652 2910 736 2972 est
766 2901 965 2955 omnia
994 2917 1128 2956 arca
1158 2902 1560 2972 cujuscunque
1591 2900 1758 2969 usus,
1794 2901 1944 2955 facta
1973 2901 2043 2954 ad

393 2971 578 3046 instar
632 2970 837 3046 mium,
895 2973 1180 3046 praesepis,
1233 2970 1481 3046 peteme,
1548 2975 1699 3046 unde
1777 2973 2048 3042 jumenta

394 3043 677 3114 pabulum
708 3045 968 3113 capiunt.
1005 3043 1158 3112 Κάπη
1193 3043 1277 3100 est
1308 3045 1363 3098 id
1420 3045 1573 3114 quod
1625 3043 1906 3108 κάπτεται,
1941 3059 2046 3112 pa-

393 3113 624 3181 bulum,
657 3123 710 3169 et
738 3131 840 3168 vas
872 3113 1153 3185 ligneum,
1205 3113 1538 3180 saxeumve,
1575 3119 1729 3171 unde
1787 3114 2044 3167 κάπτεται

392 3185 482 3240 die
511 3186 730 3258 Krippe.
767 3184 1294 3258 Inde'xa'matltocuct
1342 3188 1569 3258 capulus
1619 3204 1753 3242 arca
1802 3185 2047 3257 praesepi

394 3257 626 3320 similis,
646 3255 718 3311 et
739 3258 983 3329 tandem
1018 3255 1322 3312 καπούλιον
1351 3255 1514 3314 novis
1542 3260 1741 3329 graecis
1773 3255 1860 3312 est
1886 3255 2049 3324 capit-

401 3329 510 3394 lus,
543 3345 676 3382 arca
701 3327 925 3384 ahenea
949 3330 1031 3384 vel
1060 3330 1271 3401 lignea,
1294 3327 1633 3396 lahrumﬁn
1663 3330 2042 3401 quolavatur,

394 3402 522 3472 eine
559 3401 964 3456 Warchwanne.
997 3403 1162 3458 Clare
1197 3402 1302 3457 hoc
1335 3408 1491 3472 patet
1522 3418 1589 3456 ex
1623 3403 1745 3472 loco
1793 3403 2050 3456 Pseudo-

395 3471 1098 3543 DioscoridianuemDu
1131 3470 1348 3543 Gange,
1395 3491 1447 3528 v.
1499 3470 1814 3543 Καπφύλιον
1868 3473 2046 3543 citat:

399 3539 678 3613 Καὶταῦτα
700 3536 942 3613 ἔμϐαλον
965 3541 1039 3604 εἰς
1060 3536 1362 3597 καποῦλίον
1386 3543 1473 3596 καὶ
1498 3541 1752 3613 ἐπιθύσας
1781 3540 2044 3608 ἐπιθύειν,

398 3610 658 3685 [ἐπιθύειν
715 3610 801 3670 ést
883 3616 1035 3686 idem
1118 3619 1268 3686 quod
1351 3612 1712 3681 ἐπισπένδειν,
1803 3613 2043 3686 ἐπιχεῖν,

394 3678 815 3775 iuperfuadere]
899 3682 1074 3775 ὄξουςς
1137 3678 1374 3775 itam/poi;
1409 3687 1508 3775 ,ἓν
1697 3678 2038 3775 ’.καιποῦλίῴ

388 3756 516 3817 τοὺς
559 3756 880 3829 κάμνοντας
959 3756 1300 3824 κοιλιακούς,
1324 3759 1520 3815 inditis
1581 3756 1668 3814 his
1717 3759 1775 3814 in.
1805 3759 2046 3821 labrum,

391 3838 446 3884 et
473 3833 764 3902 superfuso
793 3830 1017 3902 tantillo
1048 3835 1193 3887 aceti
1223 3833 1349 3897 iube
1379 3847 1450 3886 ex
1488 3835 1674 3886 ventre
1723 3830 2046 3886 laborantes

391 3902 454 3955 in
485 3901 644 3957 labro
670 3901 930 3956 desidere.
970 3903 1136 3957 Liber
1185 3902 1302 3968 ille,
1337 3904 1490 3957 unde
1541 3902 1662 3957 haec
1715 3903 1903 3958 rhesis
1947 3904 2047 3956 de-

393 3978 690 4044 prompta,
717 3973 914 4044 procul
945 3973 1124 4029 dubio
1174 3989 1243 4029 ex
1299 3974 1542 4029 Arabico
1600 3973 1792 4030 Graece
1848 3990 2049 4029 versus

389 4050 518 4114 est;
553 4045 601 4100 si
636 4045 983 4117 haberemus
1015 4045 1282 4112 Arabica,
1318 4045 1560 4102 dubium
1599 4062 1728 4117 non
1760 4050 1868 4114 est,
1905 4044 2044 4117 quin

387 4111 828 4186 Ρινοκαπούλιον
865 4115 942 4169 ibi
977 4133 1170 4172 vocem
1205 4119 1392 4187 Apzan
1424 4116 1833 4185 reperiremus.

468 4187 580 4258 (87)
631 4187 1055 4259 Armilausium
1104 4192 1190 4242 est
1238 4190 1356 4259 sagi
1407 4205 1590 4259 genus
1637 4189 1790 4243 infra
1838 4188 2044 4259 pubem

391 4260 596 4313 statim
637 4258 915 4314 desinens
945 4267 1000 4314 et
1050 4258 1567 4326 manicis’carens,
1624 4275 1871 4329 quarum
1921 4258 2047 4313 loco

391 4329 592 4386 hiatus
639 4330 726 4387 vel
763 4331 1050 4385 fenestras
1099 4329 1353 4386 habebat
1417 4331 1644 4400 amplas
1711 4329 2047 4386 exserendis

389 4400 672 4457 brachiis.
724 4401 846 4457 Non
898 4401 1201 4457 diti‘erebat
1250 4419 1282 4473 a
1330 4405 1772 4473 Romanosago
1821 4401 1932 4456 nisi
1985 4401 2044 4457 in

392 4488 489 4539 eo,
521 4475 674 4544 quod
706 4475 968 4529 manicas
1001 4489 1240 4544 prorsus
1268 4471 1742 4541 baberetnullas,
1777 4489 1911 4527 cum
1944 4473 2044 4528 Ro-

389 4560 634 4600 manum
667 4545 974 4616 perbreves
998 4545 1239 4600 haberet
1264 4550 1322 4600 et
1347 4561 1461 4616 non
1485 4544 1558 4599 ad
1588 4544 1902 4599 articulum
1939 4544 2047 4599 hu-

387 4615 677 4672 mericum
709 4616 907 4688 cubito
941 4617 1314 4688 pertinentes.
1347 4615 1583 4670 Videtur
1613 4617 1792 4672 vestis
1833 4631 1863 4671 e
1904 4619 2043 4670 Ger-

388 4690 587 4759 mania
621 4688 676 4742 in
713 4686 955 4742 Italiam'
976 4693 1034 4743 et
1068 4687 1342 4759 deinceps
1373 4688 1433 4743 in
1476 4687 1753 4742 Graeciam
1781 4690 2039 4759 venisse.

388 4758 610 4815 Nomen
646 4763 802 4814 certe
832 4758 1245 4814 Germanicum
1277 4758 1382 4815 est.
1408 4759 1755 4814 Armelausia
1777 4758 1929 4814 idem
1954 4763 2044 4815 est

388 4835 566 4902 atque
597 4831 859 4902 Armatae,
880 4831 1044 4902 quod
1073 4837 1227 4886 caret
1259 4830 1574 4886 armalibus
1617 4847 1718 4886 seu
1768 4831 2038 4899 manicis,

386 4901 487 4958 vel
513 4903 706 4972 potius
739 4901 1157 4958 brachialibus.
1191 4905 1304 4958 Aut
1335 4901 1519 4959 falsus
1549 4910 1601 4958 et
1633 4908 1888 4973 nugatus
1935 4902 2043 4958 fuit

389 4974 655 5030 Isidorus
686 4974 729 5028 Ι.
763 4989 879 5040 Xix,
913 4990 964 5029 c.
997 4975 1087 5040 22,
1131 4979 1235 5029 aut
1267 4991 1380 5029 non
1415 4975 1568 5028 idem
1619 4975 2038 5029 vestimentum

391 5047 551 5100 omni
585 5050 845 5115 tempore
874 5061 941 5100 eo
973 5046 1212 5101 nomine
1234 5047 1408 5102 venit.
1442 5045 1753 5112 Describit,
1786 5044 1884 5100 ille
1915 5045 2038 5101 sic:

390 5117 708 5172 armelausa
737 5117 902 5186 vulgo
933 5118 1012 5172 sic
1042 5121 1251 5183 vocata,
1284 5117 1425 5188 quod
1453 5123 1586 5173 ante
1640 5122 1696 5172 et
1751 5123 1902 5172 retro
1947 5115 2042 5171 di-

387 5190 510 5243 visa
537 5196 706 5261 atque
733 5197 920 5258 aperta
952 5196 1050 5252 est,
1085 5188 1146 5261 in
1175 5193 1346 5245 armis
1379 5192 1592 5243 tantum
1639 5189 1849 5261 clausa,
1881 5189 2044 5259 quasi

392 5259 737 5316 armiclausa
772 5261 963 5314 littera
1004 5261 1042 5314 C
1090 5260 1298 5316 ablata.
1350 5262 1506 5316 Idem
1556 5259 1763 5330 repetit
1809 5260 2040 5326 Uautio,

390 5332 608 5386 addens
636 5333 1014 5386 armelausam
1050 5339 1102 5386 et
1159 5332 1476 5387 Sclavinam
1533 5331 1786 5387 eamdem
1843 5341 2043 5387 vestem

390 5419 527 5458 esse.
561 5405 721 5468 Quod
755 5403 804 5458 si
837 5409 990 5458 recte
1019 5403 1310 5472 perhibet,
1338 5404 1607 5473 idemque
1647 5409 1737 5457 est
1783 5403 2044 5458 Sclavina

392 5483 565 5545 atque
594 5476 1034 5538 vestimentum,
1070 5477 1221 5545 quod
1249 5476 1305 5530 in
1332 5476 1580 5530 Saxonis
1598 5474 1880 5529 vocabulo
1907 5476 2043 5530 inde

393 5547 648 5602 derivato
681 5546 991 5602 Sehataune
1020 5546 1408 5616 appellamus,
1437 5553 1553 5602 toto
1589 5545 1734 5601 cmlo
1769 5546 2045 5602 differunt

393 5617 746 5674 armelausia
764 5617 978 5682 Isidori
1000 5622 1058 5672 et
1081 5618 1436 5674 armelausia
1453 5617 1739 5674 Sclavina.
1765 5616 2040 5673 lllaenim

395 5689 602 5746 Isidori
628 5691 955 5746 Graecorum
984 5693 1074 5743 est
1098 5687 1331 5760 ἐπωμίς,
1356 5690 1692 5746 Latinorum
1717 5689 2037 5755 scapulare.

394 5761 568 5839 cujus
599 5761 923 5839 elegantem
975 5760 1148 5820 habet
1193 5762 1513 5837 imaginem
1564 5761 1775 5820 Paulus
1824 5761 2043 5824 Rham-

2073 4729 2119 4794 D

2155 2039 2578 2112 tabulatertia,
2620 2043 2928 2112 repetitam
2972 2058 3005 2095 a
3047 2041 3131 2096 Du
3185 2041 3406 2112 Gangio
3452 2043 3683 2098 dissert.
3737 2039 3807 2099 de

2154 2111 2417 2168 nummis
2447 2112 2564 2166 tab.
2595 2129 2650 2166 vr
2683 2121 2737 2166 et
2769 2111 2944 2167 aliam
2978 2112 3248 2168 Horatius
3273 2111 3521 2169 Blancus
3552 2115 3612 2168 in
3649 2114 3807 2170 notis

2153 2187 2222 2238 ad
2257 2183 2522 2256 Paullum
2563 2183 2994 2240 Warnet‘ridum
3029 2185 3089 2239 in
3123 2186 3376 2256 imagine
3407 2186 3802 2241 coronationis

2153 2255 2306 2327 regis
2342 2256 2788 2327 Lougobardici,
2821 2261 2878 2309 et
2909 2258 3046 2311 item
3080 2255 3263 2311 aliam
3299 2259 3622 2312 Bandurius
3667 2259 3806 2312 Ant-

2154 2327 2306 2396 Imp.
2337 2331 2434 2383 Or.
2468 2336 2506 2384 t.
2542 2343 2606 2394 ιῐ,
2643 2345 2697 2398 p.
2762 2327 2868 2381 632
2924 2327 3040 2382 tab.
3092 2328 3146 2395 3,
3204 2329 3304 2382 ubi
3353 2327 3579 2382 Helenaa
3630 2328 3810 2399 impe-

2153 2399 2350 2453 ratrici
2385 2415 2616 2453 crucem
2643 2399 2960 2454 invenienti
2993 2400 3227 2454 adstant
3257 2400 3481 2454 ostiarii
3533 2405 3646 2454 duo
3693 2416 3800 2454 eu-

2155 2470 2332 2525 nuchi
2362 2478 2630 2541 gerentes
2656 2471 2955 2541 epomidas
2981 2486 3082 2526 seu
3118 2470 3488 2537 armilausas,
3522 2473 3583 2527 in
3632 2471 3808 2526 armis

2153 2544 2394 2614 clausas,
2414 2550 2481 2614 ut
2513 2543 2593 2598 ait
2623 2543 2916 2608 Isodorus,
2947 2541 3001 2596 id
3035 2547 3125 2598 est
3157 2543 3216 2598 in
3253 2543 3487 2614 regione
3532 2542 3809 2598 brachio-

2157 2630 2284 2668 rum
2318 2613 2532 2668 sulidas
2583 2614 2905 2684 epomidas.
2940 2617 3040 2667 Est
3089 2630 3287 2669 revera
3327 2613 3640 2683 scapulare
3691 2615 3797 2669 hoc

2153 2686 2506 2750 armilausia,
2541 2685 2594 2738 id
2628 2692 2738 2753 est,
2771 2687 2946 2739 vestis
2978 2684 3377 2740 brachialibus
3419 2701 3644 2740 carens.
3695 2685 3809 2741 Ve-

2155 2773 2284 2811 rum
2300 2756 2445 2811 solet
2468 2755 2663 2826 potius
2685 2757 2998 2825 amputare,
3024 2773 3197 2826 quam
3223 2755 3566 2811 armilausia
3588 2757 3801 2814 vocari.

2155 2827 2303 2882 Illud
2337 2833 2530 2882 autem
2566 2828 3000 2893 vestimentum,
3035 2828 3189 2898 quod
3244 2829 3418 2898 vulgo
3467 2843 3532 2882 eo
3566 2829 3799 2884 nomine

2154 2899 2418 2955 veniebat
2443 2899 2606 2966 olim,
2635 2900 2744 2953 fuit
2775 2899 2946 2969 quale
2977 2899 3399 2970 descripsimus
3449 2915 3652 2966 sagum
3699 2916 3802 2970 pro

2155 2969 2403 3025 manicis
2435 2970 2668 3038 amplas
2694 2973 2982 3042 fenestras
3004 2969 3250 3030 habens.
3275 2987 3374 3041 per
3396 2987 3541 3042 quas
3566 2969 3807 3027 brachia

2155 3047 2535 3098 exsererentu
2547 3059 2590 3096 r.
2610 3041 2880 3098 Militaris
2894 3041 3016 3096 haec
3030 3043 3368 3097 armilausia
3389 3041 3533 3097 erat.
3559 3043 3804 3098 Militum

2152 3114 2305 3170 enim
2338 3119 2637 3184 gestamen
2672 3114 2846 3168 fuisse
2875 3113 3299 3179 armilausiam,
3332 3118 3562 3169 constat
3588 3130 3656 3168 ex
3686 3113 3804 3170 illis

2151 3183 2650 3256 auctorumlocis,
2692 3201 2840 3256 quos
2873 3185 2957 3240 Du
2992 3186 3184 3255 Gange
3229 3187 3320 3239 Gl.
3372 3189 3492 3240 Lat.
3528 3185 3592 3241 h.
3632 3201 3687 3240 ν.
3719 3186 3802 3240 al-

2155 3255 2677 3328 legavit.iAlterum
2716 3255 2872 3311 illud
2922 3262 3191 3326 superius
3237 3257 3580 3312 armilausia:
3612 3272 3800 3326 genus

2153 3327 2552 3399 pompaticum
2588 3331 2774 3398 magis
2808 3334 2954 3396 erat,
2977 3336 3127 3384 certe
3150 3327 3323 3399 militi
3343 3344 3508 3382 arma
3530 3328 3800 3383 tractanti

2164 3399 2390 3454 inutile.
2422 3403 2569 3454 Sane
2599 3417 2714 3454 non
2757 3405 2979 3469 poterat
3005 3403 3207 3465 armis,
3258 3398 3367 3455 hoc
3413 3405 3504 3455 est
3553 3400 3800 3467 thoraci,

2161 3472 2526 3539 superindui,
2563 3472 2710 3539 quod
2762 3475 2956 3526 tamen
2997 3471 3068 3527 de
3117 3471 3435 3526 armilausa
3486 3471 3800 3526 Mauricius

2163 3542 2440 3597 afﬁrmat.
2467 3542 2599 3614 Fuit
2630 3544 2806 3614 igitur
2821 3542 3002 3598 altera
3022 3543 3145 3598 haec
3170 3543 3434 3598 militaris
3457 3541 3801 3598 armilausia

2161 3614 2389 3687 diversa
2418 3615 2490 3668 ab
2521 3613 2621 3687 illa
2652 3613 2951 3687 superiore
2982 3616 3310 3687 pompatica
3342 3623 3398 3670 et
3428 3631 3670 3687 prorsus
3702 3630 3795 3687 ea-

2162 3632 2389 3670 uiversa
2418 3632 2490 3668 an
2521 3632 2621 3668 tua
2652 3632 2951 3686 superiore
2982 3632 3310 3687 pompauca
3342 3632 3398 3670 et
3428 3632 3670 3740 prorsus
3702 3632 3795 3669 ea-

2162 3686 2293 3757 dem
2324 3702 2456 3740 cum
2505 3685 2791 3742 Sclavina.
2842 3686 3232 3743 Schalaunam
3280 3702 3424 3757 appe
3451 3685 3641 3742 lamus
3689 3685 3805 3757 pal-

2161 3756 2306 3813 lium
2365 3757 2545 3812 talare
2604 3775 2719 3814 non
2791 3757 3078 3829 amplum,
3137 3775 3170 3813 a
3243 3756 3468 3828 pectore
3538 3756 3801 3829 apertum

2162 3835 2264 3884 aut
2310 3829 2565 3900 glebulis
2611 3827 2943 3892 consertile,
3004 3831 3126 3885 loco
3187 3827 3805 3900 manicarumgampla

2163 3899 2448 3956 foramina
2482 3900 2701 3956 habens
2732 3903 3068 3956 exserendis
3115 3899 3391 3955 brachiis.
3425 3901 3471 3953 A
3501 3899 3804 3954 schalonna

2161 3972 2267 4027 hac
2318 3989 2430 4027 non
2491 3972 2793 4026 dilt’erebat
2844 3978 3106 4027 veterum
3157 3969 3446 4036 Sclavina,
3505 3971 3618 4026 nisi
3679 3970 3805 4026 sola

2157 4043 2548 4114 longitudine.
2582 4042 2888 4098 Desinebat
2918 4044 3073 4097 enim
3096 4043 3249 4114 intra
3268 4042 3476 4113 pubem
3502 4048 3559 4099 et
3591 4059 3799 4114 genua.

2160 4113 2480 4182 Imaginem
2512 4114 2640 4184 ejus
2671 4113 2862 4169 videre
2890 4119 2981 4170 est
3010 4115 3068 4169 in
3103 4113 3258 4185 notis
3292 4115 3496 4185 Angeli
3533 4113 3603 4170 de
3643 4113 3801 4170 Nuce

2159 4187 2225 4240 ad
2259 4185 2583 4241 Gbronicon
2615 4185 2966 4241 Cassinense
2996 4190 3039 4242 t.
3076 4201 3150 4253 Iv,
3172 4184 3409 4255 Script.’
3432 4185 3563 4241 Rer.
3616 4185 3800 4240 Italic.

2157 4273 2216 4328 p._
2247 4257 2372 4312 217.
2398 4257 2606 4324 Vestis,
2631 4273 2808 4327 quam
2859 4257 3046 4314 sancti
3092 4258 3209 4312 duo
3257 4257 3362 4311 viri
3413 4256 3492 4311 ibi
3549 4271 3659 4311 aere
3707 4272 3806 4311 ex-

2158 4329 2340 4398 pressi
2373 4344 2572 4399 gerere
2599 4329 3064 4400 conspiciuntur,
3097 4328 3365 4400 Sclavina
3386 4334 3496 4393 est,
3529 4333 3584 4384 et
3609 4334 3806 4384 exacte

2157 4402 2331 4455 refert
2359 4405 2595 4455 westam
2627 4416 2725 4456 seu
2749 4399 3128 4456 camisolium
3163 4399 3243 4455 vel
3281 4400 3534 4456 tunicam
3577 4405 3804 4455 nostra-

2156 4471 2300 4544 tium
2318 4473 2673 4527 rusticorum
2694 4473 2822 4527 dem
2834 4475 2947 4544 ptis
2961 4471 3381 4544 brachialibus,
3402 4488 3650 4542 quorum
3676 4470 3804 4526 loco

2158 4543 2420 4616 fenestrze
2473 4549 2689 4614 patent.
2742 4545 2805 4598 In
2836 4542 3086 4616 'pectore
3136 4542 3320 4598 scissa
3377 4560 3492 4598 non
3541 4549 3650 4612 est,
3700 4544 3801 4599 sed

2158 4614 2335 4670 tablio
2387 4613 2682 4685 prastexta,
2717 4613 3055 4686 margaritis
3113 4631 3217 4686 per
3251 4619 3584 4686 utramque
3639 4630 3801 4671 oram

2158 4687 2447 4742 continuis
2499 4692 2722 4743 ornato.
2769 4685 2930 4742 Circa
2981 4685 3200 4742 femora
3247 4685 3465 4741 habent
3513 4686 3624 4741 illis
3675 4688 3800 4741 dure

2154 4759 2421 4830 sclavinze
2436 4757 2880 4830 scissuras,qum
2896 4776 2926 4814 a
2943 4759 3214 4814 fenestris
3229 4757 3627 4814 humeralibus
3641 4757 3795 4813 haud

2153 4829 2405 4885 multum
2438 4829 2674 4885 absunt.

2223 4901 2337 4972 (98)
2365 4901 2491 4956 Non
2525 4901 2754 4958 invenio
2776 4901 2926 4958 hanc
2949 4917 3144 4958 vocem
3172 4901 3309 4958 alibi
3334 4904 3619 4958 notatam.
3653 4899 3802 4968 Quid

2152 4973 2496 5057 crediderim
2537 4989 2687 5057 esse,
2723 4989 2754 5057 ο
2804 4974 3034 5057 ‘Latinis
3068 4980 3272 5057 "patet:
3333 4973 3535 5057 Puta_vi
3589 4988 3802 5053 nempe

2153 5049 2252 5099 aut
2295 5045 2448 5117 male
2503 5045 2589 5101 sic
2638 5045 2926 5117 scriptum
2976 5062 3010 5100 a
3055 5044 3325 5117 librario,
3389 5050 3492 5100 aut
3545 5062 3578 5117 a
3631 5044 3802 5117 novis

2152 5115 2366 5188 Graecis
2389 5117 2472 5172 ita
2491 5132 2656 5173 corru
2670 5115 3230 5188 pte‘pronuntiatum
3260 5133 3379 5172 aevo
3407 5116 3593 5173 medio
3619 5115 3802 5172 tuisse

2152 5204 2257 5259 pro
2288 5184 2624 5256 ἡλακατιῶν.
2667 5184 2760 5245 Est
2790 5184 3049 5257 ’ἠλακάτη
3099 5187 3306 5256 malus,
3350 5197 3615 5258 truncus,
3671 5205 3800 5244 sca-

2196 5277 2264 5315 us
2296 5275 2572 5332 procerus
2633 5260 2846 5316 omnis.
2898 5262 3197 5317 Sententia
3244 5262 3580 5332 perobscuri
3631 5260 3801 5332 hujus

2177 5332 2284 5396 oci,
2370 5338 2652 5404 quantum
2742 5348 2848 5403 ego
2940 5331 3591 5404 equidem’pervideo,
3647 5331 3800 5404 haec

2153 5407 2260 5457 est.
2294 5404 2378 5457 Ad
2437 5402 2703 5474 singulas
2753 5402 3009 5470 quatuor
3065 5402 3454 5473 petrariarum
3514 5403 3804 5474 pertinere

2153 5475 2430 5546 dicuntur
2459 5473 2817 5546 binicirculi
2839 5475 3027 5541 ferrei,
3051 5475 3141 5531 vel
3173 5481 3409 5546 torques
3436 5473 3570 5539 etc.,
3595 5474 3801 5528 eadem

2151 5545 2508 5615 totidemque
2540 5544 2614 5600 ad
2646 5547 2912 5617 singulas
2963 5552 3218 5617 quatuor
3265 5544 3715 5617 Labdarearum,
3749 5551 3806 5599 et

2153 5617 2428 5760 ﬁrmem.
2451 5616 2814 5689 totidemque
2849 5616 3099 5691 denique
3129 5618 3200 5676 ad
3243 5616 3510 5691 singulas
3557 5621 3810 5688 quatuor

2235 5707 2491 5745 ακατιων.

2235 5708 2364 5744 ακατ
2377 5707 2491 5745 ιων.
