4094 6372
330 363 486 424 1245

1174 366 1274 429 DE
1319 365 1768 429 CEBIMONIIS
1817 364 2053 430 AUL/E
2099 367 2568 430 BYZANTIN/E
2613 370 2761 432 LIB.
2811 368 2887 432 II.

3591 369 3749 432 1216

329 501 375 548 at’
432 495 526 549 σὺν
580 499 689 551 τῶν
746 495 1012 570 γονατὶων
1071 499 1190 571 (12)
1235 497 1433 554 αὐτῶν
1493 498 1677 556 κωπία
1730 499 1830 554 ἀνὰ
1885 501 1982 574 ρκ’,

2100 503 2386 562 cancellos
2417 503 2740 560 secundum
2772 505 2966 559 notam
2999 503 3229 559 dudum
3260 508 3314 558 et
3345 503 3746 587 praescriptam

329 582 474 656 ὁμοῦ
529 583 612 656 βυ’
660 583 931 658 χαλκίσια
977 593 1022 641 κ’
1074 589 1208 661 μετὰ
1255 589 1342 642 καὶ
1389 590 1454 642 τὰ
1506 588 1675 644 λοιπὰ
1717 589 1987 665 μάγγανα,

323 669 531 745 ψελλία
587 673 654 731 κ’.
715 672 1026 750 Μαξιλάρια
1084 678 1160 750 μ’,
1216 678 1439 752 περόνια
1484 680 1549 749 κ’,
1582 679 1989 753 καταπρόσωπα

326 761 421 815 σὺν
467 767 574 816 τῶν
636 765 1025 839 κατακοράκων
1081 765 1279 837 αὐτῶν,
1335 765 1533 844 σίδηρα
1567 767 1856 844 βολιστικὰ
1887 770 1986 843 ρκ’,

322 846 693 925 σιδηροϐόλια
726 860 824 927 ρκ’,
855 853 1323 931 ἂναγοκατάγοντα
1369 858 1460 910 σὺν
1509 861 1615 912 τῶν
1649 858 1986 934 ἱμανταρίων

320 939 504 995 αὐτῶν
551 942 621 1011 κ’,
669 944 1074 1016 περιπετόμενα
1124 945 1223 1000 ἀνᾶ
1268 943 1369 1018 κδ’,
1420 948 1562 1020 ὁμοῦ
1620 949 1741 1002 υπ“·
1793 948 1988 1026 φιλου-

323 1030 443 1104 ρέαι
513 1030 612 1084 ἀνὰ
675 1031 764 1106 ιβ’,
833 1033 979 1106 ὁμοῦ
1049 1035 1158 1108 σμ’,
1219 1035 1432 1098 σείστας
1500 1043 1564 1108 σ“,
1638 1037 1867 1106 τζὸκους
1921 1039 1986 1108 u',

324 1119 643 1196 ἀξινορύγια
709 1122 778 1192 u',
847 1123 1078 1198 περόνας
1137 1125 1272 1180 κατὰ
1329 1125 1634 1201 περισσείαν
1715 1129 1780 1197 σ“,
1855 1147 1989 1200 καρ-

316 1209 439 1288 φίον
469 1211 730 1287 ἁρπάγιον
774 1211 1034 1288 χιλιάδας
1082 1216 1131 1291 γ’
1180 1213 1480 1290 γυλαρικὸν
1513 1219 1628 1287 (13)
1658 1216 1883 1295 καρφῖον
1917 1218 1986 1292 γ’,

316 1297 837 1374 τετραδακτυλιαῖον
894 1303 1120 1381 καρφίον
1182 1307 1249 1374 ς’,
1306 1305 1397 1360 καὶ
1453 1313 1557 1376 τῆς
1609 1304 1988 1381 παρηλώσεως

313 1388 576 1467 χιλιάδες
609 1394 702 1467 ιβ’,
736 1392 960 1468 σίδηρον
993 1395 1162 1473 ἀργὸν
1197 1395 1376 1472 Λίτραι
1416 1398 1483 1473 γ’,
1514 1396 1704 1466 κατζία
1734 1397 1806 1455 π’.

2099 593 2368 661 formam,
2401 593 2728 650 maniculae
2768 593 2890 648 sive
2919 608 3094 648 ansas
3124 607 3415 648 remorum
3458 593 3748 648 coriaceas

2095 684 2396 756 sigillatim
2453 686 2922 755 quinquagenas,
2971 685 3229 755 adeoque
3283 681 3344 737 in
3405 697 3744 738 universum

2097 774 2278 841 mille,
2305 789 2435 830 cum
2462 773 2814 845 genualibus
2844 774 2914 828 ad
2946 787 3043 828 eas
3074 770 3527 844 pertinentibus,
3553 787 3746 828 remos

2095 863 2399 934 sigillatim
2446 868 2720 920 centenos
2770 862 3018 930 vicenos,
3071 861 3132 918 in
3182 861 3516 916 universum
3567 861 3743 928 21:00;

2097 953 2371 1010 chalcisia
2399 953 2470 1006 20
2500 959 2558 1008 et
2587 951 2844 1023 reliquas
2877 951 3204 1018 machinas,
3235 949 3485 1006 circulos
3509 951 3600 1019 20,
3624 965 3746 1004 cer-

2094 1041 2298 1097 vicalia
2327 1042 2416 1111 40,
2449 1040 2660 1097 ﬁbulas
2689 1042 2760 1095 20
2788 1039 3050 1097 vultibus
3081 1040 3371 1111 aptandas
3402 1055 3535 1094 cum
3570 1037 3749 1110 perti-

2095 1131 2374 1187 nentibus
2405 1131 2544 1188 illuc
2567 1129 2766 1187 ﬁbulis
2787 1129 2862 1186 ad
2896 1129 3171 1186 humeros
3203 1127 3495 1200 aptandis,
3520 1126 3746 1183 baliste

2094 1220 2292 1276 ferreae
2332 1220 2454 1286 120,
2487 1220 2712 1291 spicula
2754 1220 2874 1286 120,
2908 1218 3124 1276 cilonia
3154 1234 3288 1274 cum
3329 1216 3453 1274 suis
3482 1215 3623 1272 loris
3653 1217 3744 1284 20,

2095 1309 2618 1367 circumvolitantia
2689 1309 2995 1382 sigillatim
3062 1309 3264 1366 vicena
3319 1312 3625 1379 quaterna,
3685 1305 3745 1361 in

2095 1398 2433 1455 universum
2482 1399 2610 1468 480,
2652 1398 2946 1470 philyreas
2990 1399 3112 1469 [seu
3164 1397 3330 1453 funes
3369 1412 3438 1452 ex
3474 1393 3747 1452 interiore

309 1495 453 1549 tiliae
510 1495 725 1552 cortice
786 1497 994 1568 tortos]
1053 1497 1356 1568 sigillatim
1415 1500 1599 1554 denos
1657 1498 1851 1566 binos,
1885 1498 1944 1554 in
1978 1497 2317 1555 universum
2376 1499 2524 1566 240;
2563 1496 2808 1553 malleos
2836 1499 2965 1564 200,
3000 1498 3164 1554 funes
3208 1497 3332 1564 400,
3365 1495 3590 1568 ligones
3621 1495 3746 1566 400,

316 1582 533 1639 ﬁbulas
565 1587 1111 1655 supernumerarias
1139 1588 1267 1656 290,
1300 1588 1600 1644 clavorum
1651 1588 2010 1644 aduncorum
2067 1587 2255 1644 millia
2286 1589 2416 1654 tria,
2449 1587 2740 1644 clavorum
2796 1586 3130 1659 gulatorum
3164 1603 3266 1642 seu
3299 1601 3441 1658 gyro
3473 1583 3562 1640 vel
3596 1585 3748 1640 fora-

319 1676 481 1732 mine
537 1675 770 1731 funibus
825 1676 1191 1746 trajiciendis
1249 1679 1669 1735 instructorum
1731 1679 1914 1734 millia
1942 1679 1998 1744 3,
2034 1678 2282 1734 millia6
2327 1679 2617 1734 clavorum
2676 1685 2994 1750 quaternos
3053 1678 3268 1749 digitos
3328 1668 3756 1748 longorum,st

319 1763 614 1821 clavorum
647 1765 974 1836 vulgarium
1008 1767 1078 1822 ad
1113 1768 1474 1840 afﬁgendum
1507 1774 1770 1834 aptorum
1805 1767 1993 1823 millia
2027 1769 2110 1834 12,
2143 1767 2278 1822 ferri
2312 1768 2370 1822 in
2405 1766 2616 1822 massis
2647 1765 2813 1823 litras
2846 1767 3006 1834 3000,
3039 1782 3248 1838 capsas
3276 1765 3369 1820 80.

387 1851 546 1926 ’Υπὲρ
595 1848 922 1922 ἐξοπλίσεως
969 1851 1417 1929 τετραραίων-δζ
1469 1849 1785 1929 λαϐδαρέων
1835 1850 1900 1925 δ’,

929 1924 1272 2000 μαγγανικῶν
1318 1924 1378 1982 δ’.

392 2009 701 2089 Κρικὲλλια
749 2011 822 2082 λ’,
871 2015 1143 2089 πάγουροι
1199 2022 1274 2085 ιε’,
1325 2015 1527 2091 ψελλία
1577 2016 1644 2085 λ’,
1695 2016 1782 2071 καὶ
1829 2015 1984 2091 λόγῳ

331 2108 442 2160 τῶν
496 2102 750 2179 μεγάλων
800 2100 1261 2178 τοξοόολιστρῶν,
1314 2105 1462 2180 κριοὶ
1517 2106 1592 2169 εἷς
1646 2107 1742 2168 τὰς
1800 2104 1987 2180 χελώ-

332 2213 424 2255 νας
482 2194 558 2262 ιε’,
620 2190 904 2249 δακτύλιοι
966 2198 1044 2266 ιε’,
1108 2195 1303 2272 βαρέας
1363 2196 1605 2272 μεγάλας
1657 2203 1722 2267 κ’,
1767 2195 1858 2250 καὶ
1894 2217 1988 2269 μι-

245 2353 260 2363 .
328 2284 588 2359 κροτέρας
635 2281 704 2354 λ’,
755 2285 844 2340 καὶ
893 2283 1048 2360 λόγῳ
1094 2290 1202 2342 τῶν
1257 2287 1512 2362 μεγάλων
1543 2282 1984 2360 τοξοϐολίστρων

323 2369 525 2448 σίδηρα
552 2374 689 2429 κατὰ
734 2375 928 2432 τύπον.
981 2375 1152 2432 Ηίσσα
1201 2373 1384 2452 λίτραι
1435 2375 1686 2451 χιλιάδες
1734 2383 1784 2447 ι’,
1817 2375 1987 2452 ὑγρο-

320 2459 542 2516 πίσσιον
604 2463 878 2538 μαγειρικὰ
957 2465 1068 2537 (14)
1146 2462 1459 2541 στρογγύλα
1509 2470 1573 2534 τ’,
1629 2460 1822 2538 κεδρέα
1883 2483 1989 2535 μα-

314 2549 519 2627 γαρικᾶ
572 2552 634 2621 ν’,
696 2549 937 2627 λινάριον
1015 2552 1199 2630 λίτραι
1271 2551 1527 2630 χιλιάδες
1597 2555 1669 2626 η’,
1726 2547 1986 2608 κανάϐιον

319 2637 578 2718 χιλιάδες
640 2641 706 2716 β’,
767 2639 1068 2705 σανδάλους
1123 2643 1191 2714 κ’,
1273 2639 1554 2720 σφενδόναι
1613 2640 1835 2716 σιδηραῖ
1896 2641 1984 2715 ιβ’,

313 2724 812 2803 σιδηροόολιστικὰ
859 2732 996 2786 κατᾶ
1051 2731 1358 2808 περίσσειαν
1419 2739 1480 2804 ν“,
1542 2727 1882 2806 σιδηροὸὁλα
1921 2737 1986 2801 υ“,

319 2816 611 2894 φιλουρέαι
683 2821 749 2894 ρ’,
815 2821 1214 2896 περιπετόμενα
1280 2823 1345 2897 ρ’,
1407 2822 1699 2897 σπαρτίνας
1760 2821 1824 2895 ρ’,
1893 2818 1983 2874 λε-

320 2909 529 2984 πτάρια
577 2912 691 2982 (15)
748 2910 812 2983 σ’,
868 2909 1204 2988 τετράκουλα
1271 2915 1385 2986 (16)
1425 2912 1500 2974 εἷς
1537 2913 1606 2967 τὰ
1645 2911 1878 2986 σιφώνια
1915 2915 1982 2984 ρ’,

318 2995 572 3073 λίνάριον
622 2997 701 3061 εἰς
749 3000 876 3063 τοὺς
927 3000 1202 3078 σφόγγους
1257 3003 1325 3070 0',
1375 3000 1758 3074 σκαλοδέματα
1803 3002 1870 3069 υ’,
1933 2999 1984 3054 οἱ

313 3090 660 3158 πεντήκοντα
707 3088 754 3124 ⁵⁸
795 3088 1086 3168 πάμφυλοι
1144 3091 1373 3169 σιφώνια
1420 3088 1522 3162 κδ’,
1568 3089 1637 3145 τὰ
1676 3090 1730 3164 μ’
1760 3088 1987 3144 οὐσιακὰ

313 3178 558 3257 σιφώνια
597 3178 674 3248 π’,
702 3178 928 3257 καρφίον
963 3178 1277 3256 στεγαδερὸν
1310 3183 1424 3256 (17)
1453 3176 1708 3256 χιλιάδες
1739 3180 1804 3243 ς’.

384 3447 468 3506 Τὰ
523 3448 779 3526 ἀπὸ-τοῦ
840 3449 1265 3526 σεκρέτουμτοῦ
1331 3449 1539 3526 εἰδικοῦ
1608 3447 1980 3521 ἐξοδιασθέντα

637 3520 769 3594 ὑπὲρ
800 3525 897 3577 τοῦ
937 3520 1213 3593 ’ταξειδίου
1251 3530 1352 3594 τῆς
1403 3520 1657 3600 Κρήτηςζ

386 3607 636 3688 Ἐτξήρθη
697 3612 805 3668 ἀπὸ
859 3614 952 3670 τὸν
1012 3617 1168 3690 ζυγὸν
1239 3614 1394 3692 λόγῳ
1453 3617 1650 3692 ἀγορᾶς
1706 3611 1985 3690 διαφόρων

313 3701 479 3760 εἰδῶν
511 3705 607 3758 τοῦ
635 3701 906 3773 ταξειδίου
948 3711 1049 3776 τῆς
1082 3708 1302 3781 Κρήτης
1333 3706 1427 3761 σὺν
1469 3704 1744 3776 ἒξοπλίσει
1775 3708 1880 3758 τῶν
1916 3703 1980 3760 θ’.

310 3794 621 3850 Ῥουσικῶν
690 3791 966 3868 καραϐίων
1050 3795 1138 3850 καὶ
1216 3800 1323 3852 τῶν
1395 3797 1464 3871 β’,
1537 3794 1800 3870 μονερίων
1877 3796 1983 3847 τῶν

318 3879 704 3958 αἰχμαλώτων
738 3885 850 3956 (18)
883 3883 974 3939 σὺν
1019 3889 1128 3940 τῶν
1180 3881 1498 3960 ὁρισθέντων
1549 3884 1656 3941 ἀπὸ
1685 3882 1987 3944 κελεύσεως

320 3969 550 4041 δοθῆναι
619 3971 686 4026 τὰ
763 3971 903 4027 κατὰ
979 3975 1288 4049 περίσσειαν
1365 3972 1636 4054 διαφόρων
1697 3971 1854 4030 εἰδῶν
1911 3972 1987 4032 εἷς

2091 1857 2468 1912 Instrumenta
2520 1856 2551 1910 4
2597 1857 2929 1928 ρθινανίιιτηγ
2964 1855 2996 1910 4
3046 1855 3461 1910 lamdarearum
3507 1862 3560 1911 et
3615 1853 3744 1910 toti-

2638 1929 2759 1983 dem
2791 1927 3198 1984 machinarum.

2167 2017 2394 2074 Circelli
2427 2017 2515 2083 30,
2550 2018 2745 2074 cancri
2790 2017 2876 2086 15,
2910 2026 3141 2089 torques
3179 2017 3248 2072 30
3281 2033 3384 2087 pro
3434 2015 3746 2072 tendendis

2099 2109 2327 2182 magnis
2377 2107 2771 2165 arcubalistis.
2819 2107 3043 2164 Arietes
3088 2105 3453 2163 testudinum
3507 2106 3592 2174 15,
3639 2120 3746 2162 an-

2098 2199 2221 2254 nuli
2254 2200 2340 2266 15,
2374 2199 2525 2254 dolia
2555 2197 2797 2270 grandia
2826 2198 2916 2268 20,
2939 2196 3169 2252 minora
3197 2196 3266 2251 30
3295 2201 3353 2252 et
3382 2211 3486 2268 pro
3515 2194 3747 2268 magnis

2100 2287 2469 2345 arcubalistis
2499 2289 2849 2344 ferramenta
2869 2287 3194 2344 secundum
3219 2285 3614 2358 praescriptam
3641 2285 3750 2340 for-

2097 2396 2279 2447 mam,
2310 2380 2451 2451 picis
2493 2377 2639 2435 litras
2680 2377 2874 2434 decies
2905 2376 3104 2445 mille;
3136 2376 3284 2448 picis
3315 2375 3550 2446 liquida:
3583 2373 3746 2430 seria

2097 2470 2303 2529 ﬁctiles
2331 2470 2600 2526 rotunda
2636 2473 2963 2525 tercentum
2989 2489 3003 2538 ;
3029 2467 3234 2524 cedria:
3267 2465 3560 2539 amphoris
3594 2465 3748 2520 ﬁcti-

2097 2559 2182 2616 les
2241 2559 2673 2632 quinquaginta
2709 2576 2724 2627 ;
2758 2559 2865 2614 lini
2925 2558 3084 2614 libras
3142 2557 3302 2622 8000,
3337 2553 3618 2612 cannabis
3675 2553 3748 2608 li-

2096 2650 2214 2706 brat
2270 2650 2432 2716 2000,
2482 2648 2711 2706 sandali
2759 2649 2850 2715 20,
2903 2647 3096 2702 {undas
3156 2646 3353 2701 ferreas
3412 2645 3501 2709 12,
3551 2645 3746 2698 ferreas

2098 2737 2343 2795 ballistae
2401 2737 2928 2808 supernumerarits
2984 2735 3075 2795 50,
3135 2733 3358 2806 spicula
3412 2733 3502 2796 50,
3555 2729 3747 2803 phily-

2097 2845 2205 2884 reas
2256 2827 2381 2892 100,
2430 2824 2913 2882 circumvolantia
2960 2825 3084 2894 100,
3135 2823 3353 2895 spartei
3400 2822 3570 2878 funes
3621 2820 3744 2888 100,

2097 2917 2342 2974 funiculi
2372 2916 2669 2973 tenuiores
2708 2916 2835 2982 200,
2867 2913 3152 2971 tetracula
3189 2914 3261 2968 ad
3302 2910 3582 2984 siphones
3621 2909 3745 2975 100,

2094 3005 2202 3063 lini
2224 3007 2294 3062 ad
2319 3007 2592 3078 spongias
2627 3005 2762 3061 inde
2792 3001 3185 3061 conﬁciendas
3215 3000 3375 3057 libras
3409 3001 3534 3066 400,
3556 2999 3746 3056 scalas

2096 3097 2338 3154 funibus
2381 3095 2581 3168 plexas
2612 3095 2736 3150 400.
2769 3093 3203 3166 Quinquaginta
3245 3089 3543 3164 pamphyli
3574 3088 3750 3146 habe-

2095 3188 2238 3244 bant
2264 3185 2542 3258 siphones
2571 3186 2662 3252 24,
2694 3185 3086 3256 quadraginta
3115 3181 3317 3239 usiaca
3345 3179 3637 3236 habebant
3667 3177 3747 3234 si-

2096 3276 2321 3350 phones
2337 3276 2428 3346 80,
2451 3271 3064 3346 clavorum,qualibus
3089 3287 3228 3329 usus
3251 3274 3339 3328 est
3359 3270 3419 3326 in
3442 3284 3750 3343 coagmeno

2009 3345 2052 3413 α
2091 3345 2288 3424 tendis
2319 3345 2561 3422 navium
2592 3345 2894 3435 tabulatis,
2925 3362 3110 3420 millia
3137 3363 3195 3420 6.

2093 3494 2246 3552 889
2330 3491 2610 3548 Secretum
2685 3489 2823 3546 idici
2895 3489 3148 3559 erogavit
3217 3489 3280 3545 in
3349 3485 3749 3561 expeditionem

2689 3562 2997 3619 Cretensem
3024 3563 3160 3619 hac.

2168 3699 2215 3753 Α
2246 3696 2397 3752 libra
2438 3693 2519 3767 [id
2547 3697 2654 3764 est,
2687 3710 2720 3749 a
2755 3691 3063 3761 tribunali,
3096 3693 3242 3762 quod
3285 3691 3499 3765 pendet
3535 3693 3749 3748 statera

2098 3787 2410 3843 redeuntes
2438 3783 2498 3838 in
2529 3783 2740 3838 ﬁscum
2773 3780 3128 3854 imperialem
3162 3795 3439 3835 nummos
3467 3783 3525 3835 et
3543 3794 3751 3851 expen-

2099 3893 2194 3932 sas
2217 3874 2435 3947 pariter
2451 3871 2762 3944 appendet]
2782 3874 3068 3942 susceptas
3090 3870 3116 3924 Γ
3116 3875 3322 3926 uerunt
3336 3867 3462 3923 auri
3486 3866 3634 3923 litras
3652 3869 3744 3936 24,

2101 3983 2216 4040 quo
2247 3967 2581 4052 emerentur
2609 3961 2780 4018 varie
2812 3976 2901 4016 res
2942 3957 3296 4030 expeditioni
3335 3955 3596 4014 Cretensi
3634 3956 3749 4013 uti-

1706 4073 1946 4131 VARI/E
1997 4061 2418 4127 LECTIONES.

394 4169 442 4206 ⁸⁸
481 4168 838 4225 ὑπεντίκοντα
875 4169 1002 4228 cod.
1044 4173 1102 4226 et
1139 4169 1229 4226 ed.
1273 4185 1381 4242 pro
1416 4166 1466 4221 οἳ
1498 4167 1854 4236 πεντήκοντα.

1362 4267 1557 4323 JOAN.
1600 4265 1743 4322 JAC.
1785 4259 2077 4320 REISKU.
2121 4249 2712 4312 COMMENTARIUS.

393 4362 508 4436 (12)
558 4361 801 4436 Videtur
830 4361 952 4416 haec
983 4377 1095 4416 vox
1125 4362 1421 4430 segmenta
1446 4359 1714 4436 coriacea
1745 4353 1972 4436 signifi-

2083 4348 2316 4424 Errant_
2339 4343 2726 4424 quoque,_qui
2757 4339 3020 4424 Maiorica
3043 4356 3180 4424 _va_:a
3210 4340 3283 4424 a_b
3315 4337 3515 4424 insula
3536 4339 3745 4424 Hispa-

321 4413 1261 4506 cai—ejiquibusnnaut—mvgenus
1298 4413 1639 4506 muniebant
1694 4413 1973 4483 advel-sus
2084 4413 2531 4506 nicaOMJioriéa
2579 4413 2866 4486 derivant,
2898 4413 3156 4470 nominis
3206 4413 3596 4470 similitudine
3649 4413 3749 4469 in-

325 4492 594 4563 attrituin
645 4511 702 4562 et
748 4506 1022 4561 duritiem
1048 4492 1464 4566 uscamnorum,
1515 4501 1800 4558 adversus
1850 4513 1975 4570 quae
2084 4492 2266 4570 dupli:

321 4577 716 4634 obnitendum
772 4576 918 4648 ipsis
965 4583 1053 4632 esl
1105 4577 1177 4632 ad
1228 4577 1510 4646 majorem
1558 4572 1676 4628 vim
1720 4570 1975 4643 impulso

321 4666 488 4707 remo
517 4649 1094 4705 communicandum.

396 4721 515 4793 (l3)
550 4721 629 4794 Ex
669 4739 725 4790 p.
756 4720 883 4785 390,
927 4719 1027 4794 ubi
1074 4719 1368 4794 γυραρικὸν
1405 4717 1642 4789 legitur,
1676 4713 1805 4794 v_eni
1845 4729 1975 4794 eam
2011 4713 2057 4742 υ
2090 4723 2125 4780 p

323 4790 780 4863 in‘opinionem,
811 4808 942 4848 esse
981 4790 1175 4848 clavos
1203 4790 1332 4848 cum
1377 4807 1517 4863 gyro
1557 4807 1660 4848 seu
1691 4790 1976 4845 foramine

323 4864 387 4922 in
417 4880 650 4920 summo
683 4865 751 4920 ad
785 4865 976 4920 instar
1005 4879 1164 4920 acus.

399 4935 510 5007 (14)
571 4935 846 5008 Μασανίεα
897 4939 955 5008 et
1006 4937 1291 5008 Majorica
1338 4949 1572 5008 quoque
1625 4933 1801 5008 dicta
1839 4947 1976 4988 vasa

323 5012 468 5080 sunt
494 5005 670 5080 dolia,
704 5008 864 5064 seria:
895 5005 1131 5080 fictiles,
1165 5005 1607 5080 urnaa,’gas‘tras,
1633 5006 1716 5062 sic
1746 5005 1918 5080 dictae
1947 5019 1981 5058 a

330 5078 745 5151 Megaris,rubi
790 5079 991 5135 ﬁctilia
1031 5079 1252 5135 fiebant
1293 5076 1450 5150 apud
1499 5076 1978 5151 antiquos_cele-

325 5146 514 5215 bruta,
576 5146 690 5208 vid.
764 5151 1170 5207 Hcmsterbus.
1238 5146 1678 5221 ad'AristOph'.
1747 5146 1980 5221 Plutum

324 5239 386 5295 p.
435 5222 565 5279 274.
614 5221 810 5295 Moser,
852 5239 1082 5294 quoque
1127 5239 1192 5280 ea
1239 5223 1545 5290 dicebant;
1581 5219 1723 5292 quas
1782 5219 1982 5295 omnia

328 5291 646 5363 scriptione
678 5291 938 5365 quidem,
960 5291 1020 5351 at
1043 5311 1156 5350 non
1190 5311 1331 5350 sono
1363 5295 1592 5350 diversa
1616 5291 1763 5349 sunt
1785 5309 1800 5360 ;
1825 5309 1860 5361 g
1881 5291 1982 5365 eti

331 5371 393 5422 et
434 5383 466 5421 π,
500 5364 724 5422 veteres
771 5368 976 5422 eodem
1031 5366 1202 5422 modo
1253 5371 1388 5420 ante
1442 5365 1670 5420 vocales
1707 5379 1737 5418 e
1775 5369 1832 5418 et
1869 5364 1890 5418 ἰ
1925 5365 1983 5419 et

324 5439 477 5495 alias
507 5454 737 5509 quoque
768 5439 1222 5510 pronuntiabant
1247 5458 1260 5506 ;
1285 5455 1336 5493 v.
1363 5438 1444 5492 Du
1479 5438 1672 5510 Gange
1700 5452 1751 5491 ν.
1779 5435 1978 5491 Mater.

325 5510 428 5566 ubi
471 5509 702 5581 longam
745 5512 1212 5567 disseriationem
1245 5513 1318 5565 de
1358 5509 1677 5581 murrbinis
1714 5513 1980 5581 veterum

325 5582 492 5638 texit.
527 5578 808 5638 Récenset
845 5582 924 5638 ibi
952 5597 1204 5654 quoque
1236 5581 1386 5654 inter
1413 5579 1832 5654 appellationes
1871 5578 1982 5634 ho-

329 5669 466 5710 rum
504 5669 781 5726 vasorum
825 5649 1044 5722 Iliade—1',
1076 5649 1204 5726 quae
1236 5649 1584 5726 longegalius
1616 5649 1979 5726 originisat-

378 5741 447 5782 us
494 5725 673 5782 Mazer
718 5729 824 5794 est,
856 5731 914 5782 et
949 5722 1243 5783 cum—hoc
1291 5722 1570 5781 confundi
1621 5738 1737 5779 non
1787 5722 1978 5794 debet.

378 5742 447 5782 us
494 5742 673 5782 mazer
718 5742 824 5794 est,
856 5742 914 5782 et
949 5742 1082 5783 cum
1135 5742 1243 5783 noc
1291 5742 1570 5781 conlunul
1621 5742 1737 5779 non
1787 5742 1978 5780 uenat.

334 5742 439 5857 ﬁat
466 5796 625 5856 enim
652 5796 902 5857 Arabica
931 5815 1039 5856 vox
1068 5813 1196 5873 quas
1226 5801 1418 5864 sonat,
1447 5795 1605 5870 gleba
1631 5793 1721 5852 vel
1751 5793 1978 5866 argilla.

2159 4561 2272 4635 (15)
2299 4558 2590 4635 Videntur
2615 4575 2741 4617 esse
2775 4556 3017 4635 fu_niculi
3050 4556 3372 4635 tenuiores,
3403 4555 3615 4635 quales
3636 4571 3743 4635 nos

2088 4627 2407 4701 Bilid/‘aden
2474 4632 2752 4700 dicimus,
2812 4629 3019 4686 Franci
3076 4631 3142 4685 de
3196 4629 3261 4686 la
3312 4627 3513 4700 ﬁcelle.
3577 4627 3742 4684 Conf.

2159 4775 2546 4849 (16))Vidctur
2592 4791 2718 4832 esse
2768 4791 2872 4848 pro
2917 4770 3260 4849 τετράκωλα,
3292 4767 3748 4849 quatuorpedi-

2086 4843 2198 4906 bus
2221 4843 2367 4905 fulta
2393 4853 2686 4920 pegmata,
2711 4843 2888 4920 super
2908 4843 3121 4918 quibus
3143 4843 3450 4920 quiescunt
3470 4843 3747 4920 siphones

2086 4920 2337 4992 igniarii.
2364 4913 2628 4992 Lafetten
2659 4913 2764 4976 nos
2786 4913 3089 4992 'dici'mus,
3131 4913 3189 4973 et
3227 4916 3504 4992 Francico
3528 4913 3745 4992 'l‘aﬂat.

2087 4984 2222 5050 Jam
2279 4991 2420 5048 alibi
2456 4984 2892 5059 'demonstravi,
2952 4984 3106 5064 saepe
3149 5009 3193 5043 ω
3235 4995 3292 5046 et
3339 5004 3406 5041 ου
3452 4987 3608 5044 vices
3640 4984 3748 5041 Val-

2095 5074 2220 5123 18H]
2229 5080 2346 5121 are.

2158 5155 2285 5236 (17)
2324 5151 2480 5236 Quia
2511 5149 2694 5236 ,στέγῃ
2747 5157 2839 5236 est
2888 5151 3225 5236 tabulatum,
3276 5144 3752 5236 credidimapcflv

2093 5222 2412 5310 στέγαδερόν
2469 5223 2560 5306 hic
2619 5222 2954 5296 signiﬁcare
3010 5226 3203 5307 clavos
3261 5222 3749 5306 compaginandis

2091 5299 2371 5356 tabulatis
2420 5312 2682 5351 navmm.
2727 5297 2890 5352 Certe
2939 5305 3155 5351 rectius
3205 5302 3259 5350 et
3299 5301 3496 5356 aptius
3543 5299 3750 5350 extun-

2091 5313 2371 5356 tanulaus
2420 5313 2682 5351 nav1um.
2727 5313 2890 5352 uerte
2939 5313 3155 5351 recuus
3205 5313 3259 5350 et
3299 5313 3496 5365 aptius
3543 5313 3748 5350 extun-

2091 5372 2227 5450 dere
2257 5385 2372 5450 non
2405 5367 2580 5450 valui.
2607 5367 2868 5450 Cogitavi
2898 5371 3118 5450 tamen,
3147 5372 3423 5450 essentne
3446 5365 3594 5450 clavi
3612 5380 3748 5448 cum

2093 5441 2231 5498 latis
2291 5439 2558 5497 rotundis
2617 5437 2793 5494 veluti
2850 5439 3140 5512 capitellis
3198 5443 3298 5495 aut
3354 5435 3630 5492 umbellis
3686 5435 3748 5492 in

2096 5529 2380 5656 suggiﬁ
2411 5582 2497 5656 sic
2523 5581 2936 5656 interpretarer
2976 5579 3386 5656 compendium
3421 5577 3748 5650 scripturae,

2094 5653 2273 5784 au'od'
2305 5655 2366 5712 in
2416 5653 2621 5710 tabula
2668 5653 2827 5740 aenea
2856 5659 2901 5710 ι.
2937 5656 2983 5723 ῐ,
3013 5653 3238 5712 inserta
3285 5653 3438 5738 linea
3485 5659 3683 5734 quarta
3712 5667 3748 5706 a

2141 5745 2211 5784 ne
2237 5735 2323 5784 est
2353 5724 2407 5781 al
2438 5741 2570 5782 cum
2607 5740 2844 5784 gemino
2875 5744 2912 5784 γ
2942 5726 3358 5784 sunerscrinto.
3391 5723 3623 5780 induxit
3653 5736 3748 5778 ms

2141 5745 2211 5786 ne
2237 5735 2323 5784 est
2353 5724 2407 5801 al
2438 5741 2570 5801 cum
2607 5726 2844 5801 gemino
2875 5744 2917 5801 χ
2942 5726 3358 5800 superscripto,
3391 5723 3623 5780 induxit
3653 5736 3748 5778 ms

2090 5800 2196 5858 lia.
2227 5816 2361 5875 pen.
2395 5797 2571 5870 hujus
2603 5797 2851 5871 paginae.
