4094 6396
365 441 526 503 1249

1213 439 1315 500 DE
1359 436 1822 502 CERIMONIIS
1866 438 2108 501 AULE
2149 438 2622 501 BYZANTINjE
2663 439 2811 501 LIB.
2863 438 2938 500 Il.

3623 439 3779 502 1250

362 573 637 651 ῥασιακῶν
705 570 751 648 ρ’
795 573 904 627 τῶν
948 568 1208 627 δοθέντων
1265 571 1401 626 κατὰ
1456 569 1762 647 περίσσειαν
1803 569 1879 634 εἰς
1925 570 2016 624 τὸν

2131 571 2327 628 mism.
2350 572 2442 642 62,
2467 589 2602 629 nam
2634 573 2871 646 reliquae
2895 573 2963 628 19
2993 573 3173 647 pelles
3205 573 3355 633 datas
3384 577 3523 632 sunt
3551 591 3619 631 ex
3649 575 3781 630 illa-

362 660 526 718 αὐτὸν
558 659 783 729 στόλον,
815 682 864 719 ν.
892 662 999 732 κη’,
1035 661 1160 736 ζιβ“.
1195 658 1394 730 Ἐδόθη
1427 661 1559 736 ὑπὲρ
1590 659 1790 736 ἀγορᾶς
1817 661 2021 736 βυρσα-

360 752 492 828 ρίων
546 753 592 788 ⁵⁷
662 751 858 826 βοείων
925 751 1063 826 ρκβ“,
1131 769 1267 820 mw.
1337 747 1533 821 Ἐδόθη
1607 750 1740 824 ὑπὲρ
1807 749 2013 824 ἀγορᾶς

361 839 713 898 κεντούκλων
745 847 788 894 σ¹
811 843 918 895 τῶν
958 837 1220 903 δοθέντων
1269 841 1404 894 κατά
1450 838 1758 914 περίσσειαν
1809 839 2016 911 ὁμοίως

364 934 443 994 εἰς
469 933 530 987 τὸ
565 930 853 1006 βασιλικὸν
901 928 1166 1005 πλόϊμον,
1216 935 1338 1000 κηζ.
1393 927 1592 1000 Ἐδόθη
1644 930 1772 1004 ὑπὲρ
1821 929 2020 1004 ἀγορᾶς

361 1020 618 1078 κιλικίων
652 1040 698 1096 ,α
727 1024 833 1074 τῶν
866 1020 927 1090 ς’,
961 1039 1009 1077 ν.
1045 1022 1170 1093 ρξς,
1225 1020 1320 1089 ζς’.
1387 1016 1583 1089 Ἐδόθη
1640 1019 1770 1093 ὑπὲρ
1815 1017 2020 1095 ἀγορᾶς

363 1109 626 1190 σχοινίων
697 1109 1013 1183 λεπταρίων
1080 1111 1170 1164 καί
1259 1107 1570 1184 χαρταρίων
1665 1108 1755 1162 καὶ
1812 1106 2016 1176 λοιπῆς

365 1198 576 1274 ἐξόδου,
635 1221 684 1256 ν.
759 1199 820 1268 ις’
880 1203 974 1268 ζςπ.
1044 1196 1212 1274 Λόγῳ
1277 1204 1506 1266 ποιῆσαι
1573 1197 1804 1272 ἀτεγίιυν
1866 1195 2018 1252 κιλι-

361 1289 526 1344 κίνων
590 1289 656 1364 ρ’,
714 1287 890 1362 ρπγν’.
951 1283 1147 1355 Ἐδόθη
1212 1286 1344 1360 ὑπὲρ
1412 1286 1617 1361 ἀγορᾶς
1701 1283 2018 1358 κασσιτέρου

369 1377 558 1452 λίτραι
589 1379 654 1448 σ“,
701 1398 748 1433 ν.
796 1373 898 1430 λδὶ
953 1372 1150 1446 Ἐδόθη
1214 1375 1346 1450 ὑπὲρ
1393 1375 1595 1450 ἀγορᾶς
1641 1372 2017 1449 χαλκώματος

371 1469 632 1544 λίτραισ“,
676 1486 722 1522 ν.
771 1467 864 1536 ιη’.
900 1462 1091 1536 Ἐδόθη
1130 1466 1263 1539 ὑπὲρ
1285 1465 1483 1540 ἀγορᾶς
1503 1461 1801 1542 σκαφιδίων
1825 1483 2020 1537 στρογ-

364 1556 551 1635 γύλων
588 1554 843 1632 μεγάλων
880 1563 942 1630 ρ’,
977 1577 1025 1612 ν.
1080 1555 1170 1630 ιβ’.
1219 1551 1415 1624 Ἐδόθη
1469 1553 1602 1628 ὑπὲρ
1640 1553 1839 1628 ἀγορᾶς
1888 1573 2020 1607 σκα-

370 1645 567 1724 φιδίων
630 1645 974 1720 μικροτέρων
1035 1650 1100 1718 p‘,
1136 1666 1182 1701 ν.
1231 1645 1330 1717 κγ’.
1391 1640 1586 1714 Ἐδόθη
1633 1643 1766 1716 ὑπὲρ
1817 1643 2018 1717 ἀγορᾶς

373 1734 680 1810 καλδαρίων
743 1741 806 1804 c‘,
863 1755 913 1792 ν.
965 1733 1068 1810 λγῆ
1114 1729 1310 1802 Ἐδόθη
1370 1733 1505 1807 ὑπὲρ
1561 1731 1762 1809 ἀγορᾶς
1812 1751 2018 1786 καπου-

369 1826 509 1883 λίων
545 1827 611 1902 β’,
641 1846 688 1880 ν.
727 1830 798 1899 μ“.
828 1821 1030 1892 Ἐδόθη
1060 1822 1194 1896 ὑπὲρ
1223 1823 1423 1898 ἀγορᾶς
1455 1823 1731 1896 πτυαρίων
1760 1842 1825 1889 ,α.
1857 1841 1906 1879 ν.
1937 1820 2017 1880 ιδ’.

365 1914 563 1986 Ἐδόθη
601 1914 736 1985 ὑπὲρ
763 1915 961 1989 ἀγορᾶς
992 1911 1188 1986 ἑτέρων
1221 1909 1400 1966 κάδων
1425 1910 1764 1985 μικροτέρων
1793 1917 1855 1969 ν’.
1887 1933 1933 1969 ν.
1959 1912 2016 1970 ε’.

357 2004 557 2077 Ἐδόθη
601 2005 732 2081 ὑπὲρ
783 2005 982 2080 ἀγορᾶς
1033 2004 1215 2078 έτέρου
1267 2002 1585 2078 κασσιτέρου
1637 2001 1816 2077 λίτραι
1877 2009 1918 2056 c‘
1948 2004 2013 2056 τὰ

358 2094 584 2160 δοθέντα
615 2093 846 2169 Μιχαὴλ
878 2096 1024 2167 χυτῇ
1056 2094 1171 2166 (22)
1204 2091 1354 2167 λόγῳ
1384 2090 1850 2162 κατακολλήσεως
1891 2089 2012 2146 δια-

362 2189 542 2265 φόρων
602 2181 772 2259 ἔργων
821 2187 928 2237 τῶν
975 2180 1272 2258 σιφουνίων
1328 2185 1429 2236 τοῦ
1501 2181 1790 2257 βασιλικοῦ
1854 2179 2017 2236 πλοί-

363 2295 490 2348 μου,
519 2296 570 2332 ν.
594 2273 731 2344 λςν’.
764 2269 962 2342 Ἐδόθη
990 2272 1123 2346 ὑπὲρ
1155 2271 1354 2346 ἀγορᾶς
1376 2271 1575 2343 κηρίου
1598 2269 1779 2344 λίτραι
1801 2271 1928 2344 ρ’,ν.
1953 2271 2012 2328 ε’.

360 2361 559 2435 Ἐδόθη
595 2364 729 2438 ὑπὲρ
757 2361 956 2438 ἀγορᾶς
1025 2355 1287 2433 μολιϐίου
1337 2359 1505 2436 ἀργοῦ
1555 2358 1740 2435 λίτραι
1771 2360 1835 2430 σ“,
1869 2381 1916 2415 ν.
1949 2357 2012 2430 δ“,

359 2452 564 2524 Ἐδόθη
610 2453 740 2526 ὑπὲρ
793 2452 997 2528 ἀγορᾶς
1045 2449 1420 2524 χαλκώματος
1481 2447 1744 2529 διαφόρου
1795 2453 1873 2522 τῷ
1921 2446 2016 2504 δο-

359 2545 508 2609 θέντι
536 2545 649 2616 (23)
681 2541 838 2618 λόγῳ
877 2548 981 2611 τῆς
1018 2540 1320 2615 ὑπουργίας
1363 2545 1462 2595 τοῦ
1509 2537 1874 2616 δρουγγαρίοΰ
1919 2543 2018 2594 τοῦ

360 2629 611 2704 πλοίμου
686 2631 819 2707 ὑπὲρ
878 2627 1154 2685 κακαϐίων
1225 2628 1480 2706 μεγάλων
1551 2628 1617 2704 β’,
1679 2627 1771 2683 καὶ
1823 2626 2018 2703 έτέρῶν

359 2717 640 2776 κακαϐίων
685 2719 920 2794 μεσαίων
968 2720 1013 2755 ⁸⁸
1066 2720 1135 2794 β’,
1193 2719 1284 2773 καὶ
1333 2712 1790 2797 χυτροκακαϐίων
1835 2737 2018 2793 γανω-

357 2815 466 2866 τῶν
497 2807 561 2881 δ’,
615 2809 706 2864 καὶ
764 2808 1114 2882 κουκουμίων
1179 2806 1434 2884 μεγάλων
1495 2807 1562 2882 β“,
1607 2807 1696 2861 καὶ
1755 2808 2014 2882 τιγανίων

363 2899 622 2975 μεγάλων
693 2900 759 2974 β’⁷
826 2897 1277 2974 χαλκοσταμνίου
1346 2898 1462 2970 (24)
1525 2900 1795 2972 γανωτοῦ,
1880 2896 2018 2966 ένὸς,

359 2987 643 3064 φλατρίων
673 2990 932 3062 γανωτῶν
967 2986 1034 3061 β’,
1070 2978 1494 3059 χερνιϐοξεστῶν
1530 2984 1600 3058 β“,
1633 3003 1682 3038 ν.
1714 2979 1814 3038 κδ’.
1845 2983 2019 3056 Ὁμοῦ

355 3079 420 3133 τὸ
461 3082 563 3132 πᾶν
601 3073 784 3145 ἔξοδος
817 3082 868 3150 χ’
908 3074 1088 3148 λίτραι
1127 3081 1229 3143 κα“,
1261 3095 1310 3130 ν.
1344 3073 1440 3143 νζ“,
1477 3071 1598 3145 μιλ.
1628 3079 1690 3142 ζ’.
1718 3068 2017 3143 Ἐδόθησαν

358 3166 512 3241 παρὰ
599 3169 699 3221 τοῦ
802 3161 1008 3220 εἶδικοῦ
1108 3158 1301 3237 κόρδαι
1400 3161 1704 3233 μεταξωταὶ
1798 3163 2024 3236 σπάρτι-

357 3279 466 3312 ναι.
538 3253 838 3326 Ἐδόθησαν
901 3251 1081 3327 ἕτεραι
1167 3249 1404 3326 κόρδαι,
1453 3250 1754 3324 μεταξωταὶ
1826 3253 2018 3326 μικραὶ

354 3344 515 3421 λόγῳ
557 3349 666 3400 τῶν
712 3340 1172 3417 τοξοϐολιστρῶν.
1227 3340 1424 3410 Ἐδόθη
1469 3341 1679 3416 ὁμοίως
1724 3341 1873 3414 παρὰ
1919 3344 2017 3396 τοῦ

356 3433 570 3492 εἰδικοῦ
603 3433 758 3510 λόγῳ
786 3439 895 3489 τῶν
928 3427 1349 3506 καλυϐωμάὶτων
1400 3434 1507 3485 τῶν
1565 3427 1872 3505 χελανδίων
1920 3434 2018 3484 τοῦ

360 3524 650 3600 βασιλικοῦ
681 3521 929 3596 πλοίμου
960 3521 1061 3576 ἀνὰ
1091 3521 1336 3596 χαρτίων
1368 3526 1403 3574 ε’
1439 3515 1694 3591 μολίϐιον
1741 3518 1942 3594 χαρτία
1973 3519 2016 3594 ρ’

354 3635 441 3669 στι
472 3611 657 3686 λίτραι
691 3614 764 3689 γ’.
808 3609 1006 3680 Ἐδόθη
1056 3611 1150 3664 τὸν
1211 3606 1574 3685 δρουγγάριον
1621 3612 1719 3663 τοῦ
1765 3607 2014 3681 πλοΐμου

355 3703 466 3759 ἀπὸ
510 3708 613 3758 τοῦ
660 3700 944 3758 κατεπάνω
1000 3704 1100 3754 τοῦ
1142 3696 1386 3773 ἅρματος
1433 3701 1479 3734 ⁸⁸
1534 3699 1646 3771 (25)
1706 3697 1906 3762 σπαθία
1949 3720 2014 3772 γγ,

357 3813 653 3867 σκουταρια
709 3813 778 3866 (γ,
837 3791 1098 3865 κοντάρια
1156 3811 1220 3864 χ,
1282 3785 1508 3864 σαγίτας
1574 3785 1826 3864 χιλιάδες
1904 3795 2012 3861 σμ’,

356 3883 542 3960 ἑτέρας
596 3883 818 3958 σαγίτας
879 3879 1030 3954 λόγῳ
1086 3883 1194 3932 τῶν
1241 3873 1684 3953 τοξοϐολιστρῶν
1738 3876 1876 3951 μύας
1928 3896 2016 3952 χιι-

358 3969 546 4035 λιάδες
579 3969 642 4030 δ’.

2131 678 2261 718 rum
2286 679 2696 736 numero,quae
2720 665 2776 718 in
2799 664 2951 720 idico
2990 653 3265 737 deposita
3296 667 3517 736 jacent.
3535 671 3644 721 Pro
3675 683 3781 723 un-

2130 757 2298 807 ctura
2325 754 2665 809 earumdem
2694 753 2935 826 pellium
2965 770 3198 824 expens.
3235 771 3396 811 num.
3431 757 3486 827 7,
3521 756 3669 811 mill.
3701 757 3776 825 0;

2130 858 2233 912 pro
2291 843 2553 898 emendis
2620 845 2924 915 manganis
2994 844 3232 900 illorum
3290 846 3349 899 11
3410 847 3775 901 carabiorum

2129 947 2292 986 num.
2324 931 2381 998 9,
2415 931 2562 986 mill.
2595 932 2665 1000 6;
2702 948 2805 1003 pro
2854 933 3114 988 emendis
3155 934 3329 989 remis
3377 934 3483 988 485
3527 951 3688 990 num.
3720 936 3778 990 5.

2131 1019 2237 1075 Pro
2278 1026 2657 1091 compactura
2689 1037 2790 1077 seu
2823 1021 3204 1078 fabricatione
3253 1021 3484 1078 illorum
3521 1023 3578 1076 11
3618 1039 3780 1078 cara-

2129 1109 2358 1165 biorum
2391 1114 2448 1166 et
2474 1110 2865 1166 cancellorum
2906 1111 3482 1183 sepimentorumque
3524 1111 3784 1168 tabulata

2131 1213 2359 1253 summa
2405 1199 2766 1270 cingentium
2828 1199 3300 1272 reliquarumque
3348 1204 3781 1257 structurarum

2130 1287 2422 1343 navalium
2457 1305 2620 1343 num.
2656 1290 2742 1343 11.
2775 1289 2929 1344 390
2959 1295 3065 1345 Pro
3114 1289 3379 1361 picatura
3424 1290 3661 1346 illorum
3715 1293 3774 1346 11

2130 1376 2496 1432 carabiorum
2527 1393 2692 1434 num.
2715 1378 2804 1432 33.
2830 1379 2936 1432 Pro
2959 1377 3223 1434 emendis
3255 1379 3359 1434 100
3389 1381 3594 1450 pannis
3624 1395 3782 1435 cras-

2130 1463 2213 1520 sis
2256 1465 2387 1520 aliis
2434 1466 2506 1521 ad
2555 1465 2975 1522 abundantiam
3023 1466 3084 1521 in
3134 1466 3385 1524 classem
3445 1468 3781 1525 distributis

2131 1569 2296 1610 num.
2328 1555 2420 1620 28,
2453 1555 2600 1610 mill.
2635 1556 2739 1625 12;
2769 1572 2872 1628 pro
2918 1555 3182 1611 emendis
3213 1556 3388 1613 coriis
3420 1556 3647 1614 bovillis
3681 1560 3785 1613 122

2130 1659 2383 1715 expensa
2414 1661 2575 1700 num.
2607 1645 2700 1713 88,
2733 1643 2879 1700 mill.
2913 1646 2949 1699 0
2971 1662 2986 1713 ;
3012 1661 3113 1718 pro
3144 1647 3410 1702 emendis
3440 1648 3784 1704 centonibus

2131 1732 2395 1788 ducentis
2418 1734 2632 1805 pariter
2659 1749 2840 1806 super
2861 1750 3174 1791 numerum
3201 1735 3456 1808 erogatis
3477 1735 3535 1792 in
3561 1736 3778 1809 regiam

2129 1822 2376 1879 classevn
2425 1839 2679 1894 expensa
2732 1839 2896 1878 num.
2946 1825 3038 1893 28,
3089 1823 3307 1894 mill...;
3361 1841 3462 1897 pro
3516 1827 3784 1884 emendis

2130 1911 2338 1968 ciliciis
2373 1911 2558 1978 mille,
2591 1912 2819 1982 singula
2852 1929 2952 1984 pro
2983 1913 3140 1968 senis
3171 1914 3651 1982 numismatibus,
3684 1932 3786 1972 ex-

2128 2019 2309 2074 pensa
2342 2003 2579 2059 fuerunt
2610 2019 2774 2058 num.
2801 2004 2924 2073 166,
2950 2002 3096 2060 mill.
3119 2004 3175 2062 6.
3201 2003 3308 2059 Pro
3335 2007 3600 2061 emendis
3631 2006 3778 2062 funi-

2121 2094 2234 2147 bus
2287 2092 2531 2148 minutis
2571 2098 2628 2149 et
2667 2094 2885 2149 chartis
2935 2110 3038 2148 seu
3085 2095 3443 2150 membranis
3483 2100 3539 2152 et
3569 2096 3627 2151 in
3662 2096 3779 2153 alia

2127 2183 2459 2238 necessaria
2499 2199 2750 2255 expensa
2791 2183 3031 2238 fuerunt
3072 2200 3234 2240 num.
3273 2185 3362 2250 15,
3395 2184 3544 2241 mill.
3585 2186 3640 2253 6,
3676 2202 3779 2258 pro

2121 2271 2406 2328 faciendis
2421 2273 2685 2328 tentoriis
2697 2271 2946 2328 cilicinis
2960 2278 3194 2328 centum
3210 2289 3314 2343 exp
3327 2314 3339 2328 .
3356 2276 3636 2330 numism.
3660 2275 3778 2330 183s

2123 2359 2268 2416 mill.
2292 2361 2349 2428 Ο,
2375 2377 2478 2433 pro
2501 2361 2770 2417 emendis
2801 2361 2999 2416 stanni
3029 2361 3197 2418 libris
3227 2363 3495 2418 ducentis
3527 2379 3782 2435 expensa

2125 2450 2407 2505 numism.
2441 2450 2548 2519 34;
2585 2467 2687 2522 pro
2717 2467 2889 2506 aeneae
2923 2452 3176 2507 materiae
3207 2451 3372 2507 libris
3401 2453 3505 2507 200
3531 2468 3782 2524 expensa

2127 2539 2348 2597 numis.
2385 2540 2490 2609 18;
2524 2555 2627 2610 pro
2672 2539 2908 2610 scaphis
2955 2540 3176 2612 magnis
3226 2541 3496 2596 rotundis
3545 2546 3782 2598 centum

2130 2644 2384 2702 expensa
2427 2626 2715 2684 numism.
2749 2629 2858 2697 24;
2890 2644 2990 2700 pro
3023 2629 3352 2685 minoribus
3383 2630 3516 2686 aliis
3547 2639 3782 2687 centum

2126 2719 2408 2775 numism.
2437 2718 2537 2787 12;
2573 2734 2676 2790 pro
2700 2717 2962 2773 emendis
2985 2717 3187 2774 ahenis
3217 2717 3483 2775 caldariis
3513 2719 3783 2776 ducentis

2125 2808 2411 2865 numism.
2435 2807 2504 2861 33
2529 2826 2544 2875 ;
2569 2823 2674 2878 pro
2698 2805 2878 2860 labris
2901 2804 2987 2861 vel
3009 2806 3176 2878 cupis
3197 2807 3287 2863 bis
3314 2806 3474 2863 mille
3506 2825 3668 2864 num.
3691 2810 3782 2880 40,

2126 2914 2230 2970 pro
2261 2897 2438 2953 bottis
2468 2895 2630 2952 mille
2661 2912 2823 2951 num.
2850 2895 2914 2949 14
2939 2913 2953 2963 ;
2980 2912 3081 2966 pro
3104 2895 3236 2951 aliis
3261 2895 3586 2953 minoribus
3617 2899 3780 2954 cadis
3859 2930 3867 2937 -

2126 2987 2214 3043 vel
2247 2986 2417 3042 doliis
2445 2985 2874 3058 quinquaginta
2904 2983 3185 3040 numism.
3209 2986 3283 3043 5:
3310 3002 3411 3057 pro
3434 2986 3626 3043 adhuc
3650 2987 3783 3044 aliis

2127 3077 2320 3133 stanni
2355 3076 2522 3132 libris
2549 3077 2677 3140 200,
2702 3092 2824 3146 quae
2856 3075 3006 3130 datae
3040 3076 3272 3131 fuerunt
3303 3077 3480 3133 fusuri
3510 3077 3780 3134 Michaéli

2131 3168 2202 3221 ad
2238 3164 2708 3221 ferruminandas
2734 3164 2928 3220 varias
2953 3164 3257 3220 machinas
3279 3165 3596 3237 siphonum
3626 3167 3781 3240 ignis

2132 3254 2316 3312 Graeci
2339 3253 2668 3324 ejaculandi
2683 3253 2890 3309 classis
2903 3255 3092 3325 regiae,
3109 3269 3362 3324 expensa
3380 3257 3664 3311 numism.
3677 3257 3778 3326 30;

2130 3343 2282 3400 mill.
2305 3343 2370 3403 0;
2395 3359 2498 3414 pro
2521 3358 2661 3398 cerae
2683 3341 2947 3397 emendis
2969 3341 3136 3397 libris
3158 3346 3392 3398 centum
3412 3345 3696 3399 numism.
3715 3347 3781 3414 5;

2127 3449 2230 3507 pro
2264 3432 2528 3488 emendis
2577 3430 2802 3502 plumbi
2836 3432 2894 3486 in
2926 3447 3124 3487 massa
3159 3431 3248 3487 vel
3280 3433 3448 3488 crudi
3486 3433 3648 3489 libris
3674 3435 3784 3490 200

2124 3537 2291 3580 num.
2316 3522 2348 3576 4
2373 3537 2386 3588 ;
2413 3537 2516 3593 pro
2547 3520 2814 3577 emendis
2846 3521 3060 3577 massis
3092 3520 3268 3577 aeneis
3293 3521 3355 3577 in
3378 3537 3549 3578 usum
3572 3523 3781 3580 culinas

2126 3614 2428 3686 drungarii
2458 3614 2662 3670 classis
2694 3615 2763 3669 ad
2798 3613 3133 3671 efﬁciendos
3165 3615 3300 3670 inde
3329 3617 3576 3673 cacabos
3606 3633 3782 3689 gran-

2125 3705 2228 3760 des
2249 3705 2398 3760 duos
2418 3707 2477 3760 et
2497 3703 2644 3761 alios
2667 3703 2818 3759 duos
2841 3704 3042 3759 medias
3065 3703 3282 3771 formae,
3307 3711 3363 3760 et
3383 3705 3628 3762 cacabos
3649 3706 3781 3763 olli-

2126 3794 2341 3850 formes
2372 3798 2674 3849 stannatos
2705 3797 2956 3864 quatuor
2981 3797 3042 3847 et
3067 3808 3348 3848 cucumos
3376 3796 3629 3864 grandes
3661 3795 3779 3852 duo

2125 3890 2179 3940 et
2211 3882 2535 3953 sartagines
2567 3882 2822 3952 grandes
2851 3881 3018 3944 duas,
3051 3887 3106 3934 et
3140 3881 3438 3937 matellam
3472 3882 3597 3953 [seu
3632 3883 3783 3940 bau-

2125 3977 2313 4028 strum
2345 3970 2486 4042 vini]
2521 3986 2748 4026 aeneum
2782 3969 2876 4041 [ab
2906 3967 3240 4040 angustiore
3279 3985 3377 4025 ore
3407 3986 3615 4026 versus
3647 3972 3782 4027 fun-

361 4065 504 4120 dum
540 4061 852 4132 latescens]
885 4063 1227 4116 stannatum
1260 4073 1463 4126 unum,
1497 4062 1556 4114 et
1586 4056 1826 4129 lagenas
1877 4064 2180 4114 stannatas
2231 4061 2397 4126 duas,
2430 4063 2487 4115 et
2517 4058 2795 4113 malluvia
2825 4058 2962 4125 duo,
2997 4073 3252 4129 expensa
3307 4060 3545 4116 fuerunt
3588 4062 3786 4117 numi-

360 4159 552 4210 smata
582 4153 784 4225 viginti
819 4159 1088 4224 quatuor.
1124 4149 1184 4205 In
1218 4149 1556 4205 universum
1613 4149 1737 4204 auri
1769 4147 1912 4204 litrie
1942 4151 2033 4214 21,
2069 4147 2350 4203 numism.
2381 4147 2469 4214 57,
2508 4146 2648 4201 mill.
2681 4147 2737 4203 6.
2774 4146 2990 4201 ldicum
3043 4163 3217 4216 porro
3261 4148 3418 4204 dedit
3468 4156 3648 4206 restes
3679 4165 3784 4222 per

360 4243 534 4299 strias
567 4240 813 4296 ﬁrmiter
852 4244 1038 4294 tortos
1086 4237 1417 4309 spartinos;
1451 4241 1636 4292 restes
1666 4236 1812 4291 alios
1842 4235 2094 4291 striatim
2129 4241 2305 4292 tortos
2337 4235 2593 4290 minores
2624 4251 2725 4304 pro
2756 4233 3152 4291 arcubalistis.
3188 4239 3296 4293 Pro
3327 4236 3607 4293 tabulatis
3636 4238 3781 4294 che—

357 4332 690 4388 landiorum
721 4329 891 4402 regis;
940 4327 1144 4383 classis
1191 4325 1561 4380 bracteandis
1610 4323 1908 4393 sigillatim
1938 4324 1998 4379 in
2032 4324 2494 4395 unumquodque
2553 4322 2925 4379 cbelandium
2987 4324 3198 4396 quinas
3256 4325 3519 4382 bracteas
3579 4326 3779 4399 plum-

361 4423 519 4479 beas.
564 4425 627 4478 In
680 4420 1016 4476 universum
1069 4433 1205 4490 ergo
1249 4417 1308 4473 in
1357 4415 1561 4486 viginti
1611 4414 1920 4471 chelandia
1964 4416 2232 4472 bracteas
2281 4414 2508 4485 plumbi
2558 4421 2816 4482 centum,
2867 4416 3184 4488 pendentes
3233 4417 3410 4474 libras
3456 4422 3545 4474 ter
3591 4417 3776 4476 mille.

358 4512 687 4585 Druugario
719 4511 928 4566 classis
958 4508 1136 4564 dabat
1165 4511 1479 4576 catepanus
1509 4503 1753 4560 armatis
1788 4505 1915 4576 [seu
1967 4503 2431 4574 armamentarii]
2477 4502 2704 4576 gladios
2747 4510 2834 4559 ter
2863 4504 3046 4574 mille,
3079 4513 3243 4562 scuta
3270 4505 3542 4573 totidem,
3572 4516 3776 4565 contos

355 4622 459 4662 seu
511 4603 714 4660 hastas
770 4601 1036 4668 totidem,
1070 4598 1415 4670 sagittarum
1476 4595 1664 4652 millia
1718 4597 1845 4663 240,
1878 4597 2127 4654 aliarum
2187 4597 2551 4669 sagittarum,
2584 4595 2841 4666 qualium
2904 4613 3050 4653 usus
3079 4598 3256 4654 estin
3321 4600 3694 4657 arcubalistis
3725 4609 3780 4658 et

358 4712 507 4769 quas
538 4709 772 4752 muscas
801 4693 888 4748 vel
921 4691 1281 4748 muschettas
1305 4687 1626 4762 appellant,
1661 4687 1844 4743 millia
1873 4691 2143 4758 quatuor.

1718 4833 1960 4906 vitam
1996 4833 2414 4892 LEGTIONES.

431 4970 474 5006 ⁸⁷
508 4967 815 5044 βυρσαρίων
871 4984 987 5026 em.
1047 4969 1138 5037 R.,
1197 4963 1387 5039 βυσαρ.
1438 4961 1566 5019 cod.
1629 4963 1686 5018 et
1731 4960 1822 5016 ed.
1901 4957 1948 4994 ⁵⁸
2008 4956 2212 5031 μεσέων
2266 4965 2324 5017 et
2379 4969 2670 5034 κυθροκακ.
2735 4963 2864 5020 cod.
2924 4965 2981 5018 et
3036 4963 3126 5019 ed.
3202 4961 3252 4997 5°
3289 4964 3385 5017 τοῦ
3429 4962 3566 5018 κατὰ
3604 4961 3783 5040 ἅρμα-

357 5062 454 5106 τος
481 5043 572 5099 οδ.

1411 5176 1617 5233 JOAN.
1655 5174 1805 5232 JAC.
1847 5175 2114 5232 REISKII
2153 5176 2743 5235 COMMENTARIUS.

427 5311 545 5382 (22)
577 5308 762 5377 Χυτήν
813 5307 909 5363 hic

354 5373 464 5438 nos
515 5373 881 5453 appellamus
925 5373 1288 5446 R'othgiesser,
1321 5378 1576 5431 lusorem
1618 5373 2014 5440 metallorum,

350 5453 593 5528 fabrum
622 5453 983 5528 cuprarium.
1119 5519 1159 5528 _
1351 5517 1404 5528 __
1624 5516 1675 5528 __
1929 5513 1961 5528 ,,

426 5525 543 5596 (23)
580 5527 660 5596 lla
703 5515 1086 5579 membranis.
1119 5519 1238 5591 Ego
1269 5517 1502 5596 quidem
1536 5516 1676 5596 quid
1712 5515 1825 5571 sibi
1853 5515 2013 5596 v_eli_t,

348 5586 466 5653 non
525 5586 792 5668 intelligo
842 5598 900 5651 et
956 5586 1197 5665 prorsus
1256 5586 1448 5646 deleta
1503 5586 1675 5644 ambo
1731 5586 2016 5643 vocabula

353 5668 870 5813 ωῗέέῗιὲταμνίον
933 5739 1022 5813 est
1078 5733 1232 5807 quod
1293 5729 1721 5813 nos_Stdnder_
1753 5728 2020 5813 appella-

353 5801 529 5881 mus,
547 5801 734 5868 Latini
769 5811 1069 5877 matulam,
1095 5801 1201 5864 'vas
1228 5804 1550 5862 rotundum
1597 5801 1803 5860 oriﬂcii
1835 5817 2020 5878 angu-

959 5308 1104 5377 puto
1151 5303 1427 5361 eumdem
1468 5317 1598 5358 esse
1629 5305 1808 5377 atque
1840 5316 2015 5373 quem
2047 5305 2094 5370 D

2129 5301 2354 5376 stioris,
2401 5302 2564 5376 fundi
2616 5302 2858 5359 latioris.
2905 5303 3096 5376 Gloss.
3140 5307 3240 5364 Gr.
3274 5308 3394 5364 Lat.
3432 5325 3445 5363 :
3487 5306 3790 5376 Hutulata,

2129 5371 2413 5446 ἀρύταινα.
2451 5373 2756 5442 Matellata,
2789 5375 3066 5446 σταμνίον.

2198 5445 2565 5521 (25)__F'uisse
2613 5449 2795 5521 armis
2845 5445 3183 5518 praefectum
3235 5448 3489 5521 aliquem
3539 5449 3679 5504 olim
3725 5448 3786 5504 in

2128 5517 2265 5572 aula
2295 5518 2544 5591 CPtana,
2566 5518 2676 5573 sub
2699 5517 2872 5588 cujus
2895 5521 3284 5591 dispositione
3315 5517 3510 5576 essent
3539 5537 3701 5575 arma
3731 5524 3790 5574 et

2129 5604 2434 5644 armorum
2470 5587 3039 5656 horreum,'dubium
3088 5591 3312 5648 nullum
3345 5598 3453 5647 est.
3496 5591 3646 5648 Num
3681 5607 3788 5646 au-

2127 5663 2247 5733 tem
2302 5662 2897 5733 CatepanusArmati:
2946 5662 3042 5718 ille
3085 5663 3252 5719 fuerit
3297 5661 3645 5733 appellatus,
3673 5663 3789 5717 du-

2133 5730 2273 5803 bito,
2308 5748 2436 5789 cum
2462 5732 2734 5807 nuspiam
2765 5735 2895 5808 ejus
2922 5733 3278 5794 mentionem
3311 5730 3434 5790 fieri
3468 5733 3784 5790 inveniam.
