4094 6384
298 424 454 486 1255

1349 417 1886 479 CONSTANTINI
1932 416 2640 479 POIlPHYROGENITI

3557 419 3714 484 i256

291 562 407 625 tus,
440 556 708 628 princeps
739 552 1066 626 principum
1100 552 1672 623 ductor,imperator,
1690 551 1932 622 legatus,

2060 547 2240 624 ἅρχων
2270 555 2377 605 τᾶν
2411 550 2694 625 ἀρχόντων
2728 553 2866 623 (36),
2901 549 3175 627 ἀρχηγὸς,
3227 551 3570 629 ἀρχηγέτης,
3617 551 3718 628 ἄρα

293 646 543 719 praeitor,
574 645 899 709 institutor,
945 647 1297 714 potentatus,
1330 657 1579 712 magnus
1607 642 1746 697 dux.
1801 641 1939 710 Rex,

291 740 589 809 princeps,
640 736 778 798 dux,
827 743 1082 798 senator,
1140 731 1458 787 etbnarcha
1517 747 1617 786 seu
1679 731 1942 801 princeps

289 827 582 894 nationis;
635 824 910 894 toparcha
969 839 1071 879 seu
1125 822 1401 877 dominus
1459 821 1567 876 loci
1619 839 1634 890 ;
1686 826 1938 891 satrapa,

287 915 638 988 phylarchus
684 930 787 969 seu
837 913 1027 968 tribus
1077 911 1384 984 princeps;
1438 910 1783 981 patrarchus
1835 926 1938 965 san

284 1004 520 1061 familia
554 1004 860 1074 princeps;
896 1007 1224 1072 strategus;
1259 1001 1940 1064 strartarches,stratiar-

287 1095 458 1161 chus,
513 1091 859 1159 stratelates,
913 1107 1036 1160 quae
1096 1090 1296 1145 omnia
1363 1090 1572 1144 ducem
1629 1088 1938 1144 militarem

288 1183 660 1255 signiﬁcant;
695 1180 1032 1235 taxiarcbus
1060 1195 1156 1234 seu
1212 1179 1326 1233 dux
1369 1178 1638 1250 legionis,
1676 1175 1942 1248 magniﬁ-

288 1272 680 1337 centissimus,
731 1269 1098 1339 magniﬁcus,
1146 1268 1403 1340 cupitus,
1456 1266 1939 1339 gloriosissimus,

288 1361 597 1434 gloriosus,
631 1358 1089 1426 illustrissimus,
1123 1357 1394 1426 illustris,
1429 1356 1940 1426 conspicuus,ma-

286 1451 439 1506 xime
469 1448 841 1520 conspicuus,
883 1446 1123 1512 nobilis,
1174 1445 1723 1511 excellentissimus,
1755 1442 1941 1502 excel-

289 1539 440 1608 lens,
471 1535 1942 1610 inclytissimus,iuclytus,splendidissimus,splen-

291 1626 488 1692 didus,
551 1622 1203 1689 honoriﬁcentissimus,
1267 1621 1646 1689 honoriﬁcus,
1705 1637 1945 1676 venera-

289 1715 639 1783 bilissimus,
671 1713 1043 1781 venerabilis,
1076 1713 1459 1780 clarissimus,
1493 1712 1708 1775 clarus,
1742 1713 1941 1768 domi—

291 1801 1600 1871 nantissimus,dominus,honorabilissimus,
1627 1801 1944 1858 honorabi-

289 1890 1645 1965 lis,przeducens,ducens,beatissimus,beatus,
1670 1892 1942 1946 consilia-
1975 1931 2020 1995 Β

290 1995 399 2055 tor,
428 1987 682 2057 adjutor,
715 1984 1050 2056 opitulator,
1083 1989 1244 2040 tutor
1275 1989 1330 2039 et
1362 1990 1640 2055 assertor,
1691 1989 1936 2042 amator.

881 2072 1117 2129 CAPUT
1158 2073 1350 2129 XLVII

289 2166 536 2223 SALUTA
551 2165 786 2222 TIONES
949 2162 1116 2218 LEGA
1132 2164 1373 2219 TORUJI
1528 2164 1567 2218 A
1725 2164 1944 2219 VARUS

357 2253 690 2310 GENTIBUS
821 2253 905 2307 AD
1037 2252 1288 2308 IMPERA
1302 2252 1518 2307 TOREM
1656 2253 1943 2307 VENIEN—

364 2345 539 2401 TIUM.

290 2435 660 2493 Salutationes
691 2434 760 2490 ad
795 2433 1181 2506 imperatorem
1211 2452 1244 2488 a
1283 2436 1476 2506 legatis
1505 2449 1533 2490 θ
1562 2439 1740 2490 vetere
1773 2437 1941 2491 Roma

934 2507 1296 2562 venientibus.

366 2667 627 2723 Visitant
655 2684 757 2724 vos
795 2667 1088 2723 antistites
1137 2673 1473 2724 sanctorum
1521 2670 1940 2741 apostolorum,

295 2761 525 2823 Petrus,
557 2755 684 2812 coeli
717 2756 988 2829 claviger,
1023 2761 1080 2812 et
1123 2757 1359 2828 Paulus,
1409 2761 1667 2827 gentium
1699 2759 1936 2827 doctor;

299 2852 354 2902 et
384 2845 710 2918 spiritualis
741 2845 908 2900 Pater
955 2851 1150 2901 noster
1182 2848 1247 2914 N,
1300 2846 1368 2901 Ν.
1424 2847 1828 2903 sanctissimus
1887 2852 1944 2904 et

294 2937 677 2992 mcumenicus
694 2935 1281 3007 patriarcha,unaque
1294 2936 1648 2991 sanctissimi
1662 2937 1936 3009 episcopi,

294 3024 895 3099 presbyteri,diaconi,
928 3024 1119 3081 omnis
1148 3026 1288 3081 ordo
1319 3025 1698 3082 sacerdotalis
1724 3033 1938 3082 sanctis

2052 660 2194 717 χιον,
2245 639 2516 718 ἐξάρχων,
2567 642 2929 717 προηγεμὼν,
2988 641 3407 716 ἡγεμονάρχης,
3466 643 3716 717 ἡγεμὼν,

2049 731 2398 805 καθηγεμὼν,
2451 729 2734 800 δυνάστης,
2784 733 3144 805 προηγητωρ,
3179 733 3430 805 ἡγήτωρ,
3461 737 3707 808 πρῶτος.

2050 817 2268 894 ἔφορος,
2324 818 2626 894 ὑπερέχων,
2688 817 3018 892 διατάκτωρ,
3067 822 3494 893 πανυπέρτατος,
3550 821 3714 894 ὑπέρ-

2049 929 2232 975 τατος,
2279 909 2556 984 κοίρανος,
2603 906 2997 982 μεγάλόδοξος’
3047 912 3086 981 -ξ-
3136 911 3256 982 ρήξ,
3306 910 3538 984 πρίγκιψ
3570 913 3712 984 (37),

2050 996 2196 1070 ὃοὺξ,
2254 997 2640 1074 συγκλητικὸς,
2688 999 2982 1074 ἐθνάρχης,
3031 1001 3345 1074 τοπάρχης,
3405 1001 3711 1076 σατράπης,

2050 1087 2359 1164 φύλαρχος,
2407 1088 2726 1163 πάτραρχος
2775 1091 2908 1162 (38),
2961 1090 3290 1163 στρατηγὸς,
3333 1090 3709 1165 στρατάρχης,

2050 1176 2437 1255 στρατίαρχος,
2507 1176 2909 1252 στρατηλάτης,
2995 1179 3312 1252 ταξίαρχος,
3378 1179 3710 1253 ταξιάρχης,

2054 1263 2652 1341 μεγαλοπρεπέστατος,
2758 1264 3203 1342 μεγαλοπρεπὴς,
3303 1269 3515 1339 πεπόθη
3527 1270 3714 1341 μένος,

2049 1352 2416 1425 ἐνδοξότατος,
2507 1351 2741 1424 ἔνδοξος,
2819 1354 3298 1433 περιφανέστατος,
3385 1358 3714 1434 περιφανὴς,

2051 1439 2437 1519 περίϐλεπτος,
2500 1439 3022 1518 περιϐλεπτότατος,
3092 1444 3492 1520 εὐγενὲστατος,
3564 1444 3722 1522 εὒγε-

2050 1534 2146 1602 νὴς
2161 1581 2172 1599 ,
2286 1534 2770 1610 ἀριπρεπέστατος,
2885 1534 3215 1607 ἀριπρεπὴς,
3330 1532 3716 1610 ἆγλαώτατος,

2052 1621 2278 1698 ἀγλαὸς,
2383 1621 2795 1697 ἔριτιμώτατος,
2903 1622 3172 1697 ἐρίτιμος,
3273 1626 3716 1700 γερουσιὸτατος,

2051 1714 2360 1786 γερούσιος,
2410 1711 2845 1791 φαιδιμώτατος,
2893 1711 3172 1791 φαίδιμος,
3223 1715 3582 1786 κυριώτατος,
3614 1715 3720 1769 κύ-

2053 1823 2193 1876 ριος,
2244 1801 2634 1875 ἐντιμώτατος,
2682 1798 2922 1875 ἔντιμος,
2978 1802 3416 1878 προηγούμενος,
3466 1804 3720 1878 ἡγούμε-

2053 1913 2163 1962 νος,
2198 1887 2561 1958 ὀλϐιώτατος,
2615 1888 2831 1959 ὄλϐιος,
2886 1891 3263 1970 βουληφόρος,
3315 1891 3548 1968 ἀρωγὸς,
3599 1893 3723 1947 ἐπί-

2051 2001 2269 2054 κουρος,
2305 1979 2612 2057 ἐπίρροθος,
2658 1981 2920 2055 ἂμάντωρ
2963 1982 3097 2053 (39).

2661 2073 2925 2126 ΚΕΦΛΛ.
2975 2071 3103 2127 ΜΖ’.

2051 2167 2120 2223 Ol
2178 2164 2309 2218 ΤΩΝ
2373 2165 2515 2218 ΑΠΟ
2570 2163 2926 2218 ΔΙΑΦΟΡΩΝ
2985 2162 3214 2217 ΕΘΝΩΝ
3273 2162 3715 2219 ΕΡΧΟΜΕΝΩΝ

2124 2253 2495 2309 ΠΡΕΣΒΕΩΝ
2583 2256 2763 2307 ΠΡΟΣ
2849 2253 2989 2305 TON
3085 2251 3389 2307 ΒΑΣΙΛΕΑ
3462 2253 3717 2308 XAIPE-

2123 2344 2400 2400 ΤΙΣΜΟΙ.

2051 2434 2118 2489 Οἱ
2179 2436 2315 2504 τῶν,
2366 2432 2470 2486 ἀπὸ
2538 2437 2649 2504 τῆς.
2700 2425 3080 2504 Δπρεσϐυτὲρας
3144 2431 3370 2504 Ῥώμης
3625 2429 3720 2504 ἐρ-

2126 2502 2379 2580 χομένων
2437 2504 2484 2539 ⁸³
2552 2497 2830 2580 πρέσϐεων
2907 2497 3042 2578 πρὸς
3119 2502 3210 2556 τὸν
3264 2497 3540 2576 ’βασιλέα⁷
3594 2497 3722 2578 χαι-

2127 2575 2392 2650 ρετισμοί.

2120 2665 2569 2721 Ἐπισκέπτονται
2639 2664 2798 2738 ὑμᾶς
2867 2665 2919 2718 οἳ.
2991 2668 3280 2743 κορυφαῖοι
3356 2667 3465 2718 τῶν
3543 2663 3719 2738 ἁγίων

2052 2752 2398 2822 ἀποστόλων,
2449 2753 2653 2826 Πέτρος
2699 2755 2726 2807 ὁ
2774 2758 2882 2808 τῶν
2932 2753 3176 2827 οὐρανῶν
3225 2749 3580 2827 κλειδοῦχος,
3623 2755 3718 2808 καὶ

2051 2842 2268 2906 Ηαῦλος
2328 2844 2355 2898 ὁ
2423 2847 2530 2898 τῶν
2599 2841 2760 2897 ἐθνῶν
2818 2839 3171 2903 διδάσκαλος.
3230 2841 3292 2898 Ὁ
3350 2842 3720 2913 πνευματικὸς

2051 2935 2241 3009 Πατήρ
2270 2936 2427 3005 ἡμῶν
2477 2937 2591 3006 (41)
2623 2935 2649 2987 ὁ
2681 2930 2827 2988 δεῖνα
2875 2933 2901 2986 ὁ
2953 2933 3258 3009 ἁγιώτατος
3309 2934 3399 2987 καί
3450 2933 3719 3004 οἱκουμε-

2051 3025 2201 3086 νικὸς
2252 3027 2364 3097 (42)
2415 3024 2761 3099 πατριάρχης
2821 3022 2935 3095 ἅμα
2988 3027 3094 3077 τῶν
3145 3023 3458 3098 ἁγιωτάτων
3489 3020 3707 3077 ἐπισκό-

1671 3124 1914 3180 VARIIE
1955 3124 2340 3181 LECTIONES

361 3222 403 3256 ⁶¹
439 3219 690 3293 ἀμύντων
724 3221 878 3291 conj.
914 3221 980 3276 R.
1058 3221 1105 3256 ⁶²
1137 3217 1476 3294 ἐρχομένων,
1509 3238 1622 3279 em.
1660 3224 1725 3278 Β.
1761 3221 2058 3296 ἐρχόμενοι
2087 3223 2215 3280 cod.
2250 3227 2308 3278 et
2336 3223 2424 3279 ed.

1325 3329 1526 3385 JOAN.
1567 3330 1717 3386 JAC.
1762 3331 2018 3387 REISKII
2060 3331 2658 3387 COMMENTARIUS.

284 3430 475 3501 Latini
503 3445 570 3485 eo
620 3433 880 3500 tempore
930 3446 1071 3485 suos
1119 3433 1476 3498 potestates;
1511 3447 1563 3484 v.
1617 3430 1701 3486 Du
1752 3431 1943 3501 Cange
1975 3434 2018 3498 ί]
2057 3439 2232 3501 atque
2291 3429 2581 3485 malorum
2642 3445 2840 3485 semen
2898 3430 3282 3500 spargebant,
3344 3430 3424 3485 ita
3483 3429 3658 3484 refert
3703 3445 3718 3485 :

284 3519 340 3557 v.
374 3498 712 3561 Ποδεστάτος
745 3498 802 3555 et
836 3503 1086 3556 Potestas.
1120 3501 1403 3556 Caeterum
1437 3502 1496 3555 in
1530 3502 1707 3571 hujus
1737 3498 1944 3572 capit—is

286 3574 772 3643 interpretatione
793 3574 1020 3626 veniam
1056 3587 1193 3640 rogo
1217 3572 1357 3628 mihi
1379 3573 1575 3636 ﬁeri,si
1601 3590 1714 3629 non
1747 3577 1946 3628 omnia

286 3646 462 3701 verba
493 3645 688 3699 Graeca
719 3643 936 3698 Latinis
969 3643 1233 3714 totidem,
1265 3645 1459 3699 reddo.
1498 3645 1631 3714 Ipsa
1686 3662 1777 3700 res
1829 3663 1942 3700 non

286 3719 530 3789 patitur.
562 3715 761 3789 Simei
799 3715 1005 3789 fuisset
1037 3713 1283 3789 arbitrii,
1319 3713 1616 3789 titulorum
1656 3716 1803 3770 lianc
1831 3718 1945 3772 far-

286 3787 549 3860 raginem
585 3788 806 3858 absque
840 3787 1316 3854 interpretatione
1359 3787 1672 3841 dedissem.

359 3860 472 3928 (36)
500 3858 600 3913 Vel
635 3859 868 3929 respicit
895 3859 964 3911 ad
1001 3858 1382 3923 Armenos,de
1414 3874 1658 3928 quorum
1694 3857 1912 3913 archon

293 3931 455 3986 tibus
477 3931 823 3986 archontum
852 3931 1040 3984 multa
1059 3931 1483 3985 Constantinus
1509 3931 1676 3984 habet
1707 3929 1763 3982 in
1803 3930 1945 3985 libro

289 4005 366 4058 De
399 4001 866 4073 administrando
897 4001 1164 4071 imperio,
1194 4000 1280 4054 vel
1337 4002 1570 4072 respicit
1601 4003 1670 4055 ad
1706 4001 1946 4073 Bujidas

288 4076 347 4201 i3
385 4073 516 4128 aula
546 4072 870 4198 ἐόυςάοόὶοο.
910 4073 1126 4128 emiros
1177 4073 1491 4128 emirorum
1544 4074 1752 4139 dictos,
1788 4072 1942 4145 quod

288 4161 305 4201 ι
354 4161 446 4199 em
478 4161 538 4198 es
573 4185 585 4198 .

288 4146 446 4201 idem
478 4149 585 4198 est.

360 4215 475 4288 (37)
505 4216 749 4288 Signum
781 4214 972 4270 crucis
1004 4214 1097 4270 hic
1140 4215 1294 4269 idem
1327 4215 1483 4270 valet
1530 4219 1706 4286 atque
1737 4217 1948 4271 usitata

283 4287 489 4359 Anglis
517 4287 671 4342 linea
704 4291 1036 4359 transversa
1063 4317 1137 4359 _——
1162 4303 1266 4356 pro
1291 4292 1490 4342 nostro
1522 4292 1741 4342 etc.Aut
1769 4288 1947 4358 mqui-

285 4357 438 4415 valet
469 4363 663 4414 ucstro
715 4360 866 4413 item.
919 4357 1147 4413 Titulos
1178 4373 1278 4412 rex
1325 4364 1381 4412 et
1428 4359 1684 4428 princeps
1733 4359 1948 4412 dabant

289 4431 473 4488 Graeci
513 4430 730 4485 Latinis
762 4430 1088 4498 majoribus
1121 4434 1179 4483 et
1209 4429 1540 4485 minoribus
1571 4429 1848 4496 dominis,
1883 4435 1946 4484 ut

287 4519 317 4559 θ
348 4502 732 4573 sequentibus
762 4502 1053 4573 constabit
1085 4500 1359 4570 amplius.

357 4571 472 4645 (38)
533 4575 638 4639 Qui
673 4578 898 4645 praeest
946 4571 1143 4645 πάτρᾳ,
1201 4573 1352 4645 quod
1411 4571 1566 4626 idem
1629 4576 1728 4645 est
1773 4577 1945 4643 atque

288 4641 496 4723 piri-poi,
521 4641 740 4723 φατρία,
787 4641 1297 4723 φρατρίαίΐδςζιὶξὶᾱ
1341 4643 1656 4723 hominum.
1681 4641 1944 4723 ejusdem

287 4714 544 4790 originis"
565 4714 1106 4790 et'cohabitationis
1139 4715 1463 4790 iisdemque
1490 4714 1757 4790 πατρίοις
1776 4715 1944 4769 insti-

291 4786 434 4846 tutis
465 4788 803 4872 viventium.
849 4787 1124 4880 Llnsoflxens
1153 4787 1392 4880 quidem
1434 4795 1519 4841 est
1571 4786 1690 4841 haec
1736 4787 1942 4880 formla,
1977 4815 2023 4880 Β

285 4878 392 4918 nec
431 4870 618 4916 tamen
655 4859 943 4930 improba.
978 4858 1056 4912 De
1106 4857 1436 4928 patriarcha
1466 4873 1760 4913 sacrorum
1794 4859 1943 4913 anti-

286 4935 426 4990 stite
456 4932 552 4988 hic
597 4949 710 4987 non
743 4931 1118 5003 cogitandum
1154 4934 1262 4985 est.

358 5004 469 5074 (39)
499 5007 660 5059 Forte
706 5000 1220 5075 depravatumest
1251 5017 1282 5055 e
1313 5000 1513 5075 La_tin_o
1553 5009 1786 5075 amator.
1831 5001 1942 5056 Sed

289 5069 520 5129 videtur
547 5079 746 5130 tamen
779 5069 973 5147 potius
997 5073 1107 5145 legi
1133 5071 1343 5128 debere
1379 5069 1940 5145 épévmpﬂefensor,

330 5153 576 5199 ιοιθοιον.

288 5161 795 5286 Ρνῖῖίῧιῆῗῖὸοἱὶίοοὶ
840 5233 983 5272 nova
1034 5217 1203 5272 Roma
1249 5219 1339 5272 est
1389 5214 1940 5286 Constantinopolis;

291 5288 413 5342 vid.
450 5303 506 5354 p.
537 5287 628 5348 84,
664 5292 848 5341 notar.
883 5289 953 5342 ad
1001 5288 1384 5343 Donationem
1436 5287 1807 5344 Constantini
1841 5287 1941 5354 M.,

290 5360 461 5425 cujus
496 5361 830 5431 auctor_e_s_t
855 5358 1112 5431 Joannes
1147 5360 1460 5431 Diaconus,
1500 5360 1611 5431 qui,
1645 5359 1787 5431 vixit
1835 5375 1941 5431 ste-

291 5431 423 5486 culo
452 5446 553 5495 vn,
608 5445 664 5502 p.
695 5427 1117 5502 227]'._ldeoque
1149 5430 1328 5486 Graeci
1383 5427 1682 5498 Byzantini
1734 5429 1787 5483 ot
1834 5429 1943 5482 νὲοι

291 5502 576 5630 Ῥοὲιόαῖοᾶ
609 5497 784 5628 'shpud
839 5497 1100 5554 Piiscum
1161 5502 1377 5557 rhetor.
1425 5497 1692 5574 Excerpt.
1744 5502 1940 5573 Legat.

291 5590 348 5630 ι).
461 5591 536 5630 .e
587 5614 599 5628 .
688 5614 700 5627 .

338 5591 474 5638 .ou,
507 5591 599 5628 ea.
636 5591 700 5628 ιι.

291 5590 476 5715 pilli
507 5590 833 5700 ῗιαείιιῖὁῑουε
865 5641 911 5705 Ι,
946 5641 1002 5705 8,
1049 5640 1230 5715 legati
1254 5644 1494 5699 Adriani
1547 5644 1843 5700 Pontiﬁcis
1873 5644 1942 5699 ad

291 5711 649 5771 Fridericum
692 5711 1127 5770 Barbarossam’
1159 5711 1509 5785 alloquium,
1561 5731 1688 5771 cum
1724 5716 1946 5770 litteras

291 5787 343 5842 ei
376 5785 916 5853 exhiberet.quibus
951 5798 1101 5852 papa
1131 5799 1398 5854 sesuper
1418 5802 1652 5841 omnem
1685 5786 1744 5840 in
1778 5787 1947 5840 terris

293 5856 617 5929 potentiam
649 5857 1168 5929 eti‘errre,su_osqu_e
1191 5853 1691 5929 Cardinalesipsis
1714 5858 1952 5929 impera-

294 5925 524 5982 toribus
552 5925 918 5997 equiparare
950 5925 1227 5978 studebat
1275 5928 1332 5980 at
1358 5939 1489 5996 quas
1521 5925 1948 5983 discordiarum

2055 3504 2262 3557 salutat
2295 3519 2385 3556 vos
2420 3502 2762 3558 beatissimus
2794 3503 2964 3556 Pater
3015 3506 3206 3556 noster
3237 3518 3379 3570 papa
3423 3501 3723 3556 Adrianus

2057 3583 2107 3628 et
2135 3573 2473 3628 universitas
2502 3573 2878 3629 cardinalium
2913 3573 2966 3628 S.
3005 3573 3266 3629 Romani?
3315 3572 3586 3636 Ecclesiae,
3621 3573 3723 3628 ille

2056 3656 2114 3700 ut
2144 3651 2325 3716 pater,
2361 3645 2448 3700 illi
2495 3656 2552 3700 ut
2587 3648 2816 3713 fratres.
2876 3643 3091 3716 Verum
3145 3645 3204 3716 in
3257 3643 3464 3699 litteris
3516 3651 3721 3714 postea

2059 3714 2254 3772 miSsis
2289 3717 2469 3772 multo
2519 3718 2876 3788 aequioribus
2918 3721 2974 3770 et
3025 3714 3462 3788 humilioribus,
3496 3716 3719 3785 quibus

2058 3789 2288 3859 placare
2311 3790 2457 3842 iram
2484 3787 2852 3860 imperatoris
2877 3803 2944 3842 ex
2969 3794 3126 3840 tanta
3149 3787 3489 3860 indignitate
3520 3803 3722 3841 susce-

2056 3870 2211 3926 ptam
2276 3859 2583 3926 studebat,
2629 3861 2714 3914 sic
2776 3875 2909 3914 eum
2982 3859 3372 3928 compellabat
3433 3874 3446 3912 :
3503 3860 3718 3927 praesul

2056 3931 2109 3986 S.
2147 3933 2297 3986 Rom.
2333 3933 2594 3987 Ecclesiae
2625 3940 2814 3986 vestrae
2847 3931 3192 3986 excellentiae
3241 3930 3619 3984 devotissimus
3650 3932 3714 3983 in

2057 4002 2272 4057 Christo
2332 4005 2494 4058 Pater
2549 4020 2640 4057 vos
2686 4003 2826 4057 sicut
2881 4001 3267 4056 charissimam
3314 4011 3364 4056 et
3404 4000 3715 4070 specialem

2054 4074 2239 4144 ﬁlium
2271 4076 2515 4136 salutat;
2543 4075 2793 4129 salutant
2823 4076 2987 4129 etiam
3019 4088 3110 4127 vos
3139 4073 3478 4144 venerabiles
3505 4075 3714 4141 fratres

2053 4145 2458 4214 nostri,clerici
2488 4151 2671 4201 autem
2704 4147 2892 4209 vestri,
2925 4147 3172 4199 universi
3200 4143 3545 4210 cardinales,
3579 4155 3708 4199 tan-

2055 4235 2220 4289 quam
2249 4220 2536 4272 dominum
2561 4223 2611 4273 et
2654 4220 3044 4285 imperatorem
3082 4216 3237 4271 urbis
3268 4225 3322 4271 et
3351 4216 3524 4289 orbis.

2127 4290 2237 4358 (42)
2269 4293 2432 4344 Hunc
2464 4291 2700 4344 titulum
2737 4290 2848 4344 sibi
2881 4289 3218 4342 tribuebant
3251 4288 3556 4357 pontiﬁces
3586 4291 3710 4342 Ro-

2057 4363 2255 4432 mani;
2293 4368 2596 4432 propterea
2628 4361 2877 4424 legimus
2900 4375 3030 4413 eum
3059 4359 3113 4413 in
3139 4359 3248 4414 hac
3275 4359 3522 4414 formula
3549 4359 3711 4412 salu-

2054 4431 2295 4505 tationis
2328 4432 2651 4505 legatorum
2681 4433 3069 4505 Romanorum
3103 4432 3171 4485 ad
3199 4434 3717 4505 imperatorem.“

2055 4504 2231 4558 Graeci
2260 4501 2535 4559 eum'sibi
2567 4504 2981 4568 vindicabant;
3028 4501 3333 4573 preptere’a
3363 4501 3420 4557 in
3457 4501 3721 4558 formula

2055 4574 2421 4629 salutationis
2454 4576 2638 4632 Grmci
2671 4574 3039 4646 imperatoris
3072 4575 3140 4628 ad
3188 4590 3396 4646 papam
3429 4590 3542 4628 non
3575 4589 3720 4628 cou-

2055 4646 2338 4714 spicitur;
2371 4647 2485 4701 vid.
2521 4649 2750 4704 Habert.
2783 4646 2994 4700 Pontif.
3040 4661 3095 4714 p.
3139 4647 3266 4700 505.
3303 4645 3476 4700 Recte
3509 4646 3719 4714 negari

2054 4717 2403 4788 patriarcbis
2437 4719 2677 4774 CPtunis
2711 4735 2825 4773 non
2869 4717 3076 4788 potuit,
3110 4722 3169 4772 et
3216 4716 3431 4784 injuria
3465 4716 3719 4788 Romani

2059 4787 2364 4860 pontiﬁces
2396 4806 2528 4846 eum
2554 4791 2786 4845 titulum
2822 4789 2891 4843 ad
2917 4805 2980 4844 se
3002 4787 3154 4860 solos
3187 4789 3560 4860 traxerunt,si
3592 4787 3717 4860 vim

2054 4857 2112 4915 et
2141 4861 2425 4922 originem
2453 4861 2715 4918 vocabuli
2768 4866 3013 4930 spectes.
3056 4859 3197 4930 Nam
3249 4859 3276 4912 ὁ
3326 4857 3715 4930 οἶκουμενικός

2054 4933 2469 5004 proculdubio
2502 4941 2586 4990 est
2628 4927 2937 5004 episcopus
2967 4935 3068 5004 τῆς
3114 4927 3440 5001 οἰκουμένης
3466 4927 3715 5004 antra»:

2054 5001 2599 5076 ὗίκονμὲνωνΑιίιυὶ
2631 5001 3166 5076 demonstravimus
3188 5005 3244 5058 in
3279 5002 3708 5074 superioribus,

2051 5075 2119 5148 τὰ
2149 5075 2441 5148 οἰκούμενα
2489 5075 2616 5134 esse
2647 5076 2967 5148 imperium,
3010 5075 3360 5148 Romanum,
3412 5079 3708 5148 quatenus

2053 5145 2506 5219 imperatoribus
2551 5145 2770 5204 Graecis
2818 5147 3078 5219 parebat,
3120 5146 3372 5201 exclusis
3422 5145 3708 5219 omnibus

2055 5217 2256 5274 alienas
2301 5220 2561 5278 ditionis.
2595 5221 2740 5275 Cum
2786 5217 2922 5289 ergo
2973 5218 3219 5273 Romani
3273 5217 3601 5289 pontiﬁces
3629 5217 3704 5272 ab

2053 5291 2298 5361 imperio
2332 5294 2524 5347 Graeco
2556 5309 2619 5347 se
2649 5287 2948 5361 totumque
2971 5287 3328 5345 occidentem
3354 5287 3702 5352 avulserint,

2055 5365 2152 5433 qui
2184 5373 2446 5432 poterant
2487 5380 2550 5420 se
2597 5362 2902 5433 appellare
2937 5362 3325 5416 cacumenicos
3373 5362 3703 5433 episcopos,

2056 5431 2154 5505 qui
2185 5431 2348 5488 extra
2377 5431 2795 5490 cacumen—esea
2827 5432 3016 5488 solum
3040 5433 3268 5503 imperii
3290 5432 3466 5505 Graeci
3493 5431 3708 5505 consti-

2053 5503 2164 5559 tuti
2193 5511 2378 5574 erant,
2424 5509 2636 5577 quibus
2668 5508 2725 5561 in
2779 5521 3082 5577 mcumena
3117 5505 3258 5559 nihil
3311 5503 3539 5577 licebat.
3589 5504 3710 5558 Aut

2056 5574 2603 5646 probandum'erit,
2663 5576 2728 5630 τὰ
2773 5575 3067 5646 οἰκούμενα
3124 5578 3296 5632 etiam
3351 5574 3539 5646 medio
3585 5590 3706 5630 aevo

2057 5645 2240 5704 fuisse
2274 5650 2494 5706 Italiam
2540 5657 2596 5706 et
2634 5665 2865 5705 omnem
2917 5645 3270 5703 Occidentem
3323 5645 3704 5718 appellatum.

2056 5718 2181 5774 Non
2215 5737 2519 5791 negamus,
2550 5723 2696 5792 ipsis
2727 5720 2864 5792 olim
2901 5721 3079 5792 tuisse
3111 5719 3267 5792 hunc
3299 5718 3556 5782 titulum,
3589 5734 3709 5788 quo

2058 5795 2318 5862 tempore
2341 5793 2553 5848 CPtani
2578 5791 2770 5847 adhuc
2801 5791 2978 5845 Italiae
3004 5791 3612 5856 imperabant.Verum
3638 5805 3707 5844 ex

2061 5861 2397 5936 quo’jugum
2424 5864 2809 5936 legitimorum
2842 5879 3080 5917 suorum
3105 5861 3476 5936 dominorum
3509 5875 3710 5917 causa-

2060 5934 2322 5989 tionibus
2355 5934 2781 6007 non‘legitimis
2811 5938 3284 6003 excusserunt,eo
3314 5934 3440 6007 ipso
3471 5947 3706 6006 quoque
