4094 6360
327 410 502 469 1265

1208 412 1310 472 DE
1354 409 1814 474 CERIMONIIS
1858 412 2094 476 AULAE
2137 415 2612 478 ΒΥΖΑΝΤΙΝᾹΞ
2657 417 2804 477 LIB.
2852 417 2932 477 II.

3596 417 3751 478 1266

325 545 424 596 τοῦ
474 539 631 614 ἁγίου
673 540 988 613 Πνεύματος
1040 545 1137 596 τοῦ
1186 543 1300 606 ἐνὸς
1349 546 1437 599 καὶ
1491 544 1660 619 μόνου
1720 543 1979 616 ἀληθινοῦ

2103 548 2283 604 solius
2314 551 2430 605 veri
2461 549 2563 606 Dei
2595 550 2804 606 nostri.
2836 548 2939 604 Ille
2968 551 3024 604 et
3053 547 3148 604 ille
3177 547 3380 604 ﬁdeles
3413 551 3469 604 et
3507 550 3745 606 creden-

326 634 464 684 Θεοῦ
495 631 680 701 ἡμῶν.
726 632 789 686 Ὀ
839 628 988 685 δεῖνα
1033 633 1122 686 καὶ
1175 634 1202 686 6
1245 632 1391 688 δεῖνι
1433 636 1619 691 πιστοὶ
1646 634 1698 688 ἐν
1727 636 1877 706 αὐτῷ
1906 639 1987 707 τῷ

324 724 443 792 Θεῷ
479 718 725 794 βασιλεῖς
755 720 1049 794 Ῥωμαίων
1097 724 1233 796 πρὸς
1283 725 1310 777 6
1367 721 1514 779 δεῖνα
1558 726 1650 780 τὸν
1684 727 1982 798 ἁγιώτατον

323 807 510 862 πᾶπαν
579 809 805 880 Ῥώμης
870 811 960 864 καὶ
1027 813 1388 884 πνευματικὸν
1446 816 1606 886 ἡμῶν
1672 815 1902 888 Πατέρα.
1954 838 1982 865 ››

320 896 568 970 Ὁμοίως
614 899 700 953 καὶ
753 898 830 962 εἷς
865 899 957 954 τὸν
1008 899 1185 955 πάπαν
1237 900 1667 977 Ἀλεξανδρείας,
1710 901 1856 972 πλὴν
1890 923 1988 958 πα-

320 988 453 1060 τέρα
497 986 558 1041 οὐ
616 987 830 1064 γράφει.
899 989 1142 1062 Ὁμοίως
1209 991 1296 1044 καὶ
1361 991 1436 1054 εἷς
1483 993 1574 1045 τὸν
1635 992 1982 1067 πατριάρχην

320 1076 671 1156 Ἀντιοχείας
701 1078 792 1132 καὶ
839 1077 931 1131 τὸν
974 1080 1323 1158 πατριάρχην
1371 1078 1793 1152 Ἰεροσολύμων,
1834 1080 1982 1150 πλὴν

317 1166 682 1239 πνευματικὸν
733 1168 939 1240 πατέρα
989 1167 1050 1222 οὐ
1098 1179 1314 1245 γράφει.
1370 1171 1437 1226 Αἱ
1485 1167 1540 1224 δὲ
1574 1168 1811 1244 βοῦλλαι
1843 1189 1980 1244 χρυ-

318 1258 415 1310 σαῖ
443 1253 772 1329 τρισόλδιαι.
817 1256 912 1318 Εἷς
960 1256 1052 1311 τὸν
1102 1253 1610 1332 πρωτοσύμϐουλον
1638 1261 1770 1332 (59),
1804 1259 1980 1332 ἤγουν

316 1348 395 1409 εἷς
453 1345 545 1401 τὸν
603 1345 1019 1420 ἀμερμουμνῆν.
1089 1346 1311 1402 Βοῦλλα
1359 1353 1535 1423 χρυσᾶ
1600 1347 1974 1422 τετρασολδίαο

316 1459 344 1489 ι
398 1437 493 1507 Τῷ
545 1432 1105 1511 μεγαλοπρεπεστάτῳ
1163 1437 1211 1472 ⁶⁴
1269 1436 1636 1512 εὐγενεστάτω
1681 1437 1769 1492 καὶ
1829 1457 1978 1511 περισ

313 1523 539 1599 ϐλὲπτῳ
570 1527 598 1581 ὁ
639 1523 783 1581 δεῖνα
831 1523 1327 1600 πρωτοσυμϐούλῳ
1375 1529 1465 1584 καὶ
1517 1527 1831 1603 διατάκτορι
1865 1531 1977 1601 (60)

307 1622 420 1673 τῶν
473 1619 785 1691 Ἀγαρηνῶν
833 1618 938 1671 ἀπὸ
989 1618 1015 1671 6
1067 1616 1215 1672 δεῖνα
1263 1619 1355 1672 καὶ
1389 1619 1416 1673 ὁ
1451 1617 1599 1674 δεῖνα
1629 1623 1736 1674 τῶν
1769 1625 1976 1674 πιστῶν

311 1705 730 1782 αὐτοκρατόρων
785 1706 1110 1781 Αὐγούστων
1175 1706 1432 1784 μεγάλων
1505 1708 1772 1784 βασιλέων
1841 1710 1973 1765 Ῥω·

313 1797 515 1872 μαίων.
557 1796 620 1853 Ὀ
671 1793 818 1851 δεῖνα
865 1797 955 1850 καὶ
1007 1797 1035 1850 6
1091 1793 1239 1852 δεῖνα
1288 1799 1467 1853 πιστοὶ
1518 1797 1569 1852 ἐν
1621 1801 1840 1872 Χριστῴ
1891 1803 1971 1870 τῷ

2101 642 2188 694 tes
2219 639 2277 694 in
2313 641 2584 696 eumdem
2617 641 2802 696 Deum
2832 638 3212 709 imperatores
3241 639 3637 695 Romanorum
3673 642 3746 696 ad

2098 727 2287 797 illum,
2319 730 2751 785 sanctissimum
2796 729 2990 784 Romae
3050 745 3256 800 papam
3289 733 3346 784 et
3376 729 3746 801 spiritualem

2096 825 2360 874 nostrum
2395 819 2649 874 Patrem.
2694 841 2722 869 »
2757 819 2981 874 Similis
3005 817 3254 873 formula
3284 818 3344 872 in
3423 818 3632 874 litteris
3668 820 3738 874 ad

2095 909 2489 978 patriarcham
2548 907 2908 964 Alexandriae
2977 908 3307 975 adhibetur,
3360 915 3744 978 praeterquam

2095 1000 2248 1071 quod
2272 1000 2368 1055 ille
2388 1003 2552 1071 pater
2581 998 2950 1072 imperatoris
2977 996 3296 1069 spiritualis
3339 1014 3452 1054 non
3484 997 3744 1070 appella-

2092 1095 2204 1144 tur.
2232 1089 2444 1145 Eadem
2477 1090 2605 1160 ipsa
2638 1087 2882 1144 formula
2905 1103 3152 1160 quoque,
3187 1088 3288 1143 sed
3320 1087 3494 1144 etiam
3528 1089 3745 1158 absque

2091 1179 2268 1249 patris
2299 1178 2490 1246 titulo,
2523 1178 2888 1234 honorantur
2931 1175 3272 1248 patriarchae
3331 1176 3657 1233 Antiochiae
3687 1181 3744 1233 et

2088 1266 2644 1338 Hierosolymorum.
2696 1268 2775 1323 Ad
2818 1267 2925 1322 hos
2985 1283 3115 1338 quae
3171 1264 3509 1337 diriguntur
3566 1265 3740 1322 bullae

2089 1373 2298 1423 aureae,
2333 1360 2474 1411 sunt
2522 1357 2802 1412 trisoldiae
2832 1357 2956 1428 [seu
2993 1355 3205 1410 litteris
3253 1355 3324 1410 ad
3358 1370 3457 1411 eos
3482 1356 3739 1411 destina-

2087 1445 2164 1499 tis
2195 1461 2463 1516 appensa:
2496 1443 2665 1499 bullze
2695 1461 2882 1500 aureae
2914 1450 3033 1501 tres
3066 1445 3284 1500 solidos
3307 1460 3514 1500 aureos
3547 1444 3740 1500 valere

2087 1534 2360 1606 aequant].
2395 1533 2563 1590 Bulla
2591 1551 2784 1601 aurea,
2829 1550 2956 1606 quae
2986 1535 3056 1588 ad
3119 1533 3649 1604 protosymbulum,
3683 1534 3738 1589 id

2083 1627 2192 1690 est,
2240 1626 2710 1678 Amermumnam
2772 1622 3043 1688 mittitur,
3103 1627 3192 1677 est
3248 1621 3564 1677 tetrasodia
3612 1621 3737 1694 [seu

2081 1712 2234 1767 valet
2263 1717 2515 1784 quatuor
2544 1712 2765 1769 solidos
2798 1711 3026 1782 aureos]
3087 1715 3144 1766 et
3183 1711 3361 1766 habet
3385 1711 3468 1782 [in
3498 1715 3737 1767 externa

2083 1817 2285 1857 aversa
2324 1801 2690 1872 membrana]
2738 1802 2888 1857 hanc
2936 1799 3404 1871 inscriptionem.
3435 1821 3464 1850 «
3497 1799 3734 1872 Magno,

1680 1897 1914 1952 VARUE
1957 1897 2372 1956 LECTIONES.

381 1990 430 2026 ⁶⁴
461 1991 668 2050 ΣΧΟΛ.
703 1991 820 2064 Χρῆ
856 1987 1076 2060 εἰδέναι,
1108 1989 1191 2046 ὅτι
1224 1991 1713 2067 ἀμηραλμουμνῆς
1746 1991 1953 2066 ὀφείλει
1985 1991 2256 2067 λέγεσθαι,

1352 2101 1560 2160 JOAN.
1601 2103 1746 2160 JAC.
1789 2103 2048 2160 REISKII
2094 2104 2690 2162 COMMENTARIUS.

309 2201 646 2275 pauperiem
681 2202 872 2275 prodit
912 2201 1072 2258 bulla
1103 2203 1300 2275 unius
1321 2203 1516 2259 solidi.
1551 2205 1736 2269 Quam
1765 2204 1957 2260 tenuis
1991 2208 2042 2272 B
2072 2205 2268 2261 omnia
2293 2205 2430 2274 jura
2463 2222 2614 2261 suae
2643 2203 2826 2262 sacris
2840 2204 3038 2260 bibliis
3068 2204 3387 2261 deduxisse.
3427 2204 3555 2275 [‘De
3585 2207 3727 2263 Pro-

308 2273 510 2330 debuit
537 2273 936 2330 talis’bractea
959 2274 1168 2330 fuissel
1203 2274 1469 2330 Nobilius
1515 2281 1712 2331 tamen
1752 2275 1838 2330 vel
1871 2276 1955 2332 sic

304 2361 537 2417 quoque
568 2345 726 2417 bulla
767 2361 939 2417 aurea
972 2348 1146 2400 unius
1178 2345 1351 2400 solidi
1378 2361 1534 2402 more
1563 2347 1822 2412 illorum,
1857 2349 1956 2416 qui

303 2416 673 2472 aﬁ‘ec’tatione
695 2416 1043 2472 humilitatis
1081 2419 1333 2472 avaritia:
1391 2423 1448 2472 et
1496 2420 1771 2474 censibus
1828 2419 1956 2474 suis

302 2490 471 2544 valde
511 2488 759 2552 favente,
793 2488 1026 2544 nonnisi
1062 2489 1355 2560 plumbeis
1405 2489 1581 2544 bullis
1623 2491 1954 2558 utebantur,

300 2560 543 2616 nonnisi
565 2560 872 2628 plumbum
892 2561 964 2615 ad
991 2560 1136 2616 alios
1151 2562 1248 2615 mil
1263 2562 1482 2626 tebant,
1499 2578 1703 2618 aurum
1719 2563 1826 2617 sibi
1841 2579 1958 2617 ser-

299 2631 532 2688 vabant.
558 2632 800 2702 Dignius
828 2632 1172 2704 imperatore
1214 2649 1274 2687 se
1324 2633 1507 2704 gessit
1549 2634 1790 2689 Carolus
1850 2633 1952 2701 M.,

307 2720 481 2774 quem
519 2703 874 2758 monasterio
916 2703 1149 2758 cuidam
1191 2703 1640 2776 Compendiensi
1700 2706 1951 2776 diploma

298 2776 639 2831 donationis
653 2790 789 2830 cum
821 2791 1081 2846 appensa
1105 2775 1266 2830 bulla
1286 2792 1461 2830 aurea
1483 2783 1610 2830 octo
1641 2776 1725 2830 vel
1751 2775 1948 2831 decem

300 2847 547 2902 ducatos
559 2862 768 2919 aureos
785 2848 1074 2916 pendente
1087 2848 1446 2902 concessisse
1461 2848 1746 2904 narratDu
1762 2849 1952 2919 Gange

299 2935 354 2973 ν.
391 2919 558 2973 Bulla
589 2935 603 2986 ;
637 2917 751 2973 vid.
787 2919 1035 2974 dicenda
1065 2919 1138 2973 ad
1173 2937 1228 2989 p.
1261 2920 1386 2976 398.

369 2989 484 3061 (59)
518 2989 912 3044 Confuderunt
944 2989 1121 3044 Graeci
1163 2992 1584 3045 Amiralomara
1606 3007 1705 3045 seu
1737 2989 1950 3058 princi-

288 3077 417 3133 pem
445 3063 767 3132 principum
789 3063 876 3116 vel
899 3061 1220 3115 archontem
1234 3062 1694 3132 archontumquae
1725 3061 1782 3116 in
1817 3062 1950 3117 aula

292 3133 631 3205 Bagdadica
669 3133 1056 3205 primapost
1082 3133 1353 3188 chalifam
1403 3134 1657 3205 dignitas
1715 3139 1837 3188 erat
1893 3139 1950 3188 et

290 3203 495 3262 omnia
528 3203 760 3260 nomine
779 3203 1002 3260 chali’fae
1017 3206 1248 3276 agebat,
1280 3222 1414 3260 cum
1448 3204 1682 3274 chati/‘a,
1717 3211 1781 3259 ut
1813 3205 1948 3261 huic

291 3276 538 3332 titulum
590 3275 933 3343 tribuerent,
997 3275 1098 3348 qui
1156 3275 1314 3332 illius
1386 3281 1654 3348 erat;get
1743 3283 1947 3348 praete-

293 3365 399 3404 rea
429 3363 629 3403 vocem
661 3349 816 3403 amir
839 3348 953 3402 alia
985 3346 1238 3415 notione,
1271 3364 1447 3419 quam
1486 3346 1660 3419 vulgo
1693 3364 1805 3403 non
1840 3347 1945 3402 ha-

298 3420 419 3486 bet,
442 3419 653 3474 habere
686 3423 885 3474 tamen
945 3436 1047 3490 per
1102 3421 1386 3474 rationem
1446 3419 1658 3491 lingua:
1690 3419 1945 3474 Arabicae

296 3496 516 3564 potest,
571 3491 951 3560 accipiebant.
1010 3491 1240 3564 Scilicet
1260 3492 1467 3546 Amara
1505 3491 1943 3564 verbum,quod

2071 2276 2394 2348 tosymbuto,
2429 2277 2852 2333 Saracenorum
2886 2277 3052 2348 duce,
3086 2276 3322 2348 Basileo,
3356 2276 3592 2348 nomine
3622 2279 3725 2334 im-

2066 2347 2429 2419 peratoribus
2460 2349 2673 2405 Graecis
2725 2349 2978 2419 proprio,
3027 2347 3164 2404 item
3185 2417 3198 2419 μ
3223 2347 3296 2419 de
3327 2347 3570 2417 Archego
3601 2349 3722 2407 vid.

2065 2417 2354 2492 Anonym.
2397 2420 2663 2476 Salemit.
2723 2417 2937 2475 Chron.
2998 2420 3151 2489 apud
3185 2417 3464 2492 Murator.
3490 2423 3532 2473 t.
3563 2420 3629 2492 ll,
3661 2437 3718 2492 p.

2061 2491 2239 2561 247.?
2271 2491 2487 2546 Locum
2507 2492 2808 2562 quaesitum
2829 2508 2943 2547 non
2969 2491 3186 2557 inveni,
3218 2491 3437 2562 interea
3452 2491 3719 2562 conferri

2063 2563 2236 2618 velim
2263 2562 2347 2618 Du
2391 2561 2683 2634 Cangium-
2725 2562 3019 2619 Glossario
3051 2563 3170 2617 Lat.
3202 2561 3274 2634 rh.
3309 2579 3362 2616 v.
3418 2561 3592 2634 Venit
3623 2561 3721 2619 hic

2064 2634 2209 2705 mihi
2243 2633 2619 2705 exponendus
2674 2638 2732 2690 et
2763 2634 3148 2689 vindicandus
3199 2633 3361 2688 locus
3406 2633 3718 2705 Achmetia

2062 2703 2449 2776 Onirocri'tici,
2475 2706 2574 2776 qui
2607 2706 2794 2776 capite
2837 2722 2960 2773 XLV,
2996 2722 3050 2776 p.
3085 2705 3154 2776 35
3184 2705 3324 2776 edit.
3348 2703 3560 2776 Rigalt.
3598 2705 3721 2776 agit

2060 2776 2185 2850 napi
2216 2779 2313 2850 τοῐξ
2345 2769 2618 2849 ὀνείρᾶτος
2673 2769 3343 2850 σὶοῦλπρωεέοξτυμϐούλοιξ,
3392 2769 3477 2830 συ
3521 2769 3717 2850 Gange

2061 2847 2246 2904 Glass.
2279 2848 2376 2904 Gr.
2410 2847 2468 2920 p.
2494 2850 2618 2914 860,
2657 2847 3046 2920 exillo‘capite
3079 2847 3394 2920 contendit,
3429 2863 3543 2920 non
3571 2847 3715 2920 Ach-

2061 2925 2274 2988 meten,
2310 2916 2494 2976 lilium
2517 2919 2710 2988 Sirini,
2741 2916 3039 2975 auctorem
3073 2934 3202 2974 esse
3232 2918 3465 2973 illorum
3497 2916 3711 2973 Oniro-

2057 2991 2527 3054 criticorum,sed
2553 2993 2937 3047 recentiorum
2971 2990 3246 3061 aliquem,
3279 2998 3336 3044 et
3370 2989 3707 3062 Prutosym-

2059 3063 2265 3118 bulum
2299 3064 2778 3118 ibimemoratum
2804 3080 2919 3118 non
2944 3060 3516 3125 esse’alMamunum,
3534 3060 3706 3117 illum

2059 3137 2129 3189 ab
2155 3150 2350 3190 amore
2371 3135 2692 3190 litterarum
2707 3135 3059 3190 celebratum
3073 3133 3371 3197 chalifam,
3388 3133 3489 3188 sed
3523 3132 3706 3188 alium

2057 3205 2311 3277 aliquem
2339 3207 2717 3262 recentiorem
2777 3205 3077 3277 chalifam,
3133 3204 3488 3276 Egyptium,
3529 3203 3706 3277 idque

2055 3275 2206 3339 ideo,
2240 3278 2390 3346 quod
2429 3279 2653 3333 dicatur
2684 3277 2899 3333 ibidem
2930 3276 3027 3332 ille
3054 3275 3290 3332 Mamun
3315 3291 3428 3330 non
3460 3291 3590 3330 esse
3625 3275 3700 3331 de

2056 3355 2228 3419 gente
2253 3349 2852 3418 Protosymbulorum.
2910 3349 3017 3404 Sed
3090 3363 3389 3418 perperam
3419 3346 3710 3402 intellexit

2056 3421 2362 3475 obscuram
2397 3429 2460 3475 ut
2484 3420 2783 3486 inscitam,
2811 3425 2870 3475 at
2896 3423 3062 3476 erant
3090 3419 3705 3489 illatempora,narra-

2057 3490 2686 3578 tipnemultocabulu’m
2716 3490 2779 3544 σύ
2820 3491 2927 3563 (ὃτι
2958 3494 3159 3578 τοξτοκ
3181 3488 3244 3543 σὺ
3296 3488 3407 3578 οξχ
3437 3488 3704 3578 ἒώρὶακας·

301 3557 452 3642 alias
482 3557 759 3642 imperare
787 3567 946 3642 notat
972 3567 1028 3642 et
1065 3563 1273 3642 iubere,
1306 3564 1484 3642 debet
1503 3579 1733 3642 quoque
1763 3557 1942 3642 inter-
1975 3574 2018 3642 α
2056 3561 2122 3642 οξ
2147 3561 2252 3642 χεὶρ
2284 3561 2335 3616 εἶ
2359 3561 2418 3616 ἐκ
2447 3567 2548 3616 τοῦ
2588 3563 2696 3642 τῷν
2721 3557 3251 3642 πρωτοσυμϐούλων
3306 3557 3558 3642 eilia-mg)
3591 3577 3708 3618 non

298 3635 444 3690 dum
476 3634 1153 3689 notareconsitiumdare.
1185 3637 1306 3690 Hoc
1338 3638 1494 3703 patet
1522 3633 1673 3689 clare
1694 3650 1762 3688 ex
1792 3639 1946 3689 octa-

294 3723 371 3762 va
400 3707 526 3776 ejus
549 3705 720 3776 verbi,
758 3705 1192 3776 conjugatione,
1251 3721 1376 3774 qua:
1433 3710 1524 3760 est
1590 3707 1853 3773 Itamara,
1887 3712 1946 3761 et

299 3773 471 3835 notat
525 3773 900 3849 βουλεύεσθαί,
942 3773 1071 3832 sibi
1138 3773 1437 3832 consilium
1467 3777 1534 3831 ab
1565 3777 1743 3832 altera
1763 3784 1946 3848 petere

299 3850 392 3906 vel
423 3848 657 3904 sumere.
692 3848 841 3919 Ergo
870 3851 1018 3903 amir
1045 3849 1132 3904 vel
1153 3850 1321 3914 amir,
1350 3858 1435 3903 est
1465 3864 1533 3902 ea
1566 3850 1787 3904 ratione
1836 3850 1948 3904 ali-

298 3923 450 3993 quis,
489 3922 580 3976 cui
593 3921 887 3993 consilium
916 3920 1107 3975 datur.
1147 3925 1292 3991 Ergo
1324 3920 1755 3993 Amiralomarai
1789 3927 1945 3993 recto

298 3987 495 4064 potest
520 3992 926 4064 vertigprimus
974 3987 1362 4064 consultorum,
1413 3987 1942 4064 πρωτοσύμϐουλος,

299 4062 568 4136 quamvis
594 4062 889 4118 ordinaria
920 4062 1100 4120 soleat
1120 4064 1410 4118 Arabibus
1441 4067 1807 4136 imperantem
1840 4063 1944 4136 im-

295 4134 618 4208 perantium
649 4139 871 4208 notare.
900 4135 1125 4208 Arabici
1140 4141 1333 4191 tamen
1351 4135 1661 4208 scriptores
1675 4134 1942 4208 sollicite,

297 4205 491 4278 utpar
519 4211 665 4272 erat,
687 4205 1002 4278 dignitates
1029 4206 1291 4262 diversas
1349 4207 1570 4260 chalit'aa
1610 4211 1668 4261 et
1698 4207 1944 4260 archon-

297 4279 375 4334 tis
405 4278 748 4334 archontum
772 4278 855 4332 vel
873 4278 1710 4349 protosymbulidistinguunt,
1742 4284 1948 4349 contra

299 4366 484 4421 quam
515 4349 699 4405 ϐπ·ωοί
731 4348 1465 4421 ΐθοοιίιιηιεουοηιᾉωονεω
1490 4349 1778 4421 scholium
1808 4348 1945 4421 sub-

293 4418 522 4492 jectum
565 4427 718 4478 recte
780 4418 1169 4492 reprehendit.
1217 4419 1514 4492 Exempla,
1575 4418 1674 4492 ubi
1723 4419 1946 4492 chalifre

300 4491 734 4564 Protosymbuli
792 4491 1161 4563 appellantur
1215 4491 1494 4564 aiGraecis
1542 4491 1946 4564 scriptoribus,

1127 4580 1182 4634 p,
1219 4563 1344 4626 309,
1378 4563 1502 4628 329,
1533 4561 1949 4632 362.71nsignis

304 4569 534 4621 exstant
555 4565 710 4636 apud
742 4564 1082 4636 Theophan.

1428 4635 1636 4690 Honor.
1667 4649 1723 4704 p.
1766 4634 1856 4702 30,
1881 4648 1949 4688 ex

305 4642 399 4693 est
426 4634 774 4707 locus'apud
792 4634 1034 4707 Selden.
1087 4635 1159 4690 de
1189 4634 1365 4707 Titul.

307 4708 554 4780 epistola
583 4705 924 4763 Ludovicill
947 4707 1017 4762 ad
1041 4705 1320 4780 Basilium
1339 4705 1735 4780 Macedonem,
1771 4705 1950 4760 ubide

304 4777 476 4836 titulo
497 4779 744 4835 Basileus
768 4793 900 4833 cum
932 4793 998 4833 eo
1011 4777 1254 4847 rixatur,
1269 4793 1524 4847 eumque
1553 4777 1624 4832 ad
1641 4793 1703 4831 se
1719 4791 1949 4847 quoque

306 4852 597 4922 pertinere
624 4850 945 4907 contendit.
978 4849 1080 4922 Sed
1107 4865 1216 4922 nec,
1249 4849 1347 4922 hoc
1365 4847 1734 4904 admiratione
1769 4851 1948 4922 caret,

304 4919 410 4989 ait,
439 4921 582 4994 quod
608 4922 832 4994 asseris,
858 4921 1097 4994 Arabum
1127 4920 1436 4994 principem
1468 4919 1948 4994 Protosymbutum

303 4990 598 5062 dict—cum
629 4994 689 5048 in
719 4990 1609 5048 votuminibusriostrisnihiltale
1631 4990 1950 5062 reperiatur

303 5070 359 5122 et
386 5061 556 5121 vestri
600 5065 811 5122 codices
867 5063 1024 5120 modo
1066 5064 1356 5134 Archigon,
1415 5063 1570 5118 modo
1629 5061 1827 5133 regem,
1867 5061 1952 5117 vel

305 5138 551 5206 qualibet
579 5139 692 5192 alio
730 5135 994 5192 vocabulo
1026 5141 1358 5204 nuncupent.
1410 5135 1521 5190 Sed
1567 5150 1666 5190 nos
1695 5134 1952 5189 omnibus

306 5211 513 5265 litteris
531 5224 717 5264 sacras
745 5208 1059 5278 Scripturas
1076 5208 1452 5278 pur/erimus,
1485 5220 1610 5277 qua?
1638 5221 1744 5260 non
1762 5211 1956 5262 Proto-

303 5281 616 5353 symbulos,
639 5279 734 5353 sed
781 5277 932 5350 reges
980 5277 1200 5335 Arabiae
1229 5283 1279 5333 et
1302 5277 1759 5353 Sabaeperspicue
1785 5278 1953 5353 proﬁ:

305 5344 536 5423 tontur;
587 5344 908 5422 Chaganu'm
976 5366 1100 5406 vero
1143 5366 1253 5405 non
1310 5344 1610 5423 [patritam
1669 5344 1952 5423 [ἄρχον-ῥα]

305 5421 574 5492 Avarum,
605 5421 716 5479 non
742 5423 1135 5489 Chazarorum,
1184 5425 1282 5475 aut
1311 5421 1820 5475 Northmannorum
1852 5421 1956 5491 {ita

305 5512 374 5552 eo
419 5504 678 5566 tempore
725 5493 1101 5566 appellabant
1131 5510 1274 5566 quos
1307 5508 1417 5566 nos
1449 5493 1619 5547 hodie
1650 5492 1957 5566 Russosret

305 5563 554 5623 Tataros
581 5563 859 5637 dicimus]
894 5564 1209 5637 nuncupari
1237 5563 1562 5637 reperimus,
1594 5580 1767 5637 neque
1796 5565 1953 5632 prin-

305 5638 484 5708 cipem
514 5635 857 5705 Bulgarum,’
874 5636 967 5692 sed
988 5653 1166 5708 regem
1206 5637 1288 5692 vel
1316 5635 1600 5691 dominum
1634 5636 1954 5708 Bulgarum.

307 5707 532 5779 Ergone
561 5711 712 5766 sacri
738 5710 966 5764 codices
994 5724 1191 5764 eorum
1207 5712 1534 5779 temporum
1554 5707 1839 5779 pleniores
1854 5722 1957 5779 no-

310 5777 454 5839 stris
482 5787 540 5838 et
566 5781 636 5837 de
667 5781 894 5836 chaliﬁs
925 5777 1366 5845 Saracenorum,
1401 5779 1470 5833 de
1491 5777 1775 5845 Chaganis
1812 5777 1960 5833 Cha-

306 5869 581 5912 zarorum
614 5858 671 5908 et
702 5851 1512 5924 Bulgarorumimemora‘bant
1538 5848 1564 5904 ?
1599 5848 1876 5906 Videntur
1893 5865 1959 5924 eo

305 5929 571 5998 tempore
602 5920 920 5998 principes,
949 5923 1104 5995 quod
1137 5922 1283 5980 alios
1313 5920 1490 5980 libros
1542 5937 1657 5980 non
1696 5923 1960 5991 nossent,

2055 3635 2126 3689 ad
2152 3633 2634 3703 Mamunum,sed
2667 3637 2738 3690 ad
2770 3633 2950 3691 illum
2995 3635 3291 3690 hominem
3325 3633 3497 3702 redit,
3531 3650 3707 3703 quem

2057 3706 2110 3762 al
2144 3707 2384 3762 Mamun
2411 3709 2480 3762 ad
2499 3707 2849 3775 Achmetem,
2875 3707 3062 3761 ﬁlium
3091 3705 3288 3769 Sirini,
3307 3705 3538 3775 misisse
3567 3703 3706 3758 dici-

2055 3783 2154 3834 tur
2169 3779 2599 3850 propositurum
2615 3778 2728 3850 ipsi
2751 3773 2980 3834 somnia
2993 3793 3047 3830 m
3063 3777 3202 3830 illud
3219 3781 3274 3830 et
3288 3773 3705 3850 simulaturum

2060 3846 2182 3905 sibi
2204 3846 2505 3921 obtigisse.
2541 3846 2961 3905 Verumtamen
2992 3856 3074 3902 est
3103 3846 3422 3921 Graculum
3458 3846 3709 3921 istorum

2057 3916 2572 3977 Onirocriticorum
2590 3929 2882 3976 auctorem
2898 3924 3161 3988 tempora
3175 3916 3537 3974 confudisse.
3555 3916 3705 3972 Nam

2057 3993 2317 4057 Achmet,
2349 3993 2504 4048 ﬁlius
2533 3992 2732 4055 Sirini,
2757 3991 2966 4046 saeculo
2984 3989 3314 4061 penecitius
3332 3989 3498 4061 obiit,
3528 4004 3706 4061 quam

2056 4065 2110 4118 al
2146 4064 2371 4120 Mamun
2404 4062 2630 4119 Chalifa
2687 4063 2796 4117 fuit
2827 4060 3032 4117 factus.
3067 4061 3186 4116 Hoc
3217 4060 3509 4131 posterius
3543 4065 3603 4116 A.
3638 4060 3702 4114 F.

2057 4136 2180 4197 199,
2208 4151 2304 4189 seu
2336 4138 2400 4188 A.
2428 4136 2487 4189 C.
2520 4135 2623 4188 814
2638 4133 2902 4204 contigit,
2935 4131 3076 4187 illud
3108 4133 3292 4204 prius,
3325 4132 3519 4204 obitus
3549 4131 3705 4185 Ach-

2057 4206 2251 4273 metis,
2283 4207 2347 4262 A.
2415 4207 2472 4260 F.
2506 4206 2630 4273 110,
2652 4221 2754 4260 seu
2789 4203 2852 4260 Ᾱ.
2886 4205 2946 4259 C.
2995 4204 3122 4259 728.
3162 4203 3464 4258 Debuisset
3494 4218 3707 4272 nempe

2057 4276 2354 4333 Graeculus
2381 4276 2466 4332 sic
2492 4293 2756 4332 narrasse
2777 4292 2790 4330 :
2810 4273 2988 4330 Abdol
3005 4274 3215 4343 Malek,
3235 4275 3390 4330 {ilius
3407 4274 3704 4339 Merwani,

2054 4348 2289 4402 videbat
2328 4349 2647 4412 somnium,
2682 4365 2797 4418 quo
2830 4348 2942 4402 sibi
2966 4347 3271 4418 videbatur
3300 4350 3506 4418 quater
3522 4346 3589 4418 in
3633 4344 3706 4418 _ul

2057 4419 2249 4475 Caaba
2269 4419 2543 4490 mingere.
2574 4415 2834 4474 Mittebat
2863 4419 3050 4490 igitur,
3084 4415 3583 4490 familiaremsibi
3597 4415 3706 4490 ali-

2056 4507 2228 4560 quem
2261 4493 2332 4546 ad
2354 4485 2694 4558 Achmeten,
2730 4485 2916 4544 filium
2947 4488 3120 4543 Sirini
3150 4485 3703 4560 (ll'Herbelo_t_Bibl.

2058 4557 2275 4618 Orient.
2311 4579 2366 4633 p.
2399 4563 2432 4616 8
2455 4579 2487 4616 a
2520 4563 2632 4616 fine
2655 4557 2731 4616 ait
2759 4561 3120 4633 adisaidum,
3160 4557 3708 4633 'ﬁliumualMesaj-

2059 4634 2219 4703 jebi).
2251 4629 2356 4688 cui
2387 4650 2521 4689 cum
2555 4634 2793 4705 ignotus
2820 4632 2917 4688 ille
2939 4631 3164 4687 chalii‘aa
3215 4629 3522 4705 familiaris
3551 4645 3709 4705 sum:

2060 4699 2244 4773 nium,
2279 4710 2556 4776 tanquam
2579 4699 2702 4760 sibi
2733 4705 3018 4770 oblatum,
3051 4703 3445 4776 exposuisset,
3472 4699 3708 4776 nolebat

2059 4770 2344 4833 Sirini’des
2375 4770 3005 4843 interpretari,dicens,
3030 4775 3087 4829 id
3111 4770 3182 4828 ad
3217 4789 3350 4829 eum
3385 4787 3502 4828 non
3535 4770 3710 4842 per-ti-

2060 4863 2218 4918 nere,
2253 4853 2318 4903 ut
2347 4849 2447 4919 qui
2480 4843 2551 4904 ad
2583 4856 2814 4919 gentem
2834 4843 3440 4919 Protosymbulinihil
3473 4843 3705 4919 ia_ce_ret.

2058 4914 2332 4992 Spec'tare
2349 4914 2856 4992 autemsnmnium
2876 4919 2947 4992 ad
2970 4915 3496 4992 Prp_tosvmbulum.
3525 4914 3710 4992 Igitur

2061 4985 2296 5047 curasse
2326 4991 2509 5047 Abdal
2542 4990 2829 5046 Malecum
2844 4990 2917 5045 ad
2957 4986 3324 5046 seSiriniden
3339 4985 3706 5058 arcessi;qui

2061 5078 2252 5120 coram
2285 5061 2339 5117 al
2371 5062 2588 5118 cbalifa
2609 5063 2960 5117 constitutus
2992 5060 3142 5115 hanc
3172 5058 3396 5114 dederit
3427 5057 3711 5129 interpre-

2063 5134 2338 5190 tationem
2377 5151 2388 5188 :
2419 5134 2683 5189 futurum
2715 5147 2864 5202 esse,
2897 5136 2982 5197 ut,
3006 5137 3117 5187 etc.

2135 5206 2248 5275 (60)
2280 5205 2608 5277 Respondet
2638 5205 2748 5261 hoc
2776 5199 3121 5277 vocabulum
3160 5201 3404 5277 Arabico
3424 5199 3709 5277 Citati/ah,

2063 5272 2240 5348 idque
2285 5272 2719 5350 interpretatur.
2807 5275 3044 5350 PrOprie
3115 5275 3353 5350 quidem
3437 5272 3583 5328 illud
3656 5277 3714 5350 et

2063 5343 2419 5406 successorem
2442 5343 2459 5350 ’
2498 5344 2779 5420 διάδοχον,
2857 5343 2938 5420 et'
2963 5343 3258 5420 vicarium,
3314 5343 3708 5420 ςιοποτηρητήν

2067 5426 2265 5480 notat;
2319 5421 2530 5476 deinde
2577 5417 2735 5483 vero,
2783 5418 2921 5490 quia
2979 5417 3079 5490 qui
3122 5417 3249 5474 loco
3279 5417 3518 5490 alterius
3545 5421 3632 5471 est
3651 5418 3711 5490 _et

2069 5493 2146 5548 rei
2187 5491 2361 5546 alicui
2395 5495 2622 5562 praest,
2661 5485 3220 5560 eam-curafeaque
3278 5487 3390 5562 ipsi
3449 5485 3710 5562 curanda

2069 5559 2457 5619 committitur
2476 5564 2546 5618 ab
2581 5578 2669 5627 eo,
2721 5563 2819 5632 qui
2875 5563 3024 5633 legat
3059 5582 3074 5627 ;
3107 5559 3174 5616 ex
3221 5559 3311 5633 eo
3346 5560 3583 5622 factum,
3646 5559 3710 5608 ut

2068 5634 2332 5690 Chalitah
2365 5651 2597 5705 quoque
2624 5631 2849 5706 vulgari
2874 5631 3127 5687 Arabum
3157 5636 3214 5686 et
3240 5631 3562 5706 Turcarum
3596 5642 3707 5706 usu

2068 5697 2912 5777 commissar'iuni,pav8airmpz,
2944 5721 3021 5760 un
3049 5704 3294 5777 commis,
3333 5705 3515 5777 notet,
3547 5697 3708 5753 ordi-

2070 5783 2352 5845 natorem,
2406 5773 2756 5845 Biaréaropa.
2825 5773 2912 5832 'De
2990 5775 3228 5830 nomine
3319 5774 3712 5845 Agerenorum

2071 5849 2314 5922 ejusque
2340 5841 2475 5907 vero
2497 5841 2828 5921 significatu
2859 5852 2916 5904 et
2943 5845 3166 5918 origine
3188 5845 3259 5901 ad
3286 5860 3342 5917 p.
3368 5841 3475 5898 253
3496 5841 3637 5900 dixi.
