4094 6354
339 375 495 436 1269

1219 385 1320 444 DE
1368 385 1834 448 CERIMONlIS
1875 387 2110 448 AUL/E
2155 388 2630 449 BYZANTlN/E
2673 391 2820 450 LIB.
2871 393 2949 452 ΙΙ.

3612 393 3770 455 1270

348 510 530 580 χρυσῆ
562 504 836 564 δισοΛδία’
875 535 900 562 ‹‹
941 512 1197 576 Κὲλευσις
1249 513 1309 570 ἐκ
1335 521 1445 571 τῶν
1498 517 1883 597 φιλοχρίστων
1930 516 2000 573 δε-

2123 519 2230 576 bos
2262 537 2464 578 omnes
2496 522 2648 578 idem
2683 528 2774 580 est
2803 523 2990 596 stylus
3020 527 3078 580 et
3107 525 3331 596 titulus,
3367 525 3766 599 inscriptionis

343 601 561 650 σποτῶν
593 598 728 672 πρὸς
761 599 788 652 6
821 597 970 656 δεῖνα
1001 603 1094 657 τὸν
1127 601 1471 674 ἐνδοξότατον
1502 607 1945 682 κουροπαλάτην.
1973 634 2000 660 η

344 685 508 762 Ἔχει
543 682 600 740 δὲ
629 687 755 761 περὶ
787 689 945 744 αὐτὸν
980 692 1007 746 ὁ
1057 692 1483 766 κουροπαλᾶτης
1532 697 1713 771 ἑτέρας
1763 696 2003 766 ἐξουσίας

342 772 404 830 δ’.
445 775 536 838 Εἰς
564 776 654 831 τὸν
717 777 959 854 ἄρχοντα
1005 785 1100 836 τοῦ
1149 786 1445 860 Βεριασάχ,
1498 783 1732 862 Ἰϐηρία·
1784 786 1860 849 εἷς
1912 787 2004 842 τὸν

347 861 596 940 ἄρχοντα
643 872 741 922 τοῦ
803 869 1408 949 Καρνατάης,ἰϐηρία⁸
1472 875 1548 940 εἰς
1607 878 1699 931 τὸν
1761 877 2004 953 ἄρχοντα

342 959 442 1009 τοῦ
509 955 702 1028 Κούελ,
762 955 994 1034 Ἰϐηρία·
1028 962 1104 1024 εἰς
1151 963 1244 1017 τὸν
1295 963 1535 1041 ἄρχοντα
1585 971 1685 1022 τοῦ
1748 969 2002 1043 Ἀτζαρᾶ,

343 1039 578 1120 Ἰϐηρὲαο
635 1070 658 1099 α
710 1049 972 1113 ΚὲΑευο-ις
1034 1051 1093 1107 ἐκ
1135 1057 1242 1108 τῶν
1298 1051 1677 1132 φιλοχρίστων
1726 1055 2001 1112 δεσποτῶν

339 1135 479 1209 πρὸς
530 1137 558 1190 6
610 1133 772 1193 δεῖνα.
811 1163 837 1190 ››
889 1140 984 1203 Εἰς
1033 1141 1124 1196 τὸν
1175 1141 1627 1220 ἐξουσιοκράτορα
1676 1149 1788 1221 (67)
1832 1147 2004 1204 Ἀλα-

339 1221 460 1284 via-.1
490 1225 628 1295 (68).
659 1223 877 1281 Βοῦλλα
911 1236 1091 1303 χρυσῆ
1126 1227 1401 1303 δισολδία,
1438 1259 1465 1286 α
1499 1237 1586 1292 Ἑν
1634 1237 1863 1309 ὀνόματι
1901 1241 2003 1291 τοῦ

342 1311 577 1385 Πατρὸς,
605 1313 694 1368 καὶ
725 1320 826 1369 τοῦ
860 1317 1007 1386 1’ἱοῦ,
1041 1319 1130 1374 καὶ
1163 1325 1260 1376 τοῦ
1313 1323 1472 1396 ἁγίου
1523 1325 1857 1398 Πνεύματος,
1906 1330 2002 1380 τοῦ

341 1400 460 1463 ἑνὸς
493 1401 584 1456 καὶ
620 1403 786 1476 μόνου
821 1403 1086 1475 ἀληθινοῦ
1119 1415 1252 1464 Θεοῦ
1283 1413 1467 1483 ἡμῶν.
1496 1419 1890 1477 Κωνσταντῖνος
1913 1415 2002 1469 καὶ

337 1491 645 1563 Ῥωμανὸς,
677 1492 862 1548 πίστοὶ
895 1493 946 1549 ἐν
977 1495 1124 1569 αὐτῷ
1154 1499 1230 1570 τῷ
1262 1504 1380 1572 Θεῷ
1416 1501 1660 1574 βασιλεῖς
1690 1503 2000 1577 Ῥωμαίων,

343 1580 485 1655 πρὸς
515 1582 543 1635 ὁ
577 1578 720 1636 δεῖνα
748 1584 841 1638 τὸν
861 1583 1210 1657 ἐξουσιαστὴν
1241 1590 1296 1642 Ἀ
1311 1588 1500 1653 λανίας
1519 1593 1609 1646 καὶ
1631 1595 1996 1665 πνευματικὸν

347 1671 512 1742 ἡμῶν
579 1670 780 1729 τέκνον.
853 1696 878 1727 ι
935 1675 1030 1737 Εἷς
1092 1676 1183 1731 τὸν
1252 1677 1600 1750 ἐξουσιαστὴν
1686 1677 1996 1758 Ἀϐαον-(ίας.

349 1758 571 1815 Βοῦλλα
599 1769 778 1836 χρυσῆ
814 1761 1084 1820 δισολδία·
1122 1790 1150 1818 ‹‹
1185 1767 1446 1832 Κὲλευσις
1476 1768 1536 1825 ἐκ
1582 1775 1688 1825 τῶν
1736 1772 1998 1850 φιλοχρί-

347 1870 489 1903 σνων
541 1847 812 1906 δεσποτῶν
868 1855 1006 1928 πρὸς
1039 1856 1066 1909 6
1099 1853 1246 1912 δεῖνα
1295 1858 1387 1912 τὸν
1435 1867 1702 1936 περιφανῆ
1748 1847 2000 1930 ’ἐξουσια-

342 1939 475 2008 σςὴν
537 1937 848 2018 Ἀϐασγίας.
884 1967 912 1996 ››
959 1944 1052 2006 Εἷς
1110 1947 1202 2000 τὸν
1257 1945 1495 2022 ἄρχοντα
1554 1945 1869 2012 Ἀλϐανίας·
1919 1952 1994 2014 εἰς

335 2029 430 2084 τὸν
465 2031 708 2106 ἄρχοντα
738 2037 848 2088 τῶν
900 2030 1284 2109 Κρεϐατάδων,
1344 2039 1514 2114 ἤγουν
1553 2041 1644 2094 τὸν
1697 2039 1991 2115 λεγόμενον

345 2114 649 2193 Κρεϐατᾶν·
685 2123 760 2184 εἷς
808 2124 898 2178 τὸν
946 2121 1182 2201 ἄρχοντα
1238 2125 1538 2196 Κηδωνίας”
1593 2129 1669 2193 εἰς
1715 2129 1842 2193 τοὺς
1898 2132 1997 2206 ἂρ-

348 2228 542 2284 χοντας
601 2211 926 2288 Τζαναρίας’
999 2214 1075 2278 εἰς
1139 2217 1232 2270 τὸν
1295 2216 1539 2290 ἃρχοντα
1601 2223 1698 2274 τοῦ
1755 2215 1994 2294 Σαρϐἆν,

344 2295 543 2363 οἵτινες
600 2306 801 2356 κεῖνται
865 2303 1031 2377 μέσον
1094 2305 1350 2368 Ἀλανίας
1407 2309 1496 2362 καὶ
1545 2309 1856 2383 Τζαναρίας·
1921 2311 1998 2373 εἷς

337 2388 468 2450 τοὺς
510 2390 786 2466 ἄρχοντας
813 2393 1018 2462 Ἀζίας,
1063 2393 1114 2448 ἐν
1157 2395 1202 2466 ᾧ
1235 2395 1366 2449 εἰσιν
1401 2397 1455 2449 αἱ
1491 2399 1750 2453 Κασπεὶαι
1806 2397 1997 2454 πύλαιο

346 2476 425 2540 εἲς
453 2479 545 2532 τὸν
575 2478 817 2554 ἂρχοντα
862 2483 1071 2556 Χρύσα·
1128 2483 1205 2545 εἰς
1251 2485 1342 2539 τὸν
1398 2486 1640 2560 ἄρχοντα
1687 2487 1733 2523 ⁸⁵
1783 2486 2000 2562 Βρὲζαν·

345 2566 426 2628 εἷς
454 2568 550 2623 τὸν
579 2567 820 2646 ἄρχοντα
852 2572 1072 2628 Μωκᾶν.
1109 2573 1354 2644 (Ἰστὲον,
1389 2575 1473 2629 ὅτι
1508 2574 1612 2630 ἀπὸ
1642 2580 1840 2632 Μωκᾶν
1861 2575 2004 2632 ἐστιν

345 2659 381 2726 ἡ
418 2659 671 2722 Μαιῶτις
705 2657 928 2734 λίμνη.)
957 2664 1270 2741 Ἐπιγραφή
1307 2662 1383 2724 εἷς
1414 2664 1617 2726 πάντας
1649 2666 1776 2729 τοὺς
1815 2686 2006 2740 προει-

349 2749 641 2822 ρημένους·
678 2772 707 2800 ‹‹
740 2748 996 2813 Κέλευσις
1029 2751 1087 2805 ἐκ
1142 2756 1250 2806 τῶν
1303 2751 1677 2832 φιλοχρίστων
1726 2752 2001 2811 δεσποτῶν

341 2837 482 2912 πρὸς
507 2838 534 2892 ὁ
558 2833 704 2893 δεῖνα
718 2839 808 2894 τὸν
834 2837 1078 2919 ἄρχοντα
1092 2838 1276 2910 τῆσδε.
1301 2863 1326 2894 ιι
1356 2841 1450 2906 Εἷς
1471 2843 1562 2897 τὸν
1583 2844 1873 2907 καθολικὸν
1889 2845 2003 2918 (69)

341 2926 654 3001 Ἀρμενίας,
697 2928 774 2991 εἷς
804 2929 894 2984 τὸν
923 2931 1218 2995 καθολικὸν
1252 2928 1514 3007 Ἰϐηρίας,
1549 2932 1626 2995 εἷς
1658 2934 1750 2988 τὸν
1782 2935 2006 2988 καθολι-

2115 629 2363 685 nempe:
2401 637 2428 664 «
2463 615 2794 671 Mandatum
2823 634 2854 671 a
2885 617 3137 672 dominis
3165 619 3456 675 Christum
3505 622 3767 677 amanti-

2116 703 2223 758 bus
2256 709 2322 758 ad
2359 705 2550 774 illum,
2585 707 2918 776 praefectum
2967 707 3125 762 illius
3174 708 3372 779 [castri
3422 710 3508 765 vel
3562 714 3766 783 praafe-

2115 794 2334 865 ctune].
2371 818 2399 844 »
2427 797 2510 850 Ad
2544 796 2939 868 curopalatem
2992 797 3191 853 lberite
3241 798 3399 855 bulla
3446 816 3623 856 aurea
3670 802 3767 856 bi-

2113 881 2320 938 soldta.
2347 906 2374 933 «
2398 887 2728 940 Mandatum
2762 903 2795 940 a
2827 885 3081 942 dominis
3109 887 3407 944 Christum
3437 891 3766 947 amantibus

2113 972 2185 1026 ad
2244 972 2432 1041 illum,
2474 973 2964 1045 gloriosissimum
3023 976 3438 1048 curopalatem.
3492 998 3520 1028 ››
3582 978 3766 1034 Habet

2114 1065 2310 1117 autem
2361 1063 2724 1135 curopalates
2772 1066 3068 1136 appositas
3112 1065 3224 1121 sibi
3273 1070 3525 1136 quatuor
3573 1067 3764 1124 adhuc

2113 1147 2258 1204 alias
2289 1157 2628 1221 potestates,
2662 1168 2872 1225 nempe
2904 1154 3202 1224 prtei'ectos
3245 1154 3576 1224 Beriasacb,
3623 1157 3764 1212 Car-

2115 1243 2318 1306 natate,
2337 1241 2475 1296 Cuel
2496 1246 2555 1298 et
2575 1245 3114 1308 Atzara,tractuum
3139 1243 3443 1312 lberie,ad
3470 1261 3619 1316 quos
3641 1245 3765 1302 beo

2115 1327 2385 1401 dirigitur
2431 1329 2776 1402 inscriptio:
2823 1331 3160 1388 Mandatum
3210 1350 3243 1388 a
3291 1334 3546 1388 dominis
3596 1334 3763 1390 Cbri-

2115 1421 2269 1472 stum
2301 1419 2636 1474 amantibus
2667 1420 2736 1474 ad
2771 1418 2960 1476 illum.
2981 1441 3009 1488 ῃ
3039 1421 3124 1475 Ad
3160 1426 3510 1490 potestatum
3542 1422 3762 1479 Alanita

2115 1505 2365 1561 mittitur
2392 1506 2554 1562 bulla
2574 1524 2748 1563 aurea
2779 1508 3030 1564 bisoldia
3061 1525 3194 1564 sum
3220 1509 3327 1565 hac
3351 1510 3761 1582 inscriptione:

2113 1597 2229 1650 «In
2255 1595 2487 1651 nomine
2517 1597 2727 1663 Patris,
2751 1601 2808 1653 et
2829 1596 2978 1663 Filii,
3000 1602 3056 1653 et
3081 1597 3331 1668 Spiritus
3354 1600 3564 1669 sancti,
3588 1599 3765 1656 unius

2111 1690 2169 1741 et
2199 1686 2378 1742 solius
2410 1685 2526 1743 veri
2555 1687 2649 1742 Dei
2674 1687 2882 1756 nostri,
2903 1687 3325 1744 Constantinus
3355 1693 3411 1746 et
3443 1689 3763 1760 Romanus,

2112 1775 2313 1830 ﬁdeles
2346 1776 2401 1830 in
2435 1776 2639 1831 eodem
2690 1777 2800 1832 Deo
2833 1776 3210 1848 imperatores
3240 1777 3657 1845 Romanorum,
3689 1780 3763 1835 ad

2029 1900 2077 1965 B
2111 1864 2297 1933 illum,
2331 1869 2683 1935 potestatum
2735 1864 2950 1921 Alanis
2996 1869 3053 1920 et
3083 1865 3444 1936 apiritualem
3494 1872 3761 1923 nostrum

2109 1955 2316 2009 ﬁlium.
2351 1976 2380 2004 »
2412 1955 2498 2008 Ad
2547 1959 2897 2025 potestatum
2946 1956 3230 2025 Abasgite,
3265 1956 3428 2012 bulla
3459 1973 3637 2013 aurea
3667 1957 3762 2012 bi-

2106 2042 2288 2098 soldia
2319 2059 2452 2098 cum
2496 2042 2598 2097 bac
2652 2043 3076 2115 inscriptione:
3111 2066 3138 2094 ‹‹
3177 2043 3522 2101 Mandatum
3555 2061 3589 2101 a
3622 2045 3760 2117 pbi-

2105 2132 2404 2188 locbristis
2454 2131 2708 2188 dominis
2741 2134 2810 2188 ad
2858 2133 3051 2199 illum,
3081 2132 3372 2190 illustrem
3405 2140 3762 2206 potestatum

2110 2223 2392 2294 Abasgite.
2429 2243 2456 2272 ››
2487 2222 2572 2277 Ad
2608 2221 2947 2278 archontem
2980 2239 3078 2279 seu
3114 2224 3448 2294 praelectum
3481 2223 3567 2280 vel
3600 2225 3765 2296 prin-

2113 2312 2298 2381 cipem
2339 2310 2623 2377 Albaniae,
2658 2311 2731 2366 ad
2766 2312 3106 2367 arcbontem
3151 2312 3556 2378 Crebatadum,
3586 2311 3762 2385 vulgo

2113 2401 2198 2456 sic
2228 2402 2446 2454 dictum
2481 2401 2825 2468 Crebatam;
2861 2402 2931 2454 ad
2978 2401 3314 2457 archontem
3365 2400 3656 2469 Cidonie;
3690 2401 3764 2456 ad

2114 2491 2420 2544 arcbontes
2465 2489 2720 2544 Zanarite
2752 2507 2765 2558 ;
2798 2489 2868 2544 ad
2903 2492 3242 2546 archontem
3291 2491 3539 2546 Sarbani
3594 2492 3768 2562 (jacet

2114 2595 2182 2634 ea
2227 2579 2385 2634 natio
2436 2578 2630 2634 media
2676 2579 2827 2634 inter
2869 2579 3211 2636 Tzanariam
3245 2586 3300 2635 et
3329 2580 3660 2651 Alaniam);
3693 2581 3766 2636 ad

2115 2665 2425 2722 archontes
2475 2667 2643 2734 Aziae,
2677 2666 2800 2733 (ubi
2851 2672 2986 2722 sunt
3035 2673 3211 2740 portis
3250 2667 3533 2740 Caspiae);
3568 2670 3638 2723 ad
3672 2685 3767 2724 ar-

2116 2756 2384 2812 cbontem
2437 2757 2672 2824 Mocan;
2707 2757 2813 2827 (est
2863 2756 3015 2811 circa
3066 2757 3334 2828 paludem
3377 2757 3762 2830 Meotidem);

2114 2848 2185 2903 ad
2216 2863 2420 2903 omnes
2450 2846 2556 2902 bos
2596 2845 2900 2917 inscriptio
2931 2846 3256 2904 litterarum
3296 2851 3384 2902 est
3419 2847 3622 2904 eadem
3655 2847 3764 2906 hoc

2117 2936 2266 3008 stylo
2297 2941 2616 3007 concepta:
2648 2955 2668 2983 ι
2702 2935 3042 2991 Mandatum
3073 2953 3105 2990 a
3135 2935 3538 3008 pbilocbristis
3569 2937 3762 2993 domi-

1697 3043 1940 3100 VARI/E
1979 3043 2396 3102 LECTIONES.

411 3128 459 3164 ⁸⁵
489 3129 566 3192 εἰς
597 3130 688 3185 τὸν
723 3128 962 3209 ἄρχοντα
993 3131 1181 3206 Χρύσα
1211 3133 1392 3189 semel
1425 3135 1576 3200 cod.,
1610 3133 1698 3188 ed.
1735 3150 2038 3206 perperam
2070 3134 2183 3190 bis.

1377 3232 1580 3288 JOAN.
1613 3232 1759 3289 JAC.
1803 3233 2054 3288 REISKII
2096 3232 2682 3289 COMMENTARIUS.

411 3330 677 3414 (67)_Hoc
704 3347 917 3414 nomen
950 3331 1036 3414 vel
1068 3333 1163 3414 hic
1194 3331 1400 3414 titulus
1433 3331 1802 3414 peculiariter
1828 3331 1996 3414 at_tri-
2027 3333 2070 3399 C.
2114 3331 2339 3414 biduoa
2372 3333 2488 3388 Bab
2518 3331 2571 3414 el
2597 3331 2792 3414 abzcab
2840 3331 3062 3414 distare
3094 3334 3251 3414 [seu
3277 3333 3460 3414 portis
3490 3333 3763 3414 Caspiis].

339 3404 630 3458 buebatur
649 3403 969 3459 Alanorum
993 3405 1250 3470 domino,
1267 3403 1448 3459 Graeci
1475 3403 1706 3474 imperii
1741 3403 1994 3470 vasallo;

339 3475 459 3533 vid.
505 3475 812 3548 Constant,
849 3476 1125 3548 Porphyr.
1161 3477 1230 3530 de
1261 3477 1500 3548 admit).
1535 3475 1678 3548 imp.
1730 3491 1785 3548 ρ.
1819 3476 1912 3542 6‘2,
1945 3479 2002 3529 et

341 3547 636 3619 praecipue
668 3551 750 3601 Du
784 3545 978 3616 Gange
1009 3545 1077 3619 ad
1111 3545 1366 3619 Alexiad.
1404 3564 1456 3614 p.
1480 3547 1594 3619 A209
1621 3545 1677 3601 et
1716 3547 1840 3601 395.

416 3619 526 3689 (68)
563 3619 646 3672 Du
687 3619 879 3691 Cange
909 3622 977 3673 ad
1010 3617 1269 3673 Alexiad.
1308 3636 1362 3690 p.
1397 3617 1521 3691 209,
1556 3619 1805 3691 eosdem,
1837 3621 2002 3691 putat

343 3705 469 3745 esse
499 3693 786 3760 Abasgos,
816 3689 1034 3745 Alanos
1066 3697 1112 3743 cl
1155 3689 1367 3745 Iberos.
1402 3689 1569 3744 Alani
1603 3689 1688 3744 vel
1722 3689 1910 3744 Allani
1947 3694 2003 3744 et

344 3762 556 3816 Albani
608 3777 748 3816 num
794 3763 970 3816 iidem
1025 3763 1162 3828 sint,
1198 3763 1475 3830 disquirit
1508 3761 1704 3816 Barth.
1741 3762 1808 3815 ad
1844 3760 1998 3816 Guil.

343 3833 566 3888 Briton.
601 3851 653 3903 p.
687 3833 776 3887 31.
811 3835 973 3899 Quod
1027 3835 1169 3887 mibi
1224 3833 1465 3904 delinire
1503 3833 1561 3887 in
1607 3841 1833 3904 promtu
1885 3849 2000 3888 non

343 3914 450 3960 est.
488 3904 776 3959 Abulfeda
806 3922 956 3960 certe
989 3923 1286 3976 nunquam
1339 3903 1615 3968 Albanos,
1637 3907 1737 3959 sed
1769 3921 2003 3976 semper

341 3976 576 4031 Allunos
625 3982 948 4048 nuncupat,
982 3984 1264 4048 tanquam
1317 3979 1365 4032 si
1413 3977 1468 4031 al
1518 3976 1801 4031 articulus
1849 3981 2001 4031 esset

342 4047 718 4120 prmpositus,
751 4047 946 4120 ipSum
1000 4047 1209 4104 nomen
1261 4049 1398 4104 Lan.
1434 4049 1646 4117 Abasgi
1700 4055 1895 4103 autem
1945 4051 2001 4102 et

340 4118 532 4174 Alla'ni
568 4118 978 4190 proculdubio
1011 4121 1221 4175 diversi
1255 4128 1416 4182 sunt,
1442 4137 1554 4174 non
1581 4126 1811 4174 tantum
1846 4120 1994 4182 ideo,

341 4192 490 4262 quod
518 4191 612 4262 hic
634 4198 916 4262 tanquam
942 4193 1182 4246 diversae
1206 4199 1408 4261 gentes
1431 4199 1873 4262 enumerantur,
1896 4191 1996 4262 sed

341 4260 519 4318 etiam
569 4261 719 4318 situs
758 4260 1150 4318 demonstrat.
1184 4260 1376 4317 Allani
1410 4263 1565 4315 enim
1605 4262 1791 4316 multo
1824 4260 1997 4316 altius

341 4349 550 4389 versus
603 4335 1066 4406 septentrionem
1119 4335 1176 4389 in
1227 4336 1354 4405 ipso
1399 4337 1656 4406 Caucaso
1707 4331 1994 4406 habitant,

341 4406 553 4477 Abasgi
605 4404 802 4460 autem
835 4406 896 4461 in
938 4405 1126 4461 littore
1161 4404 1340 4460 maris
1371 4404 1582 4477 Caspii,
1617 4405 1770 4474 quod
1817 4404 1994 4458 etiam

342 4475 538 4533 adhuc
571 4493 730 4532 mare
755 4478 1028 4544 Abosgun,
1061 4478 1131 4532 de
1158 4477 1302 4548 ipsis
1333 4475 1677 4547 appellatur.
1714 4479 1996 4548 Autiergo

343 4548 554 4603 diversi
591 4557 727 4603 sunt
759 4549 831 4603 ab
863 4551 1132 4613 Abeassis,
1166 4547 1266 4619 qui
1305 4552 1370 4600 ad
1408 4552 1655 4619 Pontum
1709 4547 1996 4619 Euxinum

345 4619 710 4688 habitarunt,
761 4619 858 4675 ubi
908 4622 1079 4675 etiam
1130 4618 1414 4675 Abulleda
1464 4618 1668 4672 Abchas
1726 4618 1994 4688 collocat,

2111 3404 2191 3462 Ad
2219 3405 2485 3459 ditionem
2529 3403 2768 3458 Ardobil
2809 3406 2973 3478 refert
3005 3403 3062 3458 al
3092 3403 3366 3478 Azizicus.
3403 3405 3526 3474 Hoc,
3560 3403 3765 3478 inquit,

2110 3487 2344 3544 tempore
2401 3491 2510 3530 non
2562 3477 2806 3546 superest
2858 3475 3116 3542 Muganae
3169 3477 3501 3543 celebritas;
3543 3475 3766 3535 tan-tuin

2107 3558 2261 3604 notae
2290 3551 2418 3601 sunt
2448 3547 3053 3620 terraeglllugan,_terrw
3085 3547 3199 3602 illze
3230 3559 3421 3617 vastae,
3445 3551 3766 3620 frequentes

2109 3623 2270 3689 aquis
2293 3627 2342 3674 et
2370 3621 2568 3673 cannis
2617 3618 2892 3687 Sacthari,
2923 3623 2971 3673 et
3000 3623 3241 3688 pascuis,
3275 3623 3335 3674 in
3368 3618 3561 3676 littore
3590 3623 3766 3678 maris

2114 3691 2562 3746 Thaberestanici
2612 3706 2778 3760 prope
2833 3707 3008 3758 mare,
3070 3693 3129 3746 in
3187 3703 3385 3753 puncto
3441 3693 3768 3749 occidentali

2108 3764 2522 3830 septentrionali
2574 3763 2761 3817 Tebriz
2799 3763 2872 3816 ad
2907 3762 3087 3816 decem
3133 3763 3252 3831 fere
3299 3762 3590 3817 diwtarum
3637 3765 3767 3820 inde

2108 3837 2455 3890 distantiam.
2493 3834 2573 3888 lbi
2621 3834 2948 3888 hibernatur
2995 3831 3140 3886 0rdu
3170 3831 3404 3901 (Horda,
3437 3841 3630 3888 castra
3675 3835 3763 3891 vel

2110 3907 2267 3978 aula)
2302 3909 2624 3960 Tatutorum
2657 3915 2713 3958 ut
2748 3907 3072 3975 plurimum.
3109 3909 3278 3958 Porro
3305 3905 3463 3959 addit
3493 3906 3551 3958 al
3581 3908 3764 3962 Asini-

2107 3994 2223 4040 cus,
2266 3980 2451 4046 gllugan
2503 3991 2616 4030 esse
2662 3979 2722 4029 in
2769 3979 3116 4030 extremitate
3173 3985 3455 4030 terrarum
3509 3978 3670 4032 Kilan
3729 3995 3764 4034 a

2107 4051 2272 4117 plaga
2325 4047 2655 4104 occidentali
2674 4063 2695 4107 ,ο
2725 4048 2871 4100 inter
2918 4061 3038 4100 eam
3079 4056 3128 4100 et
3169 4049 3368 4102 ostium
3415 4048 3577 4117 ﬂuvii
3623 4050 3755 4106 Con

2107 4121 2214 4192 [vel
2249 4119 2420 4189 Cyri],
2451 4119 2502 4171 si
2530 4133 2735 4192 nempe
2768 4131 2936 4184 super
2966 4118 3147 4192 littore
3199 4121 3378 4192 maris
3408 4134 3594 4192 versus
3622 4123 3764 4176 occi-

2106 4188 2315 4244 dentem
2345 4188 2468 4263 cum
2500 4190 2736 4263 aliquali
2766 4204 2949 4244 versus
2981 4189 3206 4263 boream
3237 4188 3609 4245 inclinatione
3631 4209 3763 4263 pro-

2106 4263 2282 4329 cedas,
2333 4260 2594 4315 interesse
2647 4261 2718 4313 26
2770 4276 3131 4331 parasangas,
3183 4260 3332 4316 inter
3388 4267 3586 4316 ostium
3631 4260 3758 4320 uero

2107 4333 2255 4388 idem
2305 4331 2430 4387 Cari
2459 4342 2511 4387 et
2538 4331 2598 4385 al
2647 4332 2778 4397 Bab,
2813 4333 2873 4385 in
2929 4332 3113 4387 littore
3158 4335 3331 4387 maris
3375 4333 3610 4389 Choxari
3647 4349 3761 4392 esse

2103 4406 2166 4458 21
2223 4419 2587 4474 parasangas.
2631 4407 2884 4474 Apparet
2934 4403 3091 4468 hinc,
3128 4401 3246 4457 falli
3297 4410 3597 4459 auctorem
3648 4422 3757 4461 no-

2106 4481 2287 4532 strum
2322 4477 2378 4530 in
2412 4491 2499 4540 eo,
2535 4476 2686 4544 quod
2738 4479 2937 4528 Mocan
2983 4475 3056 4529 ad
3109 4475 3383 4544 paludem
3432 4477 3754 4534 Masotidem

2107 4549 2354 4604 collocat
2383 4551 2440 4602 et
2470 4548 2621 4601 hanc
2651 4547 2720 4600 ab
2755 4547 2849 4600 illa
2885 4545 3140 4616 incipere
3171 4546 3270 4600 ait.

2176 4620 2289 4692 (69)
2341 4617 2414 4674 Ut
2460 4617 2661 4692 Romae
2685 4623 2747 4692 et
2793 4617 3002 4692 CEleos
3039 4617 3310 4692 episcopi
3343 4633 3406 4673 se
3450 4616 3753 4692 οἰκουμενι-

343 4698 448 4747 aut
496 4692 846 4774 migrarunt,
879 4692 965 4747 vel
1005 4707 1087 4774 ea.
1122 4702 1305 4774 parte,
1338 4691 1442 4774 vel.
1472 4697 1594 4774 tota
1642 4705 1808 4774 gens,
1843 4691 1992 4770 utin
2027 4702 2071 4766 [)
2101 4689 2230 4752 κοὺς
2274 4689 2277 4691 ’
2308 4690 2622 4774 appellant,
2681 4689 2764 4772 ita
2837 4689 3304 4774 Christianorum
3377 4689 3749 4748 orientalium

342 4761 707 4846 nonnmagna
726 4769 1008 4846 terrarum
1033 4761 1334 4846 distantia,
1355 4761 1725 4846 velmauPont'io
1742 4761 1991 4846 .Euxino

343 4836 414 4890 ad
447 4831 746 4906 Caspium,
771 4835 858 4890 vel
881 4839 953 4890 ab
976 4835 1083 4890 boc
1115 4838 1184 4890 ad
1218 4836 1406 4890 illum.
1433 4831 1708 4906 Τζαναρια
1741 4833 1992 4906 ΐονῐθίθει

341 4908 501 4974 regio
553 4905 880 4974 Tzanorum,
920 4906 1074 4962 circa
1118 4906 1362 4962 Pontum
1415 4905 1724 4960 Euxinum.
1773 4905 1992 4959 Arabes

339 4978 756 5050 videnturqeos
798 4995 866 5033 ar
915 4978 1027 5032 Ran
1078 4978 1431 5050 appellasse,
1469 4979 1619 5050 unde
1655 4993 1752 5046 per
1779 4993 1989 5050 corru-

341 5051 600 5122 ptionem
625 5049 789 5104 ﬂuxit
812 5064 1024 5122 nomen
1052 5049 1198 5114 Iron,
1217 5051 1368 5122 quod
1386 5049 1587 5104 totiilli
1611 5049 1818 5122 tractui
1845 5051 1993 5101 inter

340 5119 675 5177 Armeniam
700 5127 757 5176 et
779 5137 937 5176 mare
968 5119 1251 5191 Caspium
1278 5136 1589 5176 commune
1619 5128 1721 5174 est.
1748 5119 1991 5191 Teanto-

339 5209 474 5264 rum
508 5195 677 5248 sedes
704 5193 974 5264 designat
1002 5190 1276 5261 Agathine
1310 5193 1472 5264 initio
1506 5191 1635 5247 libri
1666 5191 1748 5264 γε
1784 5190 1990 5264 οἷκο-ὖσλι

339 5263 408 5338 τὰ
467 5266 602 5338 πρὸς
657 5259 1077 5338 νότονλνᾶνεμον
1135 5267 1232 5338 τοῦ
1301 5260 1820 5338 Εὒξείνοοὼπόντοο
1889 5259 1992 5315 ὑπὸ

341 5329 730 5409 Τραπεζοῦντα
775 5335 874 5403 τήν
922 5329 1109 5409 πόλιν.
1144 5329 1405 5406 Sequens
1441 5329 1658 5409 A21p6a‘tv
1702 5337 1994 5390 videretur

342 5407 500 5463 idem
560 5424 689 5464 esse
747 5417 920 5478 atque
977 5407 1294 5468 Scbirwan,
1339 5407 1453 5462 nisi
1511 5407 1761 5464 additum
1817 5410 1992 5473 esset,

346 5480 605 5535 medium
650 5481 708 5534 id
750 5480 946 5550 jacere
995 5480 1148 5534 inter
1194 5479 1484 5534 Allaniam
1517 5485 1575 5533 et
1617 5479 1990 5550 Tzanaream.

347 5551 431 5608 De
478 5552 660 5606 Mocan
710 5551 830 5606 haec
876 5550 1053 5606 habet
1089 5552 1392 5618 Abulleda,
1434 5551 1534 5622 qui
1583 5553 1652 5605 ad
1705 5549 1992 5622 longr’lS,

348 5621 500 5680 latit.
520 5625 589 5678 33
608 5625 731 5694 (aut
760 5623 828 5678 38
844 5635 851 5681 ﬁ;
872 5621 1146 5678 collocat:
1170 5623 1358 5678 Mucan
1389 5620 1487 5685 est,
1511 5628 1570 5676 ut
1599 5622 1677 5676 ait
1706 5623 1762 5694 al
1796 5620 1992 5694 Lobab,

348 5696 481 5766 urbs
511 5694 569 5750 in
602 5693 782 5751 tractu
827 5694 1094 5760 Derbend,
1137 5697 1600 5766 quemadmodum
1648 5693 1891 5765 perhibet
1938 5707 1995 5766 οε

352 5765 728 5826 δαηιαηεηδὶε.
762 5768 936 5824 Plura
979 5783 1085 5824 non
1127 5763 1238 5823 dat.
1278 5766 1464 5822 Filius
1504 5763 1736 5823 Hauc—ali
1771 5763 1992 5834 asserit,

2105 4763 2322 4819 summi
2345 4763 2623 4834 episcopi,
2647 4762 2747 4833 qui
2773 4776 2980 4832 nempe
3001 4761 3358 4834 Antiocheno
3383 4777 3498 4816 non
3523 4773 3744 4833 parent,

2102 4833 2407 4891 catholicos
2427 4850 2490 4888 se
2506 4834 2796 4903 appellant
2825 4849 2928 4888 seu
2960 4833 3274 4904 generales.
3305 4835 3526 4904 Arabes
3561 4834 3754 4890 Tscha-

2101 4906 2241 4960 sotik
2297 4905 2565 4974 etl‘erunt,
2598 4911 2656 4961 et
2687 4905 2768 4959 sic
2819 4903 3053 4976 quoque
3110 4905 3316 4976 extulit
3370 4903 3479 4976 hoc
3538 4921 3749 4962 nomen

2102 4979 2329 5032 Marcus
2361 4975 2578 5032 Paulus
2607 4979 2864 5031 Venetus
2896 4977 2941 5040 Ι,
2977 4977 3062 5041 15,
3097 4992 3255 5032 more
3286 4975 3482 5032 Italico
3513 4977 3753 5042 lacolick

2101 5064 2364 5112 exarans,
2396 5065 2449 5101 v.
2484 5053 2570 5103 Du
2612 5052 2800 5117 Cange
2829 5064 2882 5099 v.
2920 5047 3252 5103 Catholicus.
3288 5047 3469 5103 Hodie
3520 5053 3750 5106 tantum

2102 5135 2254 5174 unus
2277 5124 2545 5184 superest
2564 5119 2641 5172 Cb
2653 5120 3027 5173 rlstianorum
3047 5135 3145 5188 per
3160 5119 3482 5174 Chaldaeum
3499 5137 3750 5178 summus

2101 5191 2380 5261 pontifex,
2410 5190 2732 5245 catholicus
2755 5190 2975 5261 flictus,
3000 5189 3256 5260 Bagdadi
3293 5192 3747 5249 rcsidens.0lim

2103 5259 2294 5317 tamen
2322 5264 2517 5330 plures
2540 5267 2722 5316 erant.
2753 5259 2855 5314 Hic
2879 5267 3034 5314 certe
3059 5259 3175 5315 tres
3196 5262 3408 5317 diversi
3443 5266 3751 5320 nominan-

2101 5340 2200 5389 tur
2247 5333 2545 5393 Catbolici.
2592 5331 3142 5399 Armeniae,1beriae,
3184 5334 3459 5402 Albaniae,
3493 5342 3550 5388 et
3605 5339 3748 5390 forte

2102 5405 2201 5476 qui
2236 5405 2406 5460 hodie
2437 5403 2689 5473 episc0pi
2734 5403 2997 5476 audiunt,
3032 5405 3298 5459 catholici
3340 5411 3461 5458 tum
3495 5406 3748 5475 appella-

2102 5474 2332 5532 bantur.
2368 5478 2634 5531 Annensis
2663 5474 2994 5538 catholicus,
3029 5492 3203 5548 quem
3242 5481 3320 5529 Du
3354 5474 3542 5546 Cange
3567 5481 3606 5530 Ι.
3639 5493 3687 5531 c.
3712 5492 3743 5532 e

2100 5549 2412 5603 Wilbelmo
2441 5548 2607 5619 Tyrio
2640 5555 2942 5610 memorat,
2967 5547 3206 5602 sedebat
3235 5547 3386 5617 apud
3420 5547 3619 5619 Anam,
3644 5564 3742 5602 ur-

2105 5621 2233 5675 bem
2267 5622 2336 5674 ad
2371 5617 2745 5690 Euphratem,
2780 5619 2850 5674 de
2881 5635 2996 5690 qua
3025 5619 3286 5674 Teixeira
3316 5623 3373 5690 et
3400 5617 3552 5690 della
3577 5618 3740 5674 Valle

2102 5691 2162 5747 in
2197 5689 2534 5747 ltinerariis.
2560 5692 2645 5746 Ad
2680 5691 2869 5746 locum
2900 5689 3014 5744 Nili
3046 5689 3378 5760 Doxopatrii
3411 5689 3626 5760 ibidem
3649 5690 3741 5760 ici-

2104 5771 2287 5822 latum
2321 5765 2655 5835 tenendum,
2689 5762 3026 5835 Bagdadum
3058 5778 3092 5820 ι
3121 5757 3331 5819 Graacis
3367 5757 3732 5836 Εἴρηνόπολιν
