4094 6384
280 416 433 477 1271

1353 413 1898 477 CONSTANTINI
1941 414 2634 478 PORPHYROGENITI

3547 418 3706 479 I272

276 548 369 603 nis
400 548 470 603 ad
522 546 715 616 illum,
750 546 1092 605 archontem
1142 546 1302 604 illius
1348 548 1438 603 vel
1488 545 1646 604 illius
1696 547 1929 620 provin-

2066 546 2134 601 ιὸν
2166 543 2488 609 Ἀλϐανίας.
2520 547 2837 622 Ἐπιγραφή
2857 544 2934 609 εἷς
2956 547 3083 610 τοὺς
3102 546 3151 622 γ’
3173 543 3520 613 καθολικούς·
3550 572 3574 603 ι
3601 549 3709 607 Κέ-

279 635 400 693 ciae.
435 657 465 686 ››
500 633 816 708 Inscriptio
845 634 1173 693 litterarum
1206 637 1277 691 ad
1309 639 1428 692 tres
1457 636 1795 701 catholicos,
1827 639 1938 692 Ar-

283 724 491 780 meniae
540 741 750 791 unum,
794 724 1042 781 alterum
1098 725 1319 794 Iberite,
1365 725 1616 796 denique
1663 724 1934 781 Albaniae.

283 836 314 866 ‹‹
346 814 682 870 Mandatum
706 831 741 869 a
760 813 1162 887 philochristis
1186 814 1441 871 dominis
1467 816 1539 870 ad
1574 815 1763 883 illum,
1800 814 1938 885 piis-

283 904 503 960 simum
532 903 899 977 cathegetam
941 919 1043 960 seu
1076 905 1492 961 conductorem
1525 904 1680 960 illius
1710 904 1941 976 provin-

288 994 410 1048 ciae.
442 1012 474 1043 »
504 994 592 1048 Ad
624 1009 835 1066 papam
867 993 1058 1049 Romae
1090 994 1346 1050 mittitur
1373 993 1531 1050 bulla
1559 1009 1738 1051 aurea
1766 993 1940 1049 bisol-

288 1082 389 1138 dia
419 1097 552 1138 cum
599 1081 704 1138 hac
753 1083 1169 1155 inscriptione:
1204 1105 1234 1134 «
1266 1086 1330 1139 In
1373 1083 1611 1140 nomine
1641 1082 1852 1149 Patris,
1883 1087 1941 1139 et

287 1170 440 1239 Filii,
489 1177 547 1227 et
586 1172 837 1242 Spiritus
884 1172 1097 1241 sancti,
1147 1173 1323 1229 unius
1353 1178 1413 1229 et
1442 1172 1623 1229 solius
1671 1172 1790 1228 veri
1838 1171 1940 1228 Dei

286 1260 492 1329 nostri,
523 1260 941 1319 Constantinus
970 1266 1028 1319 et
1056 1262 1358 1319 Romanus
1402 1262 1601 1319 ﬁdeles
1639 1262 1699 1318 in
1740 1262 1936 1319 eodem

2050 634 2233 700 λευσις
2263 638 2323 692 ἐκ
2349 641 2459 693 τῶν
2493 636 2870 715 φιλοχρίστων
2907 635 3183 691 δεσποτῶν
3219 638 3356 714 πρὸς
3386 638 3413 692 ὁ
3447 635 3595 694 δεῖνα
3615 640 3709 694 τὸν

2052 721 2450 781 εὐλαϐὲστατον
2481 726 2807 795 καθηγητὴν
2837 721 3021 794 τῆσδε.
3060 746 3085 777 r
3122 723 3217 786 Εἰς
3248 724 3341 779 τὸν
3364 726 3544 780 ita-trav
3568 727 3707 783 Ῥώ-

2051 836 2182 886 μης.
2211 813 2425 871 Βούλλα
2442 818 2622 890 χρυσῇ
2650 810 2967 869 δισολδία’«
2994 815 3080 870 Ἐν
3107 814 3337 886 ὀνόματι
3358 816 3707 890 τοῦπατρὸς,

2046 903 2261 958 καὶτοῦ
2294 906 2448 976 Υἱοῦ,
2479 905 2567 958 καὶ
2598 907 2695 959 τοῦ
2738 903 2898 978 ἁγίου
2943 903 3263 976 Ηνεὺματος
3301 907 3400 959 τοῦ
3450 904 3569 969 ἑνὸς
3614 906 3709 960 καὶ

2052 992 2219 1065 μόνου
2249 991 2518 1062 ἀληθινοῦ
2548 996 2683 1048 Θεοῦ
2705 994 2739 1061 ἡ
2750 996 2885 1065 μῶν·
2912 994 3318 1054 Κωνάταντῖνος
3362 994 3453 1048 καὶ
3493 994 3710 1066 Ῥωμα-

2048 1082 2158 1153 νὸς,
2181 1083 2367 1137 πιστοὶ
2388 1081 2439 1136 ἐν
2464 1081 2611 1153 αὐτῷ
2630 1085 2710 1154 τῷ
2740 1086 2856 1154 Θεῷ
2881 1080 3129 1157 βασιλεῖς
3158 1083 3477 1155 Ῥωμαίων,
3508 1084 3647 1157 πρὸς
3676 1084 3704 1138 ὁ

2051 1168 2200 1225 δεῖνα
2224 1172 2316 1226 τὸν
2345 1171 2653 1245 ἁγιώτατον
2685 1171 2868 1225 πάπαν
2913 1172 3137 1244 Ῥώμης
3204 1171 3296 1226 καὶ
3337 1172 3707 1247 πνευματικὸν

2006 1262 2212 1333 ’ἡμῶν
2268 1260 2494 1336 ΙΙατέρα.
2534 1284 2561 1312 ››
2611 1259 2712 1323 Εἷς
2764 1260 2854 1316 τὸν
2912 1257 3057 1337 ῥῆγι
3107 1261 3386 1330 Σαζωνίας
3432 1264 3569 1336 (70)’
3632 1262 3711 1325 εἰς

1350 1362 1550 1420 JOAN.
1590 1361 1737 1417 JAC.
1779 1361 2044 1418 REISKII
2086 1361 2653 1420 COMMENTARIUS

284 1449 593 1522 appellari,
624 1451 764 1522 quia
792 1468 862 1507 ea
892 1454 1031 1507 urbs
1085 1451 1351 1508 Arabilus
1396 1454 1527 1507 urbs
1573 1452 1726 1522 pacis
1758 1451 1936 1506 audit.

282 1520 398 1595 Sed
442 1520 742 1595 ξΡωμοῆύρ
792 1524 929 1595 quid
977 1524 1091 1580 sibi
1141 1524 1300 1591 velit,
1348 1520 1583 1579 nescio.
1620 1523 1942 1595 Exponitur

281 1592 723 1667 statixopaaav,‘
764 1592 932 1651 Forte
962 1597 1159 1666 itaque
1205 1595 1514 1664 legendum
1565 1592 1847 1666 Βαμόγύρ,
1881 1595 1935 1648 id

283 1671 375 1721 est
412 1663 587 1735 Βὰμό
616 1663 772 1740 γούρ,
813 1667 951 1721 Bam
974 1672 1031 1740 et
1061 1663 1202 1740 Eur,
1235 1684 1362 1740 quae
1392 1667 1588 1740 amba
1629 1663 1940 1740 pro'gt'ncize

285 1752 393 1809 pro
424 1751 540 1809 una
570 1737 756 1792 solent
786 1738 1168 1807 considerari,
1195 1737 1504 1794 et'rlndiam
1536 1737 1705 1809 atque
1732 1737 1939 1791 Chora-

288 1808 495 1864 ianam
525 1808 891 1879 interjacent.

359 1880 475 1949 (70)
506 1879 688 1937 Graeci
719 1896 912 1936 rerum
945 1880 1429 1937 Germanicarum
1466 1879 1656 1949 ignari
1688 1883 1745 1935 et
1775 1879 1941 1935 incu-

291 1950 362 2006 rii
389 1967 583 2023 regem
616 1968 648 2007 e
677 1952 825 2008 duce
856 1954 1146 2008 iaciebant
1169 1970 1183 2021 ;
1209 1957 1274 2007 ut
1303 1953 1362 2007 in
1395 1950 1599 2007 multis
1628 1951 1758 2023 aliis
1787 1951 1941 2006 fece—

293 2021 754 2097 rane—Princeps
785 2023 924 2080 olim
952 2023 1127 2097 paulo
1158 2024 1447 2097 potentior
1474 2023 1619 2094 ipsis
1652 2021 1751 2097 ῥήξ
1784 2026 1944 2097 erat;

293 2090 552 2221 Βασιλεύς
602 2090 764 2151 solus
821 2090 971 2151 suus
1024 2090 1361 2166 imperator.
1424 2090 1833 2150 Saione's’hic
1889 2097 1947 2149 et

342 2166 522 2221 oioari
579 2167 639 2221 in
695 2167 889 2221 specie
946 2168 1346 2221 nominantur.
1377 2167 1514 2221 auia
1569 2166 1946 2221 imperatores

342 2166 522 2222 oioari
579 2167 639 2238 in
695 2167 889 2238 specie
946 2168 1346 2238 nominantur,
1377 2167 1514 2237 quia
1569 2166 1946 2236 imperatores

290 2236 619 2294 Germanici
649 2253 681 2293 e
709 2236 881 2309 gente
930 2236 1214 2293 Saxonica
1264 2236 1407 2293 tum
1438 2239 1784 2309 regnabant,
1818 2253 1944 2292 cum

291 2309 707 2364 Constantinus
724 2308 1319 2380 ’Porphyrogennetus
1342 2314 1400 2364 et
1420 2311 1549 2378 ejus
1570 2325 1713 2379 gens
1736 2308 1950 2380 Byzan-

290 2380 371 2434 tio
429 2381 902 2435 dominarentur.
961 2379 1377 2435 Constantinus
1450 2379 1685 2449 Porph.,
1741 2379 1947 2435 Leonis

291 2450 476 2520 ﬁlius,
510 2458 611 2506 aut
658 2451 959 2507 Romanus
1008 2452 1345 2521 Lecapenus
1394 2451 1649 2522 legatum
1704 2451 1855 2506 misit
1890 2454 1947 2507 in

290 2522 603 2578 Saxoniam
641 2522 736 2594 [ad
767 2526 1034 2579 Ottonem
1071 2523 1112 2578 l.
1147 2525 1301 2578 circa
1330 2524 1398 2579 A.
1429 2524 1537 2578 946
1566 2531 1662 2578 aut
1700 2523 1853 2587 945.,
1883 2528 1951 2578 ut

289 2595 560 2667 perhibet
616 2594 905 2667 Lambert.
968 2594 1561 2667 Scbat‘naburgensis]
1617 2595 1948 2650 Simeonem

285 2666 628 2721 eunuchum
660 2665 1009 2734 κοιτωνίτην,
1034 2670 1091 2720 et
1116 2667 1247 2722 Otto
1277 2665 1645 2722 vicissim'ad
1679 2683 1809 2720 eum
1846 2667 1952 2721 mi-

291 2738 368 2794 sit
400 2738 786 2811 Luitfredum,
818 2739 1143 2811 institorem
1174 2754 1273 2811 seu
1304 2738 1754 2809 negotiatorem,
1783 2756 1952 2811 πραγ-

338 2808 587 2877 ατευτήν,
622 2807 1057 2880 Moguntiacum
1087 2825 1101 2875 ;
1134 2825 1186 2865 v.
1222 2807 1572 2880 Luitp'rand.
1605 2810 1751 2865 Hist.
1784 2807 1862 2864 vi.
1893 2809 1947 2864 2.

344 2882 638 2936 ambertus
698 2882 869 2936 modo
927 2882 1136 2936 citatus
1188 2882 1254 2936 A.
1312 2881 1685 2937 949ziterum
1740 2882 1953 2936 venisse

294 2951 526 3007 nuntios
566 2953 882 3009 ercorum
914 2952 984 3007 ad
1014 2967 1192 3023 regem
1225 2952 1474 3009 Ottonem
1519 2968 1641 3008 cum
1671 2950 1951 3022 pretiosis-

297 3023 458 3079 simis
510 3023 835 3079 muneribus
882 3023 945 3078 in
989 3026 1259 3079 memoria
1298 3026 1559 3079 omnium
1617 3032 1949 3079 sanctorum.

299 3093 445 3151 Item
497 3096 567 3149 ad
617 3097 682 3151 A.
735 3095 858 3151 973.
919 3096 1267 3165 legationem
1325 3098 1582 3151 Graecam
1644 3099 1950 3163 memorat,

305 3183 435 3237 quis
466 3167 538 3222 ad
569 3169 839 3222 Ottonem
862 3167 921 3221 in
945 3166 1090 3221 urbe
1120 3168 1279 3238 regia
1300 3167 1675 3237 Quedlinburg
1693 3169 1953 3221 residen-

305 3220 425 3294 ’ἴδω
467 3220 707 3294 venerit.
736 3220 901 3293 tunc
950 3220 1079 3292 noti
1126 3220 1874 3294 itaistoisa"§axsaet
1902 3245 1957 3293 et
1996 3220 2039 3288 C

308 3311 485 3367 simul
527 3325 764 3380 quoque
812 3308 1060 3375 Baioari,
1088 3310 1228 3380 quia
1255 3313 1385 3366 Otto
1415 3309 1592 3365 simul
1624 3311 1743 3365 dux
1772 3310 1950 3365 Saxo-

308 3383 420 3453 nise
450 3387 510 3437 et
537 3380 789 3437 Bavariaa
818 3385 963 3453 erat.
1009 3380 1247 3453 Veteres
1277 3381 1730 3453 pronuntiabant
1774 3380 1950 3448 Sacae,

308 3452 499 3522 Σάζοι,
521 3453 682 3507 Sassi
706 3470 720 3518 ;
744 3468 799 3523 p.
836 3453 886 3506 4.
904 3450 1257 3508 Notitiarum
1277 3450 1794 3509 'Holstenianarum
1824 3457 1956 3523 post

307 3524 492 3596 Caroli
527 3541 560 3596 a
585 3524 640 3578 S.
672 3521 844 3596 Paulo
876 3523 1288 3594 geographiam
1321 3541 1548 3580 sacram
1580 3524 1794 3596 legitur
1815 3521 1953 3596 ἄχρι

302 3598 414 3648 τῶν
455 3592 620 3667 ὁρίων
664 3592 961 3667 Σάζωνίρι
992 3592 1238 3667 notatur
1276 3596 1334 3650 in
1378 3592 1665 3667 margine'
1690 3592 1951 3664 Σαξόνὼν.

305 3668 418 3725 Sed
454 3665 573 3738 non
600 3682 749 3738 opus
780 3673 886 3738 est.
914 3665 1101 3738 Pagus
1125 3665 1223 3722 ille
1244 3683 1420 3738 prope
1453 3665 1689 3722 Leidam
1720 3667 1956 3722 Batavo-

306 3755 461 3804 rum,
477 3736 717 3793 milliari
732 3738 847 3792 fere
864 3736 997 3792 inde
1010 3752 1208 3793 versus
1231 3736 1687 3808 septentrionem
1704 3740 1952 3807 distans,

306 3828 338 3868 e
370 3827 487 3883 quo
534 3809 669 3865 Saxi
717 3808 977 3891 olim,.ut
1016 3809 1261 3877 videtur,
1291 3810 1352 3865 in
1385 3811 1653 3882 Angliam
1702 3810 1955 3881 trajicie-

305 3882 471 3954 bant,
522 3881 713 3954 adh_uc
769 3878 941 3954 hodie
996 3880 1363 3954 sessentteim,
1415 3883 1603 3954 patria
1644 3880 1954 3954 rSassomm,

309 3923 724 4028 dicitiiri’[AD_e_
755 3951 1234 4028 nominepﬁgab
1256 3923 1448 4028 imppt
1481 3953 1691 4028 Graecis
1738 3925 1957 4028 tribute

309 4027 431 4080 vid.
457 4041 511 4095 p.
537 4024 641 4077 316
660 4023 904 4096 Dissert.
927 4023 1222 4096 Joinville.
1242 4023 1482 4080 Oroatia;
1512 4026 1692 4080 duces
1724 4026 1958 4096 quando

314 4094 493 4151 duces
522 4095 705 4150 vocati
740 4095 880 4163 sint,
911 4111 961 4152 ν.
995 4094 1263 4151 Giornale
1294 4096 1383 4151 dei
1419 4095 1687 4152 Letterati
1719 4094 1796 4164 ti,
1830 4098 1955 4151 435.

310 4166 667 4223 Venetorum
695 4166 985 4240 principes
999 4167 1630 4239 Constantinopolitani
1650 4168 1963 4240 imperato-

314 4256 407 4295 res
453 4243 517 4294 ut
546 4253 707 4308 reges
738 4239 1145 4305 considerant;
1180 4239 1321 4293 ibid.
1353 4255 1467 4302 xw,
1501 4257 1555 4307 p.
1588 4240 1692 4294 484
1719 4239 1838 4305 {de
1871 4256 1960 4295 re-

313 4315 398 4381 gis
419 4326 606 4382 regum
627 4308 795 4382 titulo
819 4309 1165 4382 Francorum
1190 4311 1424 4382 regibus
1446 4313 1579 4367 dato
1595 4328 1649 4366 v.
1666 4310 1751 4365 Du
1775 4311 1962 4380 Gange

312 4380 491 4438 Alex.
513 4399 567 4451 p.
601 4380 778 4451 352.]'
808 4383 882 4453 De
923 4380 1091 4437 titulo
1130 4380 1295 4450 regis,
1327 4380 1672 4438 Germanico
1712 4383 1961 4453 impera-

313 4456 426 4510 tori
456 4469 489 4507 a
518 4453 731 4508 Graecis
781 4452 936 4507 velut
985 4454 1209 4508 minore
1256 4454 1473 4509 tributo
1530 4453 1647 4509 vid.
1691 4452 1841 4509 idem
1893 4454 1960 4509 ad

313 4526 474 4581 Alex.
501 4541 553 4596 p.
575 4525 700 4579 236.
726 4528 781 4596 et
810 4523 1039 4579 Selden.
1074 4523 1251 4579 Titul.
1285 4529 1498 4581 Honor.
1526 4542 1583 4596 p.
1606 4526 1676 4579 50
1696 4531 1753 4580 et
1784 4525 1953 4581 Goar.

315 4599 387 4653 ad
418 4595 615 4653 Codin.
650 4612 704 4666 ι).
737 4595 828 4659 72,
855 4613 909 4650 n.
932 4596 1024 4667 3i.
1056 4596 1479 4667 ‘[Imperatoris
1510 4595 1718 4652 titulus
1748 4612 1781 4651 a
1811 4595 1959 4652 Graa-
1992 4595 2044 4658 D
2077 4595 2297 4665 gustum
2327 4596 2607 4667 appellant
2633 4616 2647 4664 ;
2674 4595 2938 4667 Pipinum
2978 4614 3126 4665 vero,

318 4669 403 4725 cis
444 4675 685 4739 negatus
716 4672 810 4741 est]
834 4666 1312 4741 occidentalibus.
1348 4667 1580 4741 Manuel
1629 4670 1768 4741 imp.
1804 4670 1957 4739 paci-

317 4737 669 4797 scitur'cum
721 4737 1023 4811 Fridericor
1055 4739 1189 4806 imp.
1225 4740 1310 4796 vel
1343 4755 1405 4811 se
1434 4737 1621 4809 ipsum
1655 4737 1966 4811 imperato-

316 4828 437 4868 rem
488 4814 545 4867 et
590 4810 934 4867 orientalem
983 4810 1325 4882 Neo-Romae
1373 4810 1514 4882 imp.
1558 4810 1783 4879 vocare,
1830 4818 1968 4867 teste

316 4883 652 4955 Radevico;
699 4882 818 4937 vid.
868 4881 1171 4955 Eginharti
1208 4881 1573 4955 interpretes
1633 4882 1822 4955 p.83.
1867 4882 1968 4955 Sy-

320 4955 515 5026 meoni
547 4958 613 5026 ut
640 4952 979 5025 imperatori
1010 4958 1069 5026 et
1096 4953 1219 5026 regi
1256 4952 1656 5026 acclamatum
1708 4952 1968 5026 Romana

319 5024 545 5095 lingua.
578 5025 784 5097 Georg.
816 5024 1084 5082 Monach.
1118 5024 1189 5097 p.‘
1208 5024 1333 5082 580.
1366 5025 1753 5097 Imperatores
1787 5025 1965 5080 Graeci

320 5094 563 5169 titulum
594 5094 755 5151 hunc
785 5097 989 5152 Basilei
1021 5094 1225 5153 Carolo
1254 5101 1330 5153 Μ.
1369 5094 1604 5169 negant,
1639 5097 1751 5152 vid.
1789 5100 1965 5169 Egin-

321 5165 478 5239 harti
512 5166 852 5239 interpretes
882 5184 939 5239 p.
975 5169 1145 5238 128.1'
1175 5165 1546 5239 Agnoverant
1584 5168 1817 5237 quidem
1844 5165 1968 5224 Ire-

322 5253 426 5311 nes
459 5236 625 5305 legati
654 5236 920 5293 Carolurh
956 5254 1054 5307 pro
1085 5236 1429 5311 imperatore
1460 5245 1517 5296 et
1546 5236 1837 5296 Basileum
1868 5256 1965 5295 sa-

321 5308 1038 5382 lutaverant._Sequentes
1093 5308 1288 5367 tamen
1344 5313 1722 5382 imperatores
1787 5311 1968 5367 Graeci

365 5380 619 5435 rotestali
672 5379 905 5433 fuerunt
942 5381 1220 5438 adversus
1263 5379 1477 5439 factum
1511 5385 1597 5440 vel
1630 5384 1969 5439 auctoritate

344 5457 644 5526 egatorum
700 5450 945 5526 privata.
992 5453 1076 5506 vel
1120 5454 1287 5522 jussu
1339 5455 1569 5510 feminas
1627 5456 1964 5526 tyrannicae,

324 5521 449 5595 quae
481 5521 715 5595 iuribus
741 5521 867 5595 suis
898 5521 1175 5595 derogare
1210 5541 1324 5580 non
1355 5526 1624 5595 potuerit,
1651 5521 1711 5581 ut
1741 5526 1825 5580 illi
1859 5521 1972 5581 aie-

323 5592 582 5668 bant.'V.
616 5592 1092 5668 locus_Sigeberti
1139 5592 1568 5654 Gemblacensis
1610 5592 1790 5668 paulo
1840 5601 1973 5668 post

324 5667 612 5738 citandus.
641 5663 931 5738 '[Micbael
983 5664 1358 5738 Curopalatcs
1389 5670 1590 5724 Carolo
1619 5663 1695 5724 Μ.
1734 5663 1969 5723 titulum

325 5735 693 5805 imperatorii
742 5747 953 5807 negat,
984 5735 1181 5791 Giorn.
1229 5739 1285 5793 d.
1334 5739 1542 5795 Letter.
1593 5739 1736 5795 XVI.
1774 5743 1858 5795 48.
1893 5740 1973 5796 De

328 5807 556 5865 Basileo
630 5805 868 5861 nomine
940 5805 1393 5876 imperatoribus
1462 5811 1673 5865 Graacis

331 5825 556 5865 basiieo
630 5825 868 5861 nomine
940 5825 1393 5876 imperatoribus
1462 5825 1673 5865 urescts
1783 5825 1975 5882 reprto

328 5895 384 5939 ν.
420 5877 708 5949 Anonymi
735 5877 1003 5934 Chronic.
1028 5877 1301 5935 Salernit.
1324 5894 1381 5951 p.
1402 5879 1528 5937 247.
1550 5884 1595 5936 t.
1627 5881 1678 5939 II
1710 5828 1975 5951 ararat]

1773 5881 1978 5953 urat.]‘

1972 1847 2020 1913 B

2049 1450 2219 1506 Gravi
2271 1466 2539 1507 sermone
2592 1450 2875 1522 querulus
2934 1449 3349 1522 debacchatur,
3382 1450 3708 1507 Cinnamus

2048 1539 2106 1594 p.
2144 1523 2265 1590 127,
2302 1523 2360 1577 ἱη
2411 1521 2802 1594 arrogantiam
2853 1524 3273 1592 imperatorum
3325 1521 3708 1579 Germanico-

2049 1610 2200 1659 rum,
2235 1595 2386 1665 quod
2421 1596 2839 1664 imperatorum
2874 1594 3109 1650 titulum
3151 1594 3504 1663 arripuerint
3533 1603 3592 1650 et
3623 1612 3712 1651 re-

2048 1681 2150 1736 ges
2188 1667 2346 1737 galios
2398 1666 2635 1737 faciant,
2661 1667 2798 1736 jure
2845 1665 3029 1721 nullo.
3062 1666 3171 1721 Sed
3220 1682 3369 1737 opus
3420 1682 3534 1722 non
3584 1672 3713 1722 erat

2050 1735 2232 1792 tantis
2264 1737 2388 1792 iris.
2423 1735 2492 1792 Ut
2524 1735 2678 1808 enim
2732 1737 2998 1793 omittam
3036 1738 3141 1792 hoc
3172 1735 3400 1808 urgere,
3426 1738 3529 1808 jus
3559 1738 3711 1794 illud

2051 1823 2117 1864 eo
2149 1809 2315 1863 titulo
2366 1809 2559 1863 utendi
2596 1807 2739 1864 solis
2768 1809 2979 1864 Graecis
3010 1807 3310 1879 proprium
3345 1807 3461 1864 non
3494 1825 3623 1865 esse
3654 1817 3712 1865 et

2053 1896 2356 1951 nunquam
2391 1880 2572 1935 fuisse
2600 1885 2656 1935 et
2677 1896 2775 1935 eos
2810 1880 2952 1935 falsa
2983 1880 3403 1951 imaginatione
3435 1880 3548 1936 sibi
3579 1880 3709 1936 illu-

2050 1954 2206 2015 dere,
2235 1953 2337 2022 qui
2357 1957 2724 2018 asseverant;
2749 1951 2859 2007 hoc
2880 1952 3282 2007 tantummodo
3314 1953 3528 2021 dicam,
3552 1953 3710 2008 Grae-

2049 2039 2149 2079 cos
2181 2022 2388 2079 Basilei
2412 2023 2648 2079 titulum
2672 2039 2790 2079 non
2815 2029 3045 2079 tantum
3071 2023 3457 2095 Bulgarorum
3490 2024 3710 2095 princi-

2050 2095 2247 2166 pibus
2273 2095 2485 2150 saeculo
2528 2095 2754 2150 decimo
2799 2094 3312 2166 concessisse,sed
3337 2094 3458 2166 jam
3493 2094 3711 2151 Saecula

2052 2165 2214 2239 sexto
2239 2165 2461 2239 legatos
2481 2165 2807 2239 Justiniani
2827 2165 3185 2239 M._Aretam,
3208 2166 3395 2221 tilium
3428 2165 3708 2239 Giabalaa,

2051 2236 2441 2310 phylarcbum
2478 2238 2748 2305 Arabum,
2783 2236 2990 2293 Basilei
3024 2239 3259 2310 nomine
3298 2237 3712 2310 compellasse,

2053 2315 2199 2364 teste
2253 2309 2532 2380 Procopio
2590 2325 2648 2380 p.
2696 2311 2789 2377 28,
2837 2310 2928 2365 ed.
2982 2309 3268 2381 Hcescbel.
3319 2308 3561 2373 lin.'34,
3604 2312 3712 2381 qui

2054 2381 2208 2435 idem
2239 2381 2547 2449 Procopius
2568 2386 2763 2436 tamen
2791 2380 3003 2437 saeculo
3027 2397 3082 2448 ν,
3102 2380 3415 2436 discrimen
3440 2398 3474 2436 a
3494 2381 3715 2437 Graecis

2054 2452 2206 2507 inter
2241 2453 2515 2507 basileum
2546 2468 2604 2507 et
2632 2468 2819 2522 regem
2867 2452 3048 2508 fuisse
3088 2452 3300 2507 factum
3343 2454 3564 2507 indicat
3594 2452 3715 2508 Go-

2053 2522 2265 2595 thicor.
2301 2526 2341 2595 l.
2368 2541 2435 2595 Ap.
2471 2523 2596 2595 1.66,
2628 2525 2719 2595 ed.
2766 2523 2983 2579 llaasch.
3012 2524 3393 2595 narransde
3438 2523 3712 2595 Theodo-

2054 2594 2209 2672 rico:
2246 2588 2421 2672 Αὐτξς
2460 2588 2727 2672 ⁸ἔςινχέῑςιτὸ
2784 2598 2893 2672 τῷν
2954 2592 3170 2672 Potae»;
3220 2593 3310 2672 xui
3370 2594 3709 2672 Ἰτᾳᾉιωτῶξ

2054 2665 2276 2739 κράτος,
2307 2665 2395 2719 καὶ
2442 2663 2745 2739 -βᾳὰῖλὲως-
2791 2665 2886 2739 μὲν
2942 2666 3384 2739 τῶν-Ῥευμαίων
3438 2665 3562 2739 οὕῖε
3606 2670 3711 2721 τοῦ

2133 2732 2350 2810 ﬂuuio:
2401 2732 2674 2810 9583105
2718 2732 2998 2810 ρνὄματος
3056 2732 3403 2810 inﬂa-reuoca
3452 2736 3713 2810 ἠξίωσεν,

2133 2756 2350 2807 ηματος
2401 2756 2527 2791 ουοε
2577 2757 2674 2792 του
2724 2756 2998 2810 ονοματος
3056 2756 3403 2792 επιοατευσαι
3452 2756 3713 2809 ηξιωσεν,

2056 2756 2204 2883 ἓξ)κᾷ
2240 2808 2357 2883 Δῥήξ
2397 2803 2614 2883 ’διξϐηίω-
2647 2806 3010 2883 καλούμενος·
3046 2806 3207 2883 οὕηειιι)Δ
3229 2808 3331 2882 γὰρ
3382 2812 3529 2883 σφῶν
3579 2808 3718 2883 rei);

2060 2874 2415 3009 ἵασιλέὰξᾏὶ
2465 2874 2743 2953 Βάρϐαροι
2789 2874 2976 2934 κὲιλεῖν
3022 2874 3353 2953 νενομίκᾶάι.
3406 2874 3568 2938 Esset
3616 2881 3717 2938 hic

2084 2970 2224 3009 ocus
2257 2954 2327 3008 de
2359 2951 2743 3009 legationibus
2785 2952 3146 3009 CPtanorum
3189 2955 3603 3009 imperatorum
3635 2954 3711 3009 ad

2084 2970 2224 3010 ocus
2257 2954 2327 3008 de
2359 2951 2743 3025 legationibus
2785 2951 3155 3009 CPtanorum'
3189 2955 3603 3025 imperatorum
3635 2954 3711 3009 ad

2059 3023 2444 3082 occidentales
2487 3025 2721 3096 agendi,
2753 3025 2957 3080 saltem
2989 3042 3113 3095 quae
3143 3023 3367 3081 aetatem
3420 3026 3711 3082 Constan-

2058 3097 2167 3152 tini
2197 3095 2569 3151 antecedunt.
2593 3095 2705 3152 Sed
2729 3113 2882 3151 nunc
2906 3113 3020 3151 non
3042 3101 3226 3152 vacat.
3251 3098 3473 3153 Interea
3503 3096 3707 3152 saltem

2112 3167 2324 3239 sucula
2383 3166 2505 3239 hinc
2560 3167 3203 3239 aspergam.7Leicbius
3243 3168 3590 3236 observavit,
3636 3167 3710 3223 ad

2112 3186 2324 3224 sucula
2383 3186 2505 3223 Ι]ωο
2560 3186 2889 3239 aspergam.
2946 3186 3203 3223 Lelcntus
3243 3186 3590 3236 ODSBI‘VﬁVlI,
3636 3186 3710 3223 δα

2069 3186 2338 3296 ἓετοίυη)
2392 3238 2468 3293 Μ.
2509 3242 2739 3295 venisse
2789 3239 2861 3294 ab
2908 3238 3048 3309 imp.
3088 3240 3315 3311 CPtano
3364 3239 3607 3311 legatos,
3640 3240 3718 3295 de

2063 3312 2276 3383 quibus
2327 3319 2605 3383 memoret
2656 3311 2944 3383 Eccardus
2990 3312 3062 3366 de
3110 3310 3441 3383 δαικὺυτεσ
3469 3328 3524 3383 p.
3556 3310 3637 3383 34
3658 3319 3718 3366 et

2062 3381 2319 3455 Annales
2367 3381 2730 3455 Bertiaianos
2760 3381 2833 3455 ad
2859 3383 2932 3455 7A.
2963 3386 3025 3437 (ἶ.
3060 3382 3164 3455 839
3195 3381 3430 3438 narrare
3467 3381 3722 3455 legatio-

2064 3471 2195 3511 nem
2229 3453 2518 3509 CPtanam
2554 3454 2623 3509 ad
2660 3453 3006 3508 Ludovicum
3041 3454 3207 3525 Pium
3242 3471 3298 3525 p.
3329 3455 3436 3510 525
3465 3453 3556 3509 ed.
3590 3453 3721 3509 Mu-

2062 3530 2170 3581 rat.
2206 3525 2575 3597 Legationem
2611 3524 2807 3580 Irenes
2829 3525 2898 3579 ad
2923 3523 3190 3581 Carolum
3213 3523 3289 3581 Μ.
3314 3525 3718 3597 Sorbigenses,

2064 3598 2216 3653 cives
2248 3596 2382 3662 mei,
2407 3595 2722 3662 celebrant,
2755 3602 3028 3668 putantes
3057 3613 3183 3652 eam
3217 3598 3372 3667 apud
3405 3595 3719 3668 Sorbigam

2066 3668 2325 3741 afCarolo
2354 3672 2655 3741 exceptam
2699 3667 2828 3741 esse
2867 3684 3021 3724 anno
3064 3669 3190 3741 801.
3220 3669 3504 3741 Sigebert.
3538 3667 3718 3741 Gem-

2065 3740 2222 3810 blac.
2258 3739 2326 3794 ad
2364 3741 2420 3794 Α.
2455 3739 2561 3793 805
2608 3739 2709 3808 ait,
2750 3739 3009 3796 CPtanos
3055 3739 3719 3810 crebris’legationibus

2065 3809 2334 3867 Carolum
2357 3810 2469 3866 sibi
2491 3809 2829 3867 ﬁrmissimo
2846 3812 3057 3867 findere
3070 3809 3427 3868 conciliasse.
3445 3810 3591 3875 Quia
3605 3825 3729 3867 me-

2068 3882 2379 3955 morabilia
2410 3887 2549 3955 sunt
2577 3883 2771 3951 verba,
2804 3881 3090 3939 ascribam
3123 3900 3208 3939 ea.
3238 3882 3348 3955 Sed
3383 3884 3546 3955 prius
3574 3898 3725 3955 con-

2071 3953 2338 4035 n‘exionis
2368 3953 2554 4035 gratia
2585 3969 2711 4023 quae
2742 3955 2811 4035 ad
2844 3956 2910 4010 A.
2942 3955 3042 4009 801
3078 3955 3252 4035 hebet
3282 3953 3519 4035 alie—ram
3546 3971 3561 4023 ;
3591 3954 3730 4035 illu_-

2070 4030 2265 4081 strant
2302 4026 2481 4097 enim
2513 4030 2857 4094 praesentem
2896 4041 3051 4097 rem.
3101 4027 3353 4093 Romani,
3385 4028 3485 4096 ait,
3527 4026 3623 4097 qui
3654 4026 3725 4080 ab

2069 4097 2414 4167 imperatore
2455 4096 2672 4152 CPtano
2693 4099 2817 4168 jam
2843 4096 2940 4152 diu
2969 4099 3156 4154 animo
3184 4096 3547 4165 desciverant,
3574 4112 3731 4152 nunc

2069 4172 2291 4238 accepta
2334 4169 2631 4240 occasionis
2679 4171 3107 4240 opportunitate,
3139 4173 3271 4240 quia
3299 4169 3508 4225 mulier
3535 4182 3727 4225 exem-

2069 4244 2188 4295 calo
2218 4241 2553 4309 imperatore
2593 4239 2966 4306 Constantino,
2998 4240 3115 4310 ﬁlio
3143 4239 3263 4310 suo,
3291 4241 3369 4296 eis
3396 4240 3728 4311 imperabat,

2071 4327 2181 4394 uno
2222 4312 2465 4394 omnium
2509 4327 2774 4394 ceneensu
2807 4312 2999 4366 Carolo
3030 4313 3158 4394 regi
3186 4311 3733 4394 imperatoriasntau-

2070 4382 2162 4456 des
2205 4381 2520 4456 acclamanl
2551 4383 2633 4453 [id
2667 4388 2756 4438 est
2784 4393 2928 4451 acta,
2962 4381 3153 4454 qualia
3183 4381 3531 4455 imperatori,
3569 4381 3731 4456 βοισὲ-

2074 4448 2162 4507 λεῖ
2192 4454 2493 4509 acclamari
2519 4448 2608 4524 fas
2635 4460 2735 4520 est,
2769 4448 3091 4525 nuncupant
3127 4448 3729 4526 eum'imperalorem],

2075 4541 2308 4596 eumque
2333 4540 2435 4595 per
2474 4542 2705 4597 manum
2732 4542 2892 4597 papa?
2919 4536 3202 4583 coronant.
3237 4526 3501 4583 Caesarem
3533 4530 3582 4580 et
3614 4528 3733 4580 Au-

3165 4598 3348 4669 ﬁlium
3379 4601 3519 4670 ejus,
3542 4612 3730 4670 regem

2075 4668 2260 4725 Italiae
2326 4668 2652 4741 ordinatum
2698 4668 3082 4741 ileedﬂEﬁ‘tOVJ
3144 4668 3468 4726 Collaudant

3554 4687 3733 4736 ευφη-

2125 4670 2260 4725 alia?
2326 4670 2652 4724 ordinatum
2716 4670 3082 4741 ίθεόστεπτον]
3144 4670 3468 4726 collaudant
3532 4670 3733 4743 [εὐφη-

2124 4742 2294 4806 οὖσιν,
2326 4736 2733 4813 ἄκτολογοῦᾳιῙ.
2785 4741 2930 4797 Dein
2960 4741 3149 4813 pergit
3177 4742 3249 4797 ad
3279 4744 3344 4799 A.
3376 4742 3483 4796 805
3513 4756 3525 4795 :
3563 4739 3733 4813 Caro-

2102 4827 2164 4885 us
2196 4813 2500 4885 imperator
2527 4812 2949 4885 indignantibus
2966 4812 3176 4885 contra
3195 4828 3274 4885 ~se
3302 4812 3733 4885 imperatoribus

2079 4881 2723 4957 Constantinepotitanis
2774 4887 3001 4957 propter
3051 4883 3324 4957 invidiam
3380 4881 3739 4957 imperatorii

2075 4956 2317 5009 nominis
2346 4970 2381 5008 α
2411 4954 2672 5010 Romanis
2720 4954 2829 5010 sibi
2875 4954 3121 5027 depositi
3163 4956 3242 5027 [id
3299 4960 3387 5013 est
3435 4954 3732 5027 impositi],

2077 5042 2279 5096 magna
2326 5028 2606 5098 patientia
2635 5034 2690 5081 et
2716 5029 3182 5098 magnanimitate
3211 5042 3298 5083 eos
3328 5027 3483 5091 tulit,
3515 5032 3566 5086 et
3596 5029 3736 5098 quia

2075 5100 2380 5169 suspectam
2418 5097 2707 5169 [habebant
2749 5097 2908 5154 suam
2952 5100 3271 5169 potentiam,
3323 5100 3527 5154 crebris
3578 5097 3735 5167 tega-

2077 5167 2321 5240 tionibus
2373 5167 2483 5223 sibi
2528 5184 2652 5225 eum
2702 5167 3026 5240 ﬁrmissimo
3073 5170 3278 5240 [edere
3332 5168 3731 5226 conciliabant.

2078 5238 2339 5312 Rhegino
2399 5238 2761 5312 Prumiensis
2820 5244 2888 5297 ad
2938 5244 3001 5296 A.
3037 5238 3096 5298 C.
3142 5243 3266 5297 812.
3310 5241 3431 5297 haec
3489 5245 3731 5297 narrat:

2076 5310 2378 5385 Nicephoro
2420 5310 2671 5367 Generali
2716 5319 2930 5370 mortuo
2984 5313 3222 5367 Michael
3252 5313 3535 5385 [Balbus],
3567 5327 3739 5385 gener

2077 5382 2218 5452 ejus,
2250 5382 2554 5455 imperator
2607 5389 2786 5454 [actus
2844 5388 3048 5453 legatos
3104 5382 3326 5441 domini
3380 5382 3736 5455 imperatoris

2078 5453 2336 5525 [Caroli],
2396 5456 2493 5525 qui
2565 5453 2636 5510 ad
2708 5456 3078 5528 Nicephorum,
3129 5453 3518 5528 imperatorem
3546 5456 3741 5528 Amissi

2078 5529 2324 5600 fuerant,
2356 5528 2592 5596 suscepit
2620 5528 2694 5600 in
2740 5525 2911 5583 CPlin
2945 5532 2995 5584 et
3027 5525 3263 5584 absolvit
3311 5525 3624 5600 [expediit,_
3644 5525 3743 5581 di-

2081 5596 2465 5670 misit];cum
2512 5596 2708 5668 quibus
2741 5605 2797 5653 et
2827 5615 2955 5655 suos
2994 5600 3195 5670 legatos
3234 5596 3459 5664 direxit,
3500 5598 3738 5670 Niobae:-

2085 5668 2187 5723 lem
2233 5667 2445 5725 scilicet
2489 5667 2799 5741 episcopum
2831 5680 2881 5727 et
2911 5667 3196 5727 Arsacium
3244 5670 3366 5741 [aut
3414 5668 3737 5741 Arsenium]

2082 5750 2250 5810 atque
2294 5740 2686 5815 recognostum
2729 5740 3259 5815 protospatharium,
3292 5749 3345 5798 et
3364 5759 3477 5815 per
3513 5756 3600 5815 eos
3624 5740 3736 5815 pa;

2081 5825 2202 5866 cem
2238 5828 2277 5884 _a
2304 5811 2610 5884 Nicephoro
2657 5811 2884 5884 coeptam
2914 5811 3295 5883 conﬁrmavit.
3346 5811 3487 5871 Nam
3530 5812 3737 5884 Aquis-

2080 5882 2270 5955 grani,
2317 5883 2419 5939 ubi
2438 5882 2445 5883 “
2465 5884 2543 5941 ad
2588 5882 2975 5958 imperatorem
3027 5890 3313 5958 venerunt,
3362 5882 3738 5959 conscriptum
