4094 6378
314 385 470 444 1279

1366 389 1924 451 CONSTANTINI
1969 390 2662 453 PORPHYROGENITI

3578 388 3736 449 1280

310 518 585 590 dirigitur
606 517 928 590 inscriptio,
962 519 1199 576 nomine
1211 521 1652 579 Patzinacorum
1671 539 1940 595 expresso

2082 518 2359 596 Σέρϐλωψ
2394 523 2472 584 εἷς
2513 523 2605 578 τὸν
2658 519 2904 601 ἄρχοντα
2949 524 3057 578 τῶν
3105 518 3473 596 Ζαχλοῦμων·
3521 518 3598 582 εἷς
3646 521 3740 574 τὸν

311 611 367 664 et
396 607 611 663 similis
643 623 874 679 quoque
899 607 1084 665 bulla.
1127 610 1207 664 Ad
1241 611 1580 668 archontem
1616 612 1960 679 Chrobatize,

307 696 673 762 Serblorum,
731 697 1186 754 Zachlumorum
1245 701 1467 771 Canali,
1552 701 1958 757 Trabunorum

309 785 422 858 [vel
453 786 908 858 Terbunorum],
944 786 1211 856 Diocleze,
1239 791 1510 845 Morabiaa
1534 790 1614 846 sic
1646 792 1958 846 scribitur:

308 898 336 925 α
397 875 735 932 Mandatum
776 893 810 932 a
867 875 1266 946 philochristis
1323 880 1584 952 despotis
1623 880 1693 935 ad
1766 881 1957 950 illum,

307 964 649 1020 archontem
699 964 860 1022 illius
922 966 1251 1037 provinciae.
1288 990 1316 1018 »
1353 970 1429 1024 Ad
1456 969 1562 1026 hos
1594 969 1756 1025 bulla
1788 987 1960 1027 aurea

303 1053 680 1110 estbisoldia.
711 1055 795 1109 Ad
829 1071 1027 1127 regem
1069 1056 1320 1113 Francia:
1355 1059 1438 1114 sic
1469 1059 1784 1115 scribitur:
1813 1082 1842 1110 «
1894 1063 1957 1116 In

305 1143 541 1201 nomine
573 1143 778 1213 Patris,
811 1149 870 1201 et
902 1145 1056 1214 Filii,
1085 1150 1143 1202 et
1173 1147 1420 1219 spiritus
1451 1150 1660 1215 sancti,
1695 1150 1870 1206 unius
1902 1154 1958 1206 et

308 1231 488 1289 solius
519 1232 632 1288 veri
690 1233 790 1289 Dei
837 1235 1040 1304 nostri,
1099 1236 1516 1294 Constantinus
1547 1243 1604 1295 et
1633 1239 1958 1310 Romanus,

305 1322 582 1379 ﬁdelesin
614 1322 815 1378 eodem
830 1322 965 1392 Deo,
992 1325 1233 1393 excelsi,
1255 1327 1522 1399 Augusti,
1547 1328 1956 1400 imperatores,

304 1411 507 1484 magni
550 1428 712 1485 reges
763 1412 1177 1482 Romanorum,
1214 1415 1446 1482 dilecto,
1505 1417 1854 1473 charissima
1902 1423 1958 1474 et

305 1500 597 1572 spirituali
637 1504 836 1557 nostro
871 1503 1705 1575 fratri,illi,nobilissimo,i|lu
1722 1508 1822 1562 stri
1842 1507 1957 1577 regi

305 1591 577 1646 Francia.
609 1611 636 1644 ι
665 1591 754 1648 Ad
784 1609 1120 1662 supremum
1152 1595 1454 1650 dominum
1492 1596 1666 1650 Indiae
1698 1597 1782 1652 sic
1812 1597 1956 1652 scri-

305 1680 508 1737 bitur:
560 1704 588 1733 ‹‹
647 1683 1065 1738 Constantinus
1138 1688 1195 1739 et
1243 1684 1566 1754 Romanus,
1637 1685 1838 1742 ﬁdeles
1896 1687 1954 1741 in

303 1769 534 1826 Christo
567 1771 682 1828 Deo
709 1772 902 1844 magni
927 1773 1324 1843 imperatores,
1345 1790 1509 1846 reges
1533 1775 1952 1844 Romanorum,

2071 610 2318 686 ἄρχοντα
2347 617 2444 667 τοῦ
2477 610 2720 682 Κανάλη·
2757 613 2831 674 εἷς
2886 613 2977 665 τὸν
3029 609 3268 686 ἄρχοντα
3321 613 3428 664 τῶν
3483 604 3736 684 Τραϐού-

2069 719 2198 755 νων⁹
2235 699 2311 764 εἷς
2351 701 2442 756 τὸν
2495 702 2738 777 ἄρχοντα
2783 701 3064 764 Διοκλείας
3103 701 3166 754 ⁸³.
3223 699 3300 762 εἷς
3353 700 3442 754 τὸν
3492 700 3736 772 ἄρχοντα

2070 787 2392 865 Μωραϐίας.
2455 793 2765 868 Ἐπιγραφὴ
2825 793 2900 856 εἷς
2963 791 3181 855 αὐτούς’
3244 814 3271 842 (ι
3326 788 3586 851 Κέλευσις
3676 788 3739 844 ἐκ

2065 885 2176 936 τῶν
2212 879 2589 958 φιλοχρίστων
2626 879 2900 936 δεσποτῶν
2941 883 3076 943 πρὸς
3108 880 3198 936 τὸν
3234 882 3261 935 6
3294 877 3440 934 δεῖνα
3479 879 3572 934 τὸν
3623 877 3730 954 ἐέρ-

2068 989 2241 1045 χοντα
2271 968 2453 1036 τῆσδε.
2492 996 2519 1023 ››
2550 972 2772 1028 Βούλλα
2803 978 2981 1046 χρυσῆ
3019 969 3293 1026 δισολδία.
3338 967 3437 1031 Εἷς
3460 970 3550 1024 τὸν
3578 967 3727 1043 ῥῆγα

2067 1059 2368 1136 Φραγγίας.
2403 1059 2628 1116 Βούλλα
2659 1067 2863 1136 χρυσῆο
2899 1083 2925 1113 ε
2962 1061 3052 1117 Ἐν
3087 1060 3318 1133 ὀνόματι
3347 1061 3445 1112 τοῦ
3489 1059 3726 1131 Πατρὸς,

2065 1151 2154 1204 καὶ
2206 1155 2301 1204 τοῦ
2358 1151 2507 1220 ι’ἱοῦ,
2559 1151 2648 1206 καὶ
2699 1155 2796 1206 τοῦ
2856 1151 3015 1226 ἁγίου
3076 1151 3406 1223 Πνεῦματος,
3454 1152 3552 1204 τοῦ
3609 1147 3729 1210 ἑνὸς

2065 1237 2153 1292 καὶ
2188 1240 2355 1311 μόνου
2416 1238 2683 1309 ἀληθινοῦ
2731 1243 2865 1295 Θεοῦ
2922 1243 3105 1313 ἡμῶν,
3169 1242 3570 1298 Κωνσταντῖνος
3629 1237 3722 1291 καὶ

2064 1328 2342 1400 Ῥωμανὸς
2373 1331 2554 1384 πιστοί
2590 1327 2642 1383 ἐν
2675 1329 2822 1400 αὖτῷ
2851 1327 2932 1402 τῷ
2962 1333 3097 1400 Θεῷ,
3153 1326 3356 1402 ὑψηλοὶ
3409 1326 3724 1403 Αθγουστυι

2064 1416 2462 1493 αὐτοκράτορες
2509 1417 2739 1494 μεγάλοι
2792 1417 3036 1494 βασιλεῖς
3079 1415 3391 1490 Ῥωμαίων,
3447 1419 3526 1488 τῷ
3570 1417 3717 1492 ἠγα·

2063 1505 2316 1579 πημένῳ,
2360 1505 2754 1580 πεποθημένῳ,
2809 1508 2897 1562 καὶ
2950 1511 3300 1578 πνευματικῷ
3348 1507 3510 1577 ἡμῶν
3561 1503 3723 1559 ἀδελ-

2063 1599 2149 1674 φῷ
2179 1595 2207 1649 6
2239 1593 2387 1650 δεῖνα
2419 1601 2497 1667 τῷ
2538 1595 2901 1672 εὐγενεστάτω
2949 1591 3301 1671 περιϐλέπτῳ
3351 1593 3476 1670 ρηγὶ
3528 1600 3719 1670 Φραγ-

2063 1681 2205 1759 γίας.
2242 1707 2270 1735 ››
2319 1685 2415 1746 Εἷς
2453 1686 2544 1740 τὸν
2599 1684 2933 1760 ὑπερέχοντα
2985 1685 3302 1758 κυριεύοντα
3347 1679 3536 1742 Ἰνδίας

2063 1794 2092 1822 ‹‹
2125 1778 2528 1837 Κωνσταντῖνος
2560 1775 2650 1829 καὶ
2683 1774 2984 1848 Ῥωμανὸς,
3035 1775 3214 1829 πιστοὶ
3269 1772 3323 1828 έν
3364 1776 3585 1846 Χριστῷ
3637 1775 3720 1843 τῷ

303 1860 377 1918 ad
406 1860 597 1929 illum,
625 1878 966 1934 supremum
991 1862 1292 1919 dominum
1315 1864 1514 1932 Indiaa,
1547 1865 1827 1921 dilectum
1853 1883 1947 1922 no-

2062 1866 2177 1935 Θεῷ
2275 1862 2504 1937 μεγάλοι
2599 1863 2990 1940 αὐτοκράτορες
3088 1861 3332 1938 βασιλεῖς
3398 1861 3714 1934 Ῥωμαίων,

303 1955 484 2008 atrum
517 1953 792 2008 amicum.
829 1973 856 2001 »
889 1953 971 2007 Ad
1008 1953 1315 2009 dominum
1349 1953 1554 2010 Felicis
1579 1955 1801 2011 Arabiae
1825 1955 1954 2012 mit-

301 2041 445 2096 titur
490 2058 667 2097 aurea
717 2040 876 2098 bulla
905 2057 1041 2098 cum
1098 2041 1208 2098 hoc
1256 2043 1476 2099 titulo:
1531 2066 1558 2093 ‹‹
1620 2043 1952 2100 Constanti-

303 2145 418 2186 nus
474 2134 534 2185 et
582 2130 903 2200 Romanus,
938 2129 1138 2188 ﬁdeles
1186 2131 1245 2185 in
1307 2131 1538 2188 Christo
1587 2132 1701 2188 Deo
1751 2133 1950 2207 magni

298 2220 881 2293 imperatores,reges
894 2220 1314 2293 Romanorum,
1339 2221 1411 2278 ad
1433 2221 1619 2291 illum,
1644 2223 1948 2280 dominum

300 2310 546 2368 Arabia.
567 2333 596 2361 »

891 2492 1122 2550 CAPUT
1159 2493 1346 2550 XLIX.

299 2583 576 2656 Exposita
606 2582 690 2638 vel
712 2587 863 2641 laxae
891 2582 1335 2656 honorariorum,
1369 2599 1492 2656 quae
1521 2584 1757 2652 pendere
1784 2584 1945 2640 debe-

373 2655 502 2708 bant
533 2670 718 2709 recens
762 2657 834 2710 ad
890 2655 1193 2725 dignitates
1250 2660 1301 2711 et
1334 2657 1644 2720 functiones
1682 2659 1943 2726 provecti,

366 2727 556 2854 qualitas
583 2726 684 2781 sub
731 2727 908 2782 Leone
941 2726 1301 2798 philochristo
1355 2727 1573 2800 despola
1630 2726 1757 2786 ille
1796 2732 1945 2786 taxa?

365 2813 499 2853 eran
533 2839 547 2852 .

362 2887 688 2958 Imperialis
712 2887 1021 2944 mandator
1035 2888 1215 2944 dabat
1235 2887 1395 2945 litras
1409 2889 1578 2944 duas.
1613 2888 1942 2962 lmperialis

288 2976 632 3031 candidatus
647 2976 1615 3049 tres.lmperialisstratorquatuor.
1635 2977 1944 3048 lmperialis

289 3065 625 3136 spatharius
639 3065 914 3138 quinque.
934 3067 1089 3122 400
1106 3067 1433 3139 Imperialis
1453 3068 1942 3140 spatharocandi—

283 3155 457 3210 datus
471 3154 922 3228 sex.lmperialis
934 3156 1942 3229 protospathariusduodecim,inter-

2060 1951 2196 2026 πρὸς
2238 1953 2266 2007 6
2308 1950 2456 2008 δεῖνα
2517 1954 2610 2009 τὸν
2681 1953 3018 2030 ὑπερέχοντα
3085 1952 3272 2026 κύριον
3340 1958 3442 2020 τῆς
3498 1948 3709 2020 Ἰνδίας,

2055 2041 2148 2096 τὸν
2190 2041 2546 2116 ἠγαπημένον
2589 2044 2748 2116 ἡμῶν
2795 2041 2979 2121 φίλον.
3026 2067 3046 2094 1
3093 2041 3188 2103 Εἷς
3247 2042 3338 2097 τὸν
3393 2039 3709 2117 κυριεύοντα

2053 2137 2154 2201 τῆς
2187 2128 2529 2205 Εὐδαίμονος
2561 2127 2836 2207 Ἀραϐίας.
2869 2130 3091 2189 Βοῦλλα
3129 2138 3330 2206 χρυσῆ·
3368 2155 3395 2182 ‹‹
3424 2136 3710 2186 Κωνσταν-

2053 2226 2203 2282 τῖνος
2233 2221 2324 2276 καὶ
2355 2223 2653 2295 Ῥωμανὸς,
2694 2222 2879 2277 πιστοὶ
2919 2219 2971 2276 ἐν
3016 2224 3237 2296 Χριστῷ
3284 2224 3361 2293 τῷ
3409 2224 3544 2292 Θεῷ,
3600 2240 3707 2293 με-

2053 2308 2220 2386 γάλοι
2249 2309 2647 2386 αὐτοκράτορες
2679 2309 2924 2386 βασιλεῖς
2954 2309 3270 2385 Ῥωμαίων,
3302 2310 3438 2385 πρὸς
3480 2309 3508 2363 6
3558 2305 3712 2364 δεῖνα

2051 2401 2146 2455 τὸν
2177 2400 2494 2476 κυριεύοντα
2520 2407 2621 2470 τῆς
2649 2397 2925 2475 Ἀραϐίας.
2961 2423 2986 2454 ι

2649 2493 2918 2548 ΚΕΨΑΛ.
2964 2492 3094 2549 ΜΘ’.

2053 2578 2203 2636 Εἰσὶν
2271 2581 2338 2635 τά
2405 2578 2682 2658 ἐκτεθένῖα
2749 2577 3006 2658 δίδοσᾼσαι.
3061 2581 3208 2656 παρᾶ
3270 2583 3378 2658 τῷν
3417 2577 3710 2658 ,ὀφειλόν-

2121 2673 2251 2728 τωνΔ
2292 2655 2552 2728 τιμᾶσθαι
2627 2650 2710 2728 ἔν-
2753 2673 2813 2728 τε
2887 2650 3158 2728 ᾀξιώμασὶ
3241 2653 3330 2707 xxi
3401 2650 3710 2728 ρφιρικίοις,

2123 2725 2304 2802 καθὼς
2354 2722 2625 2800 ὑπῆρχον
2693 2723 2781 2779 ἐπὶ
2848 2722 3073 2786 Λέοντος
3155 2728 3252 2780 τοῦ
3337 2722 3710 2802 φιλοχρίστου

2123 2792 2410 2852 δεσπότου.

2119 2887 2180 2943 Ὀ
2235 2885 2518 2961 βασιλικὸς
2577 2884 2868 2960 μανδάτωρ
2925 2885 3113 2960 λίτρας
3304 2886 3364 2942 Ὁ
3421 2885 3715 2961 βασιλικὸς

2047 2972 2371 3038 κανδιδάτος
2415 2975 2606 3050 λίτρας
2650 2977 2720 3050 γ’.
2768 2977 2830 3033 Ὀ
2885 2977 3171 3050 βασιλικὸς
3223 2975 3470 3049 στράτωρ
3521 2973 3714 3049 λίτρας

2048 3060 2110 3122 δ’.
2158 3064 2214 3117 Ὀ
2270 3062 2556 3138 βασιλικὸς
2607 3065 2905 3137 σπαθάριος
2959 3062 3150 3138 λίτρας
3198 3070 3253 3120 ε’.
3305 3064 3367 3121 Ὀ
3421 3063 3705 3140 βασιλικὸς

2048 3151 2609 3228 σπαθαροκανδιδάτος
2658 3152 2850 3230 λίτρας
2905 3160 2967 3224 ζ’.
3021 3155 3080 3210 Ὀ
3135 3149 3416 3227 βασιλικὸς
3487 3173 3712 3225 πρωτο-

286 3243 425 3299 dum
441 3260 673 3316 quoque
686 3245 1109 3316 duodeviginti.
1129 3245 1414 3302 Hiomnes
1431 3250 1659 3303 tantum
1683 3249 1936 3316 solvunt,

2061 3243 2346 3317 τπαθάριος
2405 3241 2592 3316 λίτρας
2650 3243 2738 3316 ιβ’,
2797 3241 3068 3304 πολλάκις
3119 3241 3174 3298 δὲ
3222 3241 3310 3298 καὶ
3363 3247 3434 3313 ιη’
3490 3240 3704 3317 λίτρος.

286 3333 406 3388 sive
435 3349 567 3388 cum
602 3333 728 3389 suis
759 3333 1148 3390 axiomatibus
1167 3335 1722 3408 simulaliaquoque
1748 3336 1938 3392 ofﬁcia

286 3426 510 3494 gerant,
527 3421 646 3478 sive
670 3422 884 3478 minus.
919 3423 1129 3479 Eorum
1164 3440 1394 3496 quoque
1426 3425 1474 3480 si
1499 3425 1632 3497 quis
1655 3426 1715 3482 in
1746 3427 1936 3498 regios

284 3515 521 3581 rogatos
553 3515 653 3566 aut
710 3511 1008 3582 stipendia
1066 3513 1450 3584 percipientes
1480 3513 1718 3570 inscribi
1751 3516 1935 3587 cupit,

283 3597 460 3653 solvit
490 3603 699 3668 praeter
729 3600 1110 3655 honorarium
1165 3601 1259 3655 sui
1308 3601 1617 3658 axiomatis
1647 3603 1838 3658 adhuc
1862 3603 1936 3658 li-

284 3692 405 3741 tras
432 3695 703 3758 qualuor.
739 3687 799 3742 Si
830 3687 980 3742 inter
1018 3686 1469 3756 ministros,,sui
1502 3689 1756 3762 quisque
1785 3690 1940 3746 ordi-

283 3775 398 3844 nis,
425 3774 965 3848 chrysotriclinares
997 3777 1213 3833 ascribi
1263 3776 1446 3848 cupit,
1475 3783 1714 3850 praestat
1736 3787 1938 3850 praeter

288 3881 471 3937 supra
501 3865 782 3936 scriptam
833 3869 1028 3922 taxam
1057 3865 1249 3924 adhuc
1282 3865 1429 3923 alias
1469 3866 1635 3924 litras
1669 3872 1934 3939 quatuor.

291 3956 399 4021 Qui
431 3955 596 4025 cupit
625 3955 682 4010 in
716 3971 986 4028 magnam
1043 3955 1344 4012 hetaeriam
1405 3956 1604 4029 recipi,
1648 3957 1815 4014 solvit
1861 3958 1936 4028 (si

288 4045 527 4116 quidem
549 4045 682 4114 ejus
714 4061 850 4117 roga
878 4046 1258 4118 quadraginta
1304 4047 1662 4104 numismata
1694 4065 1807 4105 non
1838 4064 1934 4104 ex-

284 4134 466 4205 cedit)
495 4133 921 4192 litrassedecim
951 4136 1136 4208 ;quod
1153 4135 1200 4192 si
1231 4152 1366 4192 vero
1381 4136 1716 4208 ampliorem
1733 4153 1933 4211 rogem

281 4222 371 4280 vel
401 4224 682 4280 salarium
708 4223 1003 4290 sollicitat,
1046 4225 1216 4281 debet
1263 4224 1438 4281 etiam
1464 4227 1755 4283 bonorarii
1805 4232 1936 4284 taxa

284 4313 600 4369 ascendere
623 4329 692 4369 ea
717 4314 1105 4384 pr0portione,
1138 4319 1202 4369 ut
1239 4331 1340 4387 pro
1399 4317 1658 4387 septenis
1689 4317 1939 4388 quibus-

2053 3334 2387 3409 Ἀμφότεροι
2441 3331 2592 3387 οὗτοι
2651 3329 2746 3388 κᾶν
2793 3353 2852 3388 τε
2908 3333 3038 3386 ὦσιν
3089 3331 3166 3394 εἷς
3212 3331 3457 3411 ὀφφίκια,
3506 3330 3605 3387 κᾶν
3648 3352 3712 3386 τε

2052 3424 2152 3495 μή.
2195 3421 2257 3478 Ei
2307 3419 2363 3476 δὲ
2413 3423 2502 3475 καί
2553 3419 2611 3475 ἐκ
2661 3422 2869 3476 τουτων
2919 3443 3005 3483 τις
3067 3420 3211 3485 θέλει
3277 3421 3368 3476 καὶ
3437 3421 3513 3485 εἷς
3574 3421 3708 3483 τοὺς

2051 3509 2372 3586 βασιλικοὺς
2424 3511 2550 3573 τοὺς
2603 3509 2857 3587 ἐνρὸγους
2906 3509 3170 3585 ὀρθῶσαι,
3231 3511 3462 3589 παρέχει
3513 3506 3710 3580 ἔξωθεν

2044 3606 2146 3668 τῆς
2198 3606 2369 3673 τιμῆς
2424 3604 2523 3655 τοῦ
2574 3599 2882 3673 ἀξιώματος
2929 3599 3118 3675 λίτρας
3167 3597 3230 3656 δ’.
3284 3599 3347 3656 Ei
3389 3597 3446 3654 δὲ
3491 3598 3581 3653 καὶ
3627 3598 3710 3662 εἷς

2045 3687 2138 3742 τὸν
2194 3688 2680 3767 χρυσοτρίκλινον,
2749 3690 2979 3764 παρέχει
3049 3687 3232 3764 ἑτέρας
3279 3687 3469 3764 λίτρας
3527 3685 3589 3746 δ’.
3641 3689 3708 3745 Ὁ

2050 3775 2224 3832 θέλων
2255 3779 2493 3852 γενέσθαι
2555 3779 2632 3840 εἷς
2685 3779 2784 3847 τὴν
2845 3777 3094 3854 μεγάλην
3155 3779 3441 3854 ἑταιρείαν,
3501 3777 3546 3832 εί
3606 3779 3706 3850 μέν

2049 3864 2189 3922 ἐστιν
2220 3869 2255 3936 ἡ
2289 3865 2422 3942 ῥόγα
2451 3867 2618 3922 αὐτοῦ
2653 3867 2819 3942 μέχρι
2859 3869 3215 3942 νομισμάτων
3275 3875 3326 3941 μ’
3377 3869 3509 3942 (86),
3560 3886 3716 3938 παρ-

2050 3957 2166 4032 έχει
2197 3955 2383 4032 λίτρας
2417 3958 2495 4027 ις’·
2558 3955 2603 4012 ei
2655 3955 2712 4012 δὲ
2758 3957 2985 4014 πλείονα
3033 3957 3194 4036 ῥόγαν
3247 3957 3512 4028 ἐπιζητεῖ,
3570 3956 3711 4012 κατὰ

2049 4045 2341 4121 ἀναλογίαν
2408 4053 2509 4116 τῆς
2578 4047 2740 4122 ῥόγας
2808 4047 3016 4126 ὀφείλει
3104 4042 3519 4117 ἀναϐιϐάζεσθαι
3615 4045 3710 4100 καὶ

2045 4137 2110 4193 τὸ
2137 4137 2383 4210 τίμημα,
2435 4137 2602 4214 ἤγουν
2650 4137 2717 4191 τὰ
2776 4138 2816 4206 ς’
2873 4137 3208 4212 νομίσματα,
3277 4136 3467 4212 λίτραν
3523 4138 3588 4193 α’.
3650 4137 3711 4190 '0

2051 4226 2126 4289 εἷς
2167 4227 2267 4296 τὴν
2312 4225 2480 4300 μέσην
2539 4225 2806 4302 ἑταιρείαν
2862 4227 3035 4291 θέλων
3089 4226 3355 4301 γενέσθαι,
3414 4225 3501 4281 έᾶν
3570 4225 3714 4299 λαμ-

2051 4311 2203 4372 ϐάνει
2267 4317 2433 4392 ῥόγαν
2494 4316 2812 4390 νομίσματα
2867 4319 2934 4388 κ’,
2993 4315 3204 4394 ὀφείλει
3261 4312 3446 4370 δοῦναι
3517 4314 3710 4388 Λίτρας

285 4417 400 4474 que
428 4419 576 4474 rogas
600 4403 1056 4459 numismatibus
1087 4404 1184 4459 det
1213 4403 1476 4475 singulas
1509 4404 1694 4460 litras.
1749 4405 1939 4462 Simili

2061 4413 2101 4459 Γ·
2154 4405 2201 4460 εί
2251 4405 2308 4460 δὲ
2364 4403 2543 4460 πλείω
2599 4409 2707 4459 τῶν
2759 4407 2804 4460 κ’
2851 4407 3207 4480 νομισμάτων
3257 4403 3524 4476 ἐπιζητεῖ,
3572 4406 3712 4460 κατὰ

285 4492 461 4549 modo
493 4491 591 4566 qui
626 4493 880 4549 mediam
905 4491 966 4548 in
993 4493 1289 4549 heteriam
1323 4491 1501 4565 recipi
1559 4494 1736 4565 cupit,
1769 4495 1820 4550 si
1849 4497 1938 4551 vi-

2061 4494 2345 4568 ἰναλογίαν
2374 4500 2476 4564 τῆς
2508 4493 2670 4571 ῥόγας
2716 4475 2932 4573 ὀφείλει⁷
2978 4475 3325 4568 ἀναϐιβάζειν
3371 4493 3462 4548 καὶ
3510 4475 3574 4549 τὸ
3620 4493 3712 4548 τί-

1651 4585 1891 4642 νΑΒΙιΕ
1931 4587 2232 4644 LECTION
2242 4587 2338 4643 ES.

357 4683 401 4718 ⁸³
434 4678 720 4742 Διοκλείας
750 4697 865 4739 em.
899 4685 988 4754 R.,
1017 4678 1270 4744 Δικλείας
1300 4683 1428 4740 cod.
1462 4687 1521 4738 et
1549 4685 1638 4739 ed.

1343 4781 1536 4838 JOAN.
1575 4781 1720 4841 JAC.
1755 4782 2022 4842 REISKII
2037 4785 2626 4843 COMMENTARIUS.

286 4871 385 4928 hic
405 4877 673 4931 recenset
709 4873 1134 4931 Constantinus
1172 4888 1302 4944 c‘ap.
1351 4871 1424 4944 29
1482 4872 1554 4926 de
1604 4873 1937 4931 administr.

286 4944 536 5015 imperio
587 4963 646 5018 p.
694 4945 762 5000 87
785 4962 918 5070 sqq).
943 4950 1051 5002 Pro
1074 4939 1511 5016 Τερϐουνιώταις
1570 4949 1763 5001 autem
1816 4962 1937 5002 me-

292 5021 486 5070 morat
508 5023 706 5070 noster
755 5017 867 5070 Tra
913 5033 1081 5070 unos.
1151 5016 1533 5070 Occupabant
1591 5015 1680 5070 hae
1737 5021 1937 5070 nentes

292 5021 486 5070 morat
508 5017 706 5073 noster
755 5017 1081 5074 Trahunos.
1151 5017 1533 5088 Occupabant
1591 5017 1680 5072 hae
1736 5021 1942 5089 gentes

294 5100 458 5138 oram
490 5103 719 5144 omnem
788 5089 966 5146 maris
1015 5089 1295 5145 Adriatici
1329 5087 1843 5160 septentrionalem
1869 5091 1942 5146 ab

294 5155 472 5210 Istria
500 5157 636 5212 inde
665 5175 852 5213 usque
883 5162 953 5213 ad
1006 5159 1449 5213 Dvrrhachium.
1514 5160 1621 5213 Pro
1671 5157 1940 5213 Δικλείας.

295 5158 472 5210 Istria
500 5158 636 5212 inde
665 5175 852 5229 usque
883 5162 953 5217 ad
1006 5158 1449 5233 Dyrrhachium.
1514 5160 1621 5214 Pro
1671 5158 1940 5227 Δικλείας,

295 5227 450 5298 quod
475 5226 576 5302 hic
602 5229 817 5302 dabant
857 5233 1230 5302 membranae,
1255 5231 1392 5288 alibi
1425 5247 1656 5302 quoque
1708 5233 1824 5288 alio
1849 5249 1940 5290 er-

295 5295 424 5380 rore
447 5295 656 5380 onkla
688 5300 984 5380 scribitur.
1030 5295 1273 5380 Rectum
1320 5307 1412 5380 est
1442 5295 1746 5373 Ἄιόὶιλεια,
1788 5309 1853 5360 ut
1882 5306 1939 5360 in

287 5373 492 5426 Latina
524 5373 1002 5442 interpretatione
1033 5377 1367 5433 submonui.

363 5442 476 5515 (S5)
499 5441 732 5515 Nempe.
748 5445 1158 5515 commercium
1194 5449 1376 5503 fuisse
1393 5449 1777 5504 Constantino
1809 5464 1940 5503 cum

292 5513 474 5590 Indis,
515 5513 694 5590 supra
750 5514 1167 5587 demonstravi,
1219 5520 1481 5590 adeoque
1529 5536 1662 5576 cum
1705 5520 1942 5576 domino

292 5585 517 5640 Arabiae
552 5585 732 5642 felicis
771 5602 1023 5657 quoque.

365 5657 482 5727 (86)
517 5657 733 5714 Dicitur
765 5658 858 5714 hic
880 5657 1044 5714 litras
1076 5659 1144 5714 46
1191 5661 1249 5716 in
1282 5666 1467 5716 taxam
1518 5660 1606 5717 vel
1632 5669 1939 5718 consuelu-

297 5724 492 5782 dinem
530 5737 802 5802 praestare
832 5728 956 5803 ille,
1003 5731 1170 5803 cujus
1205 5748 1342 5803 roga
1394 5737 1484 5788 est
1519 5734 1588 5787 ad
1625 5733 1694 5788 40
1722 5734 1940 5789 solidos

293 5801 714 5873 aureos.Roga
734 5818 869 5858 vero
899 5801 995 5858 hic
1043 5801 1150 5860 loci
1185 5801 1351 5861 estne
1396 5819 1592 5860 annua
1649 5821 1723 5860 an
1774 5821 1941 5861 men-

2051 4874 2258 4932 strua?
2313 4875 2372 4931 Si
2428 4891 2644 4945 annua,
2704 4873 2904 4931 debuit
2977 4877 3243 4946 receptus
3301 4874 3360 4946 in
3403 4872 3707 4930 hetaeriam

2050 4947 2201 5003 hanc
2231 4946 2576 5017 dignitatem
2601 4946 2784 5002 nimio
2815 4961 3022 5017 emere
3057 4945 3480 5017 et’quindecim
3517 4961 3708 5000 anno-

2054 5033 2184 5074 rum
2217 5016 2442 5074 reditus
2473 5018 2649 5074 simul
2681 5023 2738 5073 et
2767 5016 3260 5074 semelell‘und’ere
3289 5017 3415 5073 etin
3451 5024 3710 5072 anteces-

2054 5107 2188 5147 sum
2222 5090 2766 5162 imperialicameraa
2790 5090 3029 5158 solvere,
3064 5089 3214 5159 quod
3249 5087 3705 5162 vixquindecim

2054 5161 2615 5234 annorumidecursu
2649 5163 2771 5234 ipse
2795 5166 3094 5234 recuperet
3149 5177 3251 5234 per
3282 5161 3546 5215 minutas
3569 5176 3708 5234 por-

2054 5235 2264 5290 tiones.
2297 5233 2402 5288 Vix
2426 5234 2656 5289 videtur
2685 5233 2795 5289 hoc
2827 5232 3271 5289 mercimonium
3295 5247 3530 5303 aequum
3555 5237 3612 5285 et
3645 5232 3705 5285 in

2053 5321 2164 5360 usu
2209 5306 2405 5360 fuisse.
2459 5305 2606 5370 Quid
2657 5305 2704 5360 si
2747 5321 2885 5376 ergo
2931 5309 3274 5374 statuamus,
3326 5318 3527 5376 regam
3573 5317 3703 5357 eam

2053 5383 2417 5432 menstruam
2452 5377 2633 5433 fuisse
2656 5377 2687 5448 ‘t
2704 5374 2880 5448 Atqui
2905 5379 3251 5447 paupertina
3280 5377 3440 5448 curia
3472 5374 3662 5448 Byzan
3683 5405 3703 5416 -

2051 5449 2176 5503 tina
2207 5453 2430 5504 tantum
2471 5465 2584 5503 non
2609 5445 3337 5518 solvebathui—potuisset
3386 5445 3703 5515 imperium

2053 5520 2246 5576 medio
2279 5523 2336 5575 et
2379 5519 2587 5575 ultimo
2643 5535 2759 5576 aevo
2817 5520 2983 5576 valde
3041 5521 3296 5575 accisum
3348 5522 3432 5573 tot
3488 5532 3704 5586 expen-

2053 5607 2248 5672 sarum
2307 5607 2505 5672 _onera
2568 5592 2772 5646 ferre?
2835 5592 3042 5672 Fuitne
3090 5607 3229 5672 ergo
3278 5589 3414 5672 litra
3471 5586 3698 5670 argenti

2053 5663 2147 5718 hic
2199 5661 2526 5734 designata,
2572 5679 2638 5718 ea
2685 5663 3054 5733 praportione
3110 5660 3300 5734 minor
3356 5660 3488 5734 litra
3548 5660 3700 5728 auri,

2053 5750 2256 5860 quam?
2285 5733 2589 5807 argentum
2645 5738 2718 5790 ad
2768 5751 2976 5791 aurum
3045 5733 3216 5804 vulgo
3293 5733 3505 5788 habere
3561 5746 3704 5786 cen-

2053 5811 2214 5860 setur
2719 5852 2722 5853 ν

2051 5811 2214 5862 setur
