4094 6382
361 408 515 473 1281
1205 408 1306 469 DE
1352 409 1802 472 CERIMONIIS
1847 407 2006 470 AUL

2126 405 2604 467 BYZANTlN/E
2646 405 2802 468 LIB.
2848 407 2926 469 Il.
3620 410 3774 474 1282

362 564 547 619 μημα.
577 543 640 602 Ὀ
673 539 750 605 εἷς
801 540 930 606 τοὺς
977 541 1316 618 Φαργάνους,
1366 540 1474 598 εἴτε
1521 542 1598 607 εἷς
1641 541 1768 605 τοὺς
1816 537 2005 612 Χαζά-

2122 539 2266 610 ginti
2298 554 2462 595 num.
2495 538 2553 594 in
2596 555 2793 611 rogem
2843 541 3072 614 accipit,
3105 541 3276 599 solvit
3313 543 3480 602 litres
3528 545 3768 617 decem;

355 653 492 711 ρους
531 632 706 696 θέλων
736 629 1000 707 γενέσθαι,
1042 629 1249 711 ὀφείλει
1299 627 1506 686 διδόναι
1561 630 1752 704 λίτρας
1802 632 1865 701 ζ’,
1916 627 2007 700 δη-

2125 628 2335 702 quodsi
2366 644 2500 686 vero
2530 629 2848 686 auctiorem
2883 649 3078 701 regam
3117 633 3359 705 flagitat,
3388 634 3560 692 debet
3592 638 3768 693 etiam

362 723 552 780 λονότι
583 722 648 776 νά
681 724 798 793 (87)
829 718 948 799 ἔχει
1001 719 1166 797 ῥόγαν
1217 721 1538 795 νομίσματα
1589 722 1680 794 ιβ’.
1730 721 1790 778 Ὁ
1836 717 1892 775 δὲ
1940 718 2016 779 εἷς

356 813 423 868 τὸ
481 812 789 887 τραπέζιον,
839 807 947 865 εἷ’τε
997 809 1074 872 εἷς
1130 809 1192 865 τὸ
1255 808 1580 885 βεστιάριον,
1639 807 1748 864 εἷ’τε
1819 809 1894 871 εἷς
1951 807 2017 862 ca

359 898 923 974 ἀρχοντογεννήματα
1008 897 1182 952 θὲλων
1262 898 1530 972 γενέσθαι,
1591 897 1678 953 ἐὰν
1747 891 2015 971 λαμϐάνει

361 988 526 1065 ρόγαν
571 986 886 1062 νομίσματα
949 988 1000 1059 ι’,
1049 986 1255 1064 ὀφείλει
1314 984 1522 1042 διδόναι
1579 986 1769 1063 λίτρας
1828 988 1892 1057 ς’.
1953 987 2015 1042 '0

358 1078 438 1141 εἷς
471 1078 598 1140 τοὺς
629 1076 934 1152 κΛηρικοὺς
969 1080 1066 1131 τοῦ
1113 1080 1242 1132 ναοῦ
1296 1073 1467 1131 θέλων
1516 1075 1760 1152 γενέσθαι
1805 1073 2015 1154 ὀφείλει

359 1163 569 1222 διδόναι
603 1165 792 1240 λίτρας
825 1171 888 1236 ζ’.
920 1166 982 1223 '0
1021 1165 1098 1230 είς
1145 1166 1214 1220 τὰ
1260 1164 1597 1240 ἀσηκρητεῖα
1650 1164 1872 1238 μέλλων
1923 1185 2016 1243 γε·

356 1260 566 1326 νέσθαι,
619 1255 706 1312 ἐὰν
763 1251 1034 1329 λαμϐάνει
1090 1255 1255 1331 ρὁαν
1318 1255 1630 1329 νομίσματα
1677 1253 1746 1323 λ’,
1806 1253 2014 1334 ὀφείλει

358 1345 572 1402 διδόναι
605 1344 796 1421 λίτρας
858 1345 949 1422 ιβ’.
1013 1343 1078 1401 Εἰ
1138 1342 1196 1398 δὲ
1251 1344 1479 1400 πλείονα
1528 1344 1695 1420 ῥόγαν
1745 1343 2013 1415 ἐπιζητεῖ,

356 1437 498 1490 κατά
563 1433 861 1509 ἀναλογίαν
919 1437 1021 1498 τῆς
1088 1433 1254 1508 ῥόγας
1320 1431 1526 1510 ὀφείλει
1594 1427 2014 1501 ἀναϐιϐάζεσθαι

355 1525 449 1580 καί
481 1526 544 1581 τὸ
571 1525 814 1598 τίμημα.
867 1524 925 1577 '0
979 1520 1035 1578 δὲ
1089 1523 1341 1599 νοτάριος
1405 1527 1514 1577 τῶν
1575 1522 1954 1598 ἀσηκρητειῶν
1987 1521 2015 1576 ὁ

357 1613 536 1680 θέλων
589 1612 849 1691 γενέσθαι,
906 1611 995 1668 ἐὰν
1043 1607 1317 1686 λαμϐάνει
1371 1611 1538 1688 ῥόγαν
1591 1610 1906 1684 νομίσματα
1946 1615 2014 1683 κ’,

359 1704 568 1783 ὀφείλει
599 1701 782 1758 δοῦναι
831 1700 1025 1776 λίτρας
1082 1703 1152 1771 η’.
1202 1703 1263 1759 '0
1311 1699 1369 1756 δὲ
1419 1696 1878 1776 κουϐικουλάριος
1925 1700 2014 1755 θὲ-

363 1792 481 1850 λων
509 1793 771 1869 γενέσθαι,
813 1792 858 1846 εἰ
929 1789 1023 1865 μὲν
1089 1789 1230 1846 ἐστιν
1283 1789 1388 1846 ε’ἰτε
1445 1789 1522 1853 εἷς
1578 1792 1640 1845 τὸ
1699 1796 2010 1866 τραπέζιον,

355 1883 469 1940 εἲτε
524 1885 600 1947 είς
663 1884 726 1938 τὸ
788 1880 1119 1958 βεστιάριον,
1177 1880 1266 1936 καί
1316 1880 1458 1936 θέλει
1527 1879 1766 1956 γενέσθαι
1816 1874 2007 1935 κουϐι-
2045 1909 2090 1974 Β

353 1970 676 2047 κουλάριος,
710 1971 798 2026 ἐὰν
829 1970 1220 2044 καταλιμπάνῃ
1253 1969 1348 2031 τάς
1391 1969 1583 2031 ἁνόνας
1633 1970 1820 2040 αὐτοῦ,
1872 1966 2006 2024 δίδει

354 2062 515 2138 λόγῳ
546 2061 831 2116 κανισκίου
888 2059 1199 2133 νομίσματα
1230 2057 1298 2115 λ’.
1342 2059 1406 2115 Εἰ
1439 2058 1498 2113 δὲ
1546 2057 1793 2129 ἐπιζητεῖ
1839 2058 2005 2135 ρόγαν

361 2151 522 2206 αὐτοῦ
580 2149 881 2222 αὐξηθῆναι
940 2148 1029 2202 καὶ
1087 2149 1183 2211 τὰς
1232 2146 1446 2217 ἀνόνας,
1504 2148 1643 2203 κατά
1707 2145 2006 2223 ἀναλογίαν

359 2247 458 2310 τῆς
498 2241 664 2314 ῥόγας
716 2239 808 2294 καὶ
864 2243 971 2293 τῶν
1027 2237 1226 2292 ἀνονῶν
1284 2235 1450 2292 αὐτοῦ
1501 2236 1709 2316 ὀφείλει
1744 2232 2004 2292 ἀναϐιϐά-

356 2337 541 2402 ζεσθαι
569 2331 656 2385 καὶ
693 2330 755 2385 τὸ
787 2326 952 2402 δόμα.
1000 2329 1063 2384 '0
1115 2325 1172 2382 δὲ
1223 2328 1329 2382 ἀπὸ
1381 2327 1650 2402 καλιγίων
1703 2330 1815 2402 (88)
1861 2327 2010 2404 γενό-

363 2440 526 2493 μενος
592 2414 1057 2492 κουϐικουλάριος
1125 2416 1171 2472 εἷ
1247 2418 1339 2490 μὲν
1404 2416 1635 2471 αἰτεῖται
1709 2411 2005 2490 λαμϐάνειν

352 2507 523 2583 ῥόγαν
557 2513 624 2576 κ’,
667 2506 877 2580 ὀφείλει
920 2502 1125 2560 διδόναι
1185 2502 1376 2578 λίτρας
1421 2511 1490 2576 η’.
1540 2505 1602 2562 '0
1653 2503 1710 2560 δὲ
1766 2502 1854 2558 διὰ
1905 2505 2005 2559 πό-

352 2593 496 2657 λεως
539 2598 652 2668 (89)
710 2594 882 2650 θέλων
952 2595 1198 2672 γενέσθαι
1263 2587 1726 2668 κουϐικουλάριος
1795 2593 2005 2670 ὀφείλει

351 2681 536 2741 δοῦναι
586 2683 780 2761 λίτρας
828 2691 886 2754 ς’.
942 2685 1002 2741 'O
1055 2681 1113 2738 δὲ
1170 2683 1275 2738 ἀπὸ
1340 2687 1436 2737 τοῦ
1501 2678 2006 2758 κοοϐικοολαράτου

350 2772 577 2849 μὲλλων
667 2775 911 2850 γενέσθαι
1004 2771 1713 2848 σπαθαροκουϐικουλάριος
1799 2771 2004 2848 ὀφείλει

341 2861 534 2920 δοῦναι
569 2863 760 2940 λίτρας
794 2865 860 2920 Et‘.
895 2864 1019 2921 Ἐἀν
1064 2861 1234 2917 δὲκαὶ
1266 2864 1586 2932 προσθήκην
1621 2860 1783 2936 ῥόγας
1813 2861 2004 2932 ἐπιζη-

339 2960 449 3023 τεῖ,
481 2953 616 3008 κατά
645 2953 935 3029 ἀναλογίαν
967 2960 1068 3022 τῆς
1111 2953 1275 3027 ῥόγας
1327 2951 1496 3007 αὐτοῦ
1554 2951 1765 3026 ὀφείλει
1816 2946 2003 3006 ἀναϐιο

347 3038 604 3114 ϐάζεσθαι
635 3043 727 3098 καὶ
759 3045 821 3098 τὸ
849 3044 1094 3116 τίμημα.
1125 3043 1186 3099 '0
1221 3039 1277 3096 δὲ
1309 3041 1413 3096 ἀπὸ
1457 3040 1703 3114 καλίγων
1755 3041 2003 3116 γενέσθαι

345 3133 522 3199 θέλων
557 3127 1261 3207 σπαθαροκουϐικουλάριος
1294 3129 1505 3205 ὀφείλει
1543 3127 1754 3184 διδόναι
1807 3128 2001 3206 λίτρας

370 3225 381 3238 ‘
485 3221 498 3242 Ἰ
566 3223 582 3242 \
706 3221 720 3238 ἱ
954 3244 964 3251 ν
1160 3219 1172 3239 τ
1352 3218 1373 3239 ,ἰ
1581 3224 1603 3234 υ
1785 3219 1797 3236 ‘

349 3243 403 3279 ι.
437 3226 502 3278 Ει
535 3219 592 3276 δε
633 3243 723 3277 και
771 3223 1094 3296 προσθήκην
1147 3220 1311 3296 ρόγας
1352 3225 1622 3290 επιζητει,
1672 3239 1808 3273 κατα
1863 3221 2001 3274 ἀνα-

350 3311 542 3387 λογίαν
569 3317 670 3381 τῆς
721 3289 882 3386 ῥόγάς
933 3289 1156 3388 ὀφείλει¹
1190 3289 1609 3378 ἀναϐιϐάζεσθαι
1669 3309 1758 3362 καὶ
1814 3309 1878 3363 τὸ
1924 3306 2004 3362 τί·
2035 3289 2080 3354 C

355 3422 537 3476 μημα.
590 3401 651 3457 Ὀ
711 3397 767 3454 δὲ
826 3399 1100 3475 ὀστιάριος
1159 3398 1264 3453 ἀπὸ
1321 3403 1422 3453 τοῦ
1472 3392 2004 3472 σπαθαροκουϐικου-

352 3490 594 3566 λαράτοο
652 3488 825 3544 θέλων
881 3491 1118 3564 γενέσθαι
1185 3487 1392 3565 ὀφείλει
1458 3486 1641 3542 δοῦναι
1709 3487 1898 3562 λίτρας
1954 3487 2002 3546 ι’,

350 3579 417 3635 Ei
459 3576 515 3633 δὲ
563 3581 651 3634 καὶ
694 3581 1014 3652 προσθήκην
1066 3577 1232 3654 ῥόγας
1288 3577 1552 3648 ἐπιζητεῖ,
1612 3576 1749 3630 κατά
1804 3575 2007 3630 ἀναλο-

348 3668 467 3744 γίαν
499 3677 601 3738 τῆς
662 3668 823 3744 ῥόγας
875 3668 1078 3745 ὀφείλει
1132 3661 1545 3735 ἀναϐιϐάζεσθαι
1589 3666 1677 3722 καὶ
1726 3666 1788 3720 τὸ
1836 3664 2006 3740 τίμη-

355 3780 448 3833 μα.
483 3759 543 3815 '0
577 3755 633 3812 δὲ
663 3759 1026 3832 πριμικήριος
1058 3757 1163 3812 ἀπὸ
1211 3757 1273 3810 τὸ
1321 3755 1638 3829 ὀστιαράτον
1686 3753 1857 3819 θέλων
1911 3775 2006 3829 γε-

351 3850 536 3911 νέσθαι
568 3848 777 3925 ὀφείλει
809 3843 1020 3901 διδόναι
1061 3845 1253 3920 λίτρας
1309 3851 1353 3900 ι’.
1407 3845 1470 3902 Εἰ
1517 3842 1575 3899 δὲ
1621 3845 1712 3900 καὶ
1768 3847 2008 3916 προσθή-

354 3962 457 4009 κην
492 3939 658 4016 ῥόγας
689 3939 958 4009 ἐπιζητςῖ,
991 3938 1124 3992 κατά
1155 3935 1446 4012 ἀναλογίαν
1475 3943 1574 4007 τῆς
1609 3936 1771 4012 ῥόγας
1799 3935 2004 4013 ὀφείλει

349 4024 767 4098 ἀναϐιϐάζεσθαι
799 4028 889 4082 καὶ
920 4028 982 4083 τὸ
1002 4027 1246 4102 τίμημα.

346 4121 431 4177 Τά
501 4117 833 4197 ὀφειλόμενα
901 4114 1179 4197 δίδοσθαι,
1218 4115 1434 4197 δόματα
1473 4117 1587 4197 εἷς,
1629 4116 1696 4197 τὰ
1761 4135 2006 4191 χαρτου·

605 4186 813 4264 λαράτα
851 4189 939 4244 καὶ
981 4189 1252 4264 νοταράτα
1290 4186 1398 4244 τῶν
1438 4186 1725 4262 σεκρέτῶν.

432 4372 498 4428 Οἱ
527 4373 772 4445 νοτάριοι
830 4375 928 4425 τοῦ
987 4366 1194 4424 εἰδικοῦ
1235 4367 1426 4442 λίτρας
1464 4369 1552 4422 νε“·
1597 4369 1650 4422 οἱ
1690 4366 2006 4442 χαρτουλά-

351 4481 465 4537 ριοι
531 4458 624 4515 τοῦ
685 4462 936 4534 γεννιγοῦ
975 4457 1166 4531 λίτρας
1230 4459 1314 4530 Es"
1355 4458 1406 4511 o't
1465 4452 1566 4528 ἔξω
1607 4458 2007 4534 χαρτουλάριοι

2125 719 2404 790 majorem
2437 722 2630 774 texam
2680 719 2900 776 solvere
2949 737 3051 792 pro
3102 723 3324 779 ratione
3369 729 3550 780 auctae
3599 742 3769 795 roga.

2123 808 2231 874 Qui
2263 807 2420 878 cupit
2449 807 2510 862 in
2559 807 2854 880 Fargenos
2885 814 2986 866 aut
3023 811 3310 867 Chazaros
3357 813 3555 884 recipi,
3600 814 3773 871 solvit

2120 895 2286 952 litres
2317 901 2585 969 septem;
2619 898 2669 952 si
2721 915 2929 970 nempe
2959 916 3157 970 rogem
3208 902 3516 958 duodecim
3572 907 3767 961 numi-

2121 992 2379 1044 smatum
2411 986 2761 1052 habeat.Qui
2793 989 2866 1045 ad
2897 990 3217 1061 trapezium
3241 1007 3344 1047 seu
3379 992 3768 1048 ministerium

2121 1092 2298 1132 sacra:
2332 1076 2644 1143 mensae,ed
2677 1076 3110 1146 vestiarium,in
3141 1079 3770 1152 ercbontogennemata

2120 1183 2223 1222 seu
2254 1164 2472 1220 valetos
2505 1164 2818 1222 nobiliores
2848 1168 3009 1238 cupit
3039 1167 3292 1239 recipi,si
3326 1185 3526 1238 rogem
3557 1170 3770 1242 accipit

2121 1256 2317 1312 decem
2353 1259 2799 1324 numismatum,
2832 1256 3007 1312 solvit
3038 1274 3136 1313 sex
3165 1257 3352 1314 litres.
3375 1259 3768 1330 Recipiendus

2119 1345 2266 1402 inter
2296 1346 2538 1404 clericos
2569 1346 2766 1420 palatii
2796 1344 2967 1402 solvit
2994 1346 3154 1402 litras
3187 1352 3430 1419 septem.
3466 1348 3769 1420 Recipien-

2121 1434 2229 1490 dus
2261 1435 2320 1490 in
2351 1445 2658 1505 esecretas,
2690 1435 2739 1492 si
2792 1435 3002 1507 accipit
3050 1452 3244 1506 rogem
3295 1435 3531 1508 triginta
3581 1439 3769 1494 numi-

2120 1528 2402 1596 smatum,
2435 1525 2611 1583 solvit
2658 1524 2823 1580 litras
2853 1525 3182 1580 duodecim.
3215 1524 3271 1579 Si
3319 1529 3514 1580 autem
3567 1543 3768 1598 rogem

2120 1612 2346 1686 ﬂagitat
2373 1615 2712 1684 auctiorem,
2744 1614 2914 1670 debet
2944 1614 3118 1670 etiam
3153 1614 3383 1670 auctius
3416 1631 3516 1686 pro
3549 1616 3771 1672 ratione

2123 1701 2497 1759 honorarium
2532 1702 2772 1760 solvere.
2804 1705 2862 1758 Si
2896 1703 3158 1759 notarius
3210 1707 3599 1760 asecretarum
3635 1705 3770 1777 quis

2120 1792 2280 1862 cupit
2311 1797 2367 1848 et
2397 1793 2566 1848 debet
2599 1792 2745 1862 fieri,
2777 1792 2951 1848 solvit
2981 1791 3146 1847 litres
3177 1798 3324 1861 octo,
3359 1792 3408 1847 si
3456 1809 3663 1865 nempe
3705 1795 3766 1849 in

2122 1895 2313 1950 rogem
2345 1881 2700 1936 nomismata
2732 1880 2936 1951 viginti
2967 1880 3198 1950 accipit.
3241 1880 3347 1945 Qui
3376 1881 3767 1938 cubicularius

2119 1969 2408 2025 creandas
2438 1972 2551 2038 est,
2583 1969 2705 2026 sive
2735 1973 2906 2024 antea
2937 1969 2997 2024 in
3021 1969 3273 2040 trapezio
3305 1986 3406 2025 seu
3443 1969 3765 2025 ministerio

2118 2059 2185 2113 ad
2220 2074 2511 2126 mensam,
2536 2058 2655 2114 sive
2686 2058 2745 2114 in
2776 2058 3046 2114 vestiario
3077 2074 3179 2113 seu
3213 2059 3539 2115 ministerio
3588 2076 3764 2116 sacrae

2116 2147 2294 2203 vestis
2329 2147 2519 2215 fuerit,
2553 2146 2727 2217 ille,si
2759 2163 3018 2203 annonas
3051 2164 3186 2202 suas
3217 2147 3563 2219 sibi,quales
3594 2154 3764 2205 antea

2118 2237 2376 2303 fuerunt,
2410 2236 2662 2308 relinqui
2697 2237 3048 2309 patitur,dat
3079 2237 3314 2292 nomine
3342 2237 3616 2308 sportulae
3649 2256 3762 2294 nu-

2117 2325 2388 2382 mismata
2411 2325 2737 2398 triginta.Si
2757 2331 2950 2381 autem
2975 2341 3172 2398 rogem
3197 2342 3364 2381 suam
3385 2343 3765 2398 annonaeque

2115 2415 2312 2486 augeri
2354 2414 2654 2481 sollicitat,
2705 2415 2870 2471 debet
2917 2415 3088 2471 etiam
3140 2415 3517 2471 honorarium
3559 2417 3763 2489 augeri

2115 2522 2218 2576 pro
2250 2505 2470 2560 ratione
2502 2512 2683 2560 auctae
2715 2521 2864 2578 rogas
2895 2510 2950 2562 et
2998 2523 3386 2563 annonarum.
3419 2507 3525 2570 Qui
3571 2512 3762 2563 autem

2114 2611 2150 2651 θ,
2175 2593 2376 2666 caligis
2407 2595 2474 2649 fit
2503 2594 2970 2660 cubicu»larius,si
3006 2596 3276 2667 precibus
3306 2597 3528 2651 obtinet
3559 2612 3760 2669 rogem

2112 2682 2316 2754 viginti
2349 2683 2802 2752 numismatum,
2836 2683 3004 2739 debet
3033 2683 3200 2739 lilras
3226 2688 3354 2740 octo
3384 2685 3543 2740 dare.
3577 2684 3762 2740 Urba-

2115 2788 2223 2827 nus
2255 2773 2538 2828 creandus
2570 2772 2971 2828 cubicularius
3002 2774 3100 2828 dat
3127 2773 3295 2828 litres
3327 2777 3496 2828 sex.E
3525 2773 3764 2829 cubicu-

2112 2861 2256 2917 lario
2288 2862 2720 2934 promovendus
2748 2863 2816 2916 ad
2861 2861 3627 2932 spatharocubiculariatum
3660 2862 3763 2918 de-

2112 2950 2208 3006 bet
2235 2955 2486 3022 quatuor
2515 2949 2714 3018 litras;
2750 2949 3084 3007 sollicitanti
3134 2956 3327 3007 autem
3378 2955 3759 3023 augmentum

2111 3057 2260 3109 rogas
2317 3039 2490 3095 debet
2545 3040 2718 3095 etiam
2780 3041 3158 3096 honorarium
3228 3040 3426 3113 augeri
3502 3058 3603 3111 pro
3662 3058 3758 3098 ra.-

2113 3129 2448 3186 tioneAOI
2495 3129 2601 3194 Qui
2635 3146 2668 3184 a
2697 3129 2902 3200 caligis
2932 3129 3606 3200 spatharocubicularius
3638 3131 3762 3186 vult

2111 3228 2166 3276 et
2197 3220 2367 3275 debet
2394 3219 2538 3285 ﬁeri,
2572 3220 2674 3275 dat
2703 3219 2867 3274 litras
2899 3219 3094 3275 decem
3127 3238 3139 3287 ;
3174 3225 3248 3284 et,
3277 3221 3322 3276 si
3357 3220 3633 3276 sollicitat
3663 3237 3760 3277 au-

2111 3313 2415 3380 gmentum
2467 3325 2640 3380 rogaa,
2674 3309 2770 3364 dat
2812 3309 3044 3365 auctius
3094 3325 3330 3380 quoque
3376 3309 3758 3365 honorarium

2111 3395 2320 3468 aequali
2375 3397 2621 3452 ratione.
2683 3397 2724 3452 E
2775 3397 3409 3468 spatharocubiculerio
3467 3397 3759 3452 creandas

2111 3485 2377 3542 ostiarius
2410 3486 2510 3540 dat
2538 3485 2701 3540 litres
2733 3486 2932 3540 decem
2964 3489 3022 3540 et
3051 3487 3204 3557 plus,
3239 3485 3288 3540 si
3321 3485 3452 3557 plus
3481 3501 3631 3557 rogis
3664 3484 3762 3540 ila-

2110 3575 2276 3648 gitat,
2313 3575 2744 3646 proportionate
2786 3573 3025 3631 scilicet.
3065 3575 3149 3631 Ab
3191 3574 3491 3632 ostiariatu
3527 3591 3760 3646 promo-

2112 3665 2336 3720 vendos
2369 3665 2441 3719 ad
2475 3663 2938 3736 primicerialum
2971 3665 3068 3720 dat
3089 3664 3255 3720 litres
3285 3666 3483 3720 decem
3513 3668 3600 3730 ;et
3625 3665 3760 3736 plus

2104 3753 2266 3824 justa
2298 3753 2358 3808 in
2389 3754 2782 3825 proportione,
2817 3755 2866 3809 si
2898 3752 3030 3825 plus
3063 3769 3218 3826 rogas
3265 3753 3554 3824 rogaverit
3582 3757 3762 3824 atque

2110 3843 2524 3917 impetraverit.

2110 4117 2334 4186 anue
2346 4132 2378 4170 a
2400 4131 2588 4171 recens
2603 4117 2892 4173 honoratis
2905 4117 3198 4174 honorarii
3212 4119 3322 4174 loco
3335 4119 3395 4173 in
3407 4117 3672 4174 chartula
3682 4136 3769 4175 ra-

2185 4194 2240 4241 m
2261 4189 2344 4242 vel
2364 4189 2675 4242 tribunalia
2692 4190 3236 4258 chartulariorum,et
3254 4193 3542 4246 notariata
3561 4191 3648 4248 vel
3669 4192 3771 4246 tri-

2188 4275 2422 4331 bunalia
2451 4278 2797 4333 notariorum
2821 4283 3150 4334 secretorum
3175 4279 3345 4350 pendi
3373 4279 3582 4337 debent.

2187 4364 2407 4420 Notarii
2466 4365 2603 4422 idici
2657 4382 2761 4422 seu
2821 4368 2901 4422 rei
2960 4368 3200 4439 privatae
3244 4368 3545 4440 accipiunt
3595 4367 3764 4425 litra

2115 4455 2538 4527 quinquaginta
2571 4456 3212 4528 quinque.Chartularii
3242 4458 3429 4529 genici
3460 4457 3586 4530 [seu
3619 4474 3759 4515 aera-

353 4554 454 4605 τοῦ
497 4553 764 4624 γεννικοῦ,
823 4546 949 4618 ἤτοι
1015 4551 1123 4602 τῶν
1178 4545 1420 4620 ἀρκλῶν,
1489 4543 1698 4619 λίτρας.
1754 4546 1805 4600 οἱ
1868 4565 2007 4622 χαρ-

2122 4543 2186 4598 rii
2232 4545 2474 4616 publici]
2517 4545 2680 4601 lilras
2731 4547 3108 4619 septuaginta
3157 4547 3456 4619 quinque;
3508 4545 3765 4604 extranei

348 4639 638 4715 τουλάριοι
704 4643 801 4694 τοῦ
867 4641 1262 4714 στρατιωτικοῦ
1330 4634 1518 4710 λίτρας
1577 4638 1649 4708 μ’*

350 4750 464 4805 ριοι
519 4735 618 4784 τοῦ
677 4731 1071 4803 στρατιωτικοῦ
1137 4725 1330 4800 λίτρας
1395 4731 1460 4779 κύ
1523 4726 1575 4778 o't
1614 4723 1856 4797 νοτάριοι
1905 4728 2002 4797 τῆς

345 4818 622 4889 σακὲλλης
700 4816 889 4891 λίτρας
958 4815 1024 4871 λ’·
1105 4817 1157 4871 οἱ
1238 4815 1470 4891 νοτάριοι
1529 4818 1624 4871 τοῦ
1687 4815 2001 4890 βεστιαρίου

351 4908 568 4984 λίτρας.

353 4997 486 5073 Περί
530 5002 636 5054 τῶν
677 4995 1098 5073 αἰχμαλώτων-
1136 4996 1467 5073 Σαρακηνῶν
1542 4995 1657 5067 (90)
1731 4995 1836 5047 τῶν
1916 4992 2004 5049 ἐπὶ

835 5069 1028 5142 θὲματι
1074 5067 1504 5143 βαπτιζομένων.

422 5161 542 5235 Χρή
591 5156 810 5229 εἰδέναι,
858 5157 942 5212 ὅτι
1005 5153 1288 5234 ὀφείλουσι
1345 5149 1639 5227 λαμϐάνειν
1707 5155 1853 5228 παρά
1905 5156 2003 5209 τοῦ

1737 4637 1788 4690 οἱ
1845 4639 2000 4691 νστάο

2122 4632 2458 4688 chartularii
2491 4635 2794 4690 stratiotici
2827 4652 2930 4691 seu
2962 4636 3088 4691 ﬁsci
3118 4635 3393 4692 militaris
3424 4635 3511 4692 lit.
3535 4637 3625 4692 40.
3648 4635 3764 4692 Νο-

2115 4725 2246 4779 tarii
2277 4725 2589 4782 stratiotici
2637 4727 2752 4781 litr.
2784 4727 2875 4781 20.
2928 4727 3150 4781 Notarii
3194 4726 3394 4782 sacelli
3445 4727 3609 4782 litres
3655 4727 3766 4782 tri-

2115 4813 2295 4882 ginta.
2329 4813 2549 4870 Notarii
2581 4815 2840 4872 vestiarii
2869 4815 3034 4871 litres
3066 4831 3120 4872 ο.

2224 4996 2296 5052 De
2320 4998 2556 5068 captivis
2583 4997 2908 5066 Saracenis,
2940 4997 3036 5070 qui
3064 4998 3257 5070 aliqua
3287 4999 3347 5054 in
3375 4999 3664 5069 provincia

2681 5070 2950 5142 baptizati
2977 5073 3213 5141 fuerint.

2188 5155 2349 5212 Unus
2381 5159 2582 5214 talium
2619 5159 2868 5231 quisque
2915 5160 3087 5216 debet
3115 5177 3146 5216 a
3195 5161 3590 5232 protonotario
3638 5159 3771 5216 the-

1412 5290 1616 5346 JOAN.
1649 5289 1794 5347 JAC.
1833 5289 2092 5345 BEISKII
2123 5291 2714 5349 COMMENTARIUS.

429 5422 538 5494 (87)
568 5421 665 5478 Sic
696 5419 902 5494 dicunt
929 5417 1062 5494 novi
1106 5416 1289 5475 Graeci
1322 5432 1425 5488 pro
1453 5413 1558 5494 ἳνα.
1604 5415 1720 5494 Hic-
1756 5414 1868 5471 loci
1901 5431 2005 5494 no:

355 5485 448 5550 tat
505 5485 601 5549 ubi
654 5493 743 5549 vel
793 5490 1043 5564 quando;
1095 5506 1217 5564 quo
1257 5485 1434 5564 sensu
1481 5485 1572 5540 ἳνα
1613 5486 1800 5564 etiam
1849 5487 2006 5564 apud

357 5558 815 5622 vetustissimos
873 5569 928 5619 et
995 5558 1441 5634 probatissimos
1514 5558 1828 5630 scriptores
1905 5558 2008 5614 he-

359 5637 552 5694 betur.

428 5710 545 5781 (88)
571 5707 814 5781 Videtur
857 5722 926 5762 ex
956 5706 1065 5761 hoc
1101 5704 1226 5761 loco
1271 5701 1767 5781 cubiculariorum
1819 5716 2006 5781 unus—

360 5772 610 5853 quisque
639 5779 920 5835 habuisse
949 5792 1150 5833 curam
1185 5773 1493 5846 peculiaris
1521 5774 1744 5831 servitii
1775 5772 1845 5828 ad
1877 5787 2004 5829 cor-

2119 5431 2230 5487 pus
2261 5422 2578 5487 augustum
2633 5418 3000 5489 pertinentis,
3032 5424 3100 5475 ut
3146 5435 3303 5477 unus
3345 5437 3380 5475 a
3427 5421 3645 5487 calceis,
3677 5421 3770 5476 al-

2118 5495 2204 5544 ter
2247 5503 2281 5542 a
2333 5490 2500 5545 barba
2536 5489 2620 5546 vel
2673 5505 2852 5560 coma,
2909 5492 3114 5548 tertius
3161 5510 3196 5548 a
3252 5493 3518 5547 maltuvio
3574 5499 3626 5546 et
3684 5492 3767 5548 sic

2117 5575 2308 5703 magi
2351 5631 2740 5689 Cubicularia:
2787 5634 3032 5690 urbanus
3088 5638 3186 5689 aut
3241 5634 3303 5688 in
3351 5634 3488 5688 urbe
3535 5633 3764 5690 videtur

2115 5702 2199 5758 illi
2223 5704 2466 5776 apponi,
2497 5705 2597 5775 qui
2627 5705 2688 5761 in
2719 5704 2952 5776 palatiis
2978 5705 3335 5762 suburbanis
3364 5705 3558 5761 servit.

2187 5774 2302 5847 (90)
2336 5774 2526 5833 Medio
2564 5793 2681 5852 aevo
2721 5774 3051 5836 Saracenus
3080 5781 3137 5833 et
3181 5776 3364 5834 Arabs
3411 5777 3563 5834 idem
3614 5780 3758 5846 erat,
