4124 6436
309 444 330 504 Ι
343 446 462 505 289

1118 440 1222 500 Dl‘)
1265 437 1734 500 GERIMONIIS
1776 438 2014 498 AULZE
2056 437 2528 500 BYZANTleE
2570 441 2721 502 LIB.
2771 443 2846 504 Ιῐ.

3567 443 3722 509 1290

297 577 497 649 ἕτοιμά
529 575 652 644 εἰσι,
684 573 775 628 καὶ
824 567 970 648 λάϐῃ
1015 573 1078 627 τὸ
1131 577 1412 640 Paratus,.
1442 572 1784 648 εἰσέρχονται
1816 571 1951 624 κατά

2080 569 2216 626 nica.
2251 575 2463 630 Parata
2493 578 2552 630 in
2578 575 2732 632 hunc
2755 577 2990 633 modum
3025 578 3224 636 omnia
3255 595 3384 638 esse
3410 579 3613 636 videns
3645 581 3724 637 si-

295 669 362 722 τὸ
411 659 532 730 ἔθος
601 665 652 718 οἱ
696 663 996 736 πατρίκιοι.
1059 664 1198 718 Εἶτα
1262 660 1540 740 ἐξέρχεται
1594 662 1622 714 6
1675 658 1954 735 βασιλεὺς,

295 753 631 812 καὶῖσταται
674 753 725 808 ἐν
779 757 859 825 τῷ
913 751 1060 826 μέσῳ
1105 753 1202 806 τοῦ
1255 749 1500 824 μεγάλου
1530 749 1834 824 τρικλίνου,
1867 749 1956 804 καὶ

296 847 470 903 πάντα
525 843 731 919 γίνεται
794 843 869 904 ὡς
948 839 999 894 ἐν
1077 838 1473 916 κονσιστωρίῳ,
1532 839 1622 894 καὶ
1681 838 1958 917 ἐξέρχεται

297 934 728 1013 δηριγευόμενος
789 928 878 986 διὰ
933 937 1035 1000 τῆς
1098 929 1436 1006 βαλνιαρίας,
1494 931 1582 984 καὶ
1646 929 1773 984 ὅταν
1823 926 1958 1004 ἔλθῃ

296 1028 446 1090 ὅπου¹
505 1024 557 1078 οἳ
615 1018 929 1078 κανδιδάτοι
987 1019 1053 1076 τὰ
1115 1018 1260 1074 ὅπλα
1307 1025 1592 1094 κρατοῦσιν
1624 1019 1692 1088 ⁷ο,
1743 1017 1852 1074 ἐκεῖ
1909 1019 1964 1072 οἱ

295 1109 576 1190 τριϐοὔνοι
641 1115 738 1168 τοῦ⁹
803 1109 1130 1185 πραισέντου
1185 1113 1587 1184 προσκυνοῦσιν
1644 1109 1828 1179 αὐτὸν,
1873 1107 1962 1164 καὶ

296 1207 390 1261 σὺν
466 1201 650 1262 αὐτοῖς
709 1202 737 1255 6
795 1201 1158 1274 πριμικήριος
1216 1205 1324 1253 τῶν
1405 1197 1764 1272 δομεστίκων,
1826 1199 1964 1255 Εἶτα

293 1293 494 1350 ἐκεῖθεν
565 1289 872 1368 εῗσέρχεται
940 1289 1016 1353 είς
1079 1290 1172 1343 τὸν
1237 1285 1604 1362 ἱππόδρομον,
1685 1289 1774 1342 καὶ
1854 1286 1965 1342 ἐκεῖ

298 1383 684 1456 προσκυνεῖται
735 1377 838 1432 ὑπὸ
885 1380 992 1431 τῶν
1047 1373 1390 1449 δομεστίκων
1437 1376 1526 1430 καὶ
1569 1373 1960 1449 προτηκτόρων

301 1473 416 1543 ἅμα
486 1465 702 1540 εἰσέλθῃ
768 1467 868 1535 τὴν
938 1464 1124 1538 θύραν,
1192 1463 1280 1520 καὶ
1352 1461 1779 1538 δηριγευόμενος
1821 1460 1965 1537 ἐξέρ-

302 1578 466 1635 χεται
524 1555 626 1626 ἔξω
681 1559 777 1609 τοῦ
825 1550 1203 1630 ἱπποδρόμου,
1257 1557 1365 1608 τῶν
1413 1549 1600 1606 ’ίππων
1654 1549 1968 1624 ἑλκομένων

301 1647 516 1722 ἒμπρὸς
565 1645 754 1714 αὐτοῦ,
809 1641 898 1698 καὶ
955 1639 1243 1718 ἀνέρχεται
1315 1640 1392 1703 είς
1450 1641 1512 1696 τὸ
1572 1637 1790 1715 ὄχημα.
1865 1639 1966 1696 Καὶ

299 1740 529 1801 ἕκαστος
576 1741 683 1792 τῶν
735 1735 1014 1812 ἀρχόντων
1065 1736 1205 1792 κατᾶ
1257 1733 1404 1804 τάξιν
1452 1731 1604 1806 φιλεῖ
1649 1733 1716 1789 τὰ
1767 1735 1968 1811 γόνατα

305 1829 498 1897 αὐτοῦ,
526 1827 612 1883 καὶ
647 1827 782 1902 μετὰ
825 1828 1030 1890 πάντας
1079 1827 1106 1880 6
1158 1823 1402 1901 ἔπαρχος
1451 1828 1559 1878 τῶν
1590 1821 1968 1900 πραιτωρίων,

303 1920 381 1982 ὡς
429 1916 662 1974 ὂιοείλων
719 1913 1038 1991 συγκαθίσαι
1081 1913 1252 1988 αὐτῷ,
1301 1915 1386 1968 καὶ
1435 1913 1710 1988 ἐπιτρέπει
1745 1913 1771 1968 6
1807 1913 1962 1989 βασι·
1996 1949 2044 2014 Β

301 2006 456 2076 λεὺς,
524 2007 569 2062 εἷ
641 2005 927 2081 βούλεται,
993 2009 1109 2065 τοῖς
1169 2003 1403 2080 ἄρχουσι
1459 2004 1672 2058 καθίσαι
1715 2002 1790 2065 εἷς
1837 2001 1964 2063 τοὺς

293 2097 505 2158 ’ίππους
553 2097 749 2166 αὐτῶν,
815 2093 905 2150 καὶ
962 2095 1248 2164 κάθηνται.
1298 2095 1360 2150 Ὁ
1412 2090 1470 2147 δὲ
1517 2091 1759 2167 ἔπαρχος
1819 2090 1972 2167 φιλεῖ

303 2186 430 2248 τοὺς
472 2182 644 2247 πόδας
675 2188 772 2240 τοῖ’)
827 2181 1123 2260 βασιλέως,
1175 2183 1264 2237 καὶ
1316 2181 1602 2258 ἀνέρχεται
1633 2180 1710 2244 εἷς
1741 2181 1838 2252 τήν
1871 2201 1968 2234 κα-

308 2275 508 2351 ροόχαν
568 2274 628 2328 ἐκ
675 2276 777 2328 τοῦ
830 2273 1118 2347 ἀριστεροῦ
1164 2270 1388 2347 μέρους,
1437 2271 1528 2326 καὶ
1569 2267 1809 2336 ἵσταται,
1875 2267 1968 2324 καὶ

303 2363 436 2420 ἐπὰν
496 2361 760 2436 ἐπιτρέψῃ
828 2361 977 2434 αὐτῷ
1034 2360 1271 2432 καθίσαι,
1331 2359 1496 2415 πάλιν
1558 2359 1709 2438 φιλεῖ
1762 2358 1828 2412 τὰ
1873 2358 1968 2432 γό-

303 2476 440 2510 νατα
466 2454 632 2509 αὖτοῦ
676 2454 764 2508 καὶ
813 2453 1064 2521 καθηται.
1118 2451 1222 2507 Καὶ
1272 2452 1300 2506 6
1346 2448 1591 2524 μουλίων
1626 2446 1968 2524 (4)⁹ίσταται,

305 2544 422 2614 καὶ,
457 2543 586 2599 ἐπὰν
617 2541 875 2616 κελευθῇ,
908 2542 998 2596 καί
1049 2541 1208 2604 αὐτὸς
1243 2539 1397 2617 φιλεῖ
1432 2541 1582 2595 κάτω
1613 2539 1738 2601 τοὺς
1771 2536 1968 2608 πόδας,

304 2635 398 2690 καὶ
445 2633 697 2704 κάθηται.
751 2633 1098 2705 ’Ἐμπροσθεν
1165 2627 1222 2685 δὲ
1289 2629 1645 2704 βαστάζουσιν
1695 2631 1722 2684 6
1767 2648 1973 2701 κουρο-

305 2724 564 2793 παλάτης
612 2723 658 2758 ⁷1
708 2722 798 2776 καὶ
849 2721 876 2775 ὁ
923 2717 1234 2794 δηκουρίων
1287 2722 1360 2792 (5)
1408 2720 1476 2773 τὰ
1525 2723 1705 2794 χρυσᾶ
1753 2713 1969 2794 ραϐδία.

305 2811 672 2884 Ἐκατέρωθεν
726 2808 783 2864 δὲ
834 2811 1074 2882 κόμητες
1131 2806 1381 2883 σχολῶν,
1431 2807 1522 2870 οὓς
1583 2807 1643 2862 ἂν
1704 2805 1970 2880 κελεύσει,

305 2895 772 2976 παραϐαδίζουσιν
819 2901 1143 2970 κρατοῦντες
1191 2896 1257 2950 τὰ
1310 2895 1464 2968 μῆλα
1511 2900 1612 2963 τῆς
1669 2892 1969 2968 καρούχας.

307 2975 414 3049 Καὶ
447 2989 578 3044 ἐπὰν
620 2988 914 3066 φθάσουσιν
953 2985 1032 3047 εἷς
1080 2985 1147 3041 τὰ
1199 2983 1376 3060 όῤῥία,
1429 2989 1648 3059 πρῶτον
1699 2983 1752 3036 οἱ
1799 2975 1970 3057 ἔπαρ-

305 3099 408 3156 χοι
437 3076 821 3152 κατέρχονται,
847 3076 938 3130 καὶ
969 3076 1093 3130 τότε
1144 3075 1172 3129 6
1223 3071 1512 3142 δεσπότης.
1547 3074 1634 3133 Ὡς
1667 3069 1722 3127 δὲ
1753 3071 1968 3146 εἰσέλθῃ

307 3168 388 3230 είς
440 3168 506 3221 τὰ
555 3165 734 3243 όῤῥία,
785 3166 989 3234 ἀπαντᾷ
1040 3163 1188 3234 αὐτῷ
1237 3166 1420 3240 φορῶν
1454 3159 1644 3216 λευκὸν
1682 3159 1971 3236 χλανίδιον

308 3257 338 3311 6
379 3257 560 3330 κόμης
609 3260 716 3310 τῶν
769 3253 967 3328 ὀρῤίων
1018 3255 1090 3324 (6)
1141 3252 1230 3306 καὶ
1285 3250 1377 3306 σὺν
1425 3251 1576 3323 αὐτῷ
1623 3252 1650 3305 6
1703 3251 1971 3324 νουμερά-

2068 661 2376 720 lentiarius
2408 671 2471 720 ut
2503 666 2746 738 [editum
2780 685 2812 722 a
2841 669 3176 740 praeposito]
3196 670 3454 741 accepit:
3487 693 3515 722 ‹‹
3538 671 3722 728 Para-

2069 755 2165 806 tus
2191 773 2219 801 ››
2245 752 2430 824 [puta,
2457 753 2909 825 imperatorjam
2932 757 3065 828 est],
3091 757 3314 813 intrant
3335 759 3419 828 [in
3445 775 3726 830 magnum

2073 840 2414 913 triclinium]
2453 842 2720 914 patricii:
2753 845 2886 900 dein
2917 846 3214 916 egreditur
3241 847 3296 918 [θ
3325 847 3597 904 cubiculo
3634 848 3727 904 vel

2072 935 2290 986 caatone
2318 932 2450 1004 suo]
2481 931 2800 1003 imperator
2829 935 2898 989 ad
2929 935 3189 990 medium
3223 952 3405 1007 usque
3445 953 3728 1009 magnum

2073 1019 2417 1086 triclinium,
2455 1021 2552 1076 ubi
2585 1023 2870 1092 consistit,
2897 1024 3160 1096 ﬁuntque
3192 1025 3390 1080 omnia
3421 1031 3486 1080 ut
3510 1027 3570 1081 in
3596 1041 3732 1083 con-

2073 1109 2305 1165 sistorio
2333 1127 2348 1179 ;
2375 1119 2428 1166 et
2459 1111 2592 1167 dein
2612 1113 2729 1167 exit
2758 1112 2815 1166 in
2837 1130 3144 1184 procerum
3163 1114 3442 1171 comitatu
3475 1132 3578 1188 per
3599 1115 3730 1171 bal-

2075 1199 2343 1254 nearinm
2371 1203 2460 1255 vel
2495 1199 2790 1268 balneum,
2837 1205 2894 1258 et
2941 1203 3174 1274 quando
3223 1203 3366 1260 illuc
3393 1206 3729 1275 accesserit,

2077 1289 2176 1342 ubi
2205 1294 2364 1346 stant
2395 1291 2690 1346 candidati
2735 1293 2794 1347 in
2827 1295 3028 1360 armis,
3064 1293 3146 1350 ibi
3178 1295 3402 1350 tribuni
3436 1298 3732 1368 praesentis

2077 1377 2312 1449 [nempe
2358 1378 2578 1434 militiai
2625 1385 2726 1436 aut
2789 1383 3130 1454 comitatus]
3179 1385 3424 1440 adorant
3469 1401 3624 1450 eum,
3675 1393 3728 1441 et

2077 1485 2214 1524 cum
2249 1471 2360 1541 ipsi
2395 1472 2764 1542 primicerius
2794 1474 3272 1532 domesticorum.
3295 1477 3433 1532 Inde
3455 1477 3637 1532 intrat
3665 1477 3724 1533 in

2080 1559 2324 1628 circum,
2355 1566 2412 1615 et
2441 1560 2520 1618 ibi
2555 1562 2831 1618 adoretur
2863 1580 2896 1618 a
2934 1564 3270 1621 domesticis
3299 1569 3358 1622 et
3389 1566 3729 1636 protectori-

2081 1649 2214 1715 bus,
2248 1664 2380 1705 cum
2433 1649 2691 1721 primum
2725 1651 2930 1723 pedem
2978 1653 3038 1707 in
3087 1653 3216 1724 ejus
3247 1657 3414 1724 porta
3445 1654 3730 1726 posuerit.

2077 1739 2216 1794 Inde
2247 1739 2365 1794 exit
2397 1738 2454 1794 in
2487 1741 2768 1796 comitatu
2817 1758 3120 1812 procerum
3155 1759 3184 1798 e
3214 1743 3386 1810 circo,
3419 1743 3583 1815 equis
3613 1743 3728 1800 im-

2077 1827 2395 1900 perialibus
2428 1828 2658 1884 interim
2709 1846 2906 1886 coram
2937 1830 3062 1896 ipso
3103 1847 3282 1886 manu
3315 1831 3640 1904 productis,
3673 1835 3734 1888 et

2080 1918 2344 1972 ascendit
2375 1917 2432 1972 in
2467 1917 2833 1974 carrucham.
2863 1921 3012 1978 405
3051 1922 3114 1976 In
3147 1935 3215 1976 ea
3245 1921 3526 1977 residenti
3557 1938 3728 1978 oscu-

2081 2007 2278 2063 lantur
2291 2007 2634 2063 accedentes
2653 2024 2752 2078 pro
2765 2008 3046 2080 gradibus
3059 2009 3410 2080 dignitatum
3427 2026 3730 2081 procerum

2081 2095 2300 2168 singuli
2323 2112 2534 2168 genua,
2559 2100 2614 2152 et
2637 2105 2966 2168 postremus
2990 2098 3141 2154 idem
3169 2098 3303 2153 facit
3320 2100 3606 2170 eparchus
3625 2113 3728 2156 seu

2080 2186 2392 2258 praefectus
2425 2185 2850 2256 praetoriorum,
2873 2189 2938 2241 nt
2968 2187 3068 2258 qui
3093 2188 3330 2244 domino
3352 2188 3410 2243 in
3433 2204 3609 2244 curru
3637 2205 3729 2244 as-

2080 2275 2268 2330 sidere
2302 2274 2489 2330 debet.
2525 2273 2600 2328 Eo
2633 2273 2898 2330 absoluto
2929 2274 3143 2342 ofﬁcio,
3193 2277 3290 2330 dat
3319 2277 3648 2348 imperator,
3680 2277 3732 2333 si

2079 2363 2222 2433 vult,
2257 2363 2594 2435 proceribus
2624 2365 2852 2422 veniam
2885 2365 2944 2420 in
2969 2381 3149 2437 equos
3169 2383 3308 2422 suos
3331 2365 3730 2423 inscendendi.

2083 2452 2392 2508 Praefectus
2439 2457 2630 2508 autem
2682 2454 3112 2525 praetoriorum,
3163 2455 3462 2512 osculatus
3510 2455 3735 2512 domini

2080 2557 2296 2613 genua,
2327 2540 2591 2597 ascendit
2621 2541 2679 2597 in
2704 2543 3068 2610 carrncbam,
3086 2543 3187 2599 sed
3210 2561 3241 2598 a
3265 2543 3506 2600 sinistro
3529 2545 3734 2615 latere,

2081 2635 2138 2687 et
2170 2630 2440 2686 subsistit
2462 2629 2520 2684 in
2553 2645 2616 2686 ea
2647 2625 2762 2686 tam
2797 2631 2895 2686 diu
2929 2635 3175 2701 erectus,
3201 2633 3386 2689 donec
3419 2631 3736 2704 imperator

2081 2719 2192 2791 ipsi
2209 2719 2436 2775 veniam
2454 2719 2796 2775 considendi
2821 2719 3420 2792 dederit.Prinsquam
3443 2737 3576 2778 vero
3600 2738 3733 2778 con-

2084 2810 2130 2866 si
2138 2811 2268 2865 deat
2291 2808 2714 2880 ille,osculatur
2727 2810 2982 2866 secunda
3001 2810 3123 2866 vice
3137 2810 3503 2882 imperatoris
3517 2827 3730 2884 genua.

2083 2899 2306 2954 Pariter
2337 2903 2451 2954 stat
2481 2915 2674 2954 coram
2707 2897 3056 2971 imperatore
3079 2898 3258 2954 mulio
3290 2899 3368 2968 [id
3400 2906 3486 2956 est
3507 2901 3732 2972 equino,

2084 2987 2311 3059 auriga]
2339 3006 2353 3056 ;
2387 2988 2484 3058 qui
2507 2987 2806 3043 considere
2829 2987 3059 3058 jussus,
3085 2987 3434 3060 priusquam
3456 2989 3514 3045 id
3539 2989 3731 3056 faciat,

2081 3076 2232 3132 imos
2264 3077 2440 3147 pedes
2461 3076 2831 3148 imperatoris
2863 3076 3182 3133 osculatur.
3213 3080 3423 3133 Coram
3455 3077 3739 3135 carrucha

2085 3166 2397 3236 praeferunt
2427 3165 2794 3236 curepalates
2825 3169 2881 3221 et
2910 3165 3143 3221 decurio
3165 3166 3357 3238 virgas
3380 3183 3590 3222 aureas
3615 3186 3629 3234 ;
3663 3165 3736 3222 ad

2085 3259 2393 3324 utrumque
2425 3253 2676 3308 vehiculi
2729 3255 2882 3309 latus
2913 3259 3107 3309 autem
3140 3255 3445 3310 ambulant
3493 3253 3734 3311 comites

312 3367 430 3423 ριος
476 3348 573 3420 (7),
623 3345 714 3399 καὶ
763 3339 1078 3398 ἐπιδίδωσιν
1121 3341 1268 3413 αὐτῷ
1331 3343 1432 3410 τήν
1470 3345 1668 3416 γνῶσιν
1705 3343 1800 3394 τοῦ
1829 3339 1968 3394 ἀπο-

2087 3321 2446 3407 scholarnm,
2463 3359 2610 3414 quos
2633 3343 2945 3413 imperator
2959 3343 3260 3415 delegerit,
3279 3347 3547 3400 tenentes
3563 3360 3739 3415 poma

305 3435 562 3509 κειμένου
640 3433 816 3500 σίτου,
875 3433 966 3487 καὶ
1026 3431 1398 3509 περιέρχεται,
1455 3431 1546 3485 καὶ
1626 3431 1726 3504 ὁρᾷ
1781 3428 1971 3487 πάντα.

311 3530 406 3580 Δεῖ
455 3521 512 3578 δὲ
560 3521 994 3597 παρακολουθεῖν
1038 3521 1118 3592 τῷ
1171 3519 1387 3594 βασιλεῖ
1445 3519 1532 3573 καὶ
1594 3519 1972 3593 ἀρχιτέκτονα,

310 3609 428 3683 τίνα,
462 3609 548 3665 ἐὰν
596 3609 802 3684 θελήσῃ
852 3606 1378 3684 πληροφορηθῆναι,
1428 3607 1473 3660 εἰ
1518 3611 1635 3667 ταῖς
1683 3603 1976 3676 ἀληθείαις

309 3704 576 3762 τοσοῦτος
637 3703 787 3762 σῖτος
856 3697 1160 3765 ἀπόκειται,
1235 3697 1478 3770 μετρήσῃ
1540 3696 1568 3750 ὁ
1635 3695 1972 3770 ἀρχιτέκτων

311 3790 444 3850 τοὺς
473 3789 699 3860 τόπους,
732 3788 824 3850 οὓς
871 3784 932 3842 ἂν
985 3783 1172 3860 συνίδῃ
1215 3785 1244 3840 6
1286 3782 1564 3859 βασιλεὺς,
1595 3785 1685 3839 καὶ
1719 3783 1844 3857 εἷ’πῃ
1873 3786 1974 3839 αὐ-

313 3884 398 3950 τῷ
447 3877 508 3934 τό
558 3875 782 3948 ἀληθὲς.
838 3876 942 3934 Καὶ
997 3874 1352 3950 ἐξερχόμενος
1417 3870 1609 3928 διδωσι
1656 3877 1736 3946 τῷ
1766 3875 1976 3948 κόμητι

315 3972 424 4024 τῶν
479 3966 678 4044 όρῥίων
726 3965 1086 4040 τετρογώνιον
1137 3967 1214 4038 (8)
1262 3962 1466 4038 λιτρῶν
1519 3960 1667 4033 δέκα,
1715 3963 1807 4018 καὶ
1854 3962 1978 4018 ὁλο-

318 4062 546 4132 σήρικον
619 4055 922 4131 στιχάριον,
989 4054 1078 4108 καὶ
1143 4058 1222 4125 τῷ
1286 4053 1633 4127 νουμεραρίῳ
1690 4053 1757 4107 τὰ
1818 4053 1974 4110 αὐτὰ.

315 4147 424 4206 Καὶ
473 4147 676 4202 ’ἐκεῖθεν
741 4143 972 4216 ἐξελθὼν
1036 4143 1322 4219 ἀνέρχεται
1396 4143 1470 4204 είς
1521 4143 1583 4197 τὸ
1623 4141 1839 4217 ὄχημα,
1887 4143 1977 4198 καὶ

314 4235 486 4292 πάλιν
545 4237 598 4290 οῖ
642 4233 880 4310 ἔπαρχοι
927 4231 1290 4308 συγκάθηνται
1339 4231 1406 4286 τὰ
1455 4229 1624 4304 ὅμοια
1671 4236 1975 4302 ποιοῦντες,

2087 3433 2212 3503 [seu
2247 3432 2448 3502 globos
2482 3431 2808 3487 metallicos
2839 3433 2900 3488 in
2931 3433 3124 3504 aditu]
3173 3433 3492 3489 carruchae.
3536 3437 3614 3488 Ea
3641 3449 3736 3488 ra-

2084 3520 2242 3575 tione
2265 3525 2328 3574 ut
2355 3525 2698 3590 perventum
2721 3521 2880 3576 estin
2899 3521 3132 3586 horrea,
3156 3521 3462 3577 descendit
3484 3521 3740 3592 primum

2087 3610 2396 3680 praafectus
2417 3609 2658 3665 domino
2681 3609 3000 3666 identidem
3023 3611 3306 3677 assidens,
3329 3611 3462 3666 dein
3487 3611 3739 3682 impera-

2085 3704 2198 3766 tor,
2231 3699 2322 3754 cui
2355 3699 2416 3753 in
2449 3697 2655 3754 horrea
2685 3699 2930 3755 intranti
2952 3699 3174 3755 obviam
3208 3699 3256 3754 it
3284 3715 3477 3756 comes
3514 3699 3742 3754 horreo-

2087 3805 2238 3856 rum,
2264 3804 2472 3859 gerens
2502 3788 2812 3844 candidam
2846 3789 3123 3854 tunicam,
3157 3792 3214 3843 et
3262 3803 3396 3843 cum
3429 3803 3495 3843 eo
3528 3803 3740 3843 nume-

2088 3879 2303 3934 rarins.
2336 3877 2555 3933 Nactus
2575 3877 2646 3932 ab
2669 3893 2736 3933 eo
2759 3878 2968 3934 comite
2993 3877 3306 3948 imperator
3323 3876 3592 3934 notitiam
3617 3876 3740 3931 fru-

2089 3967 2274 4023 menti
2304 3966 2363 4022 in
2400 3965 2620 4021 horreis
2651 3965 2898 4035 depositi
2929 3970 2986 4022 et
3035 3965 3342 4031 asservati,
3383 3963 3738 4021 circnmam-

2088 4057 2254 4112 bnlat
2283 4060 2337 4110 et
2367 4055 2580 4110 lustrat
2616 4055 2834 4124 omnia,
2868 4070 3068 4110 secum
3101 4053 3324 4110 habens
3355 4053 3608 4124 aliquem
3643 4071 3740 4110 ar-

2089 4147 2422 4213 chitectum,
2456 4145 2556 4218 qui
2609 4145 2846 4200 domino
2895 4144 3170 4218 cupiente
3217 4149 3374 4201 certo
3417 4143 3738 4215 eXplorare,

2089 4252 2230 4292 num
2263 4251 2458 4290 revera
2499 4237 2662 4290 tanta
2711 4233 2885 4302 adsit,
2937 4242 3153 4306 quanta
3203 4233 3564 4307 perhibetur,
3613 4233 3743 4290 fru-

1675 4357 1908 4416 VARIE
1962 4360 2382 4418 LECTIONES.

395 4455 443 4493 7°
471 4457 682 4513 ΣΧΟΛ.
713 4455 814 4506 τοῦ
844 4450 1139 4528 παρόντος.
1214 4450 1253 4486 τ¹
1289 4413 1553 4506 ΣΧΟΑξὸ
1590 4413 1914 4522 paeleum];

1365 4547 1562 4602 JOAN.
1603 4547 1743 4602 JAC.
1787 4547 2056 4604 RElSKIl
2098 4547 2691 4606 COMMENTARIUS.

399 4647 482 4718 (4)
513 4643 678 4718 Mulio
696 4642 880 4718 etiam
910 4655 1012 4718 pro
1041 4636 1556 4718 gquisopedicitnr.
1605 4635 1977 4718 bampriddn
2011 4641 2058 4705 D
2090 4639 2218 4694 dios
2251 4637 2528 4718 frumenti
2559 4637 2712 4709 quod
2755 4637 2816 4693 in
2869 4638 3074 4718 horrea
3109 4638 3496 4718 inferebatur,
3545 4642 3604 4694 et
3649 4653 3745 4693 ex-

325 4708 656 4776 Aleiandro
689 4708 926 4780 Severo,
953 4716 997 4766 t.
1050 4708 1096 4777 Ι,
1131 4709 1346 4787 p._990,
1393 4709 1492 4787 ubi
1525 4708 1699 4787 mulis
1730 4715 1785 4762 et
1813 4709 1981 4779 equis

327 4789 622 4847 muliones
650 4789 904 4850 tantum,
935 4800 1049 4838 non
1098 4782 1386 4837 muliones
1426 4783 1482 4834 et
1528 4782 1866 4850 equisones,
1924 4787 1986 4834 ut

333 4846 634 4924 curatores
667 4846 950 4911 attribuit.
981 4855 1163 4908 Etiam
1196 4853 1254 4924 in
1298 4851 1522 4924 Glnssis
1552 4846 1640 4904 est
1674 4846 1985 4924 μουλάρας,

331 4923 706 5006 ἱπποφόρϐος,
755 4923 1150 5001 κτηνοτρόφος,
1199 4919 1520 4990 ἀναοολεός,
1572 4923 1743 4977 mulio
1790 4919 1990 4994 super—

337 5003 710 5061 iume'ntarius
730 5007 955 5055 strator.

410 5075 490 5202 (5)
523 5073 746 5144 Ergone
777 5077 918 5153 tunc
944 5068 1226 5139 temporis
1275 5065 1465 5122 adhuc
1507 5064 1989 5146 decuriones'ap-

410 5187 411 5190 η
439 5145 716 5201 labantur
745 5141 872 5197 CPli
903 5139 1175 5197 consules
1207 5146 1262 5194 et
1315 5141 1612 5192 senatores
1660 5140 1896 5200 urbani,
1931 5140 1989 5191 ut

334 5138 716 5220 pellebantur
745 5141 872 5197 CPli
903 5138 1175 5220 consules
1207 5146 1262 5194 et
1285 5141 1612 5220 .se'natores
1642 5138 1996 5220 _urbani,uut

331 5207 460 5275 vult
491 5213 861 5280 Scholiastes,
892 5207 1329 5287 q_ui_ﬂcule?_'c_7]<
1375 5208 1794 5287 interpretatur
1815 5207 1842 5261 ‘2
1885 5207 1997 5287 Yix

337 5296 566 5362 putem.
592 5287 801 5362 Potius
821 5277 1292 5362 probabile
1314 5285 1401 5362 est
1423 5277 1876 5362 silentiariorum
1903 5281 1998 5362 de:

341 5349 618 5418 curiones
647 5357 736 5414 vel
770 5349 1022 5411 decanos
1069 5353 1164 5408 hic
1196 5351 1462 5420 intelligi,
1517 5349 1619 5416 qui
1649 5349 1824 5404 iidem
1861 5355 2000 5406 sunt

340 5439 522 5504 atque
553 5429 868 5504 primicerii
903 5425 1360 5504 silentiarinrum
1389 5439 1489 5503 ;.v.
1520 5421 1818 5504 Vales.‘ad
1856 5423 1998 5504 Am:

345 5495 824 5562 mi'anfMarcell.
861 5516 917 5570 p.
965 5499 1088 5552 264.
1139 5495 1606 5551 Silentiariorum
1649 5495 1844 5547 autem
1879 5497 2002 5549 erat

352 5573 792 5646 aureasivirgas
821 5571 1110 5646 prmferre.
1196 5638 1209 5646 .
1323 5645 1329 5646 γ
1488 5635 1500 5646 _
1729 5635 1740 5646 _

429 5645 505 5718 (6)
523 5635 960 5718 _l_d.ants_imilis
985 5638 1462 5718 mugerisglqnp
1488 5635 1830 5718 hort-sarius
1847 5637 2002 5718 apud

347 5705 855 5785 Ag‘nellum.Vide
875 5711 1226 5785 Murat,AScr.
1251 5709 1317 5764 Β.
1341 5705 1545 5785 Italic”
1571 5715 1608 5761 t.
1637 5705 1706 5771 ΙΙ,
1733 5723 1788 5778 p.
1813 5709 1932 5762 100.

417 5785 512 5858 ’(7)
529 5787 768 5842 Videtur
789 5782 1104 5840 numerarii
1127 5780 1536 5838 nnmusfnisse
1558 5795 1865 5835 numerare
1888 5795 2010 5835 mo-

635 5913 896 6006 ΡΑτιιοι.
943 5913 1058 5970 Gn.
1105 5909 1289 5971 CXII.

2093 4727 2305 4779 pensas
2365 4709 2424 4764 in
2483 4725 2779 4768 annonam
2840 4709 3094 4765 militum
3157 4709 3411 4781 pariter;
3467 4725 3522 4766 ν.
3569 4725 3751 4780 supra

2101 4782 2256 4836 dicta
2284 4781 2356 4835 ad
2391 4798 2444 4850 p.
2481 4781 2600 4835 ιιιο.

2170 4853 2247 4922 (8)
2279 4851 2404 4908 Fuit
2431 4869 2562 4906 cum
2589 4857 2875 4922 putarem,
2901 4851 3010 4907 hoc
3030 4851 3314 4908 vocabulo
3337 4850 3750 4920 apocombium

2103 4941 2202 4980 seu
2236 4923 2528 4995 sacculum
2584 4924 2834 4978 sericum
2884 4923 3177 4995 designari
3226 4923 3284 4977 in
3320 4923 3563 4995 formam
3597 4937 3746 4993 qua-

2103 4993 2514 5066 drangnlarem
2540 4999 2848 5066 conantum
2872 5000 2929 5066 et
2944 4993 3396 5066 conformatum,
3417 4995 3510 5066 cui
3541 4994 3752 5066 insutae

2104 5065 2300 5122 essent
2324 5066 2524 5120 decem
2543 5065 2666 5120 auri
2692 5065 2852 5121 litm.
2881 5065 3088 5121 Verum
3114 5066 3162 5122 si
3195 5065 3254 5122 in
3289 5065 3754 5122 nnmismatibus

2105 5155 2206 5194 seu
2267 5136 2469 5192 solidis
2517 5138 2904 5192 constiterunt
2952 5137 3060 5192 illis
3109 5138 3304 5194 decem
3355 5136 3520 5204 litraa,
3573 5136 3756 5193 nimis

2105 5209 2346 5280 grandis
2377 5209 2560 5264 evasit
2588 5208 2686 5262 illa
2727 5207 2993 5275 bnrsula,
3039 5214 3104 5265 ut
3146 5225 3273 5278 quae
3324 5209 3514 5265 decies
3539 5209 3612 5263 74
3643 5224 3756 5264 nn-~

2111 5279 2388 5336 mismata
2418 5297 2522 5336 seu
2551 5281 2658 5334 740
2694 5280 3052 5336 numismata
3082 5281 3425 5337 contineret.
3453 5281 3666 5336 Littras
3693 5279 3756 5335 in

2109 5353 2358 5424 integris
2389 5351 2516 5406 auri
2551 5351 2762 5406 massis
2800 5367 2977 5407 cusas
3027 5353 3228 5424 fuisse,
3277 5351 3756 5424 quandoquidem

2112 5420 2264 5478 mihi
2289 5439 2400 5476 non
2435 5427 2682 5494 constat,
2705 5423 2972 5494 quamvis
2991 5425 3058 5478 ad
3071 5420 3312 5479 modum
3343 5420 3639 5488 probabile
3663 5420 3754 5486 sit,

2112 5495 2172 5550 in
2205 5495 2382 5568 dubio
2417 5493 2760 5568 relinquam.
2797 5495 2994 5549 Putem
3031 5496 3205 5568 igitur
3249 5495 3467 5565 potius,
3498 5497 3762 5568 t_etrago—

2116 5568 2278 5621 nium
2305 5566 2413 5620 hoc
2438 5565 2611 5620 fuisse
2635 5581 2890 5621 massam
2913 5565 3144 5622 auream
3167 5567 3226 5621 in
3245 5571 3486 5621 monetae
3510 5565 3757 5617 formam

2117 5653 2319 5693 cusam
2353 5639 2549 5691 decem
2587 5636 2746 5691 lilras
2778 5637 3146 5705 pendentem.
3181 5639 3313 5704 Sed,
3349 5641 3413 5690 ut
3443 5648 3642 5689 verum
3679 5633 3761 5688 fa-

2118 5714 2263 5776 tear,
2297 5725 2412 5763 non
2439 5708 2624 5764 habeo
2647 5708 2980 5778 exemplum
3003 5726 3208 5764 massa:
3232 5709 3289 5763 in
3324 5721 3634 5762 nummum
3660 5721 3764 5760 cu-

2120 5797 2196 5836 sae
2229 5781 2416 5836 forma
2445 5779 2730 5850 quadrata
2761 5781 2914 5853 apud
2947 5780 3176 5838 Graecos
3205 5783 3309 5835 aut
3338 5779 3656 5835 Romanos.

3365 5907 3439 5964 41
