4124 6414
353 477 508 537 1293

1198 477 1300 537 DE
1341 475 1812 538 CERIMONIIS
1859 475 2096 537 AULIE
2137 475 2609 536 ΒΥΖΑΝΤΙΝᾸΕ
2651 477 2800 539 LIB.
2849 478 2930 540 II.

3609 475 3766 540 i294

350 603 824 682 ἐκπληρώσωμεν.
877 605 1110 664 Πολλῶν
1174 606 1276 684 γάρ
1345 603 1514 662 ὄντων
1583 607 1671 662 καὶ
1741 605 1996 684 μεγάλων

2130 608 2468 664 tatisfacere.
2503 609 2789 666 Diffusum
2824 615 2881 667 et
2911 627 3084 682 grave
3114 615 3170 668 et
3191 611 3502 670 obscurum
3526 628 3675 685 opus
3695 613 3766 667 de

349 701 462 752 τῶν
503 697 652 771 παρά
688 702 808 760 τοῖς
852 697 1108 777 ἀρχαίοις
1151 695 1615 772 καταλειφθέντων
1656 698 2001 771 ἀξιωμάτων,

350 784 541 858 πολλή
573 808 631 842 τε
674 788 765 842 καὶ
819 787 1029 865 μεγάλη
1080 787 1170 842 καὶ
1215 785 1528 859 δύσληπτος
1578 790 1612 858 ἡ
1657 787 1780 862 περὶ
1831 786 2006 842 αὐτῶν

353 876 590 955 ὑπάρχει
623 879 902 956 σαφήνεια.
957 878 1057 932 Καὶ
1113 875 1215 951 γὰρ
1265 877 1319 930 αἱ
1371 875 1579 932 πολλαὶ
1621 881 1729 932 τῶν
1763 876 2006 950 ἀξιωμά-

349 989 458 1022 των
493 967 898 1042 ἀμαυρωθεῖσαι
930 973 1006 1041 τῷ
1059 969 1246 1043 χρόνῳ
1295 967 1688 1042 προσκλήσεις,
1721 967 1866 1023 ἀλλά
1897 968 2004 1040 μὴν

349 1057 444 1112 καὶ
491 1063 658 1112 πᾶσαι
715 1059 771 1111 αἱ
833 1057 949 1132 μετ’
1007 1057 1207 1118 ἐκείνας
1267 1056 1627 1136 ἐφευρεθεῖσαι
1685 1057 2009 1131 ἀξιωμάτων

354 1143 610 1226 διαφοραὶ
657 1145 918 1222 σύγχυσίν
968 1168 1090 1202 τινα
1135 1147 1554 1224 παρεισάγουσιν
1601 1153 1702 1216 τῆς
1751 1141 2008 1221 ἀκριϐοῦς

351 1235 532 1290 αὐτῶν
581 1233 968 1309 καταλήψεως.
1019 1235 1123 1292 Καὶ
1173 1233 1359 1306 ἐπειδὴ
1407 1237 1508 1306 τήν
1557 1236 1826 1310 ἡμετέραν
1857 1235 2009 1308 ἀμά-

351 1327 498 1379 θειαν
564 1331 664 1394 τῆς
734 1320 998 1400 ἀκριϐοῦς
1063 1324 1271 1379 τούτων
1325 1323 1686 1398 καταλήψεως
1735 1325 1834 1393 τήν
1879 1345 2014 1400 συγ-

352 1415 570 1491 γραφὴν
636 1413 983 1489 ἐξῃτήσασθε,
1035 1413 1158 1469 ὅσον
1221 1418 1300 1486 τῷ
1343 1418 1421 1486 νῷ
1468 1411 1726 1488 ἀμυδρῶς
1791 1411 1849 1466 ἐκ
1905 1415 2012 1466 τῶν

352 1503 548 1576 πρώην
597 1501 922 1578 ἐγκειμένων
969 1506 1078 1576 (13)
1127 1504 1217 1558 καὶ
1279 1503 1368 1558 νῦν
1418 1502 1810 1578 πραττομένων
1859 1521 2017 1577 περι-

355 1589 546 1650 λαϐεῖν
608 1591 989 1666 ἠδυνήθημεν,
1037 1597 1106 1668 τῇ
1188 1593 1421 1668 ὑμετέρᾳ
1491 1593 1649 1670 φιλίᾳ
1709 1594 2014 1672 περιφανῶς

357 1681 692 1758 ἐκτιθέμεθα.
743 1681 958 1740 Εἷδέναι
1013 1683 1117 1759 γὰρ
1169 1684 1310 1756 ὑμᾶς
1369 1682 1704 1758 βουλόμεθα,
1754 1682 1799 1736 ὦ
1839 1681 2014 1761 φίλοι,

359 1771 446 1829 ὅτι
487 1777 629 1828 πᾶσα
683 1773 777 1846 μὲν
827 1791 1040 1848 τεχιιων
1095 1771 1376 1844 ἐπιστήμη
1429 1775 1565 1847 πρός
1611 1793 1661 1826 τι
1709 1768 2011 1846 εὔχρηστον

356 1862 516 1925 τέλος
562 1866 669 1918 τῶν
715 1861 768 1917 ἐν
816 1867 896 1934 τῷ
949 1863 1056 1938 βίῳ
1110 1862 1453 1932 συνέστηκεν.
1495 1863 1558 1917 Ἡ
1608 1859 1664 1916 δὲ
1710 1864 1817 1916 τῶν
1865 1859 2016 1934 ἀρτι-

2113 697 2204 752 his
2234 695 2390 753 clare
2422 697 2812 772 distincteque
2855 716 3161 772 exponere,
3204 717 3335 757 cum
3375 717 3490 758 non
3529 705 3764 757 tantum

2113 787 2378 860 plurimas
2393 789 2747 860 dignitatum
2764 807 2796 845 a
2809 790 3098 846 veteribus
3113 793 3181 846 ad
3199 791 3768 862 posterostransmis-

2113 893 2309 931 sarum
2345 895 2620 948 processu
2670 881 2943 950 temporis
2992 881 3381 937 obsoleverint
3416 905 3430 947 ;
3463 883 3562 936 sed
3592 883 3765 936 etiam

2113 983 2314 1022 omnes
2367 968 2644 1040 deinceps
2683 971 3015 1038 excogitatae
3058 977 3114 1026 et
3155 972 3490 1026 introductae
3529 971 3766 1024 diversas

2116 1057 2432 1127 dignitates
2463 1058 2754 1114 turbelam
2787 1060 2964 1115 simul
2996 1062 3341 1126 invexerint,
3373 1076 3579 1132 eoque,
3622 1077 3770 1132 quo-

2118 1147 2313 1202 minus
2344 1153 2498 1202 recte
2532 1148 2749 1220 percipi
2788 1166 2880 1204 res
2914 1149 3116 1222 possit,
3158 1149 3439 1206 ofﬁciant.
3477 1151 3768 1214 Quoniam

2115 1234 2299 1306 igitur
2313 1235 2384 1291 ab
2399 1235 2631 1308 ingenio
2647 1243 2845 1294 nostro
2861 1239 2994 1294 rudi
3017 1239 3283 1311 quamvis
3305 1243 3362 1294 et
3384 1253 3588 1311 parum
3613 1253 3772 1294 exer-

2119 1325 2292 1380 citato
2324 1327 2701 1398 scriptiouem
2735 1329 2872 1385 huic
2902 1331 2982 1384 rei
3008 1329 3223 1385 clarius
3245 1329 3630 1400 intelligendas
3655 1329 3772 1386 uti-

2117 1413 2232 1469 lem
2267 1415 2593 1486 ﬂagitastis,
2625 1417 2920 1473 voluimus
2954 1419 3061 1475 hoc
3093 1419 3369 1490 opusculo
3395 1424 3682 1491 quantum
3703 1435 3774 1474 ex

2121 1501 2384 1560 obscuris
2415 1505 2671 1578 vestigiis
2699 1511 2962 1562 veterum
2995 1505 3604 1565 traditionumlitteris
3631 1523 3773 1564 con-

2123 1592 2483 1656 signatarum
2511 1602 2566 1650 et
2587 1596 3004 1652 hodiernarum
3029 1598 3518 1654 consuetudinum
3541 1597 3776 1670 assequi

2124 1683 2446 1753 potuimus,
2480 1689 2679 1740 vestrm
2712 1685 2982 1742 charitati
3013 1703 3318 1757 exponere.
3351 1688 3416 1743 lu
3439 1687 3774 1744 universum

2121 1769 2184 1826 id
2215 1788 2248 1826 a
2276 1772 2438 1827 vobis
2470 1774 2650 1830 teneri
2684 1775 2881 1844 velim,
2909 1779 2971 1830 ut
2996 1777 3258 1830 omnium
3285 1776 3501 1832 artium
3525 1777 3774 1847 cognitio

2121 1860 2190 1916 ad
2224 1861 2399 1917 ﬁnem
2431 1862 2684 1934 aliquem
2719 1881 2858 1921 usus
2887 1866 2974 1921 sui
3007 1865 3064 1920 in
3098 1866 3474 1937 quotidianas
3503 1867 3774 1924 humanas

354 1952 558 2008 κλινῶν
611 1951 890 2026 ἐπιστήμη
961 1950 1014 2006 ἐν
1065 1948 1244 2006 οὐδενὶ
1295 1949 1454 2024 ἄλλῳ
1506 1951 1552 1987 ⁷⁴
1595 1952 1658 2006 τὸ
1708 1946 2012 2025 εὔχρηστον

2130 1950 2250 2006 vitae
2285 1967 2373 2006 res
2405 1951 2803 2024 implicautem
2837 1955 3042 2024 tendit,
3075 1957 3226 2011 ΜΠ
3261 1956 3340 2012 ita
3371 1973 3603 2029 quoque
3636 1955 3777 2012 arti-

355 2040 645 2111 δείκνυσιν,
679 2041 806 2097 ἀλλ’
853 2041 888 2111 ἢ
937 2040 990 2096 ἐν
1021 2045 1100 2112 τῷ
1147 2041 1290 2114 τάξει
1341 2041 1431 2095 καὶ
1461 2039 1705 2095 συστάσει
1735 2041 1827 2094 καὶ
1859 2039 2016 2114 ἀκρι-

355 2127 444 2187 ϐεῖ
487 2127 720 2186 διαθέσει
763 2131 859 2193 τὰς
923 2135 1030 2186 τῶν
1079 2129 1404 2202 ἀξιωμάτων
1461 2127 1719 2206 διαφοράς
1771 2125 2018 2184 διαστέλ-

357 2218 470 2276 λειν
517 2222 578 2276 ⁷⁵.
633 2221 728 2276 Καὶ
776 2221 880 2296 γὰρ
931 2225 1075 2274 πᾶσα
1148 2219 1464 2298 περιφάνεια
1540 2219 1661 2294 βίου
1710 2219 1744 2289 ἢ
1798 2216 2015 2288 ἔνδοξος

355 2309 680 2384 ἀξιωμάτων
751 2309 872 2380 ἀξία
932 2307 986 2364 ἐν
1057 2307 1236 2364 οὐδενὶ
1280 2307 1441 2381 ἄλλῳ
1488 2314 1604 2371 τοῖς
1669 2309 1866 2382 ὁρῶσιν
1933 2307 2020 2362 ἐν-

357 2397 654 2468 δείκνυται,
709 2399 838 2454 ἆλλ’
901 2400 936 2470 ἢ
1009 2399 1060 2454 ἐν
1111 2403 1180 2472 τῇ
1231 2398 1427 2470 κλήσει
1475 2405 1574 2468 τῆς
1625 2393 2018 2474 προκαθεδρίας

359 2497 463 2560 τῆς
511 2489 564 2545 ἐν
613 2493 682 2564 τῇ
749 2487 978 2563 λαμπρᾷ
1041 2488 1278 2563 τραπέζῃ
1351 2489 1440 2542 καὶ
1491 2489 1844 2563 περιποθήτω
1899 2509 2022 2541 συν-

363 2577 600 2636 εστιάσει
651 2583 759 2634 τῶν
811 2580 1144 2652 σοφωτάτων
1191 2581 1353 2652 ἡμῶν
1407 2577 1697 2652 βασιλέων.
1751 2578 1813 2634 Εἰ
1855 2575 1910 2632 δέ
1939 2598 2022 2639 τις

361 2667 424 2724 ἐκ
487 2675 586 2738 τῆς
665 2670 825 2742 ἡμῶν
904 2667 1225 2742 ἀπροσεξίας
1292 2665 1601 2740 ἐπισφαλὴς
1662 2666 2022 2742 προσγένηται

361 2758 630 2834 σύγχυσις
676 2761 794 2820 τοῖς
847 2756 1157 2831 βασιλικοῖς
1203 2757 1564 2830 κλητωρίοις,
1616 2756 1677 2810 οὗ
1732 2757 1897 2830 μόνον
1926 2756 2021 2818 τὰς

357 2851 470 2902 τῶν
506 2843 810 2921 βασιλικῶν
857 2847 1180 2920 ἀξιωμάτων
1227 2844 1421 2920 ἀρετάς
1471 2844 1846 2920 καταῤῥιπτεῖ,
1877 2843 2025 2900 ἀλλά

359 2935 453 2991 καὶ
505 2937 655 3008 ἡμᾶς
703 2935 901 2997 αὐτοὺς
961 2932 1400 3010 καταγελάστους
1466 2933 1554 2989 καὶ
1617 2933 1876 3010 ἀχρείους
1921 2939 2022 3003 τῆς

361 3023 640 3085 διακονίας
686 3024 1002 3098 παρίστησι.
1056 3023 1148 3080 Διὸ
1213 3025 1330 3092 οὖν,
1395 3023 1696 3098 ἀγαπητοὶ,
1748 3021 1830 3078 δεῖ
1876 3025 2024 3097 ἡμᾶς

359 3113 415 3170 ἐν
465 3117 534 3186 τῇ
585 3113 810 3189 τοιαύτῃ
864 3112 1140 3189 λαχόντας
1192 3110 1463 3174 διακονίας
1503 3116 1756 3188 προσοχῇ
1791 3111 2024 3184 μελέτης

359 3203 452 3260 καὶ
495 3202 808 3277 ἐπιστήμης
839 3203 934 3265 τὰς
982 3207 1088 3258 τῶν
1137 3203 1461 3278 ἀξιωμάτων
1513 3203 1910 3281 κυριοκληοίας
1973 3201 2024 3258 ἐν

357 3298 442 3367 τῷ
488 3292 676 3365 οῗκείῳ
727 3291 815 3347 νοΐ
865 3295 1242 3370 περιγράφειν,
1289 3295 1378 3349 καὶ
1431 3294 1524 3358 εἶθ’
1574 3294 1747 3355 οὕτως
1796 3293 1892 3355 τὰς
1932 3291 2026 3346 αὖ·

359 3387 468 3438 τῶν
533 3379 819 3456 διαιρέσεις
879 3382 968 3436 καὶ
1037 3380 1434 3456 ὑποδιαιρέσεις
1478 3384 1568 3438 καὶ
1626 3377 1868 3457 ἀκριϐεῖς
1932 3402 2028 3435 συ-

363 3472 575 3534 στάσεις
622 3472 880 3550 ἐκφωνεῖν
930 3472 1020 3526 καὶ
1067 3471 1390 3536 ἐκτίθεσθαι.
1449 3471 1612 3530 Ἀλλ’
1660 3471 1877 3544 ἐπείπερ
1929 3471 2024 3533 τὰς

359 3566 470 3618 τῶν
499 3561 746 3637 ἀρχαίων
779 3559 1011 3624 ἐκθέσεις
1064 3562 1196 3636 οὐχὶ
1240 3561 1433 3632 πάσας,
1482 3560 1610 3616 ἀλλ’
1662 3563 1788 3624 ὅσας
1822 3565 1849 3618 ὁ
1886 3563 2026 3637 χρό-

363 3671 457 3712 νος
525 3651 926 3724 άμαυρωθῆναι
1003 3648 1276 3721 ἐποίησεν,
1346 3650 1524 3705 ἐκοντὶ
1575 3649 2024 3726 παρεδράμομεν,

361 3742 492 3817 φέρε
537 3737 606 3808 δὴ
657 3740 754 3800 τὰς
806 3739 894 3794 ἐπὶ
940 3743 1047 3794 τῶν
1128 3738 1398 3814 βασιλέων
1449 3742 1635 3814 ἡμῶν,
1671 3741 1901 3804 Λέοντος
1933 3741 2024 3796 καὶ

361 3826 747 3904 Ἀλεξάνδρου,
799 3827 1203 3904 γνωριζομένας
1265 3851 1323 3885 τε
1389 3831 1502 3903 ἅμα
1567 3829 1657 3884 καί
1715 3831 2026 3906 πραττομέ-

358 3939 455 3982 νας
531 3919 606 3982 ὡς
681 3917 734 3972 ἐν
818 3919 1041 3980 πίνακος
1103 3919 1248 3992 τάξει
1316 3917 1581 3995 στιχηδὸν
1651 3921 2024 3994 ὑποτάξωμεν.

361 4013 619 4081 Ποιῶμεν
651 4006 710 4062 δὲ
739 4012 926 4078 τοῦτο,
958 4007 1067 4082 οὐχ
1096 4007 1170 4070 ὡς
1199 4007 1294 4070 τὰς
1342 4013 1450 4064 τῶν
1496 4009 1745 4084 ἀρχαίων
1782 4031 2025 4087 συγγρα-

359 4097 466 4178 φὰς
531 4099 941 4170 ἀνατρέποντες,
992 4095 1136 4153 ἀλλὰ
1192 4097 1286 4162 τάς
1343 4100 1468 4174 περὶ
1515 4100 1724 4154 τούτων
1791 4099 2025 4164 ἐκθέσεις

359 4187 438 4248 ὡς
488 4185 539 4242 ἐν
591 4187 734 4258 τάξει
801 4187 1027 4242 κανόνος
1075 4191 1320 4242 τυπῶσαι
1391 4185 1807 4259 σπουδάζοντες,
1875 4189 2026 4253 ὅπως

363 4277 444 4350 μὴ
497 4276 662 4348 μόνον
715 4277 768 4331 οἱ
815 4275 939 4352 περὶ
1003 4279 1174 4332 ταῦτα
1235 4275 1602 4355 ἐσχολακότες
1661 4279 1756 4348 τὴν
1822 4277 2020 4353 εὐχερῆ

357 4365 568 4422 τούτων
617 4364 927 4440 κατάληψιν
973 4363 1204 4440 ἔχωσιν,
1261 4365 1410 4420 ἀλλά
1456 4367 1548 4421 καὶ
1596 4367 1652 4419 οἱ
1702 4365 1822 4422 λίαν
1870 4367 2025 4440 ἄμα-

358 4457 469 4516 Θεῖς
496 4460 578 4528 τῷ
613 4460 792 4530 μικρῷ
839 4456 1019 4528 τούτῳ
1067 4453 1251 4510 κανόνι
1299 4455 1558 4525 ἐπομενοι
1610 4454 2022 4526 εὐκατάληπτον

358 4545 451 4601 καὶ
497 4551 638 4624 σοιφῆ
687 4547 787 4614 τὴν
841 4547 965 4620 περὶ
1015 4545 1113 4606 τὰς
1165 4545 1340 4614 τάξεις
1409 4545 1698 4618 εὑρίσκωσι
1765 4565 2024 4621 πραγμα-

355 4633 528 4690 τείαν.
585 4634 661 4690 Οὐ
708 4635 810 4709 γὰρ
861 4631 1068 4689 δίκαιον
1149 4632 1456 4708 ἐκρίναμεν,
1519 4634 1646 4696 τοὺς
1715 4635 1792 4706 μὴ
1859 4639 2026 4690 ταῦτα

2126 2039 2408 2096 clinorum
2458 2042 2764 2100 scientiam
2811 2043 2984 2099 finem
3031 2044 3244 2102 habere
3281 2062 3480 2114 suum,
3519 2050 3576 2102 et
3606 2047 3662 2100 in
3710 2061 3777 2102 eo

2127 2129 2376 2185 maxime
2408 2129 2500 2186 sui
2532 2133 2670 2186 dare
2701 2149 2878 2188 usum
2910 2137 3085 2204 atque
3119 2134 3470 2206 exemplum,
3504 2135 3658 2207 quod
3681 2151 3779 2189 ac—

2127 2217 2425 2275 Curatione
2447 2220 2646 2276 stricta
2668 2221 2984 2293 dignitates
3007 2222 3150 2278 aulae
3175 2222 3432 2279 diversas
3447 2241 3553 2279 suo
3567 2239 3780 2295 quam—

2130 2325 2242 2379 que
2275 2307 2493 2376 ordine,
2527 2326 2766 2383 corpore
2792 2311 2989 2367 etloco
3011 2311 3565 2384 dispescit.lllustris
3588 2312 3780 2368 omnis

2129 2399 2244 2452 vita
2285 2415 2616 2473 munusque
2655 2418 2825 2456 omne
2872 2400 3065 2468 gloriae
3117 2403 3356 2474 plenum
3405 2402 3465 2458 in
3516 2402 3676 2458 nulla
3722 2417 3783 2457 re

2132 2503 2193 2543 se
2227 2488 2410 2560 magis
2441 2490 2756 2561 spectabile
2787 2491 3184 2562 spectantibus
3217 2492 3448 2547 exhibet
3481 2493 3783 2564 magisque

2134 2576 2263 2633 ferit
2284 2577 2504 2646 oculos,
2537 2595 2714 2649 quam
2739 2578 2785 2634 si
2809 2581 3039 2651 publica
3060 2598 3196 2637 voce
3219 2581 3538 2654 praecedere
3561 2589 3618 2636 et
3639 2597 3784 2653 pras-

2133 2667 2322 2722 sidere
2343 2667 2507 2722 alteri
2535 2667 2791 2725 inferiori
2808 2671 2961 2740 apud
2976 2670 3339 2741 splendidam
3357 2670 3614 2726 tabulam
3638 2687 3785 2742 epu-

2135 2756 2334 2828 lasque
2365 2757 2616 2813 multum
2646 2759 2928 2830 expetitas
2958 2760 3524 2832 sapientissimorum
3555 2764 3786 2817 nostro-

2137 2863 2267 2901 rum
2301 2847 2716 2917 imperatorum
2734 2848 2998 2918 jubetur.
3025 2849 3085 2904 Si
3116 2850 3254 2920 quid
3279 2865 3413 2921 ergo
3437 2851 3494 2906 in
3517 2850 3785 2923 augustis

2135 2935 2414 2991 conviviis
2456 2952 2552 3006 per
2599 2943 2860 2993 nostram
2900 2937 3216 3008 quamdam
3258 2938 3546 2994 incuriam
3582 2946 3637 2994 et
3675 2938 3790 2994 im—

2136 3025 2502 3096 prudentiam
2535 3024 2876 3082 obturbetur
2895 3031 3302 3099 pecceturque,
3327 3045 3393 3084 eo
3418 3045 3534 3084 non
3555 3031 3788 3085 tantum

2138 3114 2552 3187 proculcantur
2591 3115 2920 3171 ofﬁciorum
2961 3116 3243 3172 curulium
3283 3117 3550 3186 virtutes,
3591 3118 3695 3174 sed
3733 3121 3792 3174 et

2139 3204 2248 3274 ipsi
2277 3202 2556 3260 ridiculos
2589 3219 2694 3260 nos
2723 3212 2776 3260 et
2807 3204 3038 3276 ineptos
3069 3205 3394 3262 ministerio
3425 3205 3788 3264 exhibemus.

2138 3294 2524 3364 Quapropter,
2547 3293 2744 3362 amici,
2772 3297 2996 3366 oportet
3019 3310 3146 3361 nos,
3168 3293 3228 3351 in
3253 3295 3382 3364 hoc,
3413 3295 3566 3366 quod
3593 3302 3794 3352 nostra

2139 3387 2292 3438 sorte
2346 3382 2514 3437 nobis
2557 3383 2816 3454 contigit,
2872 3384 3225 3440 constitutos
3254 3389 3414 3441 tanto
3445 3384 3790 3455 ministerio,

2139 3471 2391 3542 primum
2425 3471 2662 3542 quidem
2689 3477 2911 3528 attenta
2941 3489 3080 3528 cura
3111 3476 3436 3530 secundum
3459 3475 3601 3530 artis
3633 3475 3790 3547 leges

2138 3560 2333 3614 animo
2367 3560 2634 3632 proprias
2657 3559 3006 3634 dignitatum
3034 3563 3456 3636 appellationes
3480 3563 3787 3636 concipere

2139 3657 2308 3719 atque
2357 3649 2722 3718 conﬁrmare,
2764 3658 2884 3707 tum
2917 3667 3049 3708 vero
3089 3652 3438 3724 dignitatum
3469 3653 3788 3711 divisiones

2137 3742 2390 3810 majores
2419 3740 2789 3812 minoresque
2808 3746 2865 3798 et
2895 3757 3060 3798 veras
3093 3744 3346 3799 rationes
3369 3742 3675 3798 enuntiare
3697 3749 3788 3799 at-

2138 3846 2250 3902 que
2298 3845 2601 3902 exponere.
2631 3829 2918 3900 Antiquae
2964 3834 3161 3886 autem
3191 3847 3324 3886 cum
3358 3831 3788 3887 decreverimus

2136 3924 2426 3990 omittere,
2461 3940 2578 3978 non
2608 3923 2842 3993 quidem
2875 3939 3104 3990 omnes,
3145 3927 3206 3979 at
3233 3941 3333 3980 eas
3372 3929 3591 3993 tamen,
3637 3941 3790 3997 quas

2137 4019 2464 4082 temporum
2497 4013 2779 4068 decursus
2805 4011 3054 4083 caligine
3085 4015 3141 4068 et
3171 4012 3535 4084 ignoratione
3575 4014 3790 4085 sepeli-

2135 4099 2238 4168 vit,
2269 4117 2421 4156 ουτω
2453 4099 2620 4156 nobis
2652 4107 2775 4156 esto
2805 4117 2926 4166 eas,
2960 4117 3086 4172 quas
3117 4105 3380 4174 tempore
3411 4103 3788 4160 dominorum

2137 4189 2712 4256 nostrorum,Leouis
2731 4195 2787 4246 et
2805 4190 3142 4256 Alexandri,
3169 4191 3339 4248 clarae
3356 4192 3794 4262 exercitamque

2138 4283 2390 4346 fuerunt,
2437 4295 2613 4334 unam
2657 4287 2785 4350 post
2821 4277 3064 4335 alteram
3096 4279 3374 4338 continuo
3405 4281 3503 4337 filo
3537 4279 3692 4336 velut
3730 4281 3794 4339 in

2137 4367 2334 4425 tabula
2387 4383 2727 4438 proponere.
2780 4369 2943 4434 Quod
2993 4385 3060 4423 eo
3110 4385 3226 4424 non
3284 4368 3530 4424 facimus
3575 4370 3796 4436 animo,

2135 4463 2416 4528 tanquam
2443 4456 2778 4511 convulsuri
2801 4465 2854 4511 et
2878 4457 3132 4511 eversuri
3157 4460 3416 4512 veterum
3431 4458 3672 4528 scripta,
3688 4457 3794 4514 sed.

2138 4545 2507 4602 studebimus
2539 4547 2610 4602 de
2640 4545 2734 4601 his
2766 4546 2942 4602 rebus
2974 4551 3260 4617 praecepta
3289 4545 3525 4602 velutin
3548 4549 3794 4604 canonis

2141 4635 2442 4692 modulum
2477 4637 2740 4708 redigere
2773 4653 2925 4706 ;quo
2953 4652 3066 4692 non
3097 4635 3182 4690 illi
3207 4638 3559 4708 tantum,qui
3584 4635 3794 4692 iisdem

359 4717 604 4794 ἀκριϐῶς
650 4722 1049 4796 ἐξησκημένους
1098 4721 1151 4777 ἐν
1209 4725 1278 4796 τῇ
1325 4721 1552 4796 τοιαύτῃ
1604 4725 1866 4801 τετάχθαι
1920 4725 2019 4799 βα-

2130 4727 2251 4796 jam
2305 4743 2338 4781 a
2381 4725 2554 4798 longo
2599 4731 2858 4796 tempore
2899 4729 3277 4797 occupantur,
3320 4725 3551 4781 facilem
3591 4741 3792 4781 earum

361 4810 554 4886 σιλικῇ
588 4811 922 4888 λειτουργίᾳ,
973 4810 1056 4866 ὅτι
1108 4807 1240 4866 οὐδὲ
1289 4811 1476 4888 ἀσόφῳ
1504 4811 1596 4866 καὶ
1627 4812 1832 4885 ἀμαθεῖ
1863 4813 2021 4886 βασι-

361 4899 454 4956 λεῖ
499 4901 828 4974 παρεστάναι
877 4903 1040 4974 ἡμεῖς
1099 4901 1530 4976 εὑμοιρήσαμεν,
1583 4899 1728 4956 ἀλλὰ
1775 4899 1914 4956 πάνυ
1962 4921 2026 4979 γε

361 4989 664 5068 σοφωτάτῳ
693 4989 786 5045 καὶ
835 4987 991 5065 λόγῳ
1031 4990 1120 5045 καὶ
1169 4983 1316 5065 ἔργῳ
1362 4993 1432 5065 τῇ
1483 4987 1686 5047 ἄνωθεν
1713 4991 1904 5067 χάριτι
1933 5011 2026 5046 τε-

2134 4819 2510 4886 conspectum
2543 4813 2995 4886 doctrinamque
3015 4813 3284 4882 habeant,
3309 4815 3406 4869 sed
3427 4819 3484 4868 et
3503 4813 3592 4868 vel
3617 4814 3794 4868 maxi-

2136 4919 2228 4958 me
2261 4903 2458 4974 rudes,
2493 4903 2809 4959 dummodo
2840 4903 3113 4975 exiguum
3135 4903 3296 4958 hunc
3321 4919 3605 4959 canonem
3633 4919 3798 4960 asse—

2135 4997 2389 5063 ctentur,
2421 4995 2791 5068 perspicuam
2823 4999 2880 5050 et
2917 4999 3093 5067 captu
3125 4993 3356 5051 facilem
3388 4995 3461 5051 de
3487 4993 3798 5052 ordinibus

1739 5135 1980 5192 VARLE
2017 5135 2318 5193 LECTION
2323 5138 2426 5194 ES.

434 5245 484 5282 ⁷4
525 5243 670 5302 ἄλλο
711 5246 837 5303 cod.
869 5249 928 5303 et
955 5245 1073 5313 ed.;
1115 5249 1178 5301 ut
1208 5246 1386 5317 paulo
1417 5251 1565 5316 post.
1645 5243 1693 5280 ⁷⁸
1723 5239 1995 5299 διαστέλιι
2027 5246 2158 5302 cod.
2192 5249 2248 5302 et
2276 5245 2368 5302 ed.

1415 5373 1616 5431 JOAN.
1657 5373 1802 5430 JAC.
1851 5373 2113 5430 REISKII
2153 5375 2742 5434 COMMENTARIUS.

362 5491 618 5572 vnotcuéx
646 5489 998 5572 cpthxﬁ¢_xai
1033 5489 1383 5572 εὐγνώμονος
1421 5486 1711 5572 διαθέσεως
1755 5489 2030 5572 οἰκείωσιν

365 5559 462 5639 καὶ
493 5559 699 5620 εὔνοιάν
732 5559 850 5639 τοῖς
882 5559 1770 5639 ἠγαπημένοιςἐπαγγελλομένη.
1805 5565 1882 5639 De
1923 5579 2032 5634 quo

367 5638 528 5694 cultu
581 5639 698 5694 vid.
743 5635 1024 5693 Goarfad
1062 5635 1496 5706 Theophamp.
1539 5636 1664 5700 340,
1714 5635 1800 5688 Du
1842 5635 2034 5706 Gange

366 5709 500 5768 CPli
549 5709 764 5766 Christ.
808 5707 910 5776 ΙΙΙ,
945 5725 996 5763 c.
1040 5707 1130 5773 61,
1161 5707 1230 5762 ad
1263 5705 1730 5778 Alexiad.p.293,
1759 5709 1816 5762 et
1845 5705 2029 5763 Gloss.

371 5783 553 5840 Grec.
593 5782 648 5835 h.
685 5785 828 5850 νηοί
859 5779 1050 5836 Latin.
1083 5795 1137 5834 ν.
1169 5779 1480 5850 Alfeclivus.

445 5851 560 5924 U3)
607 5851 713 5908 Est
750 5849 906 5908 idem
957 5859 1129 5922 atque
1167 5849 1560 5924 συγκειμένων,
1607 5850 1806 5907 litteris
1847 5851 2032 5905 consi-

2142 5497 2450 5563 gnatorum.
2511 5499 2673 5564 Saepe
2717 5493 2848 5550 novi
2899 5494 3078 5550 Graeci
3127 5491 3180 5548 έν
3229 5497 3286 5550 et
3331 5493 3424 5546 σύν
3469 5494 3800 5564 promiscue

2145 5557 2454 5637 usurpant.
2481 5567 2560 5638 ita
2582 5557 2898 5638 Procopius
2922 5583 2976 5636 p.
2997 5567 3209 5638 83,714,,
3227 5565 3319 5620 ed.
3345 5557 3628 5638 Hms'chel.
3654 5557 3796 5638 ἔνδε-

2147 5633 2308 5709 σμον“
2335 5655 2438 5708 pro
2478 5633 2787 5709 σύνδεσμον
2813 5633 3038 5709 posuit.
3085 5637 3373 5709 Zosimus,
3421 5635 3502 5709 lI,_
3523 5633 3628 5709 Δ1-9,
3661 5637 3702 5709 _§
3739 5635 3796 5703 7,

2145 5705 2432 5780 ἐμπίπτειν
2489 5727 2592 5781 pro
2651 5705 3028 5781 συμπίπτειντ
3064 5707 3296 5764 Anthol.
3363 5723 3432 5781 p_
3479 5706 3605 5781 296,
3657 5705 3796 5762 item

2145 5777 2216 5907 ρ’τι
2235 5782 2356 5861 {175,
2392 5777 2508 5838 ubi
2521 5787 2612 5840 est
2641 5777 2807 5858 ὀφρῦς
2841 5778 3188 5846 ἔνεσπάσατο,
3219 5777 3572 5834 contrahebat
3598 5791 3794 5848 supcr-

2145 5867 2194 5907 cz
2223 5869 2299 5907 ια.

2145 5867 2299 5908 cum.
