  <div class='ocr_page' id='page_1' title='image "/cluster/home/n/w/nwhite01/storage/ocr_20150623/112:no.1/coo.31924054870161/655.png"; bbox 0 0 4124 6380; ppageno 0'>
   <div class='ocr_carea' id='block_1_1' title="bbox 358 418 516 482">
    <p class='ocr_par' dir='ltr' id='par_1_1' title="bbox 358 418 516 482">
     <span class='ocr_line' id='line_1_1' title="bbox 358 418 516 482; baseline -0.025 0"><span class='ocrx_word' id='word_1_1' title='bbox 358 418 516 482; x_wconf 72' lang='grc'><strong>1295</strong></span> 
     </span>
    </p>
   </div>
   <div class='ocr_carea' id='block_1_2' title="bbox 1429 409 2713 475">
    <p class='ocr_par' dir='ltr' id='par_1_2' title="bbox 1429 409 2713 475">
     <span class='ocr_line' id='line_1_2' title="bbox 1429 409 2713 475; baseline -0.003 -3"><span class='ocrx_word' id='word_1_2' title='bbox 1429 413 1969 475; x_wconf 83' lang='lat' dir='ltr'><strong>CONSTANTINI</strong></span> <span class='ocrx_word' id='word_1_3' title='bbox 2013 409 2713 472; x_wconf 79' lang='lat' dir='ltr'><strong>PORPHYROGENITI</strong></span> 
     </span>
    </p>
   </div>
   <div class='ocr_carea' id='block_1_3' title="bbox 3626 409 3781 470">
    <p class='ocr_par' dir='ltr' id='par_1_3' title="bbox 3626 409 3781 470">
     <span class='ocr_line' id='line_1_3' title="bbox 3626 409 3781 470; baseline 0 -2"><span class='ocrx_word' id='word_1_4' title='bbox 3626 409 3781 470; x_wconf 76' lang='grc'><strong>1296</strong></span> 
     </span>
    </p>
   </div>
   <div class='ocr_carea' id='block_1_4' title="bbox 353 538 1997 622">
    <p class='ocr_par' dir='ltr' id='par_1_4' title="bbox 353 547 1997 622">
     <span class='ocr_line' id='line_1_4' title="bbox 353 547 1997 622; baseline -0.006 -13"><span class='ocrx_word' id='word_1_5' title='bbox 353 553 681 610; x_wconf 81' lang='lat' dir='ltr'><strong>ofﬁciorum</strong></span> <span class='ocrx_word' id='word_1_6' title='bbox 703 547 1543 622; x_wconf 88' lang='lat' dir='ltr'><strong>adipiscanturtractationem.</strong></span> <span class='ocrx_word' id='word_1_7' title='bbox 1561 547 1714 603; x_wconf 72' lang='lat'><strong>408</strong></span> <span class='ocrx_word' id='word_1_8' title='bbox 1732 547 1997 617; x_wconf 86' lang='lat' dir='ltr'><strong>Iniquum</strong></span> 
     </span>
    </p>
   </div>
   <div class='ocr_carea' id='block_1_5' title="bbox 2108 538 3780 622">
    <p class='ocr_par' dir='ltr' id='par_1_5' title="bbox 2114 538 3780 617">
     <span class='ocr_line' id='line_1_5' title="bbox 2114 538 3780 617; baseline -0.002 -20"><span class='ocrx_word' id='word_1_9' title='bbox 2114 543 2424 616; x_wconf 73' lang='grc' dir='ltr'>τιμημένῳ,</span> <span class='ocrx_word' id='word_1_10' title='bbox 2487 542 2583 597; x_wconf 71' lang='grc' dir='ltr'><strong>Διὰ</strong></span> <span class='ocrx_word' id='word_1_11' title='bbox 2636 546 2796 596; x_wconf 76' lang='grc' dir='ltr'>τοῦτο</span> <span class='ocrx_word' id='word_1_12' title='bbox 2856 538 2922 610; x_wconf 74' lang='grc' dir='ltr'><strong>δὴ</strong></span> <span class='ocrx_word' id='word_1_13' title='bbox 2983 538 3076 597; x_wconf 72' lang='grc' dir='ltr'>οὖν</span> <span class='ocrx_word' id='word_1_14' title='bbox 3133 539 3435 617; x_wconf 81' lang='grc' dir='ltr'>παρακαλῶ</span> <span class='ocrx_word' id='word_1_15' title='bbox 3507 540 3670 615; x_wconf 75' lang='grc' dir='ltr'>ὑμᾶς,</span> <span class='ocrx_word' id='word_1_16' title='bbox 3732 540 3780 594; x_wconf 82' lang='grc' dir='ltr'><strong>ὦ</strong></span> 
     </span>
    </p>
   </div>
   <div class='ocr_carea' id='block_1_6' title="bbox 352 635 2009 713">
    <p class='ocr_par' dir='ltr' id='par_1_6' title="bbox 352 635 2009 713">
     <span class='ocr_line' id='line_1_6' title="bbox 352 635 2009 713; baseline -0.004 -15"><span class='ocrx_word' id='word_1_17' title='bbox 352 657 563 713; x_wconf 91' lang='lat' dir='ltr'><strong>nempe</strong></span> <span class='ocrx_word' id='word_1_18' title='bbox 591 641 944 697; x_wconf 85' lang='lat' dir='ltr'><strong>arbitramur</strong></span> <span class='ocrx_word' id='word_1_19' title='bbox 974 639 1241 694; x_wconf 85' lang='lat' dir='ltr'><strong>homines</strong></span> <span class='ocrx_word' id='word_1_20' title='bbox 1274 637 1484 692; x_wconf 86' lang='lat' dir='ltr'><strong>harum</strong></span> <span class='ocrx_word' id='word_1_21' title='bbox 1528 653 1722 692; x_wconf 90' lang='lat' dir='ltr'><strong>rerum</strong></span> <span class='ocrx_word' id='word_1_22' title='bbox 1767 635 2009 691; x_wconf 87' lang='lat' dir='ltr'><strong>scientia</strong></span> 
     </span>
    </p>
   </div>
   <div class='ocr_carea' id='block_1_7' title="bbox 349 727 2005 804">
    <p class='ocr_par' dir='ltr' id='par_1_7' title="bbox 349 727 2005 804">
     <span class='ocr_line' id='line_1_7' title="bbox 349 727 2005 804; baseline -0.006 -16"><span class='ocrx_word' id='word_1_23' title='bbox 349 746 469 788; x_wconf 88' lang='lat' dir='ltr'><strong>non</strong></span> <span class='ocrx_word' id='word_1_24' title='bbox 499 731 674 804; x_wconf 84' lang='lat' dir='ltr'><strong>probe</strong></span> <span class='ocrx_word' id='word_1_25' title='bbox 694 731 951 785; x_wconf 90' lang='lat' dir='ltr'><strong>imbutos</strong></span> <span class='ocrx_word' id='word_1_26' title='bbox 975 729 1325 799; x_wconf 78' lang='lat' dir='ltr'><strong>penitusque</strong></span> <span class='ocrx_word' id='word_1_27' title='bbox 1352 727 1734 797; x_wconf 87' lang='lat' dir='ltr'><strong>percallentes</strong></span> <span class='ocrx_word' id='word_1_28' title='bbox 1758 731 2005 796; x_wconf 89' lang='lat' dir='ltr'><strong>augusto</strong></span> 
     </span>
    </p>
   </div>
   <div class='ocr_carea' id='block_1_8' title="bbox 352 815 2002 890">
    <p class='ocr_par' dir='ltr' id='par_1_8' title="bbox 352 815 2002 890">
     <span class='ocr_line' id='line_1_8' title="bbox 352 815 2002 890; baseline -0.003 -16"><span class='ocrx_word' id='word_1_29' title='bbox 352 819 500 875; x_wconf 90' lang='lat' dir='ltr'><strong>tanti</strong></span> <span class='ocrx_word' id='word_1_30' title='bbox 533 819 810 875; x_wconf 89' lang='lat' dir='ltr'><strong>momenti</strong></span> <span class='ocrx_word' id='word_1_31' title='bbox 839 817 1280 890; x_wconf 86' lang='lat' dir='ltr'><strong>splendorisque</strong></span> <span class='ocrx_word' id='word_1_32' title='bbox 1324 817 1646 870; x_wconf 85' lang='lat' dir='ltr'><strong>ministerio</strong></span> <span class='ocrx_word' id='word_1_33' title='bbox 1674 815 2002 879; x_wconf 81' lang='lat' dir='ltr'><strong>admoveri;</strong></span> 
     </span>
    </p>
   </div>
   <div class='ocr_carea' id='block_1_9' title="bbox 349 905 2005 980">
    <p class='ocr_par' dir='ltr' id='par_1_9' title="bbox 349 905 2005 980">
     <span class='ocr_line' id='line_1_9' title="bbox 349 905 2005 980; baseline -0.004 -16"><span class='ocrx_word' id='word_1_34' title='bbox 349 925 508 978; x_wconf 90' lang='lat' dir='ltr'><strong>cum,</strong></span> <span class='ocrx_word' id='word_1_35' title='bbox 540 926 664 980; x_wconf 72' lang='lat' dir='ltr'><strong>quae</strong></span> <span class='ocrx_word' id='word_1_36' title='bbox 695 915 901 963; x_wconf 81' lang='lat' dir='ltr'><strong>nostrae</strong></span> <span class='ocrx_word' id='word_1_37' title='bbox 932 912 1021 962; x_wconf 89' lang='lat' dir='ltr'><strong>est</strong></span> <span class='ocrx_word' id='word_1_38' title='bbox 1051 907 1309 962; x_wconf 88' lang='lat' dir='ltr'><strong>secunda</strong></span> <span class='ocrx_word' id='word_1_39' title='bbox 1342 906 1591 973; x_wconf 79' lang='lat' dir='ltr'><strong>fortuna,</strong></span> <span class='ocrx_word' id='word_1_40' title='bbox 1623 905 1857 958; x_wconf 90' lang='lat' dir='ltr'><strong>domino</strong></span> <span class='ocrx_word' id='word_1_41' title='bbox 1889 919 2005 958; x_wconf 89' lang='lat' dir='ltr'><strong>non</strong></span> 
     </span>
    </p>
   </div>
   <div class='ocr_carea' id='block_1_10' title="bbox 350 991 2002 1069">
    <p class='ocr_par' dir='ltr' id='par_1_10' title="bbox 350 991 2002 1069">
     <span class='ocr_line' id='line_1_10' title="bbox 350 991 2002 1069; baseline -0.005 -17"><span class='ocrx_word' id='word_1_42' title='bbox 350 997 656 1069; x_wconf 84' lang='lat' dir='ltr'><strong>insipienti</strong></span> <span class='ocrx_word' id='word_1_43' title='bbox 689 1001 745 1052; x_wconf 89' lang='lat' dir='ltr'><strong>et</strong></span> <span class='ocrx_word' id='word_1_44' title='bbox 774 997 1100 1058; x_wconf 88' lang='lat' dir='ltr'><strong>illitterato,</strong></span> <span class='ocrx_word' id='word_1_45' title='bbox 1134 997 1234 1051; x_wconf 77' lang='lat' dir='ltr'><strong>sed</strong></span> <span class='ocrx_word' id='word_1_46' title='bbox 1264 1011 1438 1065; x_wconf 91' lang='lat' dir='ltr'><strong>quam</strong></span> <span class='ocrx_word' id='word_1_47' title='bbox 1474 995 1727 1048; x_wconf 85' lang='lat' dir='ltr'><strong>maxime</strong></span> <span class='ocrx_word' id='word_1_48' title='bbox 1757 991 2002 1058; x_wconf 85' lang='lat' dir='ltr'><strong>sapienti</strong></span> 
     </span>
    </p>
   </div>
   <div class='ocr_carea' id='block_1_11' title="bbox 348 1082 2001 1157">
    <p class='ocr_par' dir='ltr' id='par_1_11' title="bbox 348 1082 2001 1157">
     <span class='ocr_line' id='line_1_11' title="bbox 348 1082 2001 1157; baseline -0.004 -16"><span class='ocrx_word' id='word_1_49' title='bbox 348 1092 631 1152; x_wconf 88' lang='lat' dir='ltr'><strong>astemus,</strong></span> <span class='ocrx_word' id='word_1_50' title='bbox 657 1102 827 1157; x_wconf 92' lang='lat' dir='ltr'><strong>quem</strong></span> <span class='ocrx_word' id='word_1_51' title='bbox 853 1091 907 1141; x_wconf 89' lang='lat' dir='ltr'><strong>et</strong></span> <span class='ocrx_word' id='word_1_52' title='bbox 927 1085 1272 1139; x_wconf 89' lang='lat' dir='ltr'><strong>attributum</strong></span> <span class='ocrx_word' id='word_1_53' title='bbox 1304 1100 1337 1138; x_wconf 89' lang='lat' dir='ltr'><strong>a</strong></span> <span class='ocrx_word' id='word_1_54' title='bbox 1361 1086 1510 1137; x_wconf 78' lang='lat' dir='ltr'><strong>fama</strong></span> <span class='ocrx_word' id='word_1_55' title='bbox 1537 1082 1766 1154; x_wconf 90' lang='lat' dir='ltr'><strong>publica</strong></span> <span class='ocrx_word' id='word_1_56' title='bbox 1789 1097 2001 1152; x_wconf 91' lang='lat' dir='ltr'><strong>cogno-</strong></span> 
     </span>
    </p>
   </div>
   <div class='ocr_carea' id='block_1_12' title="bbox 348 1171 2000 1246">
    <p class='ocr_par' dir='ltr' id='par_1_12' title="bbox 348 1171 2000 1246">
     <span class='ocr_line' id='line_1_12' title="bbox 348 1171 2000 1246; baseline -0.004 -16"><span class='ocrx_word' id='word_1_57' title='bbox 348 1191 507 1244; x_wconf 89' lang='lat' dir='ltr'><strong>men,</strong></span> <span class='ocrx_word' id='word_1_58' title='bbox 540 1180 614 1242; x_wconf 87' lang='lat' dir='ltr'><strong>et,</strong></span> <span class='ocrx_word' id='word_1_59' title='bbox 650 1192 797 1246; x_wconf 91' lang='lat' dir='ltr'><strong>quas</strong></span> <span class='ocrx_word' id='word_1_60' title='bbox 829 1175 1000 1246; x_wconf 86' lang='lat' dir='ltr'><strong>gerit,</strong></span> <span class='ocrx_word' id='word_1_61' title='bbox 1033 1190 1126 1228; x_wconf 91' lang='lat' dir='ltr'><strong>res</strong></span> <span class='ocrx_word' id='word_1_62' title='bbox 1157 1172 1377 1228; x_wconf 80' lang='lat' dir='ltr'><strong>caelesti</strong></span> <span class='ocrx_word' id='word_1_63' title='bbox 1409 1171 1600 1244; x_wconf 89' lang='lat' dir='ltr'><strong>gratia</strong></span> <span class='ocrx_word' id='word_1_64' title='bbox 1632 1172 1862 1225; x_wconf 88' lang='lat' dir='ltr'><strong>beatum</strong></span> <span class='ocrx_word' id='word_1_65' title='bbox 1891 1171 2000 1224; x_wconf 88' lang='lat' dir='ltr'><strong>de-</strong></span> 
     </span>
    </p>
   </div>
   <div class='ocr_carea' id='block_1_13' title="bbox 346 1259 2000 1332">
    <p class='ocr_par' dir='ltr' id='par_1_13' title="bbox 346 1259 2000 1332">
     <span class='ocr_line' id='line_1_13' title="bbox 346 1259 2000 1332; baseline -0.002 -16"><span class='ocrx_word' id='word_1_66' title='bbox 346 1270 700 1318; x_wconf 80' lang='lat' dir='ltr'><strong>monstrant.</strong></span> <span class='ocrx_word' id='word_1_67' title='bbox 744 1261 953 1319; x_wconf 88' lang='lat' dir='ltr'><strong>Hortor</strong></span> <span class='ocrx_word' id='word_1_68' title='bbox 990 1261 1184 1332; x_wconf 85' lang='lat' dir='ltr'><strong>itaque</strong></span> <span class='ocrx_word' id='word_1_69' title='bbox 1225 1277 1351 1328; x_wconf 88' lang='lat' dir='ltr'><strong>vos,</strong></span> <span class='ocrx_word' id='word_1_70' title='bbox 1394 1259 1590 1327; x_wconf 78' lang='lat' dir='ltr'><strong>amici,</strong></span> <span class='ocrx_word' id='word_1_71' title='bbox 1630 1265 1686 1314; x_wconf 85' lang='lat' dir='ltr'><strong>et</strong></span> <span class='ocrx_word' id='word_1_72' title='bbox 1724 1263 2000 1328; x_wconf 87' lang='lat' dir='ltr'><strong>quotquot</strong></span> 
     </span>
    </p>
   </div>
   <div class='ocr_carea' id='block_1_14' title="bbox 345 1348 2003 1422">
    <p class='ocr_par' dir='ltr' id='par_1_14' title="bbox 345 1348 2003 1422">
     <span class='ocr_line' id='line_1_14' title="bbox 345 1348 2003 1422; baseline -0.004 -15"><span class='ocrx_word' id='word_1_73' title='bbox 345 1355 480 1422; x_wconf 86' lang='lat' dir='ltr'><strong>post</strong></span> <span class='ocrx_word' id='word_1_74' title='bbox 511 1367 619 1407; x_wconf 89' lang='lat' dir='ltr'><strong>nos</strong></span> <span class='ocrx_word' id='word_1_75' title='bbox 659 1352 730 1406; x_wconf 90' lang='lat' dir='ltr'><strong>ad</strong></span> <span class='ocrx_word' id='word_1_76' title='bbox 763 1351 958 1406; x_wconf 86' lang='lat' dir='ltr'><strong>aulam</strong></span> <span class='ocrx_word' id='word_1_77' title='bbox 988 1351 1335 1421; x_wconf 89' lang='lat' dir='ltr'><strong>regiumque</strong></span> <span class='ocrx_word' id='word_1_78' title='bbox 1367 1349 1476 1404; x_wconf 89' lang='lat' dir='ltr'><strong>hoc</strong></span> <span class='ocrx_word' id='word_1_79' title='bbox 1507 1348 1801 1402; x_wconf 90' lang='lat' dir='ltr'><strong>accessuri</strong></span> <span class='ocrx_word' id='word_1_80' title='bbox 1831 1350 2003 1402; x_wconf 85' lang='lat' dir='ltr'><strong>erunt</strong></span> 
     </span>
    </p>
   </div>
   <div class='ocr_carea' id='block_1_15' title="bbox 345 1436 1998 1510">
    <p class='ocr_par' dir='ltr' id='par_1_15' title="bbox 345 1436 1998 1510">
     <span class='ocr_line' id='line_1_15' title="bbox 345 1436 1998 1510; baseline -0.003 -14"><span class='ocrx_word' id='word_1_81' title='bbox 345 1441 967 1507; x_wconf 88' lang='lat' dir='ltr'><strong>ministerium,velitis</strong></span> <span class='ocrx_word' id='word_1_82' title='bbox 998 1440 1150 1495; x_wconf 89' lang='lat' dir='ltr'><strong>hanc</strong></span> <span class='ocrx_word' id='word_1_83' title='bbox 1180 1438 1432 1510; x_wconf 90' lang='lat' dir='ltr'><strong>opellam</strong></span> <span class='ocrx_word' id='word_1_84' title='bbox 1460 1455 1574 1492; x_wconf 90' lang='lat' dir='ltr'><strong>non</strong></span> <span class='ocrx_word' id='word_1_85' title='bbox 1604 1436 1714 1492; x_wconf 83' lang='lat' dir='ltr'><strong>levi</strong></span> <span class='ocrx_word' id='word_1_86' title='bbox 1737 1436 1998 1501; x_wconf 87' lang='lat' dir='ltr'><strong>brachio,</strong></span> 
     </span>
    </p>
   </div>
   <div class='ocr_carea' id='block_1_16' title="bbox 344 1524 2000 1601">
    <p class='ocr_par' dir='ltr' id='par_1_16' title="bbox 344 1524 2000 1601">
     <span class='ocr_line' id='line_1_16' title="bbox 344 1524 2000 1601; baseline -0.004 -16"><span class='ocrx_word' id='word_1_87' title='bbox 344 1545 450 1601; x_wconf 90' lang='lat' dir='ltr'><strong>per</strong></span> <span class='ocrx_word' id='word_1_88' title='bbox 481 1532 662 1586; x_wconf 90' lang='lat' dir='ltr'><strong>otium</strong></span> <span class='ocrx_word' id='word_1_89' title='bbox 692 1538 747 1585; x_wconf 91' lang='lat' dir='ltr'><strong>et</strong></span> <span class='ocrx_word' id='word_1_90' title='bbox 774 1529 934 1585; x_wconf 87' lang='lat' dir='ltr'><strong>velut</strong></span> <span class='ocrx_word' id='word_1_91' title='bbox 964 1529 1120 1582; x_wconf 87' lang='lat' dir='ltr'><strong>aliud</strong></span> <span class='ocrx_word' id='word_1_92' title='bbox 1153 1531 1389 1599; x_wconf 84' lang='lat' dir='ltr'><strong>agentes</strong></span> <span class='ocrx_word' id='word_1_93' title='bbox 1422 1535 1472 1582; x_wconf 84' lang='lat' dir='ltr'><strong>et</strong></span> <span class='ocrx_word' id='word_1_94' title='bbox 1506 1524 1781 1596; x_wconf 82' lang='lat' dir='ltr'><strong>inaequali</strong></span> <span class='ocrx_word' id='word_1_95' title='bbox 1818 1525 2000 1580; x_wconf 89' lang='lat' dir='ltr'><strong>animi</strong></span> 
     </span>
    </p>
   </div>
   <div class='ocr_carea' id='block_1_17' title="bbox 345 1614 1997 1686">
    <p class='ocr_par' dir='ltr' id='par_1_17' title="bbox 345 1614 1997 1686">
     <span class='ocr_line' id='line_1_17' title="bbox 345 1614 1997 1686; baseline -0.004 -12"><span class='ocrx_word' id='word_1_96' title='bbox 345 1619 716 1675; x_wconf 85' lang='lat' dir='ltr'><strong>contentione</strong></span> <span class='ocrx_word' id='word_1_97' title='bbox 745 1622 1014 1682; x_wconf 83' lang='lat' dir='ltr'><strong>tractare,</strong></span> <span class='ocrx_word' id='word_1_98' title='bbox 1039 1618 1139 1672; x_wconf 89' lang='lat' dir='ltr'><strong>sed</strong></span> <span class='ocrx_word' id='word_1_99' title='bbox 1168 1632 1388 1681; x_wconf 90' lang='lat' dir='ltr'><strong>rerum,</strong></span> <span class='ocrx_word' id='word_1_100' title='bbox 1411 1632 1588 1686; x_wconf 91' lang='lat' dir='ltr'><strong>quam</strong></span> <span class='ocrx_word' id='word_1_101' title='bbox 1614 1614 1712 1669; x_wconf 91' lang='lat' dir='ltr'><strong>illa</strong></span> <span class='ocrx_word' id='word_1_102' title='bbox 1740 1618 1997 1685; x_wconf 83' lang='lat' dir='ltr'><strong>praestat,</strong></span> 
     </span>
    </p>
   </div>
   <div class='ocr_carea' id='block_1_18' title="bbox 342 1703 1994 1778">
    <p class='ocr_par' dir='ltr' id='par_1_18' title="bbox 342 1703 1994 1778">
     <span class='ocr_line' id='line_1_18' title="bbox 342 1703 1994 1778; baseline -0.004 -15"><span class='ocrx_word' id='word_1_103' title='bbox 342 1707 657 1778; x_wconf 88' lang='lat' dir='ltr'><strong>imaginem</strong></span> <span class='ocrx_word' id='word_1_104' title='bbox 685 1707 947 1763; x_wconf 89' lang='lat' dir='ltr'><strong>studiose</strong></span> <span class='ocrx_word' id='word_1_105' title='bbox 980 1706 1262 1776; x_wconf 84' lang='lat' dir='ltr'><strong>pleneque</strong></span> <span class='ocrx_word' id='word_1_106' title='bbox 1298 1705 1504 1759; x_wconf 85' lang='lat' dir='ltr'><strong>vestris</strong></span> <span class='ocrx_word' id='word_1_107' title='bbox 1538 1703 1750 1758; x_wconf 90' lang='lat' dir='ltr'><strong>animis</strong></span> <span class='ocrx_word' id='word_1_108' title='bbox 1793 1703 1994 1772; x_wconf 86' lang='lat' dir='ltr'><strong>impri-</strong></span> 
     </span>
    </p>
   </div>
   <div class='ocr_carea' id='block_1_19' title="bbox 341 1793 1996 1868">
    <p class='ocr_par' dir='ltr' id='par_1_19' title="bbox 341 1793 1996 1868">
     <span class='ocr_line' id='line_1_19' title="bbox 341 1793 1996 1868; baseline -0.004 -16"><span class='ocrx_word' id='word_1_109' title='bbox 341 1813 501 1852; x_wconf 89' lang='lat' dir='ltr'><strong>mere</strong></span> <span class='ocrx_word' id='word_1_110' title='bbox 535 1822 549 1866; x_wconf 83' lang='lat'><strong>;</strong></span> <span class='ocrx_word' id='word_1_111' title='bbox 581 1801 638 1852; x_wconf 89' lang='lat' dir='ltr'><strong>et</strong></span> <span class='ocrx_word' id='word_1_112' title='bbox 666 1799 922 1868; x_wconf 91' lang='lat' dir='ltr'><strong>primum</strong></span> <span class='ocrx_word' id='word_1_113' title='bbox 944 1795 1178 1867; x_wconf 80' lang='lat' dir='ltr'><strong>quidem</strong></span> <span class='ocrx_word' id='word_1_114' title='bbox 1205 1794 1465 1865; x_wconf 88' lang='lat' dir='ltr'><strong>proprias</strong></span> <span class='ocrx_word' id='word_1_115' title='bbox 1497 1794 1786 1863; x_wconf 89' lang='lat' dir='ltr'><strong>cujusque</strong></span> <span class='ocrx_word' id='word_1_116' title='bbox 1809 1793 1996 1864; x_wconf 89' lang='lat' dir='ltr'><strong>digni-</strong></span> 
     </span>
    </p>
   </div>
   <div class='ocr_carea' id='block_1_20' title="bbox 2120 625 3784 710">
    <p class='ocr_par' dir='ltr' id='par_1_20' title="bbox 2120 625 3784 710">
     <span class='ocr_line' id='line_1_20' title="bbox 2120 625 3784 710; baseline -0.001 -24"><span class='ocrx_word' id='word_1_117' title='bbox 2120 632 2294 710; x_wconf 75' lang='grc' dir='ltr'>φίλοι,</span> <span class='ocrx_word' id='word_1_118' title='bbox 2323 633 2412 687; x_wconf 82' lang='grc' dir='ltr'>καὶ</span> <span class='ocrx_word' id='word_1_119' title='bbox 2465 633 2669 693; x_wconf 70' lang='grc' dir='ltr'>πάντας</span> <span class='ocrx_word' id='word_1_120' title='bbox 2715 629 2843 692; x_wconf 70' lang='grc' dir='ltr'>τοὺς</span> <span class='ocrx_word' id='word_1_121' title='bbox 2901 628 3210 704; x_wconf 70' lang='grc' dir='ltr'>μέλλοντας</span> <span class='ocrx_word' id='word_1_122' title='bbox 3270 631 3386 704; x_wconf 80' lang='grc' dir='ltr'><strong>μεθ’</strong></span> <span class='ocrx_word' id='word_1_123' title='bbox 3434 633 3581 703; x_wconf 67' lang='grc' dir='ltr'>ἡμᾶς</span> <span class='ocrx_word' id='word_1_124' title='bbox 3615 625 3784 684; x_wconf 78' lang='grc' dir='ltr'>εἶ’σιέ-</span> 
     </span>
    </p>
   </div>
   <div class='ocr_carea' id='block_1_21' title="bbox 2119 717 3785 795">
    <p class='ocr_par' dir='ltr' id='par_1_21' title="bbox 2119 717 3785 795">
     <span class='ocr_line' id='line_1_21' title="bbox 2119 717 3785 795; baseline -0.001 -21"><span class='ocrx_word' id='word_1_125' title='bbox 2119 742 2224 790; x_wconf 85' lang='grc' dir='ltr'>ναι,</span> <span class='ocrx_word' id='word_1_126' title='bbox 2291 724 2367 794; x_wconf 84' lang='grc' dir='ltr'><strong>μή</strong></span> <span class='ocrx_word' id='word_1_127' title='bbox 2423 723 2712 795; x_wconf 81' lang='grc' dir='ltr'>παρέργως</span> <span class='ocrx_word' id='word_1_128' title='bbox 2788 719 2875 773; x_wconf 79' lang='grc' dir='ltr'><strong>καὶ</strong></span> <span class='ocrx_word' id='word_1_129' title='bbox 2945 717 3252 792; x_wconf 72' lang='grc' dir='ltr'>ἀνωμάλως</span> <span class='ocrx_word' id='word_1_130' title='bbox 3311 720 3373 774; x_wconf 85' lang='grc' dir='ltr'>τὸ</span> <span class='ocrx_word' id='word_1_131' title='bbox 3430 721 3558 792; x_wconf 77' lang='grc' dir='ltr'>παρ’</span> <span class='ocrx_word' id='word_1_132' title='bbox 3618 721 3785 791; x_wconf 80' lang='grc' dir='ltr'>ἡμῶν</span> 
     </span>
    </p>
   </div>
   <div class='ocr_carea' id='block_1_22' title="bbox 2120 806 3784 888">
    <p class='ocr_par' dir='ltr' id='par_1_22' title="bbox 2120 806 3784 888">
     <span class='ocr_line' id='line_1_22' title="bbox 2120 806 3784 888; baseline -0.002 -24"><span class='ocrx_word' id='word_1_133' title='bbox 2120 811 2422 888; x_wconf 70' lang='grc' dir='ltr'>συγγραφὲν</span> <span class='ocrx_word' id='word_1_134' title='bbox 2481 809 2888 864; x_wconf 81' lang='grc' dir='ltr'>ἐπισκέπτεσθαι</span> <span class='ocrx_word' id='word_1_135' title='bbox 2969 809 3154 883; x_wconf 80' lang='grc' dir='ltr'>λόγιον</span> <span class='ocrx_word' id='word_1_136' title='bbox 3205 812 3346 879; x_wconf 79' lang='grc'>(14),</span> <span class='ocrx_word' id='word_1_137' title='bbox 3398 806 3546 862; x_wconf 66' lang='grc' dir='ltr'>ἀλλὰ</span> <span class='ocrx_word' id='word_1_138' title='bbox 3603 828 3784 882; x_wconf 82' lang='grc' dir='ltr'>προσ-</span> 
     </span>
    </p>
   </div>
   <div class='ocr_carea' id='block_1_23' title="bbox 2117 897 3786 973">
    <p class='ocr_par' dir='ltr' id='par_1_23' title="bbox 2117 897 3786 973">
     <span class='ocr_line' id='line_1_23' title="bbox 2117 897 3786 973; baseline -0.002 -19"><span class='ocrx_word' id='word_1_139' title='bbox 2117 899 2228 973; x_wconf 77' lang='grc' dir='ltr'>οχῇ</span> <span class='ocrx_word' id='word_1_140' title='bbox 2291 900 2524 972; x_wconf 67' lang='grc' dir='ltr'>μελέτης</span> <span class='ocrx_word' id='word_1_141' title='bbox 2576 900 2666 953; x_wconf 86' lang='grc' dir='ltr'><strong>τὸν</strong></span> <span class='ocrx_word' id='word_1_142' title='bbox 2724 899 2773 952; x_wconf 81' lang='grc' dir='ltr'><strong>ἐν</strong></span> <span class='ocrx_word' id='word_1_143' title='bbox 2827 897 2974 970; x_wconf 77' lang='grc' dir='ltr'>αὐτῷ</span> <span class='ocrx_word' id='word_1_144' title='bbox 3031 897 3340 972; x_wconf 77' lang='grc' dir='ltr'>ἐγκείμενον</span> <span class='ocrx_word' id='word_1_145' title='bbox 3396 899 3564 953; x_wconf 74' lang='grc' dir='ltr'>τύπον</span> <span class='ocrx_word' id='word_1_146' title='bbox 3621 897 3786 972; x_wconf 82' lang='grc' dir='ltr'>ἀκρι-</span> 
     </span>
    </p>
   </div>
   <div class='ocr_carea' id='block_1_24' title="bbox 2115 985 3779 1063">
    <p class='ocr_par' dir='ltr' id='par_1_24' title="bbox 2115 985 3779 1063">
     <span class='ocr_line' id='line_1_24' title="bbox 2115 985 3779 1063; baseline -0.001 -20"><span class='ocrx_word' id='word_1_147' title='bbox 2115 989 2226 1051; x_wconf 74' lang='grc' dir='ltr'><strong>ϐῶς</strong></span> <span class='ocrx_word' id='word_1_148' title='bbox 2285 991 2699 1063; x_wconf 73' lang='grc' dir='ltr'>ἁναμάττεσθαι’</span> <span class='ocrx_word' id='word_1_149' title='bbox 2755 989 2844 1044; x_wconf 83' lang='grc' dir='ltr'><strong>καὶ</strong></span> <span class='ocrx_word' id='word_1_150' title='bbox 2901 994 3114 1063; x_wconf 78' lang='grc' dir='ltr'>πρῶτον</span> <span class='ocrx_word' id='word_1_151' title='bbox 3186 991 3279 1062; x_wconf 72' lang='grc' dir='ltr'>μὲν</span> <span class='ocrx_word' id='word_1_152' title='bbox 3355 991 3450 1051; x_wconf 78' lang='grc' dir='ltr'><strong>τὰς</strong></span> <span class='ocrx_word' id='word_1_153' title='bbox 3529 985 3779 1062; x_wconf 71' lang='grc' dir='ltr'>ἀκριϐεῖς</span> 
     </span>
    </p>
   </div>
   <div class='ocr_carea' id='block_1_25' title="bbox 2112 1075 3776 1153">
    <p class='ocr_par' dir='ltr' id='par_1_25' title="bbox 2112 1075 3776 1153">
     <span class='ocr_line' id='line_1_25' title="bbox 2112 1075 3776 1153; baseline -0.001 -21"><span class='ocrx_word' id='word_1_154' title='bbox 2112 1077 2507 1153; x_wconf 76' lang='grc' dir='ltr'>κυριοκλησίας</span> <span class='ocrx_word' id='word_1_155' title='bbox 2582 1083 2689 1132; x_wconf 80' lang='grc' dir='ltr'>τῶν</span> <span class='ocrx_word' id='word_1_156' title='bbox 2750 1077 3074 1149; x_wconf 75' lang='grc' dir='ltr'><strong>ἀξιωμάτων</strong></span> <span class='ocrx_word' id='word_1_157' title='bbox 3145 1078 3456 1153; x_wconf 80' lang='grc' dir='ltr'>γνωρίζειν,</span> <span class='ocrx_word' id='word_1_158' title='bbox 3524 1075 3776 1147; x_wconf 71' lang='grc' dir='ltr'>δεύτερον</span> 
     </span>
    </p>
   </div>
   <div class='ocr_carea' id='block_1_26' title="bbox 2114 1164 3781 1241">
    <p class='ocr_par' dir='ltr' id='par_1_26' title="bbox 2114 1164 3781 1241">
     <span class='ocr_line' id='line_1_26' title="bbox 2114 1164 3781 1241; baseline -0.001 -19"><span class='ocrx_word' id='word_1_159' title='bbox 2114 1165 2171 1221; x_wconf 77' lang='grc' dir='ltr'><strong>δὲ</strong></span> <span class='ocrx_word' id='word_1_160' title='bbox 2215 1169 2310 1228; x_wconf 74' lang='grc' dir='ltr'>τὰς</span> <span class='ocrx_word' id='word_1_161' title='bbox 2361 1171 2568 1222; x_wconf 83' lang='grc' dir='ltr'>τούτων</span> <span class='ocrx_word' id='word_1_162' title='bbox 2637 1165 2923 1241; x_wconf 68' lang='grc' dir='ltr'>διαιρέσεις</span> <span class='ocrx_word' id='word_1_163' title='bbox 2969 1167 3058 1220; x_wconf 84' lang='grc' dir='ltr'>καὶ</span> <span class='ocrx_word' id='word_1_164' title='bbox 3120 1164 3538 1240; x_wconf 75' lang='grc' dir='ltr'>ὑποδιαιρὲσεις,</span> <span class='ocrx_word' id='word_1_165' title='bbox 3607 1166 3781 1239; x_wconf 77' lang='grc' dir='ltr'>αὐξή-</span> 
     </span>
    </p>
   </div>
   <div class='ocr_carea' id='block_1_27' title="bbox 2112 1253 3779 1330">
    <p class='ocr_par' dir='ltr' id='par_1_27' title="bbox 2112 1253 3779 1330">
     <span class='ocr_line' id='line_1_27' title="bbox 2112 1253 3779 1330; baseline -0.001 -20"><span class='ocrx_word' id='word_1_166' title='bbox 2112 1278 2221 1319; x_wconf 89' lang='grc' dir='ltr'>σεις</span> <span class='ocrx_word' id='word_1_167' title='bbox 2269 1278 2326 1312; x_wconf 90' lang='grc' dir='ltr'><strong>τε</strong></span> <span class='ocrx_word' id='word_1_168' title='bbox 2372 1257 2458 1312; x_wconf 83' lang='grc' dir='ltr'><strong>καὶ</strong></span> <span class='ocrx_word' id='word_1_169' title='bbox 2512 1257 2786 1330; x_wconf 78' lang='grc' dir='ltr'>μειώσεις,</span> <span class='ocrx_word' id='word_1_170' title='bbox 2852 1255 3220 1328; x_wconf 74' lang='grc' dir='ltr'><strong>προσκλήσεις</strong></span> <span class='ocrx_word' id='word_1_171' title='bbox 3245 1276 3304 1310; x_wconf 87' lang='grc' dir='ltr'><strong>τε</strong></span> <span class='ocrx_word' id='word_1_172' title='bbox 3368 1256 3459 1308; x_wconf 83' lang='grc' dir='ltr'>καὶ</span> <span class='ocrx_word' id='word_1_173' title='bbox 3523 1253 3779 1325; x_wconf 83' lang='grc' dir='ltr'>ὑποκλή-</span> 
     </span>
    </p>
   </div>
   <div class='ocr_carea' id='block_1_28' title="bbox 2111 1341 3775 1420">
    <p class='ocr_par' dir='ltr' id='par_1_28' title="bbox 2111 1341 3775 1420">
     <span class='ocr_line' id='line_1_28' title="bbox 2111 1341 3775 1420; baseline 0.001 -22"><span class='ocrx_word' id='word_1_174' title='bbox 2111 1366 2219 1407; x_wconf 90' lang='grc' dir='ltr'>σεις</span> <span class='ocrx_word' id='word_1_175' title='bbox 2288 1350 2400 1418; x_wconf 85' lang='grc'>(15)</span> <span class='ocrx_word' id='word_1_176' title='bbox 2467 1341 2703 1420; x_wconf 70' lang='grc' dir='ltr'>ἀκριϐῶς</span> <span class='ocrx_word' id='word_1_177' title='bbox 2772 1348 3066 1412; x_wconf 79' lang='grc' dir='ltr'>ποιεῖσθαι,</span> <span class='ocrx_word' id='word_1_178' title='bbox 3137 1347 3317 1406; x_wconf 77' lang='grc' dir='ltr'>καθὼς</span> <span class='ocrx_word' id='word_1_179' title='bbox 3387 1344 3775 1400; x_wconf 81' lang='grc' dir='ltr'>ὓποτέτακται.</span> 
     </span>
    </p>
   </div>
   <div class='ocr_carea' id='block_1_29' title="bbox 2108 1430 3781 1509">
    <p class='ocr_par' dir='ltr' id='par_1_29' title="bbox 2108 1430 3781 1509">
     <span class='ocr_line' id='line_1_29' title="bbox 2108 1430 3781 1509; baseline -0.001 -20"><span class='ocrx_word' id='word_1_180' title='bbox 2108 1435 2216 1496; x_wconf 82' lang='grc' dir='ltr'><strong>Τὰς</strong></span> <span class='ocrx_word' id='word_1_181' title='bbox 2257 1434 2357 1508; x_wconf 75' lang='grc' dir='ltr'>γὰρ</span> <span class='ocrx_word' id='word_1_182' title='bbox 2418 1433 2505 1489; x_wconf 79' lang='grc' dir='ltr'>διὰ</span> <span class='ocrx_word' id='word_1_183' title='bbox 2555 1430 2821 1509; x_wconf 74' lang='grc' dir='ltr'>βραϐείων</span> <span class='ocrx_word' id='word_1_184' title='bbox 2875 1437 2984 1507; x_wconf 85' lang='grc'>(16)</span> <span class='ocrx_word' id='word_1_185' title='bbox 3035 1430 3321 1505; x_wconf 71' lang='grc' dir='ltr'>διδομένας</span> <span class='ocrx_word' id='word_1_186' title='bbox 3368 1432 3517 1502; x_wconf 77' lang='grc' dir='ltr'>ἀξίας</span> <span class='ocrx_word' id='word_1_187' title='bbox 3565 1432 3781 1506; x_wconf 80' lang='grc' dir='ltr'>κλίμα-</span> 
     </span>
    </p>
   </div>
   <div class='ocr_carea' id='block_1_30' title="bbox 2108 1520 3775 1597">
    <p class='ocr_par' dir='ltr' id='par_1_30' title="bbox 2108 1520 3775 1597">
     <span class='ocr_line' id='line_1_30' title="bbox 2108 1520 3775 1597; baseline -0.001 -20"><span class='ocrx_word' id='word_1_188' title='bbox 2108 1543 2202 1583; x_wconf 87' lang='grc' dir='ltr'>κος</span> <span class='ocrx_word' id='word_1_189' title='bbox 2252 1523 2380 1597; x_wconf 75' lang='grc' dir='ltr'>ὑμῖν</span> <span class='ocrx_word' id='word_1_190' title='bbox 2432 1524 2578 1594; x_wconf 81' lang='grc' dir='ltr'>τάξει</span> <span class='ocrx_word' id='word_1_191' title='bbox 2630 1523 2678 1592; x_wconf 81' lang='grc' dir='ltr'>ἐξ</span> <span class='ocrx_word' id='word_1_192' title='bbox 2749 1523 3015 1595; x_wconf 77' lang='grc' dir='ltr'>ὀνόματος</span> <span class='ocrx_word' id='word_1_193' title='bbox 3083 1524 3257 1586; x_wconf 78' lang='grc' dir='ltr'>πάσας</span> <span class='ocrx_word' id='word_1_194' title='bbox 3327 1520 3619 1591; x_wconf 77' lang='grc' dir='ltr'>ἔκτέθεικα,</span> <span class='ocrx_word' id='word_1_195' title='bbox 3674 1524 3775 1587; x_wconf 76' lang='grc' dir='ltr'><strong>εἷθ’</strong></span> 
     </span>
    </p>
   </div>
   <div class='ocr_carea' id='block_1_31' title="bbox 2107 1611 3779 1688">
    <p class='ocr_par' dir='ltr' id='par_1_31' title="bbox 2107 1611 3779 1688">
     <span class='ocr_line' id='line_1_31' title="bbox 2107 1611 3779 1688; baseline 0.001 -21"><span class='ocrx_word' id='word_1_196' title='bbox 2107 1611 2282 1676; x_wconf 74' lang='grc' dir='ltr'>οὕτως</span> <span class='ocrx_word' id='word_1_197' title='bbox 2326 1615 2420 1673; x_wconf 81' lang='grc' dir='ltr'>τὰς</span> <span class='ocrx_word' id='word_1_198' title='bbox 2491 1611 2580 1667; x_wconf 76' lang='grc' dir='ltr'><strong>διὰ</strong></span> <span class='ocrx_word' id='word_1_199' title='bbox 2629 1611 2796 1688; x_wconf 77' lang='grc' dir='ltr'>λόγου</span> <span class='ocrx_word' id='word_1_200' title='bbox 2846 1613 3282 1688; x_wconf 66' lang='grc' dir='ltr'>προσ-γινομενας</span> <span class='ocrx_word' id='word_1_201' title='bbox 3326 1611 3592 1685; x_wconf 74' lang='grc' dir='ltr'>ἐσήμανα,</span> <span class='ocrx_word' id='word_1_202' title='bbox 3639 1614 3779 1686; x_wconf 76' lang='grc' dir='ltr'>μετὰ</span> 
     </span>
    </p>
   </div>
   <div class='ocr_carea' id='block_1_32' title="bbox 2108 1698 3777 1773">
    <p class='ocr_par' dir='ltr' id='par_1_32' title="bbox 2108 1698 3777 1773">
     <span class='ocr_line' id='line_1_32' title="bbox 2108 1698 3777 1773; baseline 0.001 -19"><span class='ocrx_word' id='word_1_203' title='bbox 2108 1698 2165 1754; x_wconf 78' lang='grc' dir='ltr'>δὲ</span> <span class='ocrx_word' id='word_1_204' title='bbox 2210 1701 2408 1762; x_wconf 78' lang='grc' dir='ltr'>ταύτας</span> <span class='ocrx_word' id='word_1_205' title='bbox 2457 1701 2554 1762; x_wconf 72' lang='grc' dir='ltr'><strong>τὰς</strong></span> <span class='ocrx_word' id='word_1_206' title='bbox 2603 1701 2824 1762; x_wconf 70' lang='grc' dir='ltr'>ταύταις</span> <span class='ocrx_word' id='word_1_207' title='bbox 2897 1702 3256 1773; x_wconf 71' lang='grc' dir='ltr'>ὑποκειμένας</span> <span class='ocrx_word' id='word_1_208' title='bbox 3325 1701 3604 1772; x_wconf 74' lang='grc' dir='ltr'>συνεταξα,</span> <span class='ocrx_word' id='word_1_209' title='bbox 3673 1704 3777 1766; x_wconf 76' lang='grc' dir='ltr'>τὰς</span> 
     </span>
    </p>
   </div>
   <div class='ocr_carea' id='block_1_33' title="bbox 2109 1789 3774 1866">
    <p class='ocr_par' dir='ltr' id='par_1_33' title="bbox 2109 1789 3774 1866">
     <span class='ocr_line' id='line_1_33' title="bbox 2109 1789 3774 1866; baseline 0.001 -21"><span class='ocrx_word' id='word_1_210' title='bbox 2109 1791 2202 1862; x_wconf 76' lang='grc' dir='ltr'>μὲν</span> <span class='ocrx_word' id='word_1_211' title='bbox 2241 1791 2432 1866; x_wconf 78' lang='grc' dir='ltr'>κυρίας</span> <span class='ocrx_word' id='word_1_212' title='bbox 2477 1790 2566 1845; x_wconf 73' lang='grc' dir='ltr'>καί</span> <span class='ocrx_word' id='word_1_213' title='bbox 2615 1792 2838 1864; x_wconf 83' lang='grc' dir='ltr'>πρώτας</span> <span class='ocrx_word' id='word_1_214' title='bbox 2890 1791 3095 1844; x_wconf 70' lang='grc' dir='ltr'>τούτων</span> <span class='ocrx_word' id='word_1_215' title='bbox 3147 1791 3448 1864; x_wconf 81' lang='grc' dir='ltr'>προκρίνας</span> <span class='ocrx_word' id='word_1_216' title='bbox 3481 1795 3560 1862; x_wconf 81' lang='grc' dir='ltr'>τῷ</span> <span class='ocrx_word' id='word_1_217' title='bbox 3593 1789 3774 1866; x_wconf 83' lang='grc' dir='ltr'>λόγῳ,</span> 
     </span>
    </p>
   </div>
   <div class='ocr_carea' id='block_1_34' title="bbox 338 1878 1997 1988">
    <p class='ocr_par' dir='ltr' id='par_1_34' title="bbox 338 1880 1990 1958">
     <span class='ocr_line' id='line_1_34' title="bbox 338 1880 1990 1958; baseline -0.003 -16"><span class='ocrx_word' id='word_1_218' title='bbox 338 1885 482 1942; x_wconf 85' lang='lat' dir='ltr'><strong>tatis</strong></span> <span class='ocrx_word' id='word_1_219' title='bbox 509 1885 927 1958; x_wconf 88' lang='lat' dir='ltr'><strong>appellationes</strong></span> <span class='ocrx_word' id='word_1_220' title='bbox 950 1889 1115 1939; x_wconf 89' lang='lat' dir='ltr'><strong>notas</strong></span> <span class='ocrx_word' id='word_1_221' title='bbox 1135 1887 1191 1938; x_wconf 87' lang='lat' dir='ltr'><strong>et</strong></span> <span class='ocrx_word' id='word_1_222' title='bbox 1211 1882 1526 1936; x_wconf 85' lang='lat' dir='ltr'><strong>familiares</strong></span> <span class='ocrx_word' id='word_1_223' title='bbox 1549 1881 1712 1936; x_wconf 89' lang='lat' dir='ltr'><strong>vobis</strong></span> <span class='ocrx_word' id='word_1_224' title='bbox 1735 1880 1990 1950; x_wconf 77' lang='lat' dir='ltr'><strong>allicere;</strong></span> 
     </span>
    </p>
   </div>
   <div class='ocr_carea' id='block_1_35' title="bbox 2108 1878 3772 1988">
    <p class='ocr_par' dir='ltr' id='par_1_35' title="bbox 2108 1878 3772 1988">
     <span class='ocr_line' id='line_1_35' title="bbox 2108 1878 3772 1957; baseline 0.001 -22"><span class='ocrx_word' id='word_1_225' title='bbox 2108 1881 2198 1941; x_wconf 76' lang='grc' dir='ltr'>τὰς</span> <span class='ocrx_word' id='word_1_226' title='bbox 2258 1879 2314 1934; x_wconf 78' lang='grc' dir='ltr'><strong>δὲ</strong></span> <span class='ocrx_word' id='word_1_227' title='bbox 2373 1880 2816 1957; x_wconf 71' lang='grc' dir='ltr'>ὑποτεταγμένας</span> <span class='ocrx_word' id='word_1_228' title='bbox 2891 1878 3043 1941; x_wconf 80' lang='grc' dir='ltr'>ἰδίως</span> <span class='ocrx_word' id='word_1_229' title='bbox 3120 1881 3352 1950; x_wconf 74' lang='grc' dir='ltr'>ἑκάστην</span> <span class='ocrx_word' id='word_1_230' title='bbox 3427 1879 3772 1944; x_wconf 82' lang='grc' dir='ltr'>ἐκτεθεικώς.</span> 
     </span>
     <span class='ocr_line' id='line_1_36' title="bbox 2108 1967 3738 1988; baseline 0 0"><span class='ocrx_word' id='word_1_231' title='bbox 2108 1975 2115 1988; x_wconf 76' lang='grc' dir='ltr'>ι</span> <span class='ocrx_word' id='word_1_232' title='bbox 2137 1978 2148 1988; x_wconf 68' lang='grc' dir='ltr'><strong><em>ι</em></strong></span> <span class='ocrx_word' id='word_1_233' title='bbox 2174 1973 2193 1988; x_wconf 74' lang='lat'><em>\</em></span> <span class='ocrx_word' id='word_1_234' title='bbox 2212 1972 2231 1988; x_wconf 59' lang='grc' dir='ltr'><em>κ</em></span> <span class='ocrx_word' id='word_1_235' title='bbox 2258 1973 2270 1988; x_wconf 78' lang='lat'><strong><em>\</em></strong></span> <span class='ocrx_word' id='word_1_236' title='bbox 2382 1974 2394 1988; x_wconf 72' lang='grc' dir='ltr'>ι</span> <span class='ocrx_word' id='word_1_237' title='bbox 2552 1973 2565 1988; x_wconf 87' lang='lat'><strong><em>\</em></strong></span> <span class='ocrx_word' id='word_1_238' title='bbox 2663 1973 2674 1987; x_wconf 57' lang='grc' dir='ltr'>ἱ</span> <span class='ocrx_word' id='word_1_239' title='bbox 2840 1971 2852 1988; x_wconf 87' lang='grc' dir='ltr'><strong><em>Ι</em></strong></span> <span class='ocrx_word' id='word_1_240' title='bbox 3069 1970 3113 1988; x_wconf 64' lang='lat' dir='ltr'><strong>Ib</strong></span> <span class='ocrx_word' id='word_1_241' title='bbox 3286 1971 3298 1988; x_wconf 70' lang='grc'><strong>9</strong></span> <span class='ocrx_word' id='word_1_242' title='bbox 3316 1967 3339 1987; x_wconf 81' lang='lat'><strong>’\</strong></span> <span class='ocrx_word' id='word_1_243' title='bbox 3473 1969 3486 1988; x_wconf 70' lang='grc' dir='ltr'><strong><em>Ι</em></strong></span> <span class='ocrx_word' id='word_1_244' title='bbox 3643 1971 3657 1988; x_wconf 68' lang='grc' dir='ltr'>ν</span> <span class='ocrx_word' id='word_1_245' title='bbox 3674 1969 3698 1988; x_wconf 54' lang='grc' dir='ltr'>ᾗ</span> <span class='ocrx_word' id='word_1_246' title='bbox 3725 1974 3738 1988; x_wconf 76' lang='grc' dir='ltr'><em>ι</em></span> 
     </span>
    </p>
   </div>
   <div class='ocr_carea' id='block_1_36' title="bbox 341 1971 1995 2042">
    <p class='ocr_par' dir='ltr' id='par_1_36' title="bbox 341 1971 1995 2042">
     <span class='ocr_line' id='line_1_37' title="bbox 341 1971 1995 2042; baseline -0.001 -13"><span class='ocrx_word' id='word_1_247' title='bbox 341 1973 554 2030; x_wconf 89' lang='lat' dir='ltr'><strong>deinde</strong></span> <span class='ocrx_word' id='word_1_248' title='bbox 573 1990 709 2030; x_wconf 87' lang='lat' dir='ltr'><strong>vero</strong></span> <span class='ocrx_word' id='word_1_249' title='bbox 730 1973 965 2028; x_wconf 89' lang='lat' dir='ltr'><strong>illarum</strong></span> <span class='ocrx_word' id='word_1_250' title='bbox 986 1971 1325 2039; x_wconf 88' lang='lat' dir='ltr'><strong>divisiones,</strong></span> <span class='ocrx_word' id='word_1_251' title='bbox 1350 1971 1639 2042; x_wconf 90' lang='lat' dir='ltr'><strong>quomodo</strong></span> <span class='ocrx_word' id='word_1_252' title='bbox 1662 1976 1995 2027; x_wconf 83' lang='lat' dir='ltr'><strong>excrescant</strong></span> 
     </span>
    </p>
   </div>
   <div class='ocr_carea' id='block_1_37' title="bbox 338 2061 1994 2133">
    <p class='ocr_par' dir='ltr' id='par_1_37' title="bbox 338 2061 1994 2133">
     <span class='ocr_line' id='line_1_38' title="bbox 338 2061 1994 2133; baseline -0.001 -16"><span class='ocrx_word' id='word_1_253' title='bbox 338 2062 774 2129; x_wconf 86' lang='lat' dir='ltr'><strong>minuanturve,</strong></span> <span class='ocrx_word' id='word_1_254' title='bbox 809 2061 1098 2133; x_wconf 90' lang='lat' dir='ltr'><strong>quomodo</strong></span> <span class='ocrx_word' id='word_1_255' title='bbox 1140 2061 1209 2115; x_wconf 92' lang='lat' dir='ltr'><strong>ad</strong></span> <span class='ocrx_word' id='word_1_256' title='bbox 1245 2076 1469 2115; x_wconf 85' lang='lat' dir='ltr'><strong>sacram</strong></span> <span class='ocrx_word' id='word_1_257' title='bbox 1514 2075 1775 2114; x_wconf 89' lang='lat' dir='ltr'><strong>mensam</strong></span> <span class='ocrx_word' id='word_1_258' title='bbox 1820 2061 1994 2117; x_wconf 90' lang='lat' dir='ltr'><strong>advo-</strong></span> 
     </span>
    </p>
   </div>
   <div class='ocr_carea' id='block_1_38' title="bbox 337 2148 1993 2219">
    <p class='ocr_par' dir='ltr' id='par_1_38' title="bbox 337 2148 1993 2219">
     <span class='ocr_line' id='line_1_39' title="bbox 337 2148 1993 2219; baseline -0.002 -12"><span class='ocrx_word' id='word_1_259' title='bbox 337 2161 545 2208; x_wconf 89' lang='lat' dir='ltr'><strong>centur</strong></span> <span class='ocrx_word' id='word_1_260' title='bbox 574 2155 631 2207; x_wconf 88' lang='lat' dir='ltr'><strong>et</strong></span> <span class='ocrx_word' id='word_1_261' title='bbox 660 2151 1128 2216; x_wconf 87' lang='lat' dir='ltr'><strong>introducantur,</strong></span> <span class='ocrx_word' id='word_1_262' title='bbox 1163 2155 1219 2204; x_wconf 90' lang='lat' dir='ltr'><strong>et</strong></span> <span class='ocrx_word' id='word_1_263' title='bbox 1263 2149 1556 2219; x_wconf 92' lang='lat' dir='ltr'><strong>quomodo</strong></span> <span class='ocrx_word' id='word_1_264' title='bbox 1590 2164 1795 2204; x_wconf 88' lang='lat' dir='ltr'><strong>rursus</strong></span> <span class='ocrx_word' id='word_1_265' title='bbox 1829 2148 1899 2203; x_wconf 91' lang='lat' dir='ltr'><strong>ab</strong></span> <span class='ocrx_word' id='word_1_266' title='bbox 1930 2166 1993 2205; x_wconf 87' lang='lat' dir='ltr'><strong>ea</strong></span> 
     </span>
    </p>
   </div>
   <div class='ocr_carea' id='block_1_39' title="bbox 338 2237 1990 2310">
    <p class='ocr_par' dir='ltr' id='par_1_39' title="bbox 338 2237 1990 2310">
     <span class='ocr_line' id='line_1_40' title="bbox 338 2237 1990 2310; baseline -0.001 -14"><span class='ocrx_word' id='word_1_267' title='bbox 338 2246 687 2298; x_wconf 88' lang='lat' dir='ltr'><strong>revocentur</strong></span> <span class='ocrx_word' id='word_1_268' title='bbox 719 2245 775 2295; x_wconf 89' lang='lat' dir='ltr'><strong>et</strong></span> <span class='ocrx_word' id='word_1_269' title='bbox 801 2240 1145 2306; x_wconf 87' lang='lat' dir='ltr'><strong>educantur,</strong></span> <span class='ocrx_word' id='word_1_270' title='bbox 1178 2239 1238 2292; x_wconf 89' lang='lat' dir='ltr'><strong>in</strong></span> <span class='ocrx_word' id='word_1_271' title='bbox 1269 2237 1408 2292; x_wconf 89' lang='lat' dir='ltr'><strong>illud</strong></span> <span class='ocrx_word' id='word_1_272' title='bbox 1441 2239 1793 2308; x_wconf 83' lang='lat' dir='ltr'><strong>exemplum,</strong></span> <span class='ocrx_word' id='word_1_273' title='bbox 1837 2240 1990 2310; x_wconf 91' lang='lat' dir='ltr'><strong>quod</strong></span> 
     </span>
    </p>
   </div>
   <div class='ocr_carea' id='block_1_40' title="bbox 339 2329 1991 2406">
    <p class='ocr_par' dir='ltr' id='par_1_40' title="bbox 339 2329 1991 2406">
     <span class='ocr_line' id='line_1_41' title="bbox 339 2329 1991 2406; baseline -0.003 -16"><span class='ocrx_word' id='word_1_274' title='bbox 339 2335 436 2391; x_wconf 90' lang='lat' dir='ltr'><strong>hic</strong></span> <span class='ocrx_word' id='word_1_275' title='bbox 450 2330 1107 2406; x_wconf 65' lang='lat' dir='ltr'><strong>praescripsimusﬂunc</strong></span> <span class='ocrx_word' id='word_1_276' title='bbox 1122 2333 1315 2384; x_wconf 89' lang='lat' dir='ltr'><strong>autem</strong></span> <span class='ocrx_word' id='word_1_277' title='bbox 1331 2329 1693 2384; x_wconf 89' lang='lat' dir='ltr'><strong>instituimus</strong></span> <span class='ocrx_word' id='word_1_278' title='bbox 1709 2330 1991 2397; x_wconf 90' lang='lat' dir='ltr'><strong>ordinem,</strong></span> 
     </span>
    </p>
   </div>
   <div class='ocr_carea' id='block_1_41' title="bbox 339 2419 1993 2494">
    <p class='ocr_par' dir='ltr' id='par_1_41' title="bbox 339 2419 1993 2494">
     <span class='ocr_line' id='line_1_42' title="bbox 339 2419 1993 2494; baseline -0.004 -13"><span class='ocrx_word' id='word_1_279' title='bbox 339 2431 404 2481; x_wconf 84' lang='lat' dir='ltr'><strong>ut</strong></span> <span class='ocrx_word' id='word_1_280' title='bbox 424 2423 902 2494; x_wconf 72' lang='lat' dir='ltr'><strong>dignitates,quaa</strong></span> <span class='ocrx_word' id='word_1_281' title='bbox 928 2437 1060 2476; x_wconf 91' lang='lat' dir='ltr'><strong>cum</strong></span> <span class='ocrx_word' id='word_1_282' title='bbox 1086 2419 1310 2475; x_wconf 89' lang='lat' dir='ltr'><strong>brabeis</strong></span> <span class='ocrx_word' id='word_1_283' title='bbox 1332 2420 1795 2489; x_wconf 84' lang='lat' dir='ltr'><strong>tributorumque</strong></span> <span class='ocrx_word' id='word_1_284' title='bbox 1817 2420 1993 2476; x_wconf 91' lang='lat' dir='ltr'><strong>bono-</strong></span> 
     </span>
    </p>
   </div>
   <div class='ocr_carea' id='block_1_42' title="bbox 339 2509 1991 2582">
    <p class='ocr_par' dir='ltr' id='par_1_42' title="bbox 339 2509 1991 2582">
     <span class='ocr_line' id='line_1_43' title="bbox 339 2509 1991 2582; baseline -0.003 -13"><span class='ocrx_word' id='word_1_285' title='bbox 339 2530 472 2570; x_wconf 84' lang='lat' dir='ltr'><strong>rum</strong></span> <span class='ocrx_word' id='word_1_286' title='bbox 489 2512 742 2568; x_wconf 84' lang='lat' dir='ltr'><strong>externis</strong></span> <span class='ocrx_word' id='word_1_287' title='bbox 755 2509 1438 2582; x_wconf 88' lang='lat' dir='ltr'><strong>quibusdaminsignibus</strong></span> <span class='ocrx_word' id='word_1_288' title='bbox 1453 2509 1851 2577; x_wconf 84' lang='lat' dir='ltr'><strong>conferuntur,</strong></span> <span class='ocrx_word' id='word_1_289' title='bbox 1876 2511 1991 2581; x_wconf 91' lang='lat' dir='ltr'><strong>pri-</strong></span> 
     </span>
    </p>
   </div>
   <div class='ocr_carea' id='block_1_43' title="bbox 336 2597 1987 2669">
    <p class='ocr_par' dir='ltr' id='par_1_43' title="bbox 336 2597 1987 2669">
     <span class='ocr_line' id='line_1_44' title="bbox 336 2597 1987 2669; baseline -0.003 -10"><span class='ocrx_word' id='word_1_290' title='bbox 336 2619 436 2659; x_wconf 89' lang='lat' dir='ltr'><strong>mo</strong></span> <span class='ocrx_word' id='word_1_291' title='bbox 466 2601 613 2667; x_wconf 91' lang='lat' dir='ltr'><strong>loco,</strong></span> <span class='ocrx_word' id='word_1_292' title='bbox 649 2598 1000 2656; x_wconf 88' lang='lat' dir='ltr'><strong>nominatim</strong></span> <span class='ocrx_word' id='word_1_293' title='bbox 1043 2597 1330 2669; x_wconf 87' lang='lat' dir='ltr'><strong>singulas,</strong></span> <span class='ocrx_word' id='word_1_294' title='bbox 1363 2597 1520 2652; x_wconf 89' lang='lat' dir='ltr'><strong>velut</strong></span> <span class='ocrx_word' id='word_1_295' title='bbox 1568 2597 1735 2653; x_wconf 71' lang='lat' dir='ltr'><strong>scalae</strong></span> <span class='ocrx_word' id='word_1_296' title='bbox 1767 2599 1987 2669; x_wconf 90' lang='lat' dir='ltr'><strong>gradus</strong></span> 
     </span>
    </p>
   </div>
   <div class='ocr_carea' id='block_1_44' title="bbox 332 2686 1986 2764">
    <p class='ocr_par' dir='ltr' id='par_1_44' title="bbox 332 2686 1986 2764">
     <span class='ocr_line' id='line_1_45' title="bbox 332 2686 1986 2764; baseline -0.003 -17"><span class='ocrx_word' id='word_1_297' title='bbox 332 2696 749 2764; x_wconf 88' lang='lat' dir='ltr'><strong>persequentes</strong></span> <span class='ocrx_word' id='word_1_298' title='bbox 769 2703 1193 2760; x_wconf 83' lang='lat' dir='ltr'><strong>exponeremus</strong></span> <span class='ocrx_word' id='word_1_299' title='bbox 1216 2705 1231 2756; x_wconf 87' lang='lat'><strong>;</strong></span> <span class='ocrx_word' id='word_1_300' title='bbox 1255 2686 1390 2741; x_wconf 89' lang='lat' dir='ltr'><strong>dein</strong></span> <span class='ocrx_word' id='word_1_301' title='bbox 1422 2702 1676 2758; x_wconf 72' lang='lat' dir='ltr'><strong>eas,quze</strong></span> <span class='ocrx_word' id='word_1_302' title='bbox 1701 2689 1857 2742; x_wconf 89' lang='lat' dir='ltr'><strong>nudo</strong></span> <span class='ocrx_word' id='word_1_303' title='bbox 1882 2687 1986 2743; x_wconf 85' lang='lat' dir='ltr'><strong>im-</strong></span> 
     </span>
    </p>
   </div>
   <div class='ocr_carea' id='block_1_45' title="bbox 2101 1967 3772 2046">
    <p class='ocr_par' dir='ltr' id='par_1_45' title="bbox 2101 1967 3772 2046">
     <span class='ocr_line' id='line_1_46' title="bbox 2101 1967 3772 2046; baseline -0.001 -19"><span class='ocrx_word' id='word_1_304' title='bbox 2101 1972 2282 2027; x_wconf 78' lang='grc' dir='ltr'>Ἀλλὰ</span> <span class='ocrx_word' id='word_1_305' title='bbox 2329 1974 2436 2046; x_wconf 79' lang='grc' dir='ltr'>μὴν</span> <span class='ocrx_word' id='word_1_306' title='bbox 2478 1973 2566 2026; x_wconf 82' lang='grc' dir='ltr'>καὶ</span> <span class='ocrx_word' id='word_1_307' title='bbox 2617 1973 2712 2032; x_wconf 77' lang='grc' dir='ltr'>τὰς</span> <span class='ocrx_word' id='word_1_308' title='bbox 2759 1971 2966 2026; x_wconf 75' lang='grc' dir='ltr'>τούτων</span> <span class='ocrx_word' id='word_1_309' title='bbox 3019 1970 3196 2040; x_wconf 79' lang='grc' dir='ltr'>τάξεις</span> <span class='ocrx_word' id='word_1_310' title='bbox 3247 1967 3598 2045; x_wconf 81' lang='grc' dir='ltr'>εὐδιαιρέτως</span> <span class='ocrx_word' id='word_1_311' title='bbox 3640 1969 3772 2043; x_wconf 81' lang='grc' dir='ltr'><strong>ἐδή-</strong></span> 
     </span>
    </p>
   </div>
   <div class='ocr_carea' id='block_1_46' title="bbox 2104 2057 3772 2136">
    <p class='ocr_par' dir='ltr' id='par_1_46' title="bbox 2104 2057 3772 2136">
     <span class='ocr_line' id='line_1_47' title="bbox 2104 2057 3772 2136; baseline 0.001 -21"><span class='ocrx_word' id='word_1_312' title='bbox 2104 2061 2278 2132; x_wconf 82' lang='grc' dir='ltr'>λωσα,</span> <span class='ocrx_word' id='word_1_313' title='bbox 2329 2063 2416 2116; x_wconf 85' lang='grc' dir='ltr'>καὶ</span> <span class='ocrx_word' id='word_1_314' title='bbox 2471 2061 2698 2131; x_wconf 67' lang='grc' dir='ltr'>ἑκάστης</span> <span class='ocrx_word' id='word_1_315' title='bbox 2743 2062 2811 2115; x_wconf 72' lang='grc' dir='ltr'>τὰ</span> <span class='ocrx_word' id='word_1_316' title='bbox 2857 2060 3065 2115; x_wconf 69' lang='grc' dir='ltr'>τούτων</span> <span class='ocrx_word' id='word_1_317' title='bbox 3133 2061 3199 2114; x_wconf 72' lang='grc' dir='ltr'>τὰ</span> <span class='ocrx_word' id='word_1_318' title='bbox 3267 2059 3441 2114; x_wconf 81' lang='grc' dir='ltr'>οἰκεῖα</span> <span class='ocrx_word' id='word_1_319' title='bbox 3507 2057 3772 2136; x_wconf 75' lang='grc' dir='ltr'>πρέσϐεια</span> 
     </span>
    </p>
   </div>
   <div class='ocr_carea' id='block_1_47' title="bbox 2104 2149 3769 2226">
    <p class='ocr_par' dir='ltr' id='par_1_47' title="bbox 2104 2149 3769 2226">
     <span class='ocr_line' id='line_1_48' title="bbox 2104 2149 3769 2226; baseline 0 -20"><span class='ocrx_word' id='word_1_320' title='bbox 2104 2149 2193 2206; x_wconf 75' lang='grc' dir='ltr'>διὰ</span> <span class='ocrx_word' id='word_1_321' title='bbox 2255 2156 2352 2207; x_wconf 78' lang='grc' dir='ltr'><strong>τοῦ</strong></span> <span class='ocrx_word' id='word_1_322' title='bbox 2412 2149 2545 2225; x_wconf 73' lang='grc' dir='ltr'>τῇδε</span> <span class='ocrx_word' id='word_1_323' title='bbox 2611 2150 3038 2226; x_wconf 79' lang='grc' dir='ltr'>συγγράμματος</span> <span class='ocrx_word' id='word_1_324' title='bbox 3109 2154 3290 2226; x_wconf 66' lang='grc' dir='ltr'>σαφῶς</span> <span class='ocrx_word' id='word_1_325' title='bbox 3370 2151 3769 2226; x_wconf 85' lang='grc' dir='ltr'>καθιστόρησα,</span> 
     </span>
    </p>
   </div>
   <div class='ocr_carea' id='block_1_48' title="bbox 2101 2239 3473 2318">
    <p class='ocr_par' dir='ltr' id='par_1_48' title="bbox 2101 2239 3473 2318">
     <span class='ocr_line' id='line_1_49' title="bbox 2101 2239 3473 2318; baseline -0.001 -23"><span class='ocrx_word' id='word_1_326' title='bbox 2101 2243 2192 2295; x_wconf 82' lang='grc' dir='ltr'>καὶ</span> <span class='ocrx_word' id='word_1_327' title='bbox 2259 2239 2464 2318; x_wconf 71' lang='grc' dir='ltr'>εὗσαφῇ</span> <span class='ocrx_word' id='word_1_328' title='bbox 2538 2241 2628 2295; x_wconf 83' lang='grc' dir='ltr'><strong>καὶ</strong></span> <span class='ocrx_word' id='word_1_329' title='bbox 2701 2239 3110 2310; x_wconf 76' lang='grc' dir='ltr'>εὐκατάληπτον</span> <span class='ocrx_word' id='word_1_330' title='bbox 3180 2241 3280 2307; x_wconf 74' lang='grc' dir='ltr'><strong>τὴν</strong></span> <span class='ocrx_word' id='word_1_331' title='bbox 3351 2241 3473 2314; x_wconf 83' lang='grc' dir='ltr'>περὶ</span> 
     </span>
    </p>
   </div>
   <div class='ocr_carea' id='block_1_49' title="bbox 2099 2329 3770 2405">
    <p class='ocr_par' dir='ltr' id='par_1_49' title="bbox 2099 2329 3770 2405">
     <span class='ocr_line' id='line_1_50' title="bbox 2099 2329 3770 2405; baseline -0.001 -20"><span class='ocrx_word' id='word_1_332' title='bbox 2099 2331 2494 2405; x_wconf 76' lang='grc' dir='ltr'><strong>πραγματείαν,</strong></span> <span class='ocrx_word' id='word_1_333' title='bbox 2572 2331 2645 2384; x_wconf 84' lang='grc' dir='ltr'>ὡς</span> <span class='ocrx_word' id='word_1_334' title='bbox 2723 2329 2774 2383; x_wconf 79' lang='grc' dir='ltr'><strong>ἐν</strong></span> <span class='ocrx_word' id='word_1_335' title='bbox 2855 2329 3160 2402; x_wconf 81' lang='grc' dir='ltr'>εἰσαγωγῆς</span> <span class='ocrx_word' id='word_1_336' title='bbox 3235 2329 3406 2398; x_wconf 77' lang='grc' dir='ltr'>τάξει,</span> <span class='ocrx_word' id='word_1_337' title='bbox 3479 2334 3598 2390; x_wconf 82' lang='grc' dir='ltr'>τοῖς</span> <span class='ocrx_word' id='word_1_338' title='bbox 3678 2329 3770 2384; x_wconf 79' lang='grc' dir='ltr'><strong>ἐν-</strong></span> 
     </span>
    </p>
   </div>
   <div class='ocr_carea' id='block_1_50' title="bbox 2096 2415 3770 2494">
    <p class='ocr_par' dir='ltr' id='par_1_50' title="bbox 2096 2415 3770 2494">
     <span class='ocr_line' id='line_1_51' title="bbox 2096 2415 3770 2494; baseline -0.005 -20"><span class='ocrx_word' id='word_1_339' title='bbox 2096 2421 2428 2494; x_wconf 79' lang='grc' dir='ltr'>τυγχάνουσι</span> <span class='ocrx_word' id='word_1_340' title='bbox 2469 2417 2556 2473; x_wconf 80' lang='grc' dir='ltr'><strong>διὰ</strong></span> <span class='ocrx_word' id='word_1_341' title='bbox 2596 2425 2694 2488; x_wconf 78' lang='grc' dir='ltr'>τῆς</span> <span class='ocrx_word' id='word_1_342' title='bbox 2740 2418 3102 2490; x_wconf 73' lang='grc' dir='ltr'>ὑποκειμένης</span> <span class='ocrx_word' id='word_1_343' title='bbox 3143 2415 3429 2480; x_wconf 81' lang='grc' dir='ltr'>πλινθίδος</span> <span class='ocrx_word' id='word_1_344' title='bbox 3469 2416 3770 2493; x_wconf 64' lang='grc' dir='ltr'>ἐγνώρισα,</span> 
     </span>
    </p>
   </div>
   <div class='ocr_carea' id='block_1_51' title="bbox 3553 2241 3770 2296">
    <p class='ocr_par' dir='ltr' id='par_1_51' title="bbox 3553 2241 3770 2296">
     <span class='ocr_line' id='line_1_52' title="bbox 3553 2241 3770 2296; baseline -0.009 0"><span class='ocrx_word' id='word_1_345' title='bbox 3553 2241 3770 2296; x_wconf 80' lang='grc' dir='ltr'>τούτων</span> 
     </span>
    </p>
   </div>
   <div class='ocr_carea' id='block_1_52' title="bbox 2572 2328 2774 2384">
    <p class='ocr_par' dir='ltr' id='par_1_52' title="bbox 2572 2328 2774 2384">
     <span class='ocr_line' id='line_1_53' title="bbox 2572 2328 2774 2384; baseline -0.005 0"><span class='ocrx_word' id='word_1_346' title='bbox 2572 2331 2645 2384; x_wconf 84' lang='grc' dir='ltr'>ὡς</span> <span class='ocrx_word' id='word_1_347' title='bbox 2723 2328 2774 2383; x_wconf 78' lang='grc' dir='ltr'><strong>ἐν</strong></span> 
     </span>
    </p>
   </div>
   <div class='ocr_carea' id='block_1_53' title="bbox 2096 2505 3770 2581">
    <p class='ocr_par' dir='ltr' id='par_1_53' title="bbox 2096 2505 3770 2581">
     <span class='ocr_line' id='line_1_54' title="bbox 2096 2505 3770 2581; baseline 0 -17"><span class='ocrx_word' id='word_1_348' title='bbox 2096 2510 2184 2564; x_wconf 83' lang='grc' dir='ltr'>ἳνα</span> <span class='ocrx_word' id='word_1_349' title='bbox 2233 2511 2284 2564; x_wconf 74' lang='grc' dir='ltr'>οἱ</span> <span class='ocrx_word' id='word_1_350' title='bbox 2333 2511 2547 2579; x_wconf 81' lang='grc' dir='ltr'>τωύτην</span> <span class='ocrx_word' id='word_1_351' title='bbox 2597 2512 2696 2578; x_wconf 72' lang='grc' dir='ltr'><strong>τήν</strong></span> <span class='ocrx_word' id='word_1_352' title='bbox 2743 2505 3001 2572; x_wconf 79' lang='grc' dir='ltr'>πΛινθίδα</span> <span class='ocrx_word' id='word_1_353' title='bbox 3049 2506 3330 2581; x_wconf 81' lang='grc' dir='ltr'>ἐπιμελῶς</span> <span class='ocrx_word' id='word_1_354' title='bbox 3369 2506 3770 2572; x_wconf 79' lang='grc' dir='ltr'>ἐποπτεύοντες</span> 
     </span>
    </p>
   </div>
   <div class='ocr_carea' id='block_1_54' title="bbox 2101 2595 3770 2673">
    <p class='ocr_par' dir='ltr' id='par_1_54' title="bbox 2101 2595 3770 2673">
     <span class='ocr_line' id='line_1_55' title="bbox 2101 2595 3770 2673; baseline -0.001 -20"><span class='ocrx_word' id='word_1_355' title='bbox 2101 2598 2381 2673; x_wconf 76' lang='grc' dir='ltr'>μέμνησθε</span> <span class='ocrx_word' id='word_1_356' title='bbox 2409 2606 2510 2668; x_wconf 80' lang='grc' dir='ltr'>τῆς</span> <span class='ocrx_word' id='word_1_357' title='bbox 2539 2601 2700 2672; x_wconf 74' lang='grc' dir='ltr'>ἡμῶν</span> <span class='ocrx_word' id='word_1_358' title='bbox 2756 2599 3115 2672; x_wconf 76' lang='grc' dir='ltr'>μετριότητος</span> <span class='ocrx_word' id='word_1_359' title='bbox 3171 2595 3445 2670; x_wconf 76' lang='grc' dir='ltr'>μηδαμῶς</span> <span class='ocrx_word' id='word_1_360' title='bbox 3490 2601 3770 2670; x_wconf 80' lang='grc' dir='ltr'>κατοκνή-</span> 
     </span>
    </p>
   </div>
   <div class='ocr_carea' id='block_1_55' title="bbox 2098 2689 2308 2745">
    <p class='ocr_par' dir='ltr' id='par_1_55' title="bbox 2098 2689 2308 2745">
     <span class='ocr_line' id='line_1_56' title="bbox 2098 2689 2308 2745; baseline 0.01 -2"><span class='ocrx_word' id='word_1_361' title='bbox 2098 2710 2208 2744; x_wconf 91' lang='grc' dir='ltr'>σειν</span> <span class='ocrx_word' id='word_1_362' title='bbox 2241 2689 2308 2745; x_wconf 76' lang='grc'><strong>⁷⁸.</strong></span> 
     </span>
    </p>
   </div>
   <div class='ocr_carea' id='block_1_56' title="bbox 333 2777 3766 2857">
    <p class='ocr_par' dir='ltr' id='par_1_56' title="bbox 333 2777 3766 2857">
     <span class='ocr_line' id='line_1_57' title="bbox 333 2777 3766 2857; baseline -0 -19"><span class='ocrx_word' id='word_1_363' title='bbox 333 2781 617 2857; x_wconf 87' lang='lat' dir='ltr'><strong>peratoris</strong></span> <span class='ocrx_word' id='word_1_364' title='bbox 666 2780 854 2836; x_wconf 88' lang='lat' dir='ltr'><strong>edicto</strong></span> <span class='ocrx_word' id='word_1_365' title='bbox 897 2786 951 2834; x_wconf 89' lang='lat' dir='ltr'><strong>et</strong></span> <span class='ocrx_word' id='word_1_366' title='bbox 998 2795 1135 2834; x_wconf 90' lang='lat' dir='ltr'><strong>voce</strong></span> <span class='ocrx_word' id='word_1_367' title='bbox 1179 2781 1352 2833; x_wconf 88' lang='lat' dir='ltr'><strong>tenus</strong></span> <span class='ocrx_word' id='word_1_368' title='bbox 1402 2777 1824 2848; x_wconf 90' lang='lat' dir='ltr'><strong>impetrantur;</strong></span> <span class='ocrx_word' id='word_1_369' title='bbox 1861 2783 1986 2834; x_wconf 88' lang='lat' dir='ltr'><strong>tum</strong></span> <span class='ocrx_word' id='word_1_370' title='bbox 2037 2779 2154 2836; x_wconf 89' lang='lat' dir='ltr'><strong>illis</strong></span> <span class='ocrx_word' id='word_1_371' title='bbox 2184 2781 2488 2838; x_wconf 82' lang='lat' dir='ltr'><strong>inferiores</strong></span> <span class='ocrx_word' id='word_1_372' title='bbox 2523 2798 2535 2849; x_wconf 92' lang='lat'><strong>;</strong></span> <span class='ocrx_word' id='word_1_373' title='bbox 2573 2795 2867 2850; x_wconf 89' lang='lat' dir='ltr'><strong>sermone,</strong></span> <span class='ocrx_word' id='word_1_374' title='bbox 2903 2783 2967 2834; x_wconf 89' lang='lat' dir='ltr'><strong>ut</strong></span> <span class='ocrx_word' id='word_1_375' title='bbox 2998 2796 3100 2852; x_wconf 91' lang='lat' dir='ltr'><strong>par</strong></span> <span class='ocrx_word' id='word_1_376' title='bbox 3122 2783 3268 2846; x_wconf 92' lang='lat' dir='ltr'><strong>erat,</strong></span> <span class='ocrx_word' id='word_1_377' title='bbox 3305 2780 3519 2850; x_wconf 85' lang='lat' dir='ltr'><strong>primas</strong></span> <span class='ocrx_word' id='word_1_378' title='bbox 3552 2787 3606 2835; x_wconf 90' lang='lat' dir='ltr'><strong>et</strong></span> <span class='ocrx_word' id='word_1_379' title='bbox 3637 2786 3766 2837; x_wconf 88' lang='lat' dir='ltr'><strong>tum</strong></span> 
     </span>
    </p>
   </div>
   <div class='ocr_carea' id='block_1_57' title="bbox 1687 2885 2384 2946">
    <p class='ocr_par' dir='ltr' id='par_1_57' title="bbox 1687 2885 2384 2946">
     <span class='ocr_line' id='line_1_58' title="bbox 1687 2885 2384 2946; baseline 0.007 -7"><span class='ocrx_word' id='word_1_380' title='bbox 1687 2885 1930 2943; x_wconf 77' lang='lat' dir='ltr'><strong>VARUE</strong></span> <span class='ocrx_word' id='word_1_381' title='bbox 1973 2888 2384 2946; x_wconf 84' lang='lat' dir='ltr'><strong>LECTlONES.</strong></span> 
     </span>
    </p>
   </div>
   <div class='ocr_carea' id='block_1_58' title="bbox 1382 3028 2696 3089">
    <p class='ocr_par' dir='ltr' id='par_1_58' title="bbox 1382 3028 2696 3089">
     <span class='ocr_line' id='line_1_59' title="bbox 1382 3028 2696 3089; baseline 0.002 -6"><span class='ocrx_word' id='word_1_382' title='bbox 1382 3028 1579 3084; x_wconf 83' lang='lat' dir='ltr'><strong>JOAN.</strong></span> <span class='ocrx_word' id='word_1_383' title='bbox 1620 3028 1765 3085; x_wconf 87' lang='lat' dir='ltr'><strong>JAC.</strong></span> <span class='ocrx_word' id='word_1_384' title='bbox 1811 3030 2072 3087; x_wconf 83' lang='lat' dir='ltr'><strong>REISKII</strong></span> <span class='ocrx_word' id='word_1_385' title='bbox 2111 3032 2696 3089; x_wconf 84' lang='lat' dir='ltr'><strong>COMMENTARIUS.</strong></span> 
     </span>
    </p>
   </div>
   <div class='ocr_carea' id='block_1_59' title="bbox 403 3127 3747 3205">
    <p class='ocr_par' dir='ltr' id='par_1_59' title="bbox 403 3127 3747 3205">
     <span class='ocr_line' id='line_1_60' title="bbox 403 3127 3747 3205; baseline 0 -19"><span class='ocrx_word' id='word_1_386' title='bbox 403 3132 515 3205; x_wconf 78' lang='grc'>(14)</span> <span class='ocrx_word' id='word_1_387' title='bbox 547 3131 693 3187; x_wconf 82' lang='lat' dir='ltr'><strong>Raro</strong></span> <span class='ocrx_word' id='word_1_388' title='bbox 725 3147 833 3186; x_wconf 87' lang='lat' dir='ltr'><strong>usu</strong></span> <span class='ocrx_word' id='word_1_389' title='bbox 865 3128 1130 3205; x_wconf 75' lang='lat' dir='ltr'><strong>adhibuit</strong></span> <span class='ocrx_word' id='word_1_390' title='bbox 1160 3145 1262 3201; x_wconf 92' lang='lat' dir='ltr'><strong>pro</strong></span> <span class='ocrx_word' id='word_1_391' title='bbox 1297 3127 1568 3205; x_wconf 82' lang='lat' dir='ltr'><strong>libellum,</strong></span> <span class='ocrx_word' id='word_1_392' title='bbox 1590 3130 1818 3199; x_wconf 88' lang='lat' dir='ltr'><strong>proprie</strong></span> <span class='ocrx_word' id='word_1_393' title='bbox 1844 3146 1977 3201; x_wconf 86' lang='lat' dir='ltr'><strong>par-</strong></span> <span class='ocrx_word' id='word_1_394' title='bbox 2011 3138 2052 3204; x_wconf 75' lang='grc' dir='ltr'><strong>ί]</strong></span> <span class='ocrx_word' id='word_1_395' title='bbox 2083 3138 2183 3188; x_wconf 88' lang='lat' dir='ltr'><strong>aut</strong></span> <span class='ocrx_word' id='word_1_396' title='bbox 2215 3133 2669 3201; x_wconf 73' lang='lat' dir='ltr'><strong>mittenseoipso</strong></span> <span class='ocrx_word' id='word_1_397' title='bbox 2695 3131 3372 3205; x_wconf 78' lang='lat' dir='ltr'><strong>profitebatur,seillum,</strong></span> <span class='ocrx_word' id='word_1_398' title='bbox 3401 3132 3492 3185; x_wconf 90' lang='lat' dir='ltr'><strong>cui</strong></span> <span class='ocrx_word' id='word_1_399' title='bbox 3518 3136 3747 3205; x_wconf 89' lang='lat' dir='ltr'><strong>vestem</strong></span> 
     </span>
    </p>
   </div>
   <div class='ocr_carea' id='block_1_60' title="bbox 402 2958 1195 3028">
    <p class='ocr_par' dir='ltr' id='par_1_60' title="bbox 402 2958 1195 3028">
     <span class='ocr_line' id='line_1_61' title="bbox 402 2958 1195 3028; baseline -0.004 -14"><span class='ocrx_word' id='word_1_400' title='bbox 402 2959 450 2997; x_wconf 75' lang='grc'><strong>’⁷³</strong></span> <span class='ocrx_word' id='word_1_401' title='bbox 477 2959 828 3028; x_wconf 80' lang='grc' dir='ltr'>κατοκνήσιεν</span> <span class='ocrx_word' id='word_1_402' title='bbox 859 2958 983 3014; x_wconf 88' lang='lat' dir='ltr'><strong>cod.</strong></span> <span class='ocrx_word' id='word_1_403' title='bbox 1020 2960 1076 3013; x_wconf 91' lang='lat' dir='ltr'><strong>et</strong></span> <span class='ocrx_word' id='word_1_404' title='bbox 1105 2958 1195 3013; x_wconf 89' lang='lat' dir='ltr'><strong>ed.</strong></span> 
     </span>
    </p>
   </div>
   <div class='ocr_carea' id='block_1_61' title="bbox 326 3201 1741 3261">
    <p class='ocr_par' dir='ltr' id='par_1_61' title="bbox 326 3201 1741 3261">
     <span class='ocr_line' id='line_1_62' title="bbox 326 3201 1741 3261; baseline -0.005 0"><span class='ocrx_word' id='word_1_405' title='bbox 326 3201 458 3261; x_wconf 81' lang='lat' dir='ltr'><strong>vum</strong></span> <span class='ocrx_word' id='word_1_406' title='bbox 487 3201 809 3259; x_wconf 80' lang='lat' dir='ltr'><strong>sermonem.</strong></span> <span class='ocrx_word' id='word_1_407' title='bbox 845 3201 1003 3256; x_wconf 82' lang='lat' dir='ltr'><strong>Alias</strong></span> <span class='ocrx_word' id='word_1_408' title='bbox 1033 3201 1182 3256; x_wconf 84' lang='lat' dir='ltr'><strong>solet</strong></span> <span class='ocrx_word' id='word_1_409' title='bbox 1205 3201 1489 3255; x_wconf 81' lang='lat' dir='ltr'><strong>oraculum</strong></span> <span class='ocrx_word' id='word_1_410' title='bbox 1521 3210 1741 3255; x_wconf 91' lang='lat' dir='ltr'><strong>notare.</strong></span> 
     </span>
    </p>
   </div>
   <div class='ocr_carea' id='block_1_62' title="bbox 400 3271 1973 3346">
    <p class='ocr_par' dir='ltr' id='par_1_62' title="bbox 400 3271 1973 3346">
     <span class='ocr_line' id='line_1_63' title="bbox 400 3271 1973 3346; baseline -0.002 -15"><span class='ocrx_word' id='word_1_411' title='bbox 400 3277 516 3346; x_wconf 88' lang='grc'>(15)</span> <span class='ocrx_word' id='word_1_412' title='bbox 546 3276 946 3346; x_wconf 79' lang='lat' dir='ltr'><strong>Revocationes,</strong></span> <span class='ocrx_word' id='word_1_413' title='bbox 978 3271 1665 3346; x_wconf 78' lang='lat' dir='ltr'><strong>avocationes,jussiones</strong></span> <span class='ocrx_word' id='word_1_414' title='bbox 1698 3272 1973 3346; x_wconf 87' lang='lat' dir='ltr'><strong>abeundi,</strong></span> 
     </span>
    </p>
   </div>
   <div class='ocr_carea' id='block_1_63' title="bbox 372 3339 1977 3414">
    <p class='ocr_par' dir='ltr' id='par_1_63' title="bbox 372 3339 1977 3414">
     <span class='ocr_line' id='line_1_64' title="bbox 372 3339 1977 3414; baseline 0.001 -15"><span class='ocrx_word' id='word_1_415' title='bbox 372 3339 436 3402; x_wconf 77' lang='lat' dir='ltr'><strong>rb</strong></span> <span class='ocrx_word' id='word_1_416' title='bbox 483 3339 842 3413; x_wconf 73' lang='grc' dir='ltr'>ἆποκλήσεις.</span> <span class='ocrx_word' id='word_1_417' title='bbox 901 3339 1059 3414; x_wconf 76' lang='lat' dir='ltr'><strong>Saepe</strong></span> <span class='ocrx_word' id='word_1_418' title='bbox 1120 3341 1221 3396; x_wconf 88' lang='grc' dir='ltr'><strong>ὑπό</strong></span> <span class='ocrx_word' id='word_1_419' title='bbox 1281 3339 1383 3414; x_wconf 73' lang='grc' dir='ltr'>ρτὸ</span> <span class='ocrx_word' id='word_1_420' title='bbox 1441 3339 1548 3396; x_wconf 76' lang='grc' dir='ltr'>ἀπό</span> <span class='ocrx_word' id='word_1_421' title='bbox 1604 3344 1859 3414; x_wconf 87' lang='lat' dir='ltr'><strong>ponitur,</strong></span> <span class='ocrx_word' id='word_1_422' title='bbox 1913 3350 1977 3400; x_wconf 89' lang='lat' dir='ltr'><strong>ut</strong></span> 
     </span>
    </p>
   </div>
   <div class='ocr_carea' id='block_1_64' title="bbox 332 3414 1972 3491">
    <p class='ocr_par' dir='ltr' id='par_1_64' title="bbox 332 3414 1972 3491">
     <span class='ocr_line' id='line_1_65' title="bbox 332 3414 1972 3491; baseline 0 -20"><span class='ocrx_word' id='word_1_423' title='bbox 332 3414 708 3491; x_wconf 75' lang='grc' dir='ltr'>ὖποστρὲφειν,</span> <span class='ocrx_word' id='word_1_424' title='bbox 750 3433 854 3491; x_wconf 91' lang='lat' dir='ltr'><strong>sc._</strong></span> <span class='ocrx_word' id='word_1_425' title='bbox 883 3414 1089 3482; x_wconf 71' lang='grc' dir='ltr'>ἑαυτὸν,</span> <span class='ocrx_word' id='word_1_426' title='bbox 1144 3430 1201 3470; x_wconf 84' lang='lat' dir='ltr'><strong>se</strong></span> <span class='ocrx_word' id='word_1_427' title='bbox 1250 3421 1500 3471; x_wconf 85' lang='lat' dir='ltr'><strong>avertere</strong></span> <span class='ocrx_word' id='word_1_428' title='bbox 1529 3416 1599 3470; x_wconf 87' lang='lat' dir='ltr'><strong>ab</strong></span> <span class='ocrx_word' id='word_1_429' title='bbox 1649 3415 1847 3487; x_wconf 90' lang='lat' dir='ltr'><strong>aliqua</strong></span> <span class='ocrx_word' id='word_1_430' title='bbox 1892 3433 1972 3486; x_wconf 88' lang='lat' dir='ltr'><strong>re,</strong></span> 
     </span>
    </p>
   </div>
   <div class='ocr_carea' id='block_1_65' title="bbox 331 3487 978 3555">
    <p class='ocr_par' dir='ltr' id='par_1_65' title="bbox 331 3487 978 3555">
     <span class='ocr_line' id='line_1_66' title="bbox 331 3487 978 3555; baseline -0.009 -10"><span class='ocrx_word' id='word_1_431' title='bbox 331 3487 660 3555; x_wconf 80' lang='lat' dir='ltr'><strong>abscedere,</strong></span> <span class='ocrx_word' id='word_1_432' title='bbox 695 3487 978 3542; x_wconf 88' lang='lat' dir='ltr'><strong>recedere.</strong></span> 
     </span>
    </p>
   </div>
   <div class='ocr_carea' id='block_1_66' title="bbox 407 3551 1977 3630">
    <p class='ocr_par' dir='ltr' id='par_1_66' title="bbox 407 3551 1977 3630">
     <span class='ocr_line' id='line_1_67' title="bbox 407 3551 1977 3630; baseline 0 -16"><span class='ocrx_word' id='word_1_433' title='bbox 407 3560 518 3630; x_wconf 76' lang='lat' dir='ltr'><strong>(l_6)</strong></span> <span class='ocrx_word' id='word_1_434' title='bbox 558 3551 1068 3630; x_wconf 78' lang='lat' dir='ltr'><strong>Opponunturbic</strong></span> <span class='ocrx_word' id='word_1_435' title='bbox 1117 3555 1448 3630; x_wconf 82' lang='lat' dir='ltr'><strong>dignitates</strong></span> <span class='ocrx_word' id='word_1_436' title='bbox 1479 3552 1568 3608; x_wconf 79' lang='grc' dir='ltr'><strong>διὰ</strong></span> <span class='ocrx_word' id='word_1_437' title='bbox 1620 3551 1887 3629; x_wconf 81' lang='grc' dir='ltr'>βραϐείων</span> <span class='ocrx_word' id='word_1_438' title='bbox 1923 3566 1977 3614; x_wconf 88' lang='lat' dir='ltr'><strong>et</strong></span> 
     </span>
    </p>
   </div>
   <div class='ocr_carea' id='block_1_67' title="bbox 333 3627 1973 3703">
    <p class='ocr_par' dir='ltr' id='par_1_67' title="bbox 333 3627 1973 3703">
     <span class='ocr_line' id='line_1_68' title="bbox 333 3627 1973 3703; baseline 0.001 -19"><span class='ocrx_word' id='word_1_439' title='bbox 333 3627 423 3684; x_wconf 81' lang='grc' dir='ltr'><strong>διὰ</strong></span> <span class='ocrx_word' id='word_1_440' title='bbox 454 3627 623 3703; x_wconf 71' lang='grc' dir='ltr'>λόγου</span> <span class='ocrx_word' id='word_1_441' title='bbox 651 3627 1019 3703; x_wconf 66' lang='lat' dir='ltr'><strong>collatanllaa</strong></span> <span class='ocrx_word' id='word_1_442' title='bbox 1052 3634 1192 3703; x_wconf 82' lang='lat' dir='ltr'><strong>sunt</strong></span> <span class='ocrx_word' id='word_1_443' title='bbox 1222 3642 1322 3703; x_wconf 86' lang='lat' dir='ltr'><strong>per</strong></span> <span class='ocrx_word' id='word_1_444' title='bbox 1340 3629 1584 3703; x_wconf 76' lang='lat' dir='ltr'><strong>insignia</strong></span> <span class='ocrx_word' id='word_1_445' title='bbox 1612 3627 1699 3703; x_wconf 75' lang='lat' dir='ltr'><strong>vel</strong></span> <span class='ocrx_word' id='word_1_446' title='bbox 1731 3645 1854 3683; x_wconf 90' lang='lat' dir='ltr'><strong>cum</strong></span> <span class='ocrx_word' id='word_1_447' title='bbox 1887 3633 1973 3685; x_wconf 86' lang='lat' dir='ltr'><strong>in-</strong></span> 
     </span>
    </p>
   </div>
   <div class='ocr_carea' id='block_1_68' title="bbox 327 3697 1975 3773">
    <p class='ocr_par' dir='ltr' id='par_1_68' title="bbox 327 3697 1975 3773">
     <span class='ocr_line' id='line_1_69' title="bbox 327 3697 1975 3773; baseline -0.002 -14"><span class='ocrx_word' id='word_1_448' title='bbox 327 3697 697 3773; x_wconf 71' lang='lat' dir='ltr'><strong>signibus,haa</strong></span> <span class='ocrx_word' id='word_1_449' title='bbox 725 3698 1052 3755; x_wconf 76' lang='lat' dir='ltr'><strong>auctoritate</strong></span> <span class='ocrx_word' id='word_1_450' title='bbox 1081 3697 1165 3753; x_wconf 90' lang='lat' dir='ltr'><strong>vel</strong></span> <span class='ocrx_word' id='word_1_451' title='bbox 1197 3699 1385 3773; x_wconf 76' lang='lat' dir='ltr'><strong>elogio</strong></span> <span class='ocrx_word' id='word_1_452' title='bbox 1408 3699 1798 3754; x_wconf 71' lang='lat' dir='ltr'><strong>collatae.Cum</strong></span> <span class='ocrx_word' id='word_1_453' title='bbox 1832 3703 1975 3756; x_wconf 86' lang='lat' dir='ltr'><strong>insi-</strong></span> 
     </span>
    </p>
   </div>
   <div class='ocr_carea' id='block_1_69' title="bbox 329 3771 1974 3843">
    <p class='ocr_par' dir='ltr' id='par_1_69' title="bbox 329 3771 1974 3843">
     <span class='ocr_line' id='line_1_70' title="bbox 329 3771 1974 3843; baseline -0.001 -15"><span class='ocrx_word' id='word_1_454' title='bbox 329 3771 540 3843; x_wconf 84' lang='lat' dir='ltr'><strong>gnibus</strong></span> <span class='ocrx_word' id='word_1_455' title='bbox 569 3771 1278 3843; x_wconf 83' lang='lat' dir='ltr'><strong>conferebantur,quando</strong></span> <span class='ocrx_word' id='word_1_456' title='bbox 1303 3772 1619 3843; x_wconf 81' lang='lat' dir='ltr'><strong>imperator</strong></span> <span class='ocrx_word' id='word_1_457' title='bbox 1649 3776 1749 3825; x_wconf 89' lang='lat' dir='ltr'><strong>aut</strong></span> <span class='ocrx_word' id='word_1_458' title='bbox 1777 3776 1974 3826; x_wconf 83' lang='lat' dir='ltr'><strong>confe-</strong></span> 
     </span>
    </p>
   </div>
   <div class='ocr_carea' id='block_1_70' title="bbox 330 3841 1976 3914">
    <p class='ocr_par' dir='ltr' id='par_1_70' title="bbox 330 3841 1976 3914">
     <span class='ocr_line' id='line_1_71' title="bbox 330 3841 1976 3914; baseline -0.001 -14"><span class='ocrx_word' id='word_1_459' title='bbox 330 3841 467 3901; x_wconf 72' lang='lat' dir='ltr'><strong>rens</strong></span> <span class='ocrx_word' id='word_1_460' title='bbox 500 3844 839 3900; x_wconf 88' lang='lat' dir='ltr'><strong>honorando</strong></span> <span class='ocrx_word' id='word_1_461' title='bbox 871 3842 1110 3914; x_wconf 86' lang='lat' dir='ltr'><strong>pallium</strong></span> <span class='ocrx_word' id='word_1_462' title='bbox 1135 3850 1233 3896; x_wconf 88' lang='lat' dir='ltr'><strong>aut</strong></span> <span class='ocrx_word' id='word_1_463' title='bbox 1264 3841 1520 3914; x_wconf 84' lang='lat' dir='ltr'><strong>gladium</strong></span> <span class='ocrx_word' id='word_1_464' title='bbox 1555 3848 1654 3896; x_wconf 89' lang='lat' dir='ltr'><strong>aut</strong></span> <span class='ocrx_word' id='word_1_465' title='bbox 1675 3844 1976 3899; x_wconf 87' lang='lat' dir='ltr'><strong>codicillos</strong></span> 
     </span>
    </p>
   </div>
   <div class='ocr_carea' id='block_1_71' title="bbox 330 3913 1974 3987">
    <p class='ocr_par' dir='ltr' id='par_1_71' title="bbox 330 3913 1974 3987">
     <span class='ocr_line' id='line_1_72' title="bbox 330 3913 1974 3987; baseline -0.001 -16"><span class='ocrx_word' id='word_1_466' title='bbox 330 3921 431 3971; x_wconf 88' lang='lat' dir='ltr'><strong>aut</strong></span> <span class='ocrx_word' id='word_1_467' title='bbox 458 3921 722 3987; x_wconf 89' lang='lat' dir='ltr'><strong>torquem</strong></span> <span class='ocrx_word' id='word_1_468' title='bbox 753 3920 854 3969; x_wconf 90' lang='lat' dir='ltr'><strong>aut</strong></span> <span class='ocrx_word' id='word_1_469' title='bbox 876 3913 1168 3969; x_wconf 83' lang='lat' dir='ltr'><strong>annulum</strong></span> <span class='ocrx_word' id='word_1_470' title='bbox 1202 3918 1302 3967; x_wconf 91' lang='lat' dir='ltr'><strong>aut</strong></span> <span class='ocrx_word' id='word_1_471' title='bbox 1332 3913 1490 3987; x_wconf 84' lang='lat' dir='ltr'><strong>aliud</strong></span> <span class='ocrx_word' id='word_1_472' title='bbox 1525 3915 1678 3984; x_wconf 91' lang='lat' dir='ltr'><strong>quod</strong></span> <span class='ocrx_word' id='word_1_473' title='bbox 1715 3915 1974 3987; x_wconf 74' lang='lat' dir='ltr'><strong>novitio-</strong></span> 
     </span>
    </p>
   </div>
   <div class='ocr_carea' id='block_1_72' title="bbox 331 3984 1975 4058">
    <p class='ocr_par' dir='ltr' id='par_1_72' title="bbox 331 3984 1975 4058">
     <span class='ocr_line' id='line_1_73' title="bbox 331 3984 1975 4058; baseline -0.002 -16"><span class='ocrx_word' id='word_1_474' title='bbox 331 3988 491 4042; x_wconf 88' lang='lat' dir='ltr'><strong>noris</strong></span> <span class='ocrx_word' id='word_1_475' title='bbox 524 3984 807 4041; x_wconf 75' lang='lat' dir='ltr'><strong>indicium</strong></span> <span class='ocrx_word' id='word_1_476' title='bbox 837 3987 1117 4041; x_wconf 85' lang='lat' dir='ltr'><strong>tradebat.</strong></span> <span class='ocrx_word' id='word_1_477' title='bbox 1151 3985 1478 4039; x_wconf 88' lang='lat' dir='ltr'><strong>Auctoritas</strong></span> <span class='ocrx_word' id='word_1_478' title='bbox 1510 4001 1639 4058; x_wconf 86' lang='lat' dir='ltr'><strong>vero</strong></span> <span class='ocrx_word' id='word_1_479' title='bbox 1673 3987 1763 4058; x_wconf 90' lang='lat' dir='ltr'><strong>vel</strong></span> <span class='ocrx_word' id='word_1_480' title='bbox 1791 3984 1975 4058; x_wconf 85' lang='grc' dir='ltr'>λόγος,</span> 
     </span>
    </p>
   </div>
   <div class='ocr_carea' id='block_1_73' title="bbox 327 4057 1973 4129">
    <p class='ocr_par' dir='ltr' id='par_1_73' title="bbox 327 4057 1973 4129">
     <span class='ocr_line' id='line_1_74' title="bbox 327 4057 1973 4129; baseline -0.001 -15"><span class='ocrx_word' id='word_1_481' title='bbox 327 4060 587 4129; x_wconf 77' lang='lat' dir='ltr'><strong>elogium,</strong></span> <span class='ocrx_word' id='word_1_482' title='bbox 624 4059 1044 4129; x_wconf 82' lang='lat' dir='ltr'><strong>quandonuda</strong></span> <span class='ocrx_word' id='word_1_483' title='bbox 1076 4071 1232 4123; x_wconf 85' lang='lat' dir='ltr'><strong>voce,</strong></span> <span class='ocrx_word' id='word_1_484' title='bbox 1283 4071 1448 4129; x_wconf 79' lang='lat' dir='ltr'><strong>sacro</strong></span> <span class='ocrx_word' id='word_1_485' title='bbox 1479 4057 1686 4122; x_wconf 91' lang='lat' dir='ltr'><strong>edicto,</strong></span> <span class='ocrx_word' id='word_1_486' title='bbox 1721 4057 1973 4129; x_wconf 86' lang='lat' dir='ltr'><strong>aliquem</strong></span> 
     </span>
    </p>
   </div>
   <div class='ocr_carea' id='block_1_74' title="bbox 321 4127 1973 4200">
    <p class='ocr_par' dir='ltr' id='par_1_74' title="bbox 321 4127 1973 4200">
     <span class='ocr_line' id='line_1_75' title="bbox 321 4127 1973 4200; baseline 0.003 -21"><span class='ocrx_word' id='word_1_487' title='bbox 321 4127 567 4200; x_wconf 74' lang='lat' dir='ltr'><strong>jiibebat</strong></span> <span class='ocrx_word' id='word_1_488' title='bbox 588 4127 694 4184; x_wconf 82' lang='lat' dir='ltr'><strong>hoc</strong></span> <span class='ocrx_word' id='word_1_489' title='bbox 710 4129 796 4183; x_wconf 92' lang='lat' dir='ltr'><strong>vel</strong></span> <span class='ocrx_word' id='word_1_490' title='bbox 818 4127 918 4183; x_wconf 92' lang='lat' dir='ltr'><strong>illo</strong></span> <span class='ocrx_word' id='word_1_491' title='bbox 937 4143 1178 4200; x_wconf 87' lang='lat' dir='ltr'><strong>munere</strong></span> <span class='ocrx_word' id='word_1_492' title='bbox 1194 4127 1973 4200; x_wconf 8' lang='lat' dir='ltr'><strong>ﬁtungi.Constant.Porpliyr.</strong></span> 
     </span>
    </p>
   </div>
   <div class='ocr_carea' id='block_1_75' title="bbox 329 4199 1975 4269">
    <p class='ocr_par' dir='ltr' id='par_1_75' title="bbox 329 4199 1975 4269">
     <span class='ocr_line' id='line_1_76' title="bbox 329 4199 1975 4269; baseline -0.001 -13"><span class='ocrx_word' id='word_1_493' title='bbox 329 4199 402 4256; x_wconf 80' lang='lat' dir='ltr'><strong>de</strong></span> <span class='ocrx_word' id='word_1_494' title='bbox 432 4201 760 4256; x_wconf 82' lang='lat' dir='ltr'><strong>administr.</strong></span> <span class='ocrx_word' id='word_1_495' title='bbox 795 4200 1036 4269; x_wconf 89' lang='lat' dir='ltr'><strong>imperio</strong></span> <span class='ocrx_word' id='word_1_496' title='bbox 1065 4217 1115 4267; x_wconf 92' lang='lat' dir='ltr'><strong>p.</strong></span> <span class='ocrx_word' id='word_1_497' title='bbox 1153 4199 1275 4264; x_wconf 82' lang='grc'><strong>126,</strong></span> <span class='ocrx_word' id='word_1_498' title='bbox 1313 4205 1598 4252; x_wconf 87' lang='lat' dir='ltr'><strong>memorat</strong></span> <span class='ocrx_word' id='word_1_499' title='bbox 1628 4205 1825 4253; x_wconf 78' lang='lat' dir='ltr'><strong>vestem</strong></span> <span class='ocrx_word' id='word_1_500' title='bbox 1858 4218 1975 4255; x_wconf 85' lang='lat' dir='ltr'><strong>ma-</strong></span> 
     </span>
    </p>
   </div>
   <div class='ocr_carea' id='block_1_76' title="bbox 325 4271 1974 4342">
    <p class='ocr_par' dir='ltr' id='par_1_76' title="bbox 325 4271 1974 4342">
     <span class='ocr_line' id='line_1_77' title="bbox 325 4271 1974 4342; baseline 0 -17"><span class='ocrx_word' id='word_1_501' title='bbox 325 4273 490 4342; x_wconf 85' lang='lat' dir='ltr'><strong>gistri</strong></span> <span class='ocrx_word' id='word_1_502' title='bbox 518 4271 606 4325; x_wconf 91' lang='lat' dir='ltr'><strong>vel</strong></span> <span class='ocrx_word' id='word_1_503' title='bbox 636 4273 1130 4341; x_wconf 81' lang='lat' dir='ltr'><strong>magistratus,qua</strong></span> <span class='ocrx_word' id='word_1_504' title='bbox 1150 4271 1459 4342; x_wconf 68' lang='lat' dir='ltr'><strong>donandus</strong></span> <span class='ocrx_word' id='word_1_505' title='bbox 1480 4271 1552 4342; x_wconf 92' lang='lat' dir='ltr'><strong>_in</strong></span> <span class='ocrx_word' id='word_1_506' title='bbox 1589 4271 1852 4342; x_wconf 80' lang='lat' dir='ltr'><strong>magistri</strong></span> <span class='ocrx_word' id='word_1_507' title='bbox 1885 4273 1974 4325; x_wconf 91' lang='lat' dir='ltr'><strong>di-</strong></span> 
     </span>
    </p>
   </div>
   <div class='ocr_carea' id='block_1_77' title="bbox 325 4335 1976 4410">
    <p class='ocr_par' dir='ltr' id='par_1_77' title="bbox 325 4335 1976 4410">
     <span class='ocr_line' id='line_1_78' title="bbox 325 4335 1976 4410; baseline -0.001 -13"><span class='ocrx_word' id='word_1_508' title='bbox 325 4335 608 4409; x_wconf 46' lang='lat' dir='ltr'><strong>gnitatem</strong></span> <span class='ocrx_word' id='word_1_509' title='bbox 648 4335 1068 4397; x_wconf 55' lang='lat' dir='ltr'><strong>immitteretur</strong></span> <span class='ocrx_word' id='word_1_510' title='bbox 1101 4356 1113 4393; x_wconf 90' lang='lat'>:</span> <span class='ocrx_word' id='word_1_511' title='bbox 1148 4335 1387 4393; x_wconf 82' lang='grc' dir='ltr'>Ἔδωκεν</span> <span class='ocrx_word' id='word_1_512' title='bbox 1435 4338 1583 4409; x_wconf 82' lang='grc' dir='ltr'><strong>αὐτῷ</strong></span> <span class='ocrx_word' id='word_1_513' title='bbox 1615 4335 1835 4410; x_wconf 68' lang='grc' dir='ltr'>ἱμάτιον</span> <span class='ocrx_word' id='word_1_514' title='bbox 1878 4346 1976 4395; x_wconf 77' lang='grc' dir='ltr'>τοῦ</span> 
     </span>
    </p>
   </div>
   <div class='ocr_carea' id='block_1_78' title="bbox 330 4410 1970 4487">
    <p class='ocr_par' dir='ltr' id='par_1_78' title="bbox 330 4410 1970 4487">
     <span class='ocr_line' id='line_1_79' title="bbox 330 4410 1970 4487; baseline -0.001 -22"><span class='ocrx_word' id='word_1_515' title='bbox 330 4411 698 4487; x_wconf 57' lang='grc' dir='ltr'>μσιγιστράτου</span> <span class='ocrx_word' id='word_1_516' title='bbox 746 4412 883 4484; x_wconf 86' lang='grc' dir='ltr'>πρὸς</span> <span class='ocrx_word' id='word_1_517' title='bbox 915 4412 1028 4487; x_wconf 52' lang='lat' dir='ltr'><strong>5a</strong></span> <span class='ocrx_word' id='word_1_518' title='bbox 1064 4416 1292 4487; x_wconf 69' lang='grc' dir='ltr'>ποιῆσαι</span> <span class='ocrx_word' id='word_1_519' title='bbox 1329 4410 1434 4487; x_wconf 39' lang='grc' dir='ltr'>-τὸν</span> <span class='ocrx_word' id='word_1_520' title='bbox 1495 4411 1819 4487; x_wconf 10' lang='grc' dir='ltr'><strong>ῌΚου-ρκὲνιον</strong></span> <span class='ocrx_word' id='word_1_521' title='bbox 1880 4419 1970 4467; x_wconf 86' lang='grc' dir='ltr'>τὸν</span> 
     </span>
    </p>
   </div>
   <div class='ocr_carea' id='block_1_79' title="bbox 325 4478 2055 4556">
    <p class='ocr_par' dir='ltr' id='par_1_79' title="bbox 325 4478 2055 4556">
     <span class='ocr_line' id='line_1_80' title="bbox 325 4478 2055 4556; baseline 0.001 -17"><span class='ocrx_word' id='word_1_522' title='bbox 325 4478 878 4556; x_wconf 52' lang='grc' dir='ltr'>Ῠίϐὴραμάγιστροντ</span> <span class='ocrx_word' id='word_1_523' title='bbox 913 4483 1240 4556; x_wconf 83' lang='lat' dir='ltr'><strong>Hadrianus</strong></span> <span class='ocrx_word' id='word_1_524' title='bbox 1272 4485 1293 4556; x_wconf 94' lang='lat' dir='ltr'><strong>_I</strong></span> <span class='ocrx_word' id='word_1_525' title='bbox 1322 4483 1384 4556; x_wconf 82' lang='lat' dir='ltr'><strong>in</strong></span> <span class='ocrx_word' id='word_1_526' title='bbox 1416 4478 1658 4556; x_wconf 75' lang='lat' dir='ltr'><strong>epistola</strong></span> <span class='ocrx_word' id='word_1_527' title='bbox 1699 4487 1765 4539; x_wconf 85' lang='lat' dir='ltr'><strong>ad</strong></span> <span class='ocrx_word' id='word_1_528' title='bbox 1801 4487 1977 4540; x_wconf 87' lang='lat' dir='ltr'><strong>Caro-</strong></span> <span class='ocrx_word' id='word_1_529' title='bbox 2009 4496 2055 4556; x_wconf 82' lang='grc' dir='ltr'><strong>ι)</strong></span> 
     </span>
    </p>
   </div>
   <div class='ocr_carea' id='block_1_80' title="bbox 325 4553 1971 4627">
    <p class='ocr_par' dir='ltr' id='par_1_80' title="bbox 325 4553 1971 4627">
     <span class='ocr_line' id='line_1_81' title="bbox 325 4553 1971 4627; baseline -0.001 -15"><span class='ocrx_word' id='word_1_530' title='bbox 325 4553 463 4612; x_wconf 75' lang='grc' dir='ltr'>ιιιω·</span> <span class='ocrx_word' id='word_1_531' title='bbox 484 4553 567 4611; x_wconf 60' lang='grc' dir='ltr'><strong>Μζ</strong></span> <span class='ocrx_word' id='word_1_532' title='bbox 590 4553 805 4627; x_wconf 77' lang='lat' dir='ltr'><strong>scripta</strong></span> <span class='ocrx_word' id='word_1_533' title='bbox 835 4555 1128 4627; x_wconf 80' lang='lat' dir='ltr'><strong>significat</strong></span> <span class='ocrx_word' id='word_1_534' title='bbox 1158 4553 1971 4627; x_wconf 88' lang='lat' dir='ltr'><strong>Archi_s_um,Beneventanum</strong></span> 
     </span>
    </p>
   </div>
   <div class='ocr_carea' id='block_1_81' title="bbox 330 4625 1969 4697">
    <p class='ocr_par' dir='ltr' id='par_1_81' title="bbox 330 4625 1969 4697">
     <span class='ocr_line' id='line_1_82' title="bbox 330 4625 1969 4697; baseline -0.002 -14"><span class='ocrx_word' id='word_1_535' title='bbox 330 4628 637 4694; x_wconf 88' lang='lat' dir='ltr'><strong>ducem,ab</strong></span> <span class='ocrx_word' id='word_1_536' title='bbox 652 4625 994 4697; x_wconf 81' lang='lat' dir='ltr'><strong>imperatore</strong></span> <span class='ocrx_word' id='word_1_537' title='bbox 1020 4627 1212 4680; x_wconf 66' lang='lat' dir='ltr'><strong>Graeco</strong></span> <span class='ocrx_word' id='word_1_538' title='bbox 1229 4625 1467 4697; x_wconf 84' lang='lat' dir='ltr'><strong>petiisse</strong></span> <span class='ocrx_word' id='word_1_539' title='bbox 1487 4628 1768 4680; x_wconf 76' lang='lat' dir='ltr'><strong>auxilium</strong></span> <span class='ocrx_word' id='word_1_540' title='bbox 1788 4634 1838 4682; x_wconf 90' lang='lat' dir='ltr'><strong>et</strong></span> <span class='ocrx_word' id='word_1_541' title='bbox 1871 4629 1969 4681; x_wconf 85' lang='lat' dir='ltr'><strong>ho-</strong></span> 
     </span>
    </p>
   </div>
   <div class='ocr_carea' id='block_1_82' title="bbox 326 4696 1970 4770">
    <p class='ocr_par' dir='ltr' id='par_1_82' title="bbox 326 4696 1970 4770">
     <span class='ocr_line' id='line_1_83' title="bbox 326 4696 1970 4770; baseline -0.001 -16"><span class='ocrx_word' id='word_1_542' title='bbox 326 4714 517 4754; x_wconf 78' lang='lat' dir='ltr'><strong>norem</strong></span> <span class='ocrx_word' id='word_1_543' title='bbox 544 4696 874 4770; x_wconf 75' lang='lat' dir='ltr'><strong>patriciatus</strong></span> <span class='ocrx_word' id='word_1_544' title='bbox 921 4714 1036 4752; x_wconf 90' lang='lat' dir='ltr'><strong>una</strong></span> <span class='ocrx_word' id='word_1_545' title='bbox 1066 4696 1841 4770; x_wconf 6' lang='lat' dir='ltr'><strong>cum‘dgucatuuNeapalitano</strong></span> <span class='ocrx_word' id='word_1_546' title='bbox 1870 4700 1970 4753; x_wconf 88' lang='lat' dir='ltr'><strong>sub</strong></span> 
     </span>
    </p>
   </div>
   <div class='ocr_carea' id='block_1_83' title="bbox 326 4766 1972 4842">
    <p class='ocr_par' dir='ltr' id='par_1_83' title="bbox 326 4766 1972 4842">
     <span class='ocr_line' id='line_1_84' title="bbox 326 4766 1972 4842; baseline -0.001 -16"><span class='ocrx_word' id='word_1_547' title='bbox 326 4766 665 4840; x_wconf 79' lang='lat' dir='ltr'><strong>integritate.</strong></span> <span class='ocrx_word' id='word_1_548' title='bbox 702 4775 809 4825; x_wconf 86' lang='lat' dir='ltr'><strong>Pro</strong></span> <span class='ocrx_word' id='word_1_549' title='bbox 838 4786 947 4842; x_wconf 86' lang='lat' dir='ltr'><strong>qua</strong></span> <span class='ocrx_word' id='word_1_550' title='bbox 977 4785 1037 4823; x_wconf 88' lang='lat' dir='ltr'><strong>re</strong></span> <span class='ocrx_word' id='word_1_551' title='bbox 1081 4767 1400 4842; x_wconf 67' lang='lat' dir='ltr'><strong>pollicitum</strong></span> <span class='ocrx_word' id='word_1_552' title='bbox 1432 4766 1600 4822; x_wconf 86' lang='lat' dir='ltr'><strong>illum</strong></span> <span class='ocrx_word' id='word_1_553' title='bbox 1645 4770 1825 4823; x_wconf 86' lang='lat' dir='ltr'><strong>fuisse</strong></span> <span class='ocrx_word' id='word_1_554' title='bbox 1855 4776 1972 4824; x_wconf 87' lang='lat' dir='ltr'><strong>tam</strong></span> 
     </span>
    </p>
   </div>
   <div class='ocr_carea' id='block_1_84' title="bbox 327 4838 1968 4914">
    <p class='ocr_par' dir='ltr' id='par_1_84' title="bbox 327 4838 1968 4914">
     <span class='ocr_line' id='line_1_85' title="bbox 327 4838 1968 4914; baseline -0.001 -17"><span class='ocrx_word' id='word_1_555' title='bbox 327 4844 386 4897; x_wconf 85' lang='lat' dir='ltr'><strong>in</strong></span> <span class='ocrx_word' id='word_1_556' title='bbox 406 4838 665 4914; x_wconf 73' lang='lat' dir='ltr'><strong>tonsura,</strong></span> <span class='ocrx_word' id='word_1_557' title='bbox 697 4838 863 4914; x_wconf 82' lang='lat' dir='ltr'><strong>quam</strong></span> <span class='ocrx_word' id='word_1_558' title='bbox 895 4841 954 4895; x_wconf 84' lang='lat' dir='ltr'><strong>in</strong></span> <span class='ocrx_word' id='word_1_559' title='bbox 984 4840 1220 4914; x_wconf 64' lang='lat' dir='ltr'><strong>vestibus</strong></span> <span class='ocrx_word' id='word_1_560' title='bbox 1253 4838 1698 4914; x_wconf 63' lang='lat' dir='ltr'><strong>Graecorumusu</strong></span> <span class='ocrx_word' id='word_1_561' title='bbox 1730 4843 1968 4914; x_wconf 77' lang='lat' dir='ltr'><strong>perfrui,</strong></span> 
     </span>
    </p>
   </div>
   <div class='ocr_carea' id='block_1_85' title="bbox 326 4909 1972 4984">
    <p class='ocr_par' dir='ltr' id='par_1_85' title="bbox 326 4909 1972 4984">
     <span class='ocr_line' id='line_1_86' title="bbox 326 4909 1972 4984; baseline -0.003 -18"><span class='ocrx_word' id='word_1_562' title='bbox 326 4913 426 4966; x_wconf 86' lang='lat' dir='ltr'><strong>sub</strong></span> <span class='ocrx_word' id='word_1_563' title='bbox 457 4909 1076 4984; x_wconf 45' lang='lat' dir='ltr'><strong>eiusdem-imperawris</strong></span> <span class='ocrx_word' id='word_1_564' title='bbox 1107 4909 1315 4984; x_wconf 74' lang='lat' dir='ltr'><strong>ditione</strong></span> <span class='ocrx_word' id='word_1_565' title='bbox 1451 4915 1537 4984; x_wconf 71' lang='lat' dir='ltr'><strong>est</strong></span> <span class='ocrx_word' id='word_1_566' title='bbox 1569 4911 1972 4984; x_wconf 80' lang='lat' dir='ltr'><strong>jurisdictione</strong></span> 
     </span>
    </p>
   </div>
   <div class='ocr_carea' id='block_1_86' title="bbox 328 4981 1972 5052">
    <p class='ocr_par' dir='ltr' id='par_1_86' title="bbox 328 4981 1972 5052">
     <span class='ocr_line' id='line_1_87' title="bbox 328 4981 1972 5052; baseline 0.001 -16"><span class='ocrx_word' id='word_1_567' title='bbox 328 4987 386 5036; x_wconf 89' lang='lat' dir='ltr'><strong>et</strong></span> <span class='ocrx_word' id='word_1_568' title='bbox 413 4985 779 5048; x_wconf 86' lang='lat' dir='ltr'><strong>auctoritate,</strong></span> <span class='ocrx_word' id='word_1_569' title='bbox 804 4981 1087 5052; x_wconf 77' lang='lat' dir='ltr'><strong>tanquam</strong></span> <span class='ocrx_word' id='word_1_570' title='bbox 1128 4981 1424 5051; x_wconf 87' lang='lat' dir='ltr'><strong>vasallus].</strong></span> <span class='ocrx_word' id='word_1_571' title='bbox 1458 4982 1583 5052; x_wconf 64' lang='lat' dir='ltr'><strong>Haec</strong></span> <span class='ocrx_word' id='word_1_572' title='bbox 1615 4983 1843 5038; x_wconf 84' lang='lat' dir='ltr'><strong>audiens</strong></span> <span class='ocrx_word' id='word_1_573' title='bbox 1869 5002 1972 5038; x_wconf 89' lang='lat' dir='ltr'><strong>au-</strong></span> 
     </span>
    </p>
   </div>
   <div class='ocr_carea' id='block_1_87' title="bbox 328 5051 1972 5122">
    <p class='ocr_par' dir='ltr' id='par_1_87' title="bbox 328 5051 1972 5122">
     <span class='ocr_line' id='line_1_88' title="bbox 328 5051 1972 5122; baseline 0.002 -17"><span class='ocrx_word' id='word_1_574' title='bbox 328 5056 434 5105; x_wconf 81' lang='lat' dir='ltr'><strong>tem</strong></span> <span class='ocrx_word' id='word_1_575' title='bbox 464 5053 788 5120; x_wconf 73' lang='lat' dir='ltr'><strong>imperator,</strong></span> <span class='ocrx_word' id='word_1_576' title='bbox 820 5051 1000 5117; x_wconf 88' lang='lat' dir='ltr'><strong>addit,</strong></span> <span class='ocrx_word' id='word_1_577' title='bbox 1032 5053 1214 5108; x_wconf 84' lang='lat' dir='ltr'><strong>emisit</strong></span> <span class='ocrx_word' id='word_1_578' title='bbox 1248 5052 1338 5107; x_wconf 89' lang='lat' dir='ltr'><strong>illi</strong></span> <span class='ocrx_word' id='word_1_579' title='bbox 1365 5068 1490 5106; x_wconf 87' lang='lat' dir='ltr'><strong>suos</strong></span> <span class='ocrx_word' id='word_1_580' title='bbox 1520 5051 1972 5122; x_wconf 77' lang='lat' dir='ltr'><strong>legatos,scilicet</strong></span> 
     </span>
    </p>
   </div>
   <div class='ocr_carea' id='block_1_88' title="bbox 327 5122 1972 5194">
    <p class='ocr_par' dir='ltr' id='par_1_88' title="bbox 327 5122 1972 5194">
     <span class='ocr_line' id='line_1_89' title="bbox 327 5122 1972 5194; baseline 0.002 -17"><span class='ocrx_word' id='word_1_581' title='bbox 327 5125 642 5192; x_wconf 82' lang='lat' dir='ltr'><strong>spatharios</strong></span> <span class='ocrx_word' id='word_1_582' title='bbox 679 5125 832 5188; x_wconf 85' lang='lat' dir='ltr'><strong>duos,</strong></span> <span class='ocrx_word' id='word_1_583' title='bbox 863 5125 924 5180; x_wconf 84' lang='lat' dir='ltr'><strong>in</strong></span> <span class='ocrx_word' id='word_1_584' title='bbox 973 5125 1244 5180; x_wconf 82' lang='lat' dir='ltr'><strong>ditionem</strong></span> <span class='ocrx_word' id='word_1_585' title='bbox 1292 5122 1517 5186; x_wconf 59' lang='lat' dir='ltr'><strong>Sicilia,</strong></span> <span class='ocrx_word' id='word_1_586' title='bbox 1552 5124 1628 5178; x_wconf 87' lang='lat' dir='ltr'><strong>ad</strong></span> <span class='ocrx_word' id='word_1_587' title='bbox 1673 5129 1972 5194; x_wconf 87' lang='lat' dir='ltr'><strong>patricium</strong></span> 
     </span>
    </p>
   </div>
   <div class='ocr_carea' id='block_1_89' title="bbox 329 5195 1972 5264">
    <p class='ocr_par' dir='ltr' id='par_1_89' title="bbox 329 5195 1972 5264">
     <span class='ocr_line' id='line_1_90' title="bbox 329 5195 1972 5264; baseline 0.004 -16"><span class='ocrx_word' id='word_1_588' title='bbox 329 5207 456 5264; x_wconf 80' lang='lat' dir='ltr'><strong>eum</strong></span> <span class='ocrx_word' id='word_1_589' title='bbox 487 5195 1198 5264; x_wconf 78' lang='lat' dir='ltr'><strong>constituendum,ferentes</strong></span> <span class='ocrx_word' id='word_1_590' title='bbox 1217 5210 1396 5249; x_wconf 80' lang='lat' dir='ltr'><strong>secum</strong></span> <span class='ocrx_word' id='word_1_591' title='bbox 1425 5200 1593 5249; x_wconf 84' lang='lat' dir='ltr'><strong>vestes</strong></span> <span class='ocrx_word' id='word_1_592' title='bbox 1622 5213 1763 5250; x_wconf 85' lang='lat' dir='ltr'><strong>auro</strong></span> <span class='ocrx_word' id='word_1_593' title='bbox 1794 5206 1972 5253; x_wconf 72' lang='lat' dir='ltr'><strong>textas</strong></span> 
     </span>
    </p>
   </div>
   <div class='ocr_carea' id='block_1_90' title="bbox 326 5262 1974 5335">
    <p class='ocr_par' dir='ltr' id='par_1_90' title="bbox 326 5262 1974 5335">
     <span class='ocr_line' id='line_1_91' title="bbox 326 5262 1974 5335; baseline 0.002 -16"><span class='ocrx_word' id='word_1_594' title='bbox 326 5262 502 5335; x_wconf 79' lang='lat' dir='ltr'><strong>simul</strong></span> <span class='ocrx_word' id='word_1_595' title='bbox 525 5269 578 5317; x_wconf 87' lang='lat' dir='ltr'><strong>et</strong></span> <span class='ocrx_word' id='word_1_596' title='bbox 607 5265 860 5335; x_wconf 83' lang='lat' dir='ltr'><strong>spatham</strong></span> <span class='ocrx_word' id='word_1_597' title='bbox 907 5262 989 5319; x_wconf 85' lang='lat' dir='ltr'><strong>vel</strong></span> <span class='ocrx_word' id='word_1_598' title='bbox 1017 5266 1288 5335; x_wconf 81' lang='lat' dir='ltr'><strong>pectinem</strong></span> <span class='ocrx_word' id='word_1_599' title='bbox 1331 5270 1380 5320; x_wconf 88' lang='lat' dir='ltr'><strong>et</strong></span> <span class='ocrx_word' id='word_1_600' title='bbox 1427 5267 1682 5335; x_wconf 83' lang='lat' dir='ltr'><strong>forcipes,</strong></span> <span class='ocrx_word' id='word_1_601' title='bbox 1713 5270 1855 5322; x_wconf 84' lang='lat' dir='ltr'><strong>sicut</strong></span> <span class='ocrx_word' id='word_1_602' title='bbox 1884 5271 1974 5324; x_wconf 86' lang='lat' dir='ltr'><strong>illi</strong></span> 
     </span>
    </p>
   </div>
   <div class='ocr_carea' id='block_1_91' title="bbox 326 5333 1974 5459">
    <p class='ocr_par' dir='ltr' id='par_1_91' title="bbox 326 5333 1974 5459">
     <span class='ocr_line' id='line_1_92' title="bbox 326 5333 1974 5459; baseline 0.004 -71"><span class='ocrx_word' id='word_1_603' title='bbox 326 5333 624 5459; x_wconf 50' lang='lat' dir='ltr'><strong>praedictus</strong></span> <span class='ocrx_word' id='word_1_604' title='bbox 654 5334 908 5388; x_wconf 84' lang='lat' dir='ltr'><strong>Archisus</strong></span> <span class='ocrx_word' id='word_1_605' title='bbox 939 5333 1098 5390; x_wconf 82' lang='lat' dir='ltr'><strong>indui</strong></span> <span class='ocrx_word' id='word_1_606' title='bbox 1125 5346 1176 5391; x_wconf 90' lang='lat' dir='ltr'><strong>et</strong></span> <span class='ocrx_word' id='word_1_607' title='bbox 1206 5333 1434 5391; x_wconf 80' lang='lat' dir='ltr'><strong>tonderi</strong></span> <span class='ocrx_word' id='word_1_608' title='bbox 1445 5333 1974 5421; x_wconf 78' lang='lat' dir='ltr'><strong>promiserat.Patet</strong></span> 
     </span>
     <span class='ocr_line' id='line_1_93' title="bbox 372 5404 1972 5459; baseline 0.001 -1"><span class='ocrx_word' id='word_1_609' title='bbox 372 5421 466 5459; x_wconf 82' lang='lat' dir='ltr'><strong>inc</strong></span> <span class='ocrx_word' id='word_1_610' title='bbox 500 5409 714 5459; x_wconf 88' lang='lat' dir='ltr'><strong>vestem</strong></span> <span class='ocrx_word' id='word_1_611' title='bbox 745 5405 817 5459; x_wconf 92' lang='lat' dir='ltr'><strong>ab</strong></span> <span class='ocrx_word' id='word_1_612' title='bbox 863 5404 1040 5459; x_wconf 88' lang='lat' dir='ltr'><strong>altero</strong></span> <span class='ocrx_word' id='word_1_613' title='bbox 1093 5408 1286 5459; x_wconf 86' lang='lat' dir='ltr'><strong>datam</strong></span> <span class='ocrx_word' id='word_1_614' title='bbox 1318 5415 1416 5459; x_wconf 87' lang='lat' dir='ltr'><strong>aut</strong></span> <span class='ocrx_word' id='word_1_615' title='bbox 1448 5424 1682 5459; x_wconf 70' lang='lat' dir='ltr'><strong>missam</strong></span> <span class='ocrx_word' id='word_1_616' title='bbox 1731 5412 1972 5459; x_wconf 73' lang='lat' dir='ltr'><strong>induere</strong></span> 
     </span>
    </p>
   </div>
   <div class='ocr_carea' id='block_1_92' title="bbox 372 5404 1972 5466">
    <p class='ocr_par' dir='ltr' id='par_1_92' title="bbox 372 5404 1972 5466">
     <span class='ocr_line' id='line_1_94' title="bbox 372 5404 1972 5466; baseline 0.004 -8"><span class='ocrx_word' id='word_1_617' title='bbox 372 5406 466 5460; x_wconf 89' lang='lat' dir='ltr'><strong>inc</strong></span> <span class='ocrx_word' id='word_1_618' title='bbox 500 5409 714 5459; x_wconf 88' lang='lat' dir='ltr'><strong>vestem</strong></span> <span class='ocrx_word' id='word_1_619' title='bbox 745 5405 817 5459; x_wconf 91' lang='lat' dir='ltr'><strong>ab</strong></span> <span class='ocrx_word' id='word_1_620' title='bbox 863 5404 1040 5460; x_wconf 88' lang='lat' dir='ltr'><strong>altero</strong></span> <span class='ocrx_word' id='word_1_621' title='bbox 1093 5408 1286 5461; x_wconf 88' lang='lat' dir='ltr'><strong>datam</strong></span> <span class='ocrx_word' id='word_1_622' title='bbox 1318 5415 1416 5462; x_wconf 89' lang='lat' dir='ltr'><strong>aut</strong></span> <span class='ocrx_word' id='word_1_623' title='bbox 1445 5404 1682 5463; x_wconf 75' lang='lat' dir='ltr'><strong>missam</strong></span> <span class='ocrx_word' id='word_1_624' title='bbox 1731 5410 1972 5466; x_wconf 89' lang='lat' dir='ltr'><strong>induere</strong></span> 
     </span>
    </p>
   </div>
   <div class='ocr_carea' id='block_1_93' title="bbox 329 5474 1970 5547">
    <p class='ocr_par' dir='ltr' id='par_1_93' title="bbox 329 5474 1970 5547">
     <span class='ocr_line' id='line_1_95' title="bbox 329 5474 1970 5547; baseline 0.004 -17"><span class='ocrx_word' id='word_1_625' title='bbox 329 5474 514 5547; x_wconf 74' lang='lat' dir='ltr'><strong>fuisse</strong></span> <span class='ocrx_word' id='word_1_626' title='bbox 545 5475 795 5547; x_wconf 82' lang='lat' dir='ltr'><strong>speciem</strong></span> <span class='ocrx_word' id='word_1_627' title='bbox 829 5474 1065 5547; x_wconf 86' lang='lat' dir='ltr'><strong>quidem</strong></span> <span class='ocrx_word' id='word_1_628' title='bbox 1094 5477 1351 5542; x_wconf 88' lang='lat' dir='ltr'><strong>honoris,</strong></span> <span class='ocrx_word' id='word_1_629' title='bbox 1383 5480 1481 5533; x_wconf 87' lang='lat' dir='ltr'><strong>sed</strong></span> <span class='ocrx_word' id='word_1_630' title='bbox 1517 5495 1710 5534; x_wconf 84' lang='lat' dir='ltr'><strong>revera</strong></span> <span class='ocrx_word' id='word_1_631' title='bbox 1743 5484 1970 5547; x_wconf 81' lang='lat' dir='ltr'><strong>profes-</strong></span> 
     </span>
    </p>
   </div>
   <div class='ocr_carea' id='block_1_94' title="bbox 331 5545 1972 5615">
    <p class='ocr_par' dir='ltr' id='par_1_94' title="bbox 331 5545 1972 5615">
     <span class='ocr_line' id='line_1_96' title="bbox 331 5545 1972 5615; baseline 0.005 -16"><span class='ocrx_word' id='word_1_632' title='bbox 331 5546 552 5600; x_wconf 82' lang='lat' dir='ltr'><strong>sionem</strong></span> <span class='ocrx_word' id='word_1_633' title='bbox 570 5545 1316 5615; x_wconf 84' lang='lat' dir='ltr'><strong>humilitatis,subjectionis</strong></span> <span class='ocrx_word' id='word_1_634' title='bbox 1328 5555 1383 5602; x_wconf 88' lang='lat' dir='ltr'><strong>et</strong></span> <span class='ocrx_word' id='word_1_635' title='bbox 1397 5545 1972 5608; x_wconf 68' lang='lat' dir='ltr'><strong>clientelaa.Vasallus</strong></span> 
     </span>
    </p>
   </div>
   <div class='ocr_carea' id='block_1_95' title="bbox 332 5616 1972 5680">
    <p class='ocr_par' dir='ltr' id='par_1_95' title="bbox 332 5616 1972 5680">
     <span class='ocr_line' id='line_1_97' title="bbox 332 5616 1972 5680; baseline 0.007 -12"><span class='ocrx_word' id='word_1_636' title='bbox 332 5616 570 5670; x_wconf 88' lang='lat' dir='ltr'><strong>domino</strong></span> <span class='ocrx_word' id='word_1_637' title='bbox 606 5616 778 5672; x_wconf 83' lang='lat' dir='ltr'><strong>ﬁdem</strong></span> <span class='ocrx_word' id='word_1_638' title='bbox 801 5617 1112 5670; x_wconf 87' lang='lat' dir='ltr'><strong>condicens</strong></span> <span class='ocrx_word' id='word_1_639' title='bbox 1136 5619 1634 5676; x_wconf 82' lang='lat' dir='ltr'><strong>debebatmissam</strong></span> <span class='ocrx_word' id='word_1_640' title='bbox 1671 5640 1701 5675; x_wconf 89' lang='lat' dir='ltr'><strong>a</strong></span> <span class='ocrx_word' id='word_1_641' title='bbox 1734 5625 1972 5680; x_wconf 91' lang='lat' dir='ltr'><strong>domino</strong></span> 
     </span>
    </p>
   </div>
   <div class='ocr_carea' id='block_1_96' title="bbox 332 5686 1973 5761">
    <p class='ocr_par' dir='ltr' id='par_1_96' title="bbox 332 5686 1973 5761">
     <span class='ocr_line' id='line_1_98' title="bbox 332 5686 1973 5761; baseline 0.009 -25"><span class='ocrx_word' id='word_1_642' title='bbox 332 5691 552 5761; x_wconf 67' lang='lat' dir='ltr'><strong>vestem</strong></span> <span class='ocrx_word' id='word_1_643' title='bbox 579 5686 838 5761; x_wconf 78' lang='lat' dir='ltr'><strong>induere,</strong></span> <span class='ocrx_word' id='word_1_644' title='bbox 869 5697 922 5740; x_wconf 85' lang='lat' dir='ltr'><strong>et</strong></span> <span class='ocrx_word' id='word_1_645' title='bbox 943 5692 1008 5740; x_wconf 89' lang='lat' dir='ltr'><strong>ut</strong></span> <span class='ocrx_word' id='word_1_646' title='bbox 1028 5687 1152 5755; x_wconf 89' lang='lat' dir='ltr'><strong>ipse</strong></span> <span class='ocrx_word' id='word_1_647' title='bbox 1173 5688 1466 5745; x_wconf 90' lang='lat' dir='ltr'><strong>induendo</strong></span> <span class='ocrx_word' id='word_1_648' title='bbox 1504 5695 1882 5761; x_wconf 79' lang='lat' dir='ltr'><strong>proﬁtebatur</strong></span> <span class='ocrx_word' id='word_1_649' title='bbox 1910 5713 1973 5751; x_wconf 90' lang='lat' dir='ltr'><strong>se</strong></span> 
     </span>
    </p>
   </div>
   <div class='ocr_carea' id='block_1_97' title="bbox 335 5754 1971 5833">
    <p class='ocr_par' dir='ltr' id='par_1_97' title="bbox 335 5754 1971 5833">
     <span class='ocr_line' id='line_1_99' title="bbox 335 5754 1971 5833; baseline 0.009 -25"><span class='ocrx_word' id='word_1_650' title='bbox 335 5754 607 5810; x_wconf 84' lang='lat' dir='ltr'><strong>clientem</strong></span> <span class='ocrx_word' id='word_1_651' title='bbox 630 5757 756 5825; x_wconf 82' lang='lat' dir='ltr'><strong>ejus</strong></span> <span class='ocrx_word' id='word_1_652' title='bbox 775 5772 966 5825; x_wconf 83' lang='lat' dir='ltr'><strong>esse,a</strong></span> <span class='ocrx_word' id='word_1_653' title='bbox 990 5754 1107 5830; x_wconf 90' lang='lat' dir='ltr'><strong>quo</strong></span> <span class='ocrx_word' id='word_1_654' title='bbox 1127 5763 1346 5813; x_wconf 87' lang='lat' dir='ltr'><strong>vestem</strong></span> <span class='ocrx_word' id='word_1_655' title='bbox 1368 5754 1792 5833; x_wconf 75' lang='lat' dir='ltr'><strong>accepisset,ita</strong></span> <span class='ocrx_word' id='word_1_656' title='bbox 1823 5767 1971 5822; x_wconf 89' lang='lat' dir='ltr'><strong>dans</strong></span> 
     </span>
    </p>
   </div>
   <div class='ocr_carea' id='block_1_98' title="bbox 2083 3204 3753 3270">
    <p class='ocr_par' dir='ltr' id='par_1_98' title="bbox 2083 3204 3753 3270">
     <span class='ocr_line' id='line_1_100' title="bbox 2083 3204 3753 3270; baseline -0.001 -11"><span class='ocrx_word' id='word_1_657' title='bbox 2083 3205 2239 3260; x_wconf 84' lang='lat' dir='ltr'><strong>daret</strong></span> <span class='ocrx_word' id='word_1_658' title='bbox 2274 3212 2376 3259; x_wconf 90' lang='lat' dir='ltr'><strong>aut</strong></span> <span class='ocrx_word' id='word_1_659' title='bbox 2416 3205 2760 3270; x_wconf 88' lang='lat' dir='ltr'><strong>mitteret,in</strong></span> <span class='ocrx_word' id='word_1_660' title='bbox 2803 3204 3087 3258; x_wconf 81' lang='lat' dir='ltr'><strong>familiam</strong></span> <span class='ocrx_word' id='word_1_661' title='bbox 3124 3204 3527 3258; x_wconf 89' lang='lat' dir='ltr'><strong>ministrorum</strong></span> <span class='ocrx_word' id='word_1_662' title='bbox 3553 3204 3753 3258; x_wconf 85' lang='lat' dir='ltr'><strong>vasal-</strong></span> 
     </span>
    </p>
   </div>
   <div class='ocr_carea' id='block_1_99' title="bbox 2081 3275 3749 3346">
    <p class='ocr_par' dir='ltr' id='par_1_99' title="bbox 2081 3275 3749 3346">
     <span class='ocr_line' id='line_1_101' title="bbox 2081 3275 3749 3346; baseline 0 -16"><span class='ocrx_word' id='word_1_663' title='bbox 2081 3275 2412 3346; x_wconf 89' lang='lat' dir='ltr'><strong>lorumque,</strong></span> <span class='ocrx_word' id='word_1_664' title='bbox 2445 3278 2499 3332; x_wconf 83' lang='lat' dir='ltr'><strong>id</strong></span> <span class='ocrx_word' id='word_1_665' title='bbox 2536 3281 2644 3337; x_wconf 70' lang='lat' dir='ltr'><strong>est.</strong></span> <span class='ocrx_word' id='word_1_666' title='bbox 2678 3279 2984 3340; x_wconf 86' lang='lat' dir='ltr'><strong>comitum,</strong></span> <span class='ocrx_word' id='word_1_667' title='bbox 3020 3275 3291 3344; x_wconf 89' lang='lat' dir='ltr'><strong>recipere,</strong></span> <span class='ocrx_word' id='word_1_668' title='bbox 3314 3291 3427 3346; x_wconf 85' lang='lat' dir='ltr'><strong>pro</strong></span> <span class='ocrx_word' id='word_1_669' title='bbox 3474 3275 3749 3330; x_wconf 88' lang='lat' dir='ltr'><strong>ministro</strong></span> 
     </span>
    </p>
   </div>
   <div class='ocr_carea' id='block_1_100' title="bbox 2082 3345 3750 3418">
    <p class='ocr_par' dir='ltr' id='par_1_100' title="bbox 2082 3345 3750 3418">
     <span class='ocr_line' id='line_1_102' title="bbox 2082 3345 3750 3418; baseline 0.001 -15"><span class='ocrx_word' id='word_1_670' title='bbox 2082 3353 2138 3404; x_wconf 87' lang='lat' dir='ltr'><strong>et</strong></span> <span class='ocrx_word' id='word_1_671' title='bbox 2168 3345 2378 3403; x_wconf 77' lang='lat' dir='ltr'><strong>comite</strong></span> <span class='ocrx_word' id='word_1_672' title='bbox 2411 3365 2514 3402; x_wconf 86' lang='lat' dir='ltr'><strong>suo</strong></span> <span class='ocrx_word' id='word_1_673' title='bbox 2549 3349 2648 3402; x_wconf 90' lang='lat' dir='ltr'><strong>tali</strong></span> <span class='ocrx_word' id='word_1_674' title='bbox 2691 3352 2747 3402; x_wconf 93' lang='lat' dir='ltr'><strong>et</strong></span> <span class='ocrx_word' id='word_1_675' title='bbox 2767 3347 2870 3402; x_wconf 88' lang='lat' dir='ltr'><strong>tali</strong></span> <span class='ocrx_word' id='word_1_676' title='bbox 2903 3347 3208 3418; x_wconf 65' lang='lat' dir='ltr'><strong>provinciae</strong></span> <span class='ocrx_word' id='word_1_677' title='bbox 3241 3345 3750 3418; x_wconf 86' lang='lat' dir='ltr'><strong>sollicitudinique</strong></span> 
     </span>
    </p>
   </div>
   <div class='ocr_carea' id='block_1_101' title="bbox 2124 3417 3745 3491">
    <p class='ocr_par' dir='ltr' id='par_1_101' title="bbox 2124 3417 3745 3491">
     <span class='ocr_line' id='line_1_103' title="bbox 2124 3417 3745 3491; baseline 0 -18"><span class='ocrx_word' id='word_1_678' title='bbox 2124 3420 2349 3474; x_wconf 70' lang='lat' dir='ltr'><strong>rteiecto</strong></span> <span class='ocrx_word' id='word_1_679' title='bbox 2367 3435 2702 3491; x_wconf 88' lang='lat' dir='ltr'><strong>agnoscere.</strong></span> <span class='ocrx_word' id='word_1_680' title='bbox 2719 3419 2859 3473; x_wconf 86' lang='lat' dir='ltr'><strong>Inde</strong></span> <span class='ocrx_word' id='word_1_681' title='bbox 2873 3417 3006 3491; x_wconf 83' lang='lat' dir='ltr'><strong>natu</strong></span> <span class='ocrx_word' id='word_1_682' title='bbox 3019 3434 3069 3471; x_wconf 91' lang='lat' dir='ltr'><strong>m</strong></span> <span class='ocrx_word' id='word_1_683' title='bbox 3087 3417 3363 3491; x_wconf 81' lang='lat' dir='ltr'><strong>vocabulu</strong></span> <span class='ocrx_word' id='word_1_684' title='bbox 3376 3434 3427 3472; x_wconf 91' lang='lat' dir='ltr'><strong>m</strong></span> <span class='ocrx_word' id='word_1_685' title='bbox 3452 3417 3745 3491; x_wconf 72' lang='lat' dir='ltr'><strong>investire.</strong></span> 
     </span>
    </p>
   </div>
   <div class='ocr_carea' id='block_1_102' title="bbox 2082 3436 3746 3561">
    <p class='ocr_par' dir='ltr' id='par_1_102' title="bbox 2082 3436 3746 3561">
     <span class='ocr_line' id='line_1_104' title="bbox 2124 3436 3745 3491; baseline 0 -18"><span class='ocrx_word' id='word_1_686' title='bbox 2124 3436 2349 3474; x_wconf 58' lang='grc' dir='ltr'>περιθοιο</span> <span class='ocrx_word' id='word_1_687' title='bbox 2367 3436 2702 3491; x_wconf 87' lang='lat' dir='ltr'><strong>agnoscere.</strong></span> <span class='ocrx_word' id='word_1_688' title='bbox 2720 3436 2859 3473; x_wconf 81' lang='lat' dir='ltr'><strong>inde</strong></span> <span class='ocrx_word' id='word_1_689' title='bbox 2873 3436 3069 3473; x_wconf 72' lang='lat' dir='ltr'><strong>natum</strong></span> <span class='ocrx_word' id='word_1_690' title='bbox 3087 3436 3427 3472; x_wconf 82' lang='lat' dir='ltr'><strong>vocaouwm</strong></span> <span class='ocrx_word' id='word_1_691' title='bbox 3452 3436 3745 3474; x_wconf 83' lang='lat' dir='ltr'><strong>mvesure.</strong></span> 
     </span>
     <span class='ocr_line' id='line_1_105' title="bbox 2082 3436 3746 3561; baseline -0.001 -15"><span class='ocrx_word' id='word_1_692' title='bbox 2082 3436 2208 3546; x_wconf 59' lang='grc' dir='ltr'><strong>Κίος</strong></span> <span class='ocrx_word' id='word_1_693' title='bbox 2239 3497 2452 3546; x_wconf 86' lang='lat' dir='ltr'><strong>vestem</strong></span> <span class='ocrx_word' id='word_1_694' title='bbox 2484 3493 2542 3546; x_wconf 91' lang='lat' dir='ltr'><strong>in</strong></span> <span class='ocrx_word' id='word_1_695' title='bbox 2572 3491 2808 3561; x_wconf 81' lang='lat' dir='ltr'><strong>signum</strong></span> <span class='ocrx_word' id='word_1_696' title='bbox 2843 3495 2960 3544; x_wconf 89' lang='lat' dir='ltr'><strong>tam</strong></span> <span class='ocrx_word' id='word_1_697' title='bbox 2992 3489 3449 3559; x_wconf 87' lang='lat' dir='ltr'><strong>honoris,quam</strong></span> <span class='ocrx_word' id='word_1_698' title='bbox 3485 3489 3746 3560; x_wconf 87' lang='lat' dir='ltr'><strong>bomagii</strong></span> 
     </span>
    </p>
   </div>
   <div class='ocr_carea' id='block_1_103' title="bbox 2083 3561 3744 3633">
    <p class='ocr_par' dir='ltr' id='par_1_103' title="bbox 2083 3561 3744 3633">
     <span class='ocr_line' id='line_1_106' title="bbox 2083 3561 3744 3633; baseline 0 -16"><span class='ocrx_word' id='word_1_699' title='bbox 2083 3562 2352 3617; x_wconf 89' lang='lat' dir='ltr'><strong>mittendi</strong></span> <span class='ocrx_word' id='word_1_700' title='bbox 2388 3562 2530 3630; x_wconf 86' lang='lat' dir='ltr'><strong>illis,</strong></span> <span class='ocrx_word' id='word_1_701' title='bbox 2564 3564 2664 3633; x_wconf 87' lang='lat' dir='ltr'><strong>qui</strong></span> <span class='ocrx_word' id='word_1_702' title='bbox 2698 3563 2758 3615; x_wconf 91' lang='lat' dir='ltr'><strong>in</strong></span> <span class='ocrx_word' id='word_1_703' title='bbox 2793 3577 3033 3616; x_wconf 89' lang='lat' dir='ltr'><strong>munere</strong></span> <span class='ocrx_word' id='word_1_704' title='bbox 3065 3561 3451 3633; x_wconf 87' lang='lat' dir='ltr'><strong>quodamaut</strong></span> <span class='ocrx_word' id='word_1_705' title='bbox 3485 3561 3744 3630; x_wconf 90' lang='lat' dir='ltr'><strong>primum</strong></span> 
     </span>
    </p>
   </div>
   <div class='ocr_carea' id='block_1_104' title="bbox 2082 3632 3747 3702">
    <p class='ocr_par' dir='ltr' id='par_1_104' title="bbox 2082 3632 3747 3702">
     <span class='ocr_line' id='line_1_107' title="bbox 2082 3632 3747 3702; baseline -0.001 -14"><span class='ocrx_word' id='word_1_706' title='bbox 2082 3635 2540 3699; x_wconf 89' lang='lat' dir='ltr'><strong>constituuntur,</strong></span> <span class='ocrx_word' id='word_1_707' title='bbox 2564 3632 3098 3688; x_wconf 85' lang='lat' dir='ltr'><strong>autconlirmantur</strong></span> <span class='ocrx_word' id='word_1_708' title='bbox 3113 3637 3169 3686; x_wconf 89' lang='lat' dir='ltr'><strong>et</strong></span> <span class='ocrx_word' id='word_1_709' title='bbox 3183 3632 3747 3702; x_wconf 87' lang='lat' dir='ltr'><strong>continuarejubcn-</strong></span> 
     </span>
    </p>
   </div>
   <div class='ocr_carea' id='block_1_105' title="bbox 2081 3704 3750 3773">
    <p class='ocr_par' dir='ltr' id='par_1_105' title="bbox 2081 3704 3750 3773">
     <span class='ocr_line' id='line_1_108' title="bbox 2081 3704 3750 3773; baseline 0.001 -14"><span class='ocrx_word' id='word_1_710' title='bbox 2081 3709 2202 3773; x_wconf 87' lang='lat' dir='ltr'><strong>tur,</strong></span> <span class='ocrx_word' id='word_1_711' title='bbox 2235 3705 2427 3760; x_wconf 89' lang='lat' dir='ltr'><strong>adhuc</strong></span> <span class='ocrx_word' id='word_1_712' title='bbox 2458 3706 2681 3760; x_wconf 86' lang='lat' dir='ltr'><strong>obtinet</strong></span> <span class='ocrx_word' id='word_1_713' title='bbox 2709 3706 2861 3773; x_wconf 86' lang='lat' dir='ltr'><strong>apud</strong></span> <span class='ocrx_word' id='word_1_714' title='bbox 2887 3705 3107 3759; x_wconf 83' lang='lat' dir='ltr'><strong>Turcas</strong></span> <span class='ocrx_word' id='word_1_715' title='bbox 3132 3708 3184 3757; x_wconf 89' lang='lat' dir='ltr'><strong>et</strong></span> <span class='ocrx_word' id='word_1_716' title='bbox 3207 3705 3429 3768; x_wconf 81' lang='lat' dir='ltr'><strong>Persas,</strong></span> <span class='ocrx_word' id='word_1_717' title='bbox 3454 3709 3514 3757; x_wconf 89' lang='lat' dir='ltr'><strong>ut</strong></span> <span class='ocrx_word' id='word_1_718' title='bbox 3535 3719 3565 3758; x_wconf 89' lang='lat' dir='ltr'><strong>e</strong></span> <span class='ocrx_word' id='word_1_719' title='bbox 3588 3704 3750 3760; x_wconf 91' lang='lat' dir='ltr'><strong>della</strong></span> 
     </span>
    </p>
   </div>
   <div class='ocr_carea' id='block_1_106' title="bbox 2083 3775 3746 3845">
    <p class='ocr_par' dir='ltr' id='par_1_106' title="bbox 2083 3775 3746 3845">
     <span class='ocr_line' id='line_1_109' title="bbox 2083 3775 3746 3845; baseline 0.001 -16"><span class='ocrx_word' id='word_1_720' title='bbox 2083 3776 2270 3845; x_wconf 88' lang='lat' dir='ltr'><strong>Valle,</strong></span> <span class='ocrx_word' id='word_1_721' title='bbox 2310 3777 2599 3831; x_wconf 83' lang='lat' dir='ltr'><strong>Busbekio</strong></span> <span class='ocrx_word' id='word_1_722' title='bbox 2632 3782 2688 3830; x_wconf 88' lang='lat' dir='ltr'><strong>et</strong></span> <span class='ocrx_word' id='word_1_723' title='bbox 2728 3776 2858 3830; x_wconf 90' lang='lat' dir='ltr'><strong>aliis</strong></span> <span class='ocrx_word' id='word_1_724' title='bbox 2901 3775 3342 3830; x_wconf 88' lang='lat' dir='ltr'><strong>Itineratoribus</strong></span> <span class='ocrx_word' id='word_1_725' title='bbox 3383 3781 3632 3830; x_wconf 88' lang='lat' dir='ltr'><strong>constat.</strong></span> <span class='ocrx_word' id='word_1_726' title='bbox 3678 3776 3746 3831; x_wconf 91' lang='lat' dir='ltr'><strong>V.</strong></span> 
     </span>
    </p>
   </div>
   <div class='ocr_carea' id='block_1_107' title="bbox 2081 3846 3750 3918">
    <p class='ocr_par' dir='ltr' id='par_1_107' title="bbox 2081 3846 3750 3918">
     <span class='ocr_line' id='line_1_110' title="bbox 2081 3846 3750 3918; baseline 0 -16"><span class='ocrx_word' id='word_1_727' title='bbox 2081 3849 2236 3902; x_wconf 86' lang='lat' dir='ltr'><strong>dicta</strong></span> <span class='ocrx_word' id='word_1_728' title='bbox 2275 3849 2346 3902; x_wconf 92' lang='lat' dir='ltr'><strong>ad</strong></span> <span class='ocrx_word' id='word_1_729' title='bbox 2385 3865 2436 3918; x_wconf 94' lang='lat' dir='ltr'><strong>p.</strong></span> <span class='ocrx_word' id='word_1_730' title='bbox 2471 3849 2595 3902; x_wconf 71' lang='lat'>367.</span> <span class='ocrx_word' id='word_1_731' title='bbox 2629 3847 2707 3901; x_wconf 91' lang='lat' dir='ltr'><strong>De</strong></span> <span class='ocrx_word' id='word_1_732' title='bbox 2742 3846 2929 3901; x_wconf 89' lang='lat' dir='ltr'><strong>modis</strong></span> <span class='ocrx_word' id='word_1_733' title='bbox 2959 3847 3128 3901; x_wconf 84' lang='lat' dir='ltr'><strong>variis</strong></span> <span class='ocrx_word' id='word_1_734' title='bbox 3152 3846 3518 3918; x_wconf 77' lang='lat' dir='ltr'><strong>investiendi,</strong></span> <span class='ocrx_word' id='word_1_735' title='bbox 3549 3853 3609 3901; x_wconf 86' lang='lat' dir='ltr'><strong>ut</strong></span> <span class='ocrx_word' id='word_1_736' title='bbox 3642 3863 3750 3918; x_wconf 79' lang='lat' dir='ltr'><strong>per</strong></span> 
     </span>
    </p>
   </div>
   <div class='ocr_carea' id='block_1_108' title="bbox 2084 3917 3747 3990">
    <p class='ocr_par' dir='ltr' id='par_1_108' title="bbox 2084 3917 3747 3990">
     <span class='ocr_line' id='line_1_111' title="bbox 2084 3917 3747 3990; baseline 0.001 -19"><span class='ocrx_word' id='word_1_737' title='bbox 2084 3919 2324 3990; x_wconf 86' lang='lat' dir='ltr'><strong>pileum,</strong></span> <span class='ocrx_word' id='word_1_738' title='bbox 2351 3917 2655 3990; x_wconf 81' lang='lat' dir='ltr'><strong>scyphum,</strong></span> <span class='ocrx_word' id='word_1_739' title='bbox 2680 3927 2996 3989; x_wconf 87' lang='lat' dir='ltr'><strong>sceptrum,</strong></span> <span class='ocrx_word' id='word_1_740' title='bbox 3021 3917 3411 3990; x_wconf 84' lang='lat' dir='ltr'><strong>evangelium,</strong></span> <span class='ocrx_word' id='word_1_741' title='bbox 3441 3933 3596 3990; x_wconf 77' lang='lat' dir='ltr'><strong>veru,</strong></span> <span class='ocrx_word' id='word_1_742' title='bbox 3622 3917 3747 3990; x_wconf 84' lang='lat' dir='ltr'><strong>cul-</strong></span> 
     </span>
    </p>
   </div>
   <div class='ocr_carea' id='block_1_109' title="bbox 2083 3988 3772 4060">
    <p class='ocr_par' dir='ltr' id='par_1_109' title="bbox 2083 3988 3772 4060">
     <span class='ocr_line' id='line_1_112' title="bbox 2083 3988 3772 4060; baseline 0 -16"><span class='ocrx_word' id='word_1_743' title='bbox 2083 3988 2264 4059; x_wconf 84' lang='lat' dir='ltr'><strong>trum,</strong></span> <span class='ocrx_word' id='word_1_744' title='bbox 2299 3988 2602 4057; x_wconf 78' lang='lat' dir='ltr'><strong>i‘estuCam,</strong></span> <span class='ocrx_word' id='word_1_745' title='bbox 2633 3988 2956 4051; x_wconf 82' lang='lat' dir='ltr'><strong>wasonem,</strong></span> <span class='ocrx_word' id='word_1_746' title='bbox 2984 3989 3279 4052; x_wconf 86' lang='lat' dir='ltr'><strong>vexillum,</strong></span> <span class='ocrx_word' id='word_1_747' title='bbox 3308 3988 3592 4060; x_wconf 88' lang='lat' dir='ltr'><strong>gladium,</strong></span> <span class='ocrx_word' id='word_1_748' title='bbox 3638 3989 3772 4045; x_wconf 84' lang='lat' dir='ltr'><strong>ba-&#39;</strong></span> 
     </span>
    </p>
   </div>
   <div class='ocr_carea' id='block_1_110' title="bbox 2083 4059 3749 4131">
    <p class='ocr_par' dir='ltr' id='par_1_110' title="bbox 2083 4059 3749 4131">
     <span class='ocr_line' id='line_1_113' title="bbox 2083 4059 3749 4131; baseline 0 -15"><span class='ocrx_word' id='word_1_749' title='bbox 2083 4068 2259 4125; x_wconf 88' lang='lat' dir='ltr'><strong>stam,</strong></span> <span class='ocrx_word' id='word_1_750' title='bbox 2299 4062 2568 4131; x_wconf 78' lang='lat' dir='ltr'><strong>lapidem.</strong></span> <span class='ocrx_word' id='word_1_751' title='bbox 2611 4061 2821 4115; x_wconf 90' lang='lat' dir='ltr'><strong>librum</strong></span> <span class='ocrx_word' id='word_1_752' title='bbox 2866 4060 3182 4125; x_wconf 88' lang='lat' dir='ltr'><strong>missalem,</strong></span> <span class='ocrx_word' id='word_1_753' title='bbox 3229 4059 3749 4131; x_wconf 81' lang='lat' dir='ltr'><strong>martyrologtum,</strong></span> 
     </span>
    </p>
   </div>
   <div class='ocr_carea' id='block_1_111' title="bbox 2083 4133 3742 4213">
    <p class='ocr_par' dir='ltr' id='par_1_111' title="bbox 2083 4133 3742 4213">
     <span class='ocr_line' id='line_1_114' title="bbox 2083 4133 3742 4213; baseline 0.001 -29"><span class='ocrx_word' id='word_1_754' title='bbox 2083 4133 2352 4213; x_wconf 72' lang='lat' dir='ltr'><strong>linteum,</strong></span> <span class='ocrx_word' id='word_1_755' title='bbox 2379 4134 3201 4213; x_wconf 67' lang='lat' dir='ltr'><strong>denarios,eleemosynariam</strong></span> <span class='ocrx_word' id='word_1_756' title='bbox 3226 4147 3323 4184; x_wconf 88' lang='lat' dir='ltr'><strong>seu</strong></span> <span class='ocrx_word' id='word_1_757' title='bbox 3353 4148 3546 4186; x_wconf 89' lang='lat' dir='ltr'><strong>marsu</strong></span> <span class='ocrx_word' id='word_1_758' title='bbox 3561 4135 3742 4202; x_wconf 88' lang='lat' dir='ltr'><strong>pium,</strong></span> 
     </span>
    </p>
   </div>
   <div class='ocr_carea' id='block_1_112' title="bbox 2083 4204 3746 4273">
    <p class='ocr_par' dir='ltr' id='par_1_112' title="bbox 2083 4204 3746 4273">
     <span class='ocr_line' id='line_1_115' title="bbox 2083 4204 3746 4273; baseline 0 -15"><span class='ocrx_word' id='word_1_759' title='bbox 2083 4204 2392 4258; x_wconf 79' lang='lat' dir='ltr'><strong>ﬂuccillum</strong></span> <span class='ocrx_word' id='word_1_760' title='bbox 2421 4204 2789 4273; x_wconf 84' lang='lat' dir='ltr'><strong>capillorum,</strong></span> <span class='ocrx_word' id='word_1_761' title='bbox 2814 4204 3141 4273; x_wconf 80' lang='lat' dir='ltr'><strong>corrigiam,</strong></span> <span class='ocrx_word' id='word_1_762' title='bbox 3161 4208 3217 4257; x_wconf 88' lang='lat' dir='ltr'><strong>et</strong></span> <span class='ocrx_word' id='word_1_763' title='bbox 3243 4211 3746 4273; x_wconf 67' lang='lat' dir='ltr'><strong>quaecunquetan-</strong></span> 
     </span>
    </p>
   </div>
   <div class='ocr_carea' id='block_1_113' title="bbox 2084 4274 3742 4346">
    <p class='ocr_par' dir='ltr' id='par_1_113' title="bbox 2084 4274 3742 4346">
     <span class='ocr_line' id='line_1_116' title="bbox 2084 4274 3742 4346; baseline 0.001 -17"><span class='ocrx_word' id='word_1_764' title='bbox 2084 4275 2214 4346; x_wconf 84' lang='lat' dir='ltr'><strong>dem</strong></span> <span class='ocrx_word' id='word_1_765' title='bbox 2242 4277 2312 4329; x_wconf 91' lang='lat' dir='ltr'><strong>ad</strong></span> <span class='ocrx_word' id='word_1_766' title='bbox 2341 4292 2550 4330; x_wconf 75' lang='lat' dir='ltr'><strong>manus</strong></span> <span class='ocrx_word' id='word_1_767' title='bbox 2573 4274 2976 4336; x_wconf 89' lang='lat' dir='ltr'><strong>essent,dehis</strong></span> <span class='ocrx_word' id='word_1_768' title='bbox 3004 4275 3276 4329; x_wconf 91' lang='lat' dir='ltr'><strong>omnibus</strong></span> <span class='ocrx_word' id='word_1_769' title='bbox 3291 4274 3418 4329; x_wconf 85' lang='lat' dir='ltr'><strong>fuse</strong></span> <span class='ocrx_word' id='word_1_770' title='bbox 3444 4280 3523 4327; x_wconf 87' lang='lat' dir='ltr'><strong>Du</strong></span> <span class='ocrx_word' id='word_1_771' title='bbox 3547 4275 3742 4346; x_wconf 82' lang='lat' dir='ltr'><strong>Gange</strong></span> 
     </span>
    </p>
   </div>
   <div class='ocr_carea' id='block_1_114' title="bbox 2081 4345 3744 4417">
    <p class='ocr_par' dir='ltr' id='par_1_114' title="bbox 2081 4345 3744 4417">
     <span class='ocr_line' id='line_1_117' title="bbox 2081 4345 3744 4417; baseline 0 -17"><span class='ocrx_word' id='word_1_772' title='bbox 2081 4345 2270 4400; x_wconf 86' lang='lat' dir='ltr'><strong>Gloss.</strong></span> <span class='ocrx_word' id='word_1_773' title='bbox 2312 4347 2426 4401; x_wconf 88' lang='lat' dir='ltr'><strong>Lat.</strong></span> <span class='ocrx_word' id='word_1_774' title='bbox 2461 4363 2515 4402; x_wconf 92' lang='lat' dir='ltr'><strong>v.</strong></span> <span class='ocrx_word' id='word_1_775' title='bbox 2548 4348 2806 4401; x_wconf 85' lang='lat' dir='ltr'><strong>Investire</strong></span> <span class='ocrx_word' id='word_1_776' title='bbox 2837 4347 2972 4417; x_wconf 84' lang='lat' dir='ltr'><strong>egit.</strong></span> <span class='ocrx_word' id='word_1_777' title='bbox 3006 4351 3155 4400; x_wconf 88' lang='lat' dir='ltr'><strong>Sunt</strong></span> <span class='ocrx_word' id='word_1_778' title='bbox 3187 4363 3353 4414; x_wconf 90' lang='lat' dir='ltr'><strong>porro</strong></span> <span class='ocrx_word' id='word_1_779' title='bbox 3383 4345 3744 4400; x_wconf 78' lang='lat' dir='ltr'><strong>auctoritates</strong></span> 
     </span>
    </p>
   </div>
   <div class='ocr_carea' id='block_1_115' title="bbox 2122 4417 3744 4488">
    <p class='ocr_par' dir='ltr' id='par_1_115' title="bbox 2122 4417 3744 4488">
     <span class='ocr_line' id='line_1_118' title="bbox 2122 4417 3744 4488; baseline 0.002 -18"><span class='ocrx_word' id='word_1_780' title='bbox 2122 4417 2427 4486; x_wconf 90' lang='lat' dir='ltr'><strong>lerumque</strong></span> <span class='ocrx_word' id='word_1_781' title='bbox 2466 4418 2704 4488; x_wconf 88' lang='lat' dir='ltr'><strong>quidem</strong></span> <span class='ocrx_word' id='word_1_782' title='bbox 2746 4421 3026 4486; x_wconf 88' lang='lat' dir='ltr'><strong>rescripta</strong></span> <span class='ocrx_word' id='word_1_783' title='bbox 3066 4417 3418 4488; x_wconf 86' lang='lat' dir='ltr'><strong>principum,</strong></span> <span class='ocrx_word' id='word_1_784' title='bbox 3461 4419 3744 4473; x_wconf 89' lang='lat' dir='ltr'><strong>mandata</strong></span> 
     </span>
    </p>
   </div>
   <div class='ocr_carea' id='block_1_116' title="bbox 2113 4488 3741 4560">
    <p class='ocr_par' dir='ltr' id='par_1_116' title="bbox 2113 4488 3741 4560">
     <span class='ocr_line' id='line_1_119' title="bbox 2113 4488 3741 4560; baseline 0.002 -19"><span class='ocrx_word' id='word_1_785' title='bbox 2113 4489 2290 4543; x_wconf 82' lang='lat' dir='ltr'><strong>itteris</strong></span> <span class='ocrx_word' id='word_1_786' title='bbox 2325 4492 2690 4560; x_wconf 86' lang='lat' dir='ltr'><strong>consignata.</strong></span> <span class='ocrx_word' id='word_1_787' title='bbox 2728 4505 2779 4543; x_wconf 86' lang='grc' dir='ltr'><strong>ν.</strong></span> <span class='ocrx_word' id='word_1_788' title='bbox 2815 4490 2898 4543; x_wconf 92' lang='lat' dir='ltr'><strong>Du</strong></span> <span class='ocrx_word' id='word_1_789' title='bbox 2923 4489 3115 4558; x_wconf 83' lang='lat' dir='ltr'><strong>Gange</strong></span> <span class='ocrx_word' id='word_1_790' title='bbox 3138 4488 3224 4543; x_wconf 90' lang='lat' dir='ltr'><strong>Gl.</strong></span> <span class='ocrx_word' id='word_1_791' title='bbox 3263 4489 3378 4560; x_wconf 85' lang='lat' dir='ltr'><strong>Lat.</strong></span> <span class='ocrx_word' id='word_1_792' title='bbox 3409 4489 3464 4542; x_wconf 88' lang='lat' dir='ltr'><strong>h.</strong></span> <span class='ocrx_word' id='word_1_793' title='bbox 3493 4505 3569 4555; x_wconf 83' lang='lat' dir='ltr'><strong>v.,</strong></span> <span class='ocrx_word' id='word_1_794' title='bbox 3599 4495 3741 4558; x_wconf 91' lang='lat' dir='ltr'><strong>puto</strong></span> 
     </span>
    </p>
   </div>
   <div class='ocr_carea' id='block_1_117' title="bbox 2084 4559 3742 4631">
    <p class='ocr_par' dir='ltr' id='par_1_117' title="bbox 2084 4559 3742 4631">
     <span class='ocr_line' id='line_1_120' title="bbox 2084 4559 3742 4631; baseline 0 -17"><span class='ocrx_word' id='word_1_795' title='bbox 2084 4563 2278 4614; x_wconf 87' lang='lat' dir='ltr'><strong>tamen</strong></span> <span class='ocrx_word' id='word_1_796' title='bbox 2311 4559 2604 4614; x_wconf 88' lang='lat' dir='ltr'><strong>interdum</strong></span> <span class='ocrx_word' id='word_1_797' title='bbox 2638 4576 2869 4631; x_wconf 90' lang='lat' dir='ltr'><strong>quoque</strong></span> <span class='ocrx_word' id='word_1_798' title='bbox 2899 4561 3091 4626; x_wconf 72' lang='lat' dir='ltr'><strong>effata,</strong></span> <span class='ocrx_word' id='word_1_799' title='bbox 3127 4559 3334 4630; x_wconf 84' lang='lat' dir='ltr'><strong>elogia,</strong></span> <span class='ocrx_word' id='word_1_800' title='bbox 3379 4561 3562 4615; x_wconf 91' lang='lat' dir='ltr'><strong>oralia</strong></span> <span class='ocrx_word' id='word_1_801' title='bbox 3595 4577 3742 4628; x_wconf 65' lang='lat' dir='ltr'><strong>prai-</strong></span> 
     </span>
    </p>
   </div>
   <div class='ocr_carea' id='block_1_118' title="bbox 2083 4631 3737 4700">
    <p class='ocr_par' dir='ltr' id='par_1_118' title="bbox 2083 4631 3737 4700">
     <span class='ocr_line' id='line_1_121' title="bbox 2083 4631 3737 4700; baseline 0.002 -14"><span class='ocrx_word' id='word_1_802' title='bbox 2083 4637 2250 4700; x_wconf 88' lang='lat' dir='ltr'><strong>cepta</strong></span> <span class='ocrx_word' id='word_1_803' title='bbox 2279 4647 2422 4685; x_wconf 86' lang='lat' dir='ltr'><strong>esse.</strong></span> <span class='ocrx_word' id='word_1_804' title='bbox 2464 4637 2536 4685; x_wconf 89' lang='lat' dir='ltr'><strong>De</strong></span> <span class='ocrx_word' id='word_1_805' title='bbox 2568 4649 2703 4687; x_wconf 88' lang='lat' dir='ltr'><strong>voce</strong></span> <span class='ocrx_word' id='word_1_806' title='bbox 2745 4632 2984 4699; x_wconf 85' lang='lat' dir='ltr'><strong>elogium</strong></span> <span class='ocrx_word' id='word_1_807' title='bbox 3024 4647 3073 4683; x_wconf 88' lang='grc' dir='ltr'>ν.</span> <span class='ocrx_word' id='word_1_808' title='bbox 3108 4631 3199 4686; x_wconf 68' lang='lat' dir='ltr'><strong>ad.</strong></span> <span class='ocrx_word' id='word_1_809' title='bbox 3242 4633 3433 4686; x_wconf 89' lang='lat' dir='ltr'><strong>Amm.</strong></span> <span class='ocrx_word' id='word_1_810' title='bbox 3480 4631 3737 4689; x_wconf 87' lang='lat' dir='ltr'><strong>Marcell.</strong></span> 
     </span>
    </p>
   </div>
   <div class='ocr_carea' id='block_1_119' title="bbox 2083 4700 3736 4773">
    <p class='ocr_par' dir='ltr' id='par_1_119' title="bbox 2083 4700 3736 4773">
     <span class='ocr_line' id='line_1_122' title="bbox 2083 4700 3736 4773; baseline 0.001 -16"><span class='ocrx_word' id='word_1_811' title='bbox 2083 4719 2139 4772; x_wconf 89' lang='lat' dir='ltr'><strong>p.</strong></span> <span class='ocrx_word' id='word_1_812' title='bbox 2188 4704 2272 4755; x_wconf 84' lang='grc'><strong>19.</strong></span> <span class='ocrx_word' id='word_1_813' title='bbox 2330 4701 2427 4755; x_wconf 83' lang='grc' dir='ltr'>Διά</span> <span class='ocrx_word' id='word_1_814' title='bbox 2466 4700 2652 4773; x_wconf 86' lang='grc' dir='ltr'>λόγου,</span> <span class='ocrx_word' id='word_1_815' title='bbox 2703 4719 2799 4771; x_wconf 89' lang='lat' dir='ltr'><strong>per</strong></span> <span class='ocrx_word' id='word_1_816' title='bbox 2847 4703 3091 4766; x_wconf 86' lang='lat' dir='ltr'><strong>verbum,</strong></span> <span class='ocrx_word' id='word_1_817' title='bbox 3143 4703 3400 4757; x_wconf 88' lang='lat' dir='ltr'><strong>redditur</strong></span> <span class='ocrx_word' id='word_1_818' title='bbox 3447 4700 3503 4755; x_wconf 90' lang='lat' dir='ltr'><strong>in</strong></span> <span class='ocrx_word' id='word_1_819' title='bbox 3555 4705 3736 4758; x_wconf 88' lang='lat' dir='ltr'><strong>veteri</strong></span> 
     </span>
    </p>
   </div>
   <div class='ocr_carea' id='block_1_120' title="bbox 2082 4773 3735 4844">
    <p class='ocr_par' dir='ltr' id='par_1_120' title="bbox 2082 4773 3735 4844">
     <span class='ocr_line' id='line_1_123' title="bbox 2082 4773 3735 4844; baseline 0 -15"><span class='ocrx_word' id='word_1_820' title='bbox 2082 4774 2285 4829; x_wconf 88' lang='lat' dir='ltr'><strong>charta</strong></span> <span class='ocrx_word' id='word_1_821' title='bbox 2309 4774 2621 4828; x_wconf 87' lang='lat' dir='ltr'><strong>Guaimarii</strong></span> <span class='ocrx_word' id='word_1_822' title='bbox 2650 4775 2930 4844; x_wconf 91' lang='lat' dir='ltr'><strong>principis</strong></span> <span class='ocrx_word' id='word_1_823' title='bbox 2953 4773 3323 4837; x_wconf 89' lang='lat' dir='ltr'><strong>Salernitani,</strong></span> <span class='ocrx_word' id='word_1_824' title='bbox 3345 4774 3497 4844; x_wconf 85' lang='lat' dir='ltr'><strong>apud</strong></span> <span class='ocrx_word' id='word_1_825' title='bbox 3527 4774 3735 4830; x_wconf 87' lang='lat' dir='ltr'><strong>Murat.</strong></span> 
     </span>
    </p>
   </div>
   <div class='ocr_carea' id='block_1_121' title="bbox 2082 4844 3741 4914">
    <p class='ocr_par' dir='ltr' id='par_1_121' title="bbox 2082 4844 3741 4914">
     <span class='ocr_line' id='line_1_124' title="bbox 2082 4844 3741 4914; baseline 0.001 -17"><span class='ocrx_word' id='word_1_826' title='bbox 2082 4848 2122 4899; x_wconf 90' lang='lat' dir='ltr'><strong>t.</strong></span> <span class='ocrx_word' id='word_1_827' title='bbox 2161 4844 2202 4907; x_wconf 91' lang='grc' dir='ltr'>Ι,</span> <span class='ocrx_word' id='word_1_828' title='bbox 2240 4848 2361 4899; x_wconf 75' lang='lat' dir='ltr'><strong>Aut.</strong></span> <span class='ocrx_word' id='word_1_829' title='bbox 2401 4846 2520 4900; x_wconf 88' lang='lat' dir='ltr'><strong>Ital.</strong></span> <span class='ocrx_word' id='word_1_830' title='bbox 2558 4845 2768 4914; x_wconf 77' lang='lat' dir='ltr'><strong>p._18l,</strong></span> <span class='ocrx_word' id='word_1_831' title='bbox 2805 4846 2899 4899; x_wconf 91' lang='lat' dir='ltr'><strong>ubi</strong></span> <span class='ocrx_word' id='word_1_832' title='bbox 2934 4846 3244 4913; x_wconf 85' lang='lat' dir='ltr'><strong>opponitur</strong></span> <span class='ocrx_word' id='word_1_833' title='bbox 3273 4844 3597 4899; x_wconf 81' lang='lat' dir='ltr'><strong>mandatum</strong></span> <span class='ocrx_word' id='word_1_834' title='bbox 3635 4862 3741 4914; x_wconf 81' lang='lat' dir='ltr'><strong>per</strong></span> 
     </span>
    </p>
   </div>
   <div class='ocr_carea' id='block_1_122' title="bbox 2081 4911 3741 4989">
    <p class='ocr_par' dir='ltr' id='par_1_122' title="bbox 2081 4911 3741 4989">
     <span class='ocr_line' id='line_1_125' title="bbox 2081 4911 3741 4989; baseline 0.001 -19"><span class='ocrx_word' id='word_1_835' title='bbox 2081 4917 2304 4970; x_wconf 83' lang='lat' dir='ltr'><strong>verbum</strong></span> <span class='ocrx_word' id='word_1_836' title='bbox 2333 4921 2388 4970; x_wconf 89' lang='lat' dir='ltr'><strong>et</strong></span> <span class='ocrx_word' id='word_1_837' title='bbox 2420 4911 2888 4989; x_wconf 75' lang='grc' dir='ltr'>χρυσοϐούλλιον.</span> <span class='ocrx_word' id='word_1_838' title='bbox 2925 4911 3167 4971; x_wconf 78' lang='lat' dir='ltr'><strong>Deoiaro</strong></span> <span class='ocrx_word' id='word_1_839' title='bbox 3193 4931 3310 4983; x_wconf 86' lang='lat' dir='ltr'><strong>ego,</strong></span> <span class='ocrx_word' id='word_1_840' title='bbox 3333 4917 3435 4981; x_wconf 86' lang='lat' dir='ltr'><strong>ait,</strong></span> <span class='ocrx_word' id='word_1_841' title='bbox 3473 4911 3741 4972; x_wconf 86' lang='lat' dir='ltr'><strong>Waima-</strong></span> 
     </span>
    </p>
   </div>
   <div class='ocr_carea' id='block_1_123' title="bbox 2081 4988 3743 5058">
    <p class='ocr_par' dir='ltr' id='par_1_123' title="bbox 2081 4988 3743 5058">
     <span class='ocr_line' id='line_1_126' title="bbox 2081 4988 3743 5058; baseline 0.001 -17"><span class='ocrx_word' id='word_1_842' title='bbox 2081 4989 2201 5041; x_wconf 86' lang='lat' dir='ltr'><strong>rius</strong></span> <span class='ocrx_word' id='word_1_843' title='bbox 2230 4988 2482 5058; x_wconf 79' lang='lat' dir='ltr'><strong>princeps</strong></span> <span class='ocrx_word' id='word_1_844' title='bbox 2512 4995 2563 5042; x_wconf 85' lang='lat' dir='ltr'><strong>et</strong></span> <span class='ocrx_word' id='word_1_845' title='bbox 2593 4988 2904 5056; x_wconf 85' lang='lat' dir='ltr'><strong>imperiatis</strong></span> <span class='ocrx_word' id='word_1_846' title='bbox 2934 4989 3229 5057; x_wconf 87' lang='lat' dir='ltr'><strong>patricius,</strong></span> <span class='ocrx_word' id='word_1_847' title='bbox 3262 4989 3393 5057; x_wconf 85' lang='lat' dir='ltr'><strong>quia</strong></span> <span class='ocrx_word' id='word_1_848' title='bbox 3428 5003 3743 5042; x_wconf 85' lang='lat' dir='ltr'><strong>concessum</strong></span> 
     </span>
    </p>
   </div>
   <div class='ocr_carea' id='block_1_124' title="bbox 2082 5058 3744 5129">
    <p class='ocr_par' dir='ltr' id='par_1_124' title="bbox 2082 5058 3744 5129">
     <span class='ocr_line' id='line_1_127' title="bbox 2082 5058 3744 5129; baseline 0.001 -16"><span class='ocrx_word' id='word_1_849' title='bbox 2082 5068 2159 5113; x_wconf 86' lang='lat' dir='ltr'><strong>est</strong></span> <span class='ocrx_word' id='word_1_850' title='bbox 2206 5058 2348 5112; x_wconf 86' lang='lat' dir='ltr'><strong>mihi</strong></span> <span class='ocrx_word' id='word_1_851' title='bbox 2393 5075 2425 5112; x_wconf 89' lang='lat' dir='ltr'><strong>a</strong></span> <span class='ocrx_word' id='word_1_852' title='bbox 2482 5062 2846 5116; x_wconf 82' lang='lat' dir='ltr'><strong>sanctissimis</strong></span> <span class='ocrx_word' id='word_1_853' title='bbox 2893 5068 2942 5112; x_wconf 88' lang='lat' dir='ltr'><strong>et</strong></span> <span class='ocrx_word' id='word_1_854' title='bbox 2992 5058 3260 5129; x_wconf 84' lang='lat' dir='ltr'><strong>piissimis</strong></span> <span class='ocrx_word' id='word_1_855' title='bbox 3309 5061 3744 5128; x_wconf 80' lang='lat' dir='ltr'><strong>imperatoribus</strong></span> 
     </span>
    </p>
   </div>
   <div class='ocr_carea' id='block_1_125' title="bbox 2082 5129 3748 5200">
    <p class='ocr_par' dir='ltr' id='par_1_125' title="bbox 2082 5129 3748 5200">
     <span class='ocr_line' id='line_1_128' title="bbox 2082 5129 3748 5200; baseline 0.002 -17"><span class='ocrx_word' id='word_1_856' title='bbox 2082 5130 2258 5183; x_wconf 83' lang='lat' dir='ltr'><strong>Leone</strong></span> <span class='ocrx_word' id='word_1_857' title='bbox 2281 5137 2332 5184; x_wconf 91' lang='lat' dir='ltr'><strong>et</strong></span> <span class='ocrx_word' id='word_1_858' title='bbox 2366 5130 2674 5186; x_wconf 76' lang='lat' dir='ltr'><strong>Alexandro</strong></span> <span class='ocrx_word' id='word_1_859' title='bbox 2703 5147 2800 5200; x_wconf 80' lang='lat' dir='ltr'><strong>per</strong></span> <span class='ocrx_word' id='word_1_860' title='bbox 2829 5129 3054 5184; x_wconf 83' lang='lat' dir='ltr'><strong>verbum</strong></span> <span class='ocrx_word' id='word_1_861' title='bbox 3096 5138 3145 5184; x_wconf 87' lang='lat' dir='ltr'><strong>et</strong></span> <span class='ocrx_word' id='word_1_862' title='bbox 3176 5131 3562 5200; x_wconf 81' lang='lat' dir='ltr'><strong>ﬁrmissimum</strong></span> <span class='ocrx_word' id='word_1_863' title='bbox 3593 5145 3748 5197; x_wconf 64' lang='lat' dir='ltr'><strong>prae-</strong></span> 
     </span>
    </p>
   </div>
   <div class='ocr_carea' id='block_1_126' title="bbox 2081 5197 3743 5285">
    <p class='ocr_par' dir='ltr' id='par_1_126' title="bbox 2081 5197 3743 5285">
     <span class='ocr_line' id='line_1_129' title="bbox 2081 5197 3743 5285; baseline -0.001 -29"><span class='ocrx_word' id='word_1_864' title='bbox 2081 5210 2294 5285; x_wconf 72' lang='lat' dir='ltr'><strong>ceptum</strong></span> <span class='ocrx_word' id='word_1_865' title='bbox 2325 5201 2474 5285; x_wconf 70' lang='lat' dir='ltr'><strong>bulla</strong></span> <span class='ocrx_word' id='word_1_866' title='bbox 2490 5219 2669 5284; x_wconf 79' lang='lat' dir='ltr'><strong>aurea</strong></span> <span class='ocrx_word' id='word_1_867' title='bbox 2689 5197 3052 5285; x_wconf 35' lang='lat' dir='ltr'><strong>sigillatum}</strong></span> <span class='ocrx_word' id='word_1_868' title='bbox 3176 5197 3265 5255; x_wconf 83' lang='lat' dir='ltr'><strong>est</strong></span> <span class='ocrx_word' id='word_1_869' title='bbox 3285 5197 3516 5285; x_wconf 52' lang='lat' dir='ltr'><strong>tamdiu}</strong></span> <span class='ocrx_word' id='word_1_870' title='bbox 3542 5198 3743 5285; x_wconf 73' lang='grc' dir='ltr'>λόγου,</span> 
     </span>
    </p>
   </div>
   <div class='ocr_carea' id='block_1_127' title="bbox 2081 5271 3750 5343">
    <p class='ocr_par' dir='ltr' id='par_1_127' title="bbox 2081 5271 3750 5343">
     <span class='ocr_line' id='line_1_130' title="bbox 2081 5271 3750 5343; baseline 0.001 -15"><span class='ocrx_word' id='word_1_871' title='bbox 2081 5272 2257 5328; x_wconf 84' lang='lat' dir='ltr'><strong>edicto</strong></span> <span class='ocrx_word' id='word_1_872' title='bbox 2286 5274 2517 5336; x_wconf 84' lang='lat' dir='ltr'><strong>verbali,</strong></span> <span class='ocrx_word' id='word_1_873' title='bbox 2550 5274 2704 5343; x_wconf 91' lang='lat' dir='ltr'><strong>quod</strong></span> <span class='ocrx_word' id='word_1_874' title='bbox 2739 5274 2806 5325; x_wconf 82' lang='lat' dir='ltr'><strong>ad</strong></span> <span class='ocrx_word' id='word_1_875' title='bbox 2832 5288 2918 5326; x_wconf 91' lang='lat' dir='ltr'><strong>me</strong></span> <span class='ocrx_word' id='word_1_876' title='bbox 2953 5271 3143 5326; x_wconf 89' lang='lat' dir='ltr'><strong>retulit</strong></span> <span class='ocrx_word' id='word_1_877' title='bbox 3176 5272 3589 5341; x_wconf 87' lang='lat' dir='ltr'><strong>apocrisiarius</strong></span> <span class='ocrx_word' id='word_1_878' title='bbox 3628 5271 3750 5329; x_wconf 83' lang='lat' dir='ltr'><strong>im-</strong></span> 
     </span>
    </p>
   </div>
   <div class='ocr_carea' id='block_1_128' title="bbox 2083 5344 3750 5415">
    <p class='ocr_par' dir='ltr' id='par_1_128' title="bbox 2083 5344 3750 5415">
     <span class='ocr_line' id='line_1_131' title="bbox 2083 5344 3750 5415; baseline 0.001 -18"><span class='ocrx_word' id='word_1_879' title='bbox 2083 5344 2526 5414; x_wconf 83' lang='lat' dir='ltr'><strong>perialis,quam</strong></span> <span class='ocrx_word' id='word_1_880' title='bbox 2544 5345 2761 5415; x_wconf 88' lang='lat' dir='ltr'><strong>scripto</strong></span> <span class='ocrx_word' id='word_1_881' title='bbox 2780 5344 3075 5415; x_wconf 83' lang='lat' dir='ltr'><strong>mandato.</strong></span> <span class='ocrx_word' id='word_1_882' title='bbox 3091 5345 3538 5399; x_wconf 88' lang='lat' dir='ltr'><strong>Testamentum</strong></span> <span class='ocrx_word' id='word_1_883' title='bbox 3558 5344 3616 5398; x_wconf 91' lang='lat' dir='ltr'><strong>S.</strong></span> <span class='ocrx_word' id='word_1_884' title='bbox 3634 5347 3750 5399; x_wconf 77' lang='lat' dir='ltr'><strong>Cae-</strong></span> 
     </span>
    </p>
   </div>
   <div class='ocr_carea' id='block_1_129' title="bbox 2084 5414 3746 5486">
    <p class='ocr_par' dir='ltr' id='par_1_129' title="bbox 2084 5414 3746 5486">
     <span class='ocr_line' id='line_1_132' title="bbox 2084 5414 3746 5486; baseline 0.001 -17"><span class='ocrx_word' id='word_1_885' title='bbox 2084 5416 2240 5480; x_wconf 87' lang='lat' dir='ltr'><strong>sarii,</strong></span> <span class='ocrx_word' id='word_1_886' title='bbox 2273 5417 2528 5486; x_wconf 81' lang='lat' dir='ltr'><strong>episcopi</strong></span> <span class='ocrx_word' id='word_1_887' title='bbox 2560 5414 2913 5470; x_wconf 87' lang='lat' dir='ltr'><strong>Arelatensis</strong></span> <span class='ocrx_word' id='word_1_888' title='bbox 2942 5431 2953 5467; x_wconf 90' lang='lat'>:</span> <span class='ocrx_word' id='word_1_889' title='bbox 2979 5414 3037 5469; x_wconf 87' lang='lat' dir='ltr'><strong>Si</strong></span> <span class='ocrx_word' id='word_1_890' title='bbox 3059 5417 3153 5469; x_wconf 85' lang='lat' dir='ltr'><strong>cui</strong></span> <span class='ocrx_word' id='word_1_891' title='bbox 3181 5415 3398 5484; x_wconf 84' lang='lat' dir='ltr'><strong>aliquid</strong></span> <span class='ocrx_word' id='word_1_892' title='bbox 3419 5433 3516 5483; x_wconf 82' lang='lat' dir='ltr'><strong>per</strong></span> <span class='ocrx_word' id='word_1_893' title='bbox 3539 5415 3746 5483; x_wconf 82' lang='lat' dir='ltr'><strong>episto-</strong></span> 
     </span>
    </p>
   </div>
   <div class='ocr_carea' id='block_1_130' title="bbox 2085 5485 3744 5556">
    <p class='ocr_par' dir='ltr' id='par_1_130' title="bbox 2085 5485 3744 5556">
     <span class='ocr_line' id='line_1_133' title="bbox 2085 5485 3744 5556; baseline 0.002 -17"><span class='ocrx_word' id='word_1_894' title='bbox 2085 5485 2196 5539; x_wconf 87' lang='lat' dir='ltr'><strong>lam</strong></span> <span class='ocrx_word' id='word_1_895' title='bbox 2245 5494 2341 5540; x_wconf 85' lang='lat' dir='ltr'><strong>aut</strong></span> <span class='ocrx_word' id='word_1_896' title='bbox 2379 5485 2487 5555; x_wconf 78' lang='lat' dir='ltr'><strong>per</strong></span> <span class='ocrx_word' id='word_1_897' title='bbox 2527 5487 2810 5556; x_wconf 81' lang='lat' dir='ltr'><strong>pittacium</strong></span> <span class='ocrx_word' id='word_1_898' title='bbox 2859 5491 2954 5539; x_wconf 86' lang='lat' dir='ltr'><strong>aut</strong></span> <span class='ocrx_word' id='word_1_899' title='bbox 3007 5488 3188 5552; x_wconf 86' lang='lat' dir='ltr'><strong>verbo,</strong></span> <span class='ocrx_word' id='word_1_900' title='bbox 3240 5489 3457 5556; x_wconf 76' lang='lat' dir='ltr'><strong>pietatis</strong></span> <span class='ocrx_word' id='word_1_901' title='bbox 3506 5488 3744 5556; x_wconf 86' lang='lat' dir='ltr'><strong>intuitu,</strong></span> 
     </span>
    </p>
   </div>
   <div class='ocr_carea' id='block_1_131' title="bbox 2082 5556 3744 5628">
    <p class='ocr_par' dir='ltr' id='par_1_131' title="bbox 2082 5556 3744 5628">
     <span class='ocr_line' id='line_1_134' title="bbox 2082 5556 3744 5628; baseline 0.002 -17"><span class='ocrx_word' id='word_1_902' title='bbox 2082 5556 2311 5621; x_wconf 88' lang='lat' dir='ltr'><strong>contuli,</strong></span> <span class='ocrx_word' id='word_1_903' title='bbox 2344 5558 2533 5612; x_wconf 88' lang='lat' dir='ltr'><strong>valere</strong></span> <span class='ocrx_word' id='word_1_904' title='bbox 2555 5560 2692 5613; x_wconf 79' lang='lat' dir='ltr'><strong>voto.</strong></span> <span class='ocrx_word' id='word_1_905' title='bbox 2718 5558 3035 5628; x_wconf 82' lang='lat' dir='ltr'><strong>Distinguit</strong></span> <span class='ocrx_word' id='word_1_906' title='bbox 3065 5558 3159 5612; x_wconf 86' lang='lat' dir='ltr'><strong>hic</strong></span> <span class='ocrx_word' id='word_1_907' title='bbox 3183 5559 3396 5612; x_wconf 82' lang='lat' dir='ltr'><strong>indulta</strong></span> <span class='ocrx_word' id='word_1_908' title='bbox 3420 5574 3518 5627; x_wconf 81' lang='lat' dir='ltr'><strong>per</strong></span> <span class='ocrx_word' id='word_1_909' title='bbox 3539 5561 3744 5620; x_wconf 82' lang='lat' dir='ltr'><strong>episto-</strong></span> 
     </span>
    </p>
   </div>
   <div class='ocr_carea' id='block_1_132' title="bbox 2085 5629 3743 5699">
    <p class='ocr_par' dir='ltr' id='par_1_132' title="bbox 2085 5629 3743 5699">
     <span class='ocr_line' id='line_1_135' title="bbox 2085 5629 3743 5699; baseline 0.002 -18"><span class='ocrx_word' id='word_1_910' title='bbox 2085 5629 2216 5690; x_wconf 90' lang='lat' dir='ltr'><strong>lam,</strong></span> <span class='ocrx_word' id='word_1_911' title='bbox 2251 5645 2374 5693; x_wconf 65' lang='grc' dir='ltr'>μου,</span> <span class='ocrx_word' id='word_1_912' title='bbox 2400 5631 2552 5699; x_wconf 88' lang='lat' dir='ltr'><strong>quod</strong></span> <span class='ocrx_word' id='word_1_913' title='bbox 2587 5630 2736 5682; x_wconf 80' lang='lat' dir='ltr'><strong>idem</strong></span> <span class='ocrx_word' id='word_1_914' title='bbox 2773 5635 2880 5691; x_wconf 87' lang='lat' dir='ltr'><strong>est,</strong></span> <span class='ocrx_word' id='word_1_915' title='bbox 2915 5645 3013 5699; x_wconf 87' lang='lat' dir='ltr'><strong>per</strong></span> <span class='ocrx_word' id='word_1_916' title='bbox 3041 5631 3332 5696; x_wconf 85' lang='lat' dir='ltr'><strong>pittacium</strong></span> <span class='ocrx_word' id='word_1_917' title='bbox 3354 5631 3512 5697; x_wconf 89' lang='lat' dir='ltr'><strong>(nam</strong></span> <span class='ocrx_word' id='word_1_918' title='bbox 3539 5635 3743 5698; x_wconf 86' lang='lat' dir='ltr'><strong>poste—</strong></span> 
     </span>
    </p>
   </div>
   <div class='ocr_carea' id='block_1_133' title="bbox 2084 5701 3736 5773">
    <p class='ocr_par' dir='ltr' id='par_1_133' title="bbox 2084 5701 3736 5773">
     <span class='ocr_line' id='line_1_136' title="bbox 2084 5701 3736 5773; baseline 0.003 -21"><span class='ocrx_word' id='word_1_919' title='bbox 2084 5701 2206 5773; x_wconf 75' lang='lat' dir='ltr'><strong>rius</strong></span> <span class='ocrx_word' id='word_1_920' title='bbox 2232 5709 2323 5773; x_wconf 78' lang='lat' dir='ltr'><strong>est</strong></span> <span class='ocrx_word' id='word_1_921' title='bbox 2355 5706 2581 5773; x_wconf 85' lang='lat' dir='ltr'><strong>tantum</strong></span> <span class='ocrx_word' id='word_1_922' title='bbox 2612 5701 2914 5773; x_wconf 80' lang='lat' dir='ltr'><strong>explicatio</strong></span> <span class='ocrx_word' id='word_1_923' title='bbox 2951 5701 3180 5773; x_wconf 86' lang='lat' dir='ltr'><strong>prioris)</strong></span> <span class='ocrx_word' id='word_1_924' title='bbox 3211 5709 3270 5758; x_wconf 91' lang='lat' dir='ltr'><strong>et</strong></span> <span class='ocrx_word' id='word_1_925' title='bbox 3302 5701 3522 5756; x_wconf 87' lang='lat' dir='ltr'><strong>indulta</strong></span> <span class='ocrx_word' id='word_1_926' title='bbox 3552 5703 3736 5757; x_wconf 87' lang='lat' dir='ltr'><strong>verbo.</strong></span> 
     </span>
    </p>
   </div>
   <div class='ocr_carea' id='block_1_134' title="bbox 2083 5769 3740 5844">
    <p class='ocr_par' dir='ltr' id='par_1_134' title="bbox 2083 5769 3740 5844">
     <span class='ocr_line' id='line_1_137' title="bbox 2083 5769 3740 5844; baseline 0.004 -20"><span class='ocrx_word' id='word_1_927' title='bbox 2083 5769 2371 5841; x_wconf 85' lang='lat' dir='ltr'><strong>lngulfus,</strong></span> <span class='ocrx_word' id='word_1_928' title='bbox 2393 5788 2446 5840; x_wconf 90' lang='lat' dir='ltr'><strong>p.</strong></span> <span class='ocrx_word' id='word_1_929' title='bbox 2468 5772 2568 5826; x_wconf 83' lang='grc'><strong>901</strong></span> <span class='ocrx_word' id='word_1_930' title='bbox 2601 5791 2613 5828; x_wconf 92' lang='lat'><strong>:</strong></span> <span class='ocrx_word' id='word_1_931' title='bbox 2641 5769 3080 5842; x_wconf 82' lang='lat' dir='ltr'><strong>Conferabantur</strong></span> <span class='ocrx_word' id='word_1_932' title='bbox 3099 5769 3277 5844; x_wconf 80' lang='lat' dir='ltr'><strong>primo</strong></span> <span class='ocrx_word' id='word_1_933' title='bbox 3298 5775 3477 5829; x_wconf 89' lang='lat' dir='ltr'><strong>multa</strong></span> <span class='ocrx_word' id='word_1_934' title='bbox 3500 5775 3740 5844; x_wconf 71' lang='lat' dir='ltr'><strong>praedia</strong></span> 
     </span>
    </p>
   </div>
  </div>
