4124 6390
391 435 550 496 1297

1249 437 1346 494 DE
1390 433 1854 496 CERIMONIIS
1900 433 2134 493 AULIE
2177 431 2666 492 BYZANTlN/E
2709 432 2854 492 LIB.
2901 431 2978 492 ll.

3667 435 3823 494 1398

400 585 631 643 quoque
667 571 755 626 his
788 569 1126 642 suppositas
1158 578 1530 641 exsequente,
1565 567 1797 624 ordines
1827 583 2024 624 earum
2061 567 2335 624 distincte
2365 568 2715 637 declarante,
2747 573 2803 622 et
2843 567 3099 639 privatos
3129 569 3340 639 cuique
3389 585 3526 626 suos
3571 569 3823 628 honores

406 666 584 732 atque
615 661 1030 734 praerogativae
1081 659 1407 716 luculenter
1453 663 1716 716 docente.
1751 659 2088 730 Propositus
2118 657 2432 713 laterculus
2461 660 2652 714 tradet
2700 657 3239 728 contemplantibus
3270 659 3479 716 harum
3534 677 3732 717 rerum
3764 664 3822 717 et

400 750 621 805 claram
656 755 712 805 et
742 751 1168 819 comprehensu
1204 749 1454 818 facilem,
1490 755 1551 804 ut
1583 749 1958 813 introductio,
1995 747 2282 803 notitiam.
2315 749 2608 820 Quotquot
2637 764 2768 804 eum
2801 747 3148 819 inspicietis,
3191 749 3579 806 memineritis
3622 751 3816 807 velum

391 842 570 894 tenue
602 846 868 894 nostrum
904 840 1323 910 modicumque
1353 839 1616 894 studium
1651 855 1940 910 nusquam
1976 853 2090 893 non
2122 838 2418 893 assectari.

721 930 779 985 Ἀ
793 929 901 1003 ρχή
932 935 1034 998 τῆς
1069 928 1374 992 ὑποθέσεως
1403 932 1499 984 τοῦ
1531 928 1724 1004 λόγου.

465 1019 584 1071 Τῶν
653 1015 956 1090 βασιλικῶν
1006 1017 1332 1090 ἀξιωμάτων
1381 1017 1435 1070 αἱ
1485 1017 1674 1090 χάριτι
1714 1020 1848 1070 Θεοῦ
1901 1013 2053 1070 διδό-

398 1125 555 1176 μεναι
587 1101 808 1176 δωρεαὶ,
856 1105 932 1168 ὡς
981 1103 1042 1159 ἐκ
1088 1111 1221 1160 Θεοῦ
1273 1107 1374 1174 τὴν
1429 1108 1608 1185 ψῆφον
1653 1099 2052 1178 λαμϐάνουσαι,

392 1191 484 1248 ἐπὶ
524 1197 621 1248 τοῦ
652 1193 801 1268 ἱεροῦ
833 1192 923 1250 καὶ
957 1195 1273 1266 θαυμαστοῦ
1309 1193 1600 1268 βασιλικοῦ
1654 1195 1902 1268 βήματος
1955 1197 2053 1247 τοῦ

396 1288 660 1358 λαμπροῦ
719 1285 1180 1361 χρυσοτρικλίνου
1239 1284 1299 1341 ἐκ
1359 1285 1558 1348 αἷσίαις
1608 1286 1842 1362 ἡμέραις
1906 1283 2054 1360 παρᾶ

391 1377 502 1428 τῶν
553 1369 983 1446 θεοπροϐλτςτων
1035 1371 1304 1450 βασιλέων
1358 1381 1474 1438 τοῖς
1531 1374 1696 1448 ἀξίοις
1751 1369 2054 1448 βραϐεύον-

391 1485 506 1533 ται,
541 1460 806 1533 δηλονότι
855 1465 1212 1538 παρεστώσης
1271 1465 1485 1534 ἁπάσης
1540 1471 1640 1533 τῆς
1703 1463 1904 1533 τάξεως
1953 1465 2050 1518 τοῦ

389 1551 688 1628 βασιλικοῦ
754 1548 1150 1608 κουϐουκλείου
1207 1555 1297 1608 καὶ
1359 1555 1533 1608 αὐτῶν
1607 1560 1714 1608 τῶν
1779 1548 2046 1628 βραϐείων

387 1642 767 1718 προκειμένων
833 1643 1074 1714 πλησίον
1139 1652 1239 1713 τῆς
1293 1644 1584 1720 βασιλικῆς
1660 1641 1925 1712 ἐξουσίας.
1986 1643 2050 1697 Οἱ

394 1733 500 1808 γὰρ
547 1732 838 1805 μέλλοντες
894 1739 1082 1808 τυχεῖν
1141 1741 1241 1804 τῆς
1301 1734 1474 1789 αὐτῶν
1531 1731 1874 1807 ἀντιλήψεως
1935 1729 2043 1802 ἤδη

397 1823 912 1897 προευτρεπίζονται
1018 1823 1121 1878 ὑπὸ
1213 1827 1310 1878 τοῦ
1402 1821 1732 1898 τεταγμένου
1830 1820 2048 1896 βασιλι-

391 1913 506 1964 κῶν
537 1913 647 1983 (17)
697 1911 1192 1987 πρωτοσπαθαρῖου
1250 1909 1350 1980 ἔξω
1414 1915 1511 1966 τοῦ
1583 1909 1761 1986 βήλου
1827 1908 2048 1964 ἐστολι-

387 1998 584 2072 σμένοι
617 2001 826 2074 ῥοαίοις
847 2002 1082 2074 σαγίοις.
1099 2004 1184 2058 Ἑν
1211 1999 1264 2056 δὲ
1287 2005 1355 2074 τῇ
1378 2001 1586 2056 τούτων
1612 2001 1886 2075 εἰσαγωγῇ
1915 2020 2046 2075 προ-

387 2089 941 2164 συνεισέρχονταιτῷ
993 2089 1264 2163 βασιλικῷ
1315 2089 1573 2164 ὀστιαρίῳ
1623 2089 1888 2162 ὁμότιμοι
1931 2093 2040 2143 τῶν

393 2177 712 2252 μελλόντων
753 2186 938 2256 τυχεῖν
991 2180 1336 2254 ἀντιλήψεως
1395 2179 1582 2254 ἄνδρες
1635 2180 2042 2256 σπαθαροφόροι

2077 930 2132 996 Α

2439 929 2592 984 409
2625 929 2858 984 Initium
2886 927 3169 984 tractandi
3197 932 3534 1001 argumenti.

2238 1017 2441 1073 Ofﬁcia
2473 1019 3162 1090 palatina,munera,qum
3195 1021 3428 1092 proprie
3457 1019 3666 1076 divina
3698 1019 3814 1076 cle-

2165 1107 2396 1162 mentiae
2428 1107 2734 1176 debentur,
2766 1109 2837 1164 ab
2871 1107 3344 1178 imperatoribus,
3375 1108 3570 1165 divina
3603 1111 3816 1166 consti-

2163 1196 2307 1252 tutis
2340 1197 2830 1268 auctoritate,Deo
2859 1197 3014 1254 velut
3043 1213 3146 1268 per
3166 1197 3328 1269 ipsos
3360 1197 3708 1270 suffragium
3731 1199 3814 1256 fe-

2163 1289 2346 1352 rente,
2379 1285 2437 1341 in
2471 1303 2637 1342 sacro
2685 1291 2743 1342 et
2787 1285 3118 1342 admirabili
3170 1285 3454 1358 imperiali
3507 1287 3812 1358 tribunali,

2163 1377 2318 1446 quod
2341 1377 2398 1431 in
2419 1376 2726 1448 splendido
2744 1377 3184 1450 chrysotriclino
3204 1377 3586 1449 conspicitur,
3603 1377 3813 1434 diebus

2162 1463 2528 1520 solemnibus
2551 1466 2933 1522 conferuntur
2955 1471 3017 1521 ut
3035 1467 3272 1538 praemia
3292 1467 3528 1522 virtutis
3547 1467 3605 1522 in
3630 1466 3815 1524 homi-

2162 1573 2268 1612 nes
2327 1559 2558 1629 dignos,
2617 1558 2818 1613 ordine
2863 1561 2984 1613 toto
3052 1557 3202 1613 sacri
3249 1558 3503 1614 cubiculi
3561 1561 3810 1627 astante,

2158 1647 2423 1719 ipsisque
2461 1649 2779 1704 tribuendis
2809 1648 3100 1705 honorum
3134 1647 3468 1722 insignibus
3509 1664 3686 1720 penes
3717 1665 3812 1705 sa-

2158 1752 2316 1793 cram
2353 1739 2712 1808 majestatem
2746 1738 2806 1794 in
2851 1737 3158 1810 propatulo
3191 1737 3491 1810 expositis.
3544 1738 3676 1802 Quae
3708 1739 3811 1809 qui

2155 1828 2420 1897 adepturi
2451 1831 2778 1895 sunt,extra
2807 1827 3000 1882 velum
3034 1827 3215 1898 parati
3249 1831 3518 1884 tenentur
3548 1845 3581 1884 a
3613 1827 3810 1883 basili-

2156 1933 2352 1972 corum
2378 1917 2462 1972 vel
2484 1919 2935 1974 caesarianorum
2956 1917 3430 1990 protospathario
3451 1933 3578 1974 eam
3599 1917 3660 1973 in
3685 1933 3808 1972 rem

2153 2004 2442 2076 delegato,
2476 2007 2633 2078 sagis
2667 2007 2860 2062 rubris
2896 2007 3106 2062 induti.
3137 2009 3286 2062 Ante
3315 2023 3447 2062 vero
3497 2022 3670 2079 quam
3705 2021 3804 2077 per

2151 2094 2345 2148 velum
2367 2094 3136 2166 introducantur,introeunt
3160 2095 3332 2151 simul
3360 2111 3493 2150 cum
3517 2093 3805 2166 imperiali

2153 2182 2393 2240 ostiario
2427 2189 2546 2240 tres
2576 2184 2682 2240 viri
2715 2184 2956 2256 spathae
2993 2189 3310 2254 gestantes,
3341 2183 3628 2257 dignitate
3656 2183 3803 2251 illis,

385 2275 552 2342 τρεῖς,
600 2270 690 2324 καὶ
738 2271 800 2324 τὸ
845 2271 1070 2340 σύνηθες
1119 2266 1278 2332 σέϐας
1328 2273 1662 2340 ποιήσαντες
1711 2268 2040 2341 ἀναμένουσι

2157 2272 2256 2343 qui
2289 2273 2756 2330 muniﬁcentiam
2789 2279 2845 2330 et
2874 2275 3194 2330 mercedem
3226 2273 3508 2330 virtutum
3539 2273 3804 2344 adepturi

383 2359 525 2433 πρὸς
554 2360 617 2414 τὸ
653 2357 826 2434 βῆλον
859 2359 1090 2422 ἑστῶτες
1137 2361 1235 2430 τὴν
1286 2363 1381 2414 τοῦ
1439 2357 1791 2434 εἷσαγομένου
1841 2378 2040 2432 παρου-

387 2447 524 2516 σίαν,
556 2448 647 2503 καὶ
679 2449 832 2512 αὖθις
862 2453 959 2504 τοῦ
1013 2447 1192 2524 βήλου
1241 2449 1593 2510 πετασθέντος
1635 2449 1680 2484 ⁷⁷
1724 2449 1860 2522 (18),
1912 2470 2042 2502 συν-

386 2535 694 2613 εισέρχεται
743 2541 821 2609 τῷ
883 2537 1153 2610 βασιλικῷ
1204 2537 1465 2613 όστιαρίῳ
1504 2539 1532 2592 6
1572 2543 1679 2592 τῶν
1741 2535 2041 2611 βασιλικῶν

381 2627 882 2704 πρωτοσπαθάριος
968 2627 1197 2704 εἷτάγων
1291 2628 1382 2683 τὸν
1485 2624 1764 2699 μέλλοντα
1854 2631 2042 2701 τυχεῖν

383 2713 761 2790 ἀντιλήψεως,
865 2714 955 2771 καὶ
1057 2721 1250 2772 τοῦτον
1352 2715 1798 2791 προτρεπόμενος
1896 2716 2041 2792 τρισὶ

381 2805 580 2867 τόποις
655 2813 882 2876 ποιῆσαι
954 2808 1054 2876 τὴν
1149 2806 1542 2881 προσκύνησιν,
1630 2803 1848 2876 ’ίστησιν
1943 2805 2042 2860 αὐ-

384 2897 480 2950 τὸν
531 2895 670 2951 κατᾶ
713 2895 1006 2970 πρόσωπον
1059 2899 1157 2951 τοῦ
1219 2893 1492 2970 βασιλέως
1539 2895 1677 2969 πρὸς
1737 2895 1801 2949 τὸ
1859 2893 1908 2964 ἐξ
1969 2895 2045 2949 οἱ·

385 2986 551 3040 κείων
584 2989 788 3064 χειρῶν
819 2984 982 3040 αὐτοῦ
1023 2979 1207 3040 λαϐεῖν
1258 2985 1319 3040 τὸ
1371 2979 1623 3060 βραϐεῖον
1655 2989 1752 3038 τοῦ
1800 2984 2044 3058 ἀξιώμα-

378 3096 498 3138 τος.
535 3075 634 3132 Καὶ
680 3075 872 3149 μικρὸν
925 3074 1084 3129 αὐτὸν
1141 3076 1232 3130 τὸν
1283 3076 1523 3149 τυχόντα
1571 3071 1864 3144 διαστήσας
1916 3073 2044 3128 ὀπι-

380 3163 675 3227 σθοπόδως
707 3166 734 3218 ὁ
765 3165 930 3227 αὐτὸς
980 3165 1474 3240 πρωτοσπαθάριος
1521 3159 1844 3237 περιϐάλλει
1895 3161 2043 3234 αὐτῷ

384 3255 452 3310 τὸ
483 3249 637 3308 δοθὲν
691 3255 838 3326 παρᾶ
903 3257 998 3308 τοῦ
1069 3252 1337 3328 βασιλέως
1401 3251 1676 3329 βραϐεῖον,
1746 3253 1835 3306 καὶ
1893 3252 2044 3315 αὖθις

387 3343 560 3400 αὐτὸν
616 3345 979 3418 προσωθήσας
1049 3343 1388 3398 ἀσπάσασθαι
1469 3347 1617 3398 ποιεῖ
1677 3341 1802 3403 τοὺς
1867 3341 2045 3412 ἱεροὺς

381 3430 560 3494 πόδας
610 3435 708 3487 τοῦ
771 3431 1061 3508 βασιλέως’
1118 3432 1485 3507 καταχθέντος
1547 3429 1604 3486 δὲ
1679 3430 1841 3486 αὐτοῦ
1907 3431 2043 3504 πρὸς

389 3527 506 3584 τοῖς
554 3522 728 3593 κάτω,
789 3523 842 3576 οἱ
900 3521 1166 3594 ὁμότιμοι
1220 3525 1316 3576 τοῦ
1374 3521 1684 3594 ἀξιώματος
1727 3517 1912 3593 ἄνδρες
1970 3521 2043 3582 ὡς

383 3611 636 3685 ἰσότιμον
692 3609 1058 3684 εἲσδεξοὶμενοι
1117 3611 1300 3688 φίλον,
1363 3611 1425 3666 τὸ
1491 3605 1648 3672 σέϐας
1704 3608 2043 3684 πληροῦντες

2153 2365 2308 2428 sunt,
2343 2362 2612 2434 aequales.
2647 2363 2817 2434 Hi,ut
2845 2363 3171 2435 principem
3205 2367 3480 2420 consueto
3513 2363 3672 2419 cultu
3702 2378 3803 2418 ve-

2155 2451 2334 2506 nerati
2369 2457 2526 2519 sunt,
2553 2457 2912 2524 exspectant,
2945 2453 3099 2524 apud
3133 2453 3330 2508 velum
3363 2452 3805 2519 stantes,intro-

2152 2539 2400 2594 ducendi
2431 2541 3158 2612 adventum,protinusque
3188 2546 3254 2596 ut
3283 2540 3472 2598 velum
3499 2541 3803 2596 reductum

2154 2628 2540 2696 fuerit,intrat
2572 2627 2751 2684 simul
2782 2645 2912 2686 cum
2937 2631 3093 2700 regio
3125 2630 3363 2686 ostiario
3397 2629 3800 2701 protospatba—

2154 2717 2274 2772 rius
2307 2716 2706 2786 basilicorum,
2739 2718 3121 2774 introducens
3176 2718 3607 2776 honorandum.
3639 2717 3803 2773 Hunc

2153 2805 2420 2862 hortatur
2445 2807 2634 2862 tribus
2655 2807 2714 2862 in
2737 2805 2983 2863 diversis
3008 2806 3152 2864 locis
3181 2809 3509 2880 Augustum
3539 2808 3802 2876 adorare,

2153 2896 2398 2952 collocat
2419 2911 2616 2952 coram
2639 2895 2864 2952 domini
2887 2894 3193 2968 vultu,quo
3224 2913 3292 2951 ex
3314 2896 3500 2968 ipsius
3529 2895 3803 2952 manibus

2154 2984 2458 3058 dignitatis
2508 2985 2737 3057 insigne
2785 2985 3050 3058 accipiat.
3085 2986 3244 3042 Idem
3293 2985 3802 3058 protospatharius

2155 3090 2286 3130 eum
2323 3074 2378 3130 id
2413 3078 2651 3130 nactum
2691 3079 2846 3130 retro
2895 3073 3258 3146 aliquantum
3308 3075 3368 3132 in
3417 3075 3664 3148 vestigia
3692 3091 3803 3132 sua

2153 3163 2314 3218 vultu
2347 3164 2612 3219 irretorto
2658 3165 2800 3236 agit,
2833 3168 2889 3220 et
2919 3165 3169 3236 acceptis
3207 3183 3240 3221 a
3270 3165 3507 3221 domino
3553 3164 3801 3238 insigni-

2154 3253 2264 3309 bus
2297 3251 2836 3324 induit,rursusque
2869 3270 3136 3323 prorsum
3157 3255 3398 3310 ductum
3421 3255 3579 3327 cogit
3608 3270 3802 3310 sacros

2153 3344 2400 3414 Augusti
2433 3344 2610 3415 pedes
2639 3342 2917 3400 osculari.
2951 3343 3024 3400 Ut
3053 3343 3228 3400 rediit
3257 3345 3534 3402 reductus
3574 3345 3646 3400 ad
3677 3360 3800 3410 eos,

2154 3433 2254 3504 qui
2288 3433 2438 3488 infra
2469 3432 2544 3488 ad
2571 3431 2762 3488 velum
2798 3437 2980 3501 stant,
3013 3432 3122 3504 ipsi
3153 3433 3439 3505 dignitate
3471 3431 3805 3504 pares,reci—

2155 3523 2324 3592 piunt
2347 3527 2412 3577 ut
2433 3522 2687 3577 amicum
2713 3527 2770 3578 et
2791 3521 3532 3594 collegam,venerationem
3555 3522 3804 3596 Augusti

2159 3611 2545 3678 absolventes,
2578 3613 2898 3682 gratiarum
2931 3613 3212 3668 actionem
3251 3630 3418 3670 suam
3449 3614 3634 3672 eidem
3666 3630 3805 3672 voce

378 3699 480 3768 τήν
530 3699 882 3775 εὐχαριστίαν
934 3698 1024 3754 διὰ
1070 3687 1169 3768 τῆς
1221 3701 1641 3774 προσκυνήσεως
1691 3703 1769 3770 τῶ
1825 3699 2039 3772 βασιλεῖ

2157 3699 2306 3755 clara
2337 3710 2388 3756 et
2420 3703 2756 3757 adoratione
2788 3701 3213 3774 signiﬁcant,et
3235 3720 3369 3758 cum
3403 3719 3550 3758 novo
3578 3701 3804 3774 collega

384 3793 800 3868 προσφωνοῦσι,
832 3790 922 3844 καὶ
955 3789 1330 3864 συνεξέρχεται
1363 3790 1410 3826 ’³⁸
1454 3790 1653 3862 τούτῳ.
1712 3791 1774 3846 ΊΙ
1827 3786 1884 3843 δὲ
1914 3810 2044 3864 παρ-

385 3883 598 3935 εστῶσα
665 3879 878 3934 πάντων
945 3883 1054 3933 τῶν
1131 3883 1232 3933 τοῦ
1296 3875 1695 3933 κουϐουκλείου
1770 3878 1891 3948 ἀξία
1955 3879 2046 3933 τὸν

385 3966 618 4042 βασιλέα
688 3968 854 4038 ἀξίως
912 3965 1374 4043 ἐπευφημήσασα,
1441 3970 1531 4022 καὶ
1599 3967 1734 4036 αὗτή
1803 3967 2044 4043 συνεξέρ-

387 4077 548 4133 χεται
577 4055 819 4118 τούτοις.
865 4055 1182 4131 Εἷσάγονται
1217 4054 1272 4112 δὲ
1301 4062 1470 4111 πᾶσαι
1511 4058 1567 4111 αἱ
1609 4060 1716 4111 τῶν
1773 4053 1862 4110 διὰ
1915 4057 2048 4131 βρα-

383 4144 546 4204 ϐείων
577 4148 919 4222 Ιᾶξιωμάτων
967 4146 1222 4228 διαφοραὶ
1273 4149 1411 4204 κατᾶ
1456 4150 1604 4220 τάξιν
1663 4147 1752 4202 καὶ
1813 4148 2044 4222 ἀριθμὸν

383 4238 479 4295 τὸν
532 4237 641 4310 ἤδη
686 4237 1052 4313 λεχθήσεσθαι
1112 4237 1410 4312 μέλλοντα,
1450 4237 1542 4292 καὶ
1607 4239 1702 4298 τὰς
1761 4236 2046 4306 συνηθείας

383 4329 646 4402 παρέχειν
704 4325 1044 4403 ὀφείλοντας.
1107 4328 1206 4381 Καὶ
1274 4327 1378 4404 γὰρ
1436 4328 1491 4380 αἱ
1563 4327 1654 4400 μὲν
1715 4326 1896 4380 αὐτῶν
1957 4323 2046 4379 διὰ

383 4411 658 4492 βραϐείων
727 4417 1086 4493 παρέχονται,
1154 4418 1208 4472 αἱ
1250 4414 1308 4471 δὲ
1368 4413 1459 4470 διὰ
1519 4415 1810 4490 βασιλικοῦ
1874 4414 2044 4492 λόγου

377 4505 788 4585 προσγίνονται,
817 4509 904 4563 καὶ
951 4507 1272 4563 συνέπονται
1315 4511 1439 4567 ταῖς
1489 4502 1580 4560 διὰ
1632 4500 1909 4582 βραϐείων
1959 4501 2045 4559 δι-

383 4595 640 4671 δομέναις
672 4598 868 4668 ἀξίαις,
898 4597 993 4652 καὶ
1020 4597 1076 4651 αἱ
1124 4597 1219 4669 μὶν
1265 4594 1440 4650 αὐτῶν
1491 4595 1554 4650 τὸ
1606 4595 1843 4668 μόνιμον
1890 4588 2048 4672 ἔχου-

386 4707 495 4755 σιν,
528 4687 583 4742 αἱ
615 4683 674 4742 δὲ
705 4683 906 4760 ῥᾳδίως
956 4683 1122 4741 πάλιν
1177 4683 1577 4762 ἀφαιρούμεναι
1628 4682 1689 4740 ἐκ
1734 4683 2046 4759 προσώπων

389 4777 465 4838 εἰς
486 4776 757 4851 πρόσωπα
789 4771 1180 4834 διαϐαίνουσιν.

805 4866 871 4924 Δὶ
912 4863 1001 4920 διὰ
1044 4860 1313 4940 βραϐείων
1355 4863 1495 4935 ἀξίαι
1535 4871 1622 4936 ιη’.

2151 3789 2330 3845 simul
2380 3791 2616 3846 abeunt.
2650 3790 2871 3846 Pariter
2917 3796 3114 3846 astans
3163 3791 3411 3845 cubiculi
3465 3795 3617 3846 totus
3661 3793 3802 3847 ordo

2155 3879 2330 3935 simul
2364 3897 2494 3935 cum
2521 3879 2638 3934 illis
2669 3880 2788 3934 abit
2821 3885 2954 3950 post
2975 3879 3180 3934 laudes
3201 3883 3254 3933 et
3279 3877 3430 3934 bona
3451 3881 3625 3934 verba
3648 3880 3804 3950 prin-

2154 3970 2267 4038 cipi
2298 3969 2572 4023 decenter
2615 3967 2785 4022 dicta.
2822 3969 3278 4023 lntroducuntur
3330 3973 3526 4023 autem
3576 3983 3801 4038 omnes,

2155 4077 2281 4130 quae
2295 4075 2429 4114 cum
2449 4058 2671 4114 brabeis
2687 4057 2776 4112 vel
2793 4059 3045 4128 praemiis
3063 4061 3164 4113 aut
3185 4058 3518 4130 insignibus
3537 4059 3803 4116 tribuun-

2151 4153 2260 4215 tur,
2297 4149 2636 4220 dignitates,
2668 4163 2734 4203 eo
2765 4163 2930 4218 quem
2965 4164 3099 4204 mox
3124 4148 3408 4217 dicemus,
3449 4147 3656 4204 ordine
3689 4163 3801 4206 nu-

2154 4253 2567 4308 meroque,quo
2591 4237 2761 4292 etiam
2781 4237 3234 4294 consuetudines
3257 4242 3532 4309 praestare
3563 4238 3798 4294 debent.

2155 4325 2515 4398 Dignitatum
2533 4327 2796 4397 quaadam
2819 4327 3198 4394 brabeis,alias
3216 4327 3340 4384 solo
3361 4327 3584 4384 domini
3615 4328 3803 4386 edicto

2151 4418 2620 4490 impetrantur,et
2649 4417 3005 4474 comitantur
3025 4417 3154 4473 illas
3187 4417 3492 4489 priores,et
3520 4433 3656 4474 cum
3687 4417 3803 4474 illis

2153 4508 2356 4564 eodem
2387 4511 2650 4579 tempore
2679 4509 2928 4577 possunt
2977 4508 3048 4562 ab
3081 4507 3282 4563 eodem
3332 4508 3476 4579 geri.
3523 4507 3801 4574 Quaedam

2154 4596 2335 4653 semel
2367 4595 2599 4652 tributae
2630 4599 2968 4653 constanter
2990 4595 3314 4664 inhaerent;
3348 4595 3472 4652 alia;
3499 4596 3608 4652 levi
3633 4611 3803 4670 nego-

2151 4685 2232 4741 tio
2262 4701 2466 4742 rursus
2495 4684 2782 4756 ademptae
2814 4685 2886 4740 ab
2919 4700 3034 4741 uno
3067 4685 3140 4740 ad
3173 4683 3417 4741 alterum
3449 4685 3726 4756 migrant.

2244 4866 2318 4920 De
2340 4863 2631 4920 octodecim
2663 4863 3049 4934 dignitatibus,
3092 4877 3218 4934 qua
3246 4879 3370 4919 cum
3399 4863 3714 4936 insignibus

2800 4937 3144 4991 tribuuntur.

453 5026 576 5084 Εἰσὶ
620 5023 677 5082 δὲ
733 5029 901 5082 πᾶσαι
962 5027 1103 5100 ὁμοῦ
1161 5027 1216 5082 αἱ
1274 5023 1364 5081 διὰ
1424 5019 1694 5102 βραϐείων
1752 5022 2036 5100 διδόμεναι

2216 5027 2351 5091 Qum
2382 5041 2512 5082 cum
2536 5025 2868 5098 insignibus
2890 5026 3186 5096 dantur,et
3203 5025 3387 5083 semel
3404 5026 3552 5085 date
3569 5044 3798 5098 rursus.

1757 5136 2000 5194 VARI/Ii
2030 5135 2444 5192 LECTIONES.

451 5226 498 5264 ⁷⁷
531 5227 784 5303 συρέντος
817 5229 924 5300 leg.
960 5243 1092 5285 ese
1123 5231 1288 5301 putat
1315 5229 1382 5285 R.
1416 5245 1521 5302 pro
1549 5225 1919 5290 πετασθέντος.
1996 5227 2040 5262 ⁷⁸
2072 5223 2350 5303 συνεξέρχ.
2385 5227 2452 5282 Β.
2487 5227 2806 5304 συνέρχεται
2836 5227 2962 5285 cod.
2996 5235 3050 5285 et
3075 5229 3166 5284 ed.

1435 5337 1636 5394 JOAN.
1677 5337 1814 5393 JAC.
1861 5335 2126 5392 BEISKII
2164 5335 2751 5394 COMMENTARIUS.

379 5436 533 5491 nudo
561 5436 722 5491 verba
753 5436 957 5507 absque
982 5435 1185 5505 scripto
1209 5435 1292 5491 vel
1323 5435 1762 5500 charta,tantum
1793 5451 1918 5489 cum
1942 5436 2038 5488 do-

379 5509 528 5562 mini
553 5508 738 5578 giadio
769 5509 854 5562 vel
881 5508 1046 5576 galea
1095 5507 1182 5562 vel
1210 5523 1382 5561 cornu
1413 5509 1496 5562 vel
1543 5512 1783 5578 cratera,
1809 5512 1860 5561 et
1907 5507 2038 5577 plu-

380 5579 533 5634 rima
559 5577 866 5634 tmementa
897 5595 1023 5634 cum
1055 5579 1286 5649 calcari,
1318 5595 1442 5634 cum
1484 5577 1725 5649 strigili,
1757 5595 1877 5633 cum
1903 5594 2042 5634 arcu

381 5655 437 5708 et
466 5650 750 5706 nonnulla
778 5667 902 5706 cum
934 5649 1164 5720 sagitta.

457 5723 572 5794 (17)
603 5724 863 5794 ltajacet
893 5723 953 5778 in
978 5721 1367 5794 membranis,
1401 5722 1553 5794 quod
1587 5737 1660 5777 ne
1689 5720 1920 5779 dubites
1951 5737 2042 5794 re-

382 5792 725 5862 ctum'esse,
758 5799 862 5850 aut
909 5793 1104 5851 saltim
1135 5792 1246 5847 τῶν
1300 5792 1627 5866 βασιλικῶν,
1669 5793 2048 5866 persuadebit

2189 5432 2322 5514 aulo
2373 5437 2522 5506 post,
2573 5434 2671 5490 ubi
2718 5433 2746 5486 6
2789 5437 2897 5488 τῶν
2953 5433 3254 5508 βασιλικῶν
3305 5437 3799 5510 πρωτοσπαθάριος

2171 5511 2516 5652 Θῗίῐὲἶῖιηο
2566 5593 2700 5652 vero
2751 5574 2998 5650 συρέντος
3057 5576 3463 5652 ἐφελκομένου,
3498 5587 3796 5652 contracta,

2149 5649 2372 5724 reducto
2401 5649 2538 5724 veto.
2565 5649 2748 5706 Nemo
2777 5649 2934 5707 enim
2960 5649 3186 5724 ingredi
3217 5649 3406 5724 potest
3440 5649 3618 5724 βήλου
3641 5667 3802 5705 nica-

2155 5716 2389 5790 σθέντος,
2421 5721 2540 5777 veto
2568 5737 2824 5792 expanso.
