  <div class='ocr_page' id='page_1' title='image "/cluster/home/n/w/nwhite01/storage/ocr_20150623/112:no.1/coo.31924054870161/659.png"; bbox 0 0 4124 6414; ppageno 0'>
   <div class='ocr_carea' id='block_1_1' title="bbox 379 409 2034 492">
    <p class='ocr_par' dir='ltr' id='par_1_1' title="bbox 379 409 2034 480">
     <span class='ocr_line' id='line_1_1' title="bbox 379 409 2034 480; baseline -0.007 0"><span class='ocrx_word' id='word_1_1' title='bbox 379 416 535 480; x_wconf 86' lang='grc'><strong>1303</strong></span> <span class='ocrx_word' id='word_1_2' title='bbox 628 466 638 478; x_wconf 95' lang='grc'><em>.</em></span> <span class='ocrx_word' id='word_1_3' title='bbox 1421 409 1944 472; x_wconf 82' lang='lat' dir='ltr'><strong>CONSTANTINI</strong></span> <span class='ocrx_word' id='word_1_4' title='bbox 1989 411 2034 469; x_wconf 89' lang='lat' dir='ltr'><strong><em>P</em></strong></span> 
     </span>
    </p>
   </div>
   <div class='ocr_carea' id='block_1_2' title="bbox 2144 409 3798 492">
    <p class='ocr_par' dir='ltr' id='par_1_2' title="bbox 2145 410 3798 474">
     <span class='ocr_line' id='line_1_2' title="bbox 2145 410 3798 474; baseline -0.002 -4"><span class='ocrx_word' id='word_1_5' title='bbox 2145 410 2464 474; x_wconf 88' lang='lat' dir='ltr'><strong>PHYROG</strong></span> <span class='ocrx_word' id='word_1_6' title='bbox 2475 414 2680 474; x_wconf 79' lang='lat' dir='ltr'><strong>ENITI</strong></span> <span class='ocrx_word' id='word_1_7' title='bbox 3629 411 3798 473; x_wconf 75' lang='grc'><strong>1304</strong></span> 
     </span>
    </p>
   </div>
   <div class='ocr_carea' id='block_1_3' title="bbox 373 544 2034 626">
    <p class='ocr_par' dir='ltr' id='par_1_3' title="bbox 373 545 2018 626">
     <span class='ocr_line' id='line_1_3' title="bbox 373 545 2018 626; baseline -0.005 -16"><span class='ocrx_word' id='word_1_8' title='bbox 373 549 856 626; x_wconf 86' lang='lat' dir='ltr'><strong>protospathariis</strong></span> <span class='ocrx_word' id='word_1_9' title='bbox 886 546 1173 605; x_wconf 85' lang='lat' dir='ltr'><strong>eunuchis</strong></span> <span class='ocrx_word' id='word_1_10' title='bbox 1190 545 1776 620; x_wconf 74' lang='lat' dir='ltr'><strong>24,protospathariis</strong></span> <span class='ocrx_word' id='word_1_11' title='bbox 1809 547 2018 602; x_wconf 86' lang='lat' dir='ltr'><strong>barba-</strong></span> 
     </span>
    </p>
   </div>
   <div class='ocr_carea' id='block_1_4' title="bbox 2144 544 3796 626">
    <p class='ocr_par' dir='ltr' id='par_1_4' title="bbox 2144 544 3796 622">
     <span class='ocr_line' id='line_1_4' title="bbox 2144 544 3796 622; baseline 0.001 -24"><span class='ocrx_word' id='word_1_12' title='bbox 2144 547 2652 622; x_wconf 78' lang='grc' dir='ltr'>πρωτοσπαθαρίοις</span> <span class='ocrx_word' id='word_1_13' title='bbox 2713 547 3003 622; x_wconf 79' lang='grc' dir='ltr'>εὐνούχοις</span> <span class='ocrx_word' id='word_1_14' title='bbox 3063 544 3160 614; x_wconf 70' lang='grc' dir='ltr'>κδ’,</span> <span class='ocrx_word' id='word_1_15' title='bbox 3215 550 3330 606; x_wconf 89' lang='grc' dir='ltr'>τοῖς</span> <span class='ocrx_word' id='word_1_16' title='bbox 3389 546 3796 618; x_wconf 82' lang='grc' dir='ltr'>πρωτοσπαθα-</span> 
     </span>
    </p>
   </div>
   <div class='ocr_carea' id='block_1_5' title="bbox 374 630 2034 714">
    <p class='ocr_par' dir='ltr' id='par_1_5' title="bbox 374 636 2023 714">
     <span class='ocr_line' id='line_1_5' title="bbox 374 636 2023 714; baseline -0.006 -14"><span class='ocrx_word' id='word_1_17' title='bbox 374 645 444 701; x_wconf 90' lang='lat' dir='ltr'><strong>tis</strong></span> <span class='ocrx_word' id='word_1_18' title='bbox 471 646 563 713; x_wconf 76' lang='lat'>24,</span> <span class='ocrx_word' id='word_1_19' title='bbox 597 645 877 714; x_wconf 89' lang='lat' dir='ltr'><strong>catepano</strong></span> <span class='ocrx_word' id='word_1_20' title='bbox 909 638 1318 706; x_wconf 81' lang='lat' dir='ltr'><strong>18,domestico</strong></span> <span class='ocrx_word' id='word_1_21' title='bbox 1340 637 1733 709; x_wconf 89' lang='lat' dir='ltr'><strong>imperialium</strong></span> <span class='ocrx_word' id='word_1_22' title='bbox 1766 637 1820 703; x_wconf 91' lang='lat'><strong>6,</strong></span> <span class='ocrx_word' id='word_1_23' title='bbox 1840 636 2023 708; x_wconf 66' lang='lat' dir='ltr'><strong>papize</strong></span> 
     </span>
    </p>
   </div>
   <div class='ocr_carea' id='block_1_6' title="bbox 2144 630 3794 714">
    <p class='ocr_par' dir='ltr' id='par_1_6' title="bbox 2144 630 3794 710">
     <span class='ocr_line' id='line_1_6' title="bbox 2144 630 3794 710; baseline 0 -22"><span class='ocrx_word' id='word_1_24' title='bbox 2144 634 2273 696; x_wconf 80' lang='grc' dir='ltr'>&gt;ίοις</span> <span class='ocrx_word' id='word_1_25' title='bbox 2307 631 2602 710; x_wconf 76' lang='grc' dir='ltr'>βαρόάτοις</span> <span class='ocrx_word' id='word_1_26' title='bbox 2633 633 2732 707; x_wconf 80' lang='grc' dir='ltr'>κδ’,</span> <span class='ocrx_word' id='word_1_27' title='bbox 2765 642 2844 710; x_wconf 79' lang='grc' dir='ltr'>τῷ</span> <span class='ocrx_word' id='word_1_28' title='bbox 2874 635 3156 692; x_wconf 85' lang='grc' dir='ltr'>κατεπάνω</span> <span class='ocrx_word' id='word_1_29' title='bbox 3201 636 3292 705; x_wconf 85' lang='grc' dir='ltr'>ιη’,</span> <span class='ocrx_word' id='word_1_30' title='bbox 3344 639 3423 705; x_wconf 82' lang='grc' dir='ltr'>τῷ</span> <span class='ocrx_word' id='word_1_31' title='bbox 3475 630 3794 707; x_wconf 83' lang='grc' dir='ltr'>δομεστικῳ</span> 
     </span>
    </p>
   </div>
   <div class='ocr_carea' id='block_1_7' title="bbox 372 721 2034 800">
    <p class='ocr_par' dir='ltr' id='par_1_7' title="bbox 372 726 2022 800">
     <span class='ocr_line' id='line_1_7' title="bbox 372 726 2022 800; baseline -0.006 -10"><span class='ocrx_word' id='word_1_32' title='bbox 372 739 429 791; x_wconf 91' lang='lat' dir='ltr'><strong>et</strong></span> <span class='ocrx_word' id='word_1_33' title='bbox 459 734 697 790; x_wconf 88' lang='lat' dir='ltr'><strong>deutero</strong></span> <span class='ocrx_word' id='word_1_34' title='bbox 727 733 782 788; x_wconf 87' lang='lat'><strong>6.</strong></span> <span class='ocrx_word' id='word_1_35' title='bbox 803 731 863 786; x_wconf 90' lang='lat' dir='ltr'><strong>Si</strong></span> <span class='ocrx_word' id='word_1_36' title='bbox 891 745 1026 787; x_wconf 88' lang='lat' dir='ltr'><strong>vero</strong></span> <span class='ocrx_word' id='word_1_37' title='bbox 1056 730 1114 783; x_wconf 88' lang='lat' dir='ltr'><strong>in</strong></span> <span class='ocrx_word' id='word_1_38' title='bbox 1148 727 1598 800; x_wconf 80' lang='lat' dir='ltr'><strong>cbrysotriclinii</strong></span> <span class='ocrx_word' id='word_1_39' title='bbox 1633 726 2022 781; x_wconf 82' lang='lat' dir='ltr'><strong>ministerium</strong></span> 
     </span>
    </p>
   </div>
   <div class='ocr_carea' id='block_1_8' title="bbox 2144 721 3794 800">
    <p class='ocr_par' dir='ltr' id='par_1_8' title="bbox 2144 721 3794 799">
     <span class='ocr_line' id='line_1_8' title="bbox 2144 721 3794 799; baseline -0.002 -22"><span class='ocrx_word' id='word_1_40' title='bbox 2144 729 2234 778; x_wconf 79' lang='grc' dir='ltr'><strong>τῶν</strong></span> <span class='ocrx_word' id='word_1_41' title='bbox 2270 725 2571 799; x_wconf 70' lang='grc' dir='ltr'><strong>βασιλικῶν</strong></span> <span class='ocrx_word' id='word_1_42' title='bbox 2611 733 2674 796; x_wconf 81' lang='grc' dir='ltr'>ς’,</span> <span class='ocrx_word' id='word_1_43' title='bbox 2707 731 2785 798; x_wconf 80' lang='grc' dir='ltr'>τῷ</span> <span class='ocrx_word' id='word_1_44' title='bbox 2831 726 3005 798; x_wconf 76' lang='grc' dir='ltr'>παπίᾳ</span> <span class='ocrx_word' id='word_1_45' title='bbox 3042 724 3132 780; x_wconf 85' lang='grc' dir='ltr'><strong>καὶ</strong></span> <span class='ocrx_word' id='word_1_46' title='bbox 3187 727 3268 796; x_wconf 80' lang='grc' dir='ltr'>τῷ</span> <span class='ocrx_word' id='word_1_47' title='bbox 3323 721 3554 798; x_wconf 75' lang='grc' dir='ltr'><strong>δευτέρῳ</strong></span> <span class='ocrx_word' id='word_1_48' title='bbox 3605 724 3666 786; x_wconf 84' lang='grc' dir='ltr'><strong>ς’.</strong></span> <span class='ocrx_word' id='word_1_49' title='bbox 3723 721 3794 779; x_wconf 69' lang='lat' dir='ltr'><strong>Ei</strong></span> 
     </span>
    </p>
   </div>
   <div class='ocr_carea' id='block_1_9' title="bbox 373 809 2034 892">
    <p class='ocr_par' dir='ltr' id='par_1_9' title="bbox 373 815 2026 892">
     <span class='ocr_line' id='line_1_9' title="bbox 373 815 2026 892; baseline -0.006 -12"><span class='ocrx_word' id='word_1_50' title='bbox 373 824 704 880; x_wconf 84' lang='lat' dir='ltr'><strong>ascribatur</strong></span> <span class='ocrx_word' id='word_1_51' title='bbox 734 823 982 892; x_wconf 83' lang='lat' dir='ltr'><strong>ejusque</strong></span> <span class='ocrx_word' id='word_1_52' title='bbox 1018 817 1500 890; x_wconf 86' lang='lat' dir='ltr'><strong>protospathariis</strong></span> <span class='ocrx_word' id='word_1_53' title='bbox 1529 817 1905 887; x_wconf 85' lang='lat' dir='ltr'><strong>adjungatur,</strong></span> <span class='ocrx_word' id='word_1_54' title='bbox 1926 815 2026 870; x_wconf 89' lang='lat' dir='ltr'><strong>dat</strong></span> 
     </span>
    </p>
   </div>
   <div class='ocr_carea' id='block_1_10' title="bbox 2144 809 3790 892">
    <p class='ocr_par' dir='ltr' id='par_1_10' title="bbox 2144 809 3790 890">
     <span class='ocr_line' id='line_1_10' title="bbox 2144 809 3790 890; baseline 0 -24"><span class='ocrx_word' id='word_1_55' title='bbox 2144 810 2188 866; x_wconf 63' lang='grc' dir='ltr'>δὲ</span> <span class='ocrx_word' id='word_1_56' title='bbox 2224 813 2300 875; x_wconf 77' lang='grc' dir='ltr'>εἰς</span> <span class='ocrx_word' id='word_1_57' title='bbox 2343 816 2434 868; x_wconf 78' lang='grc' dir='ltr'>τὸν</span> <span class='ocrx_word' id='word_1_58' title='bbox 2485 814 2942 890; x_wconf 83' lang='grc' dir='ltr'>χρυσοτρίκλινον</span> <span class='ocrx_word' id='word_1_59' title='bbox 2992 811 3300 889; x_wconf 72' lang='grc' dir='ltr'><strong>παραδοθῇ,</strong></span> <span class='ocrx_word' id='word_1_60' title='bbox 3356 816 3435 884; x_wconf 76' lang='grc' dir='ltr'>τῷ</span> <span class='ocrx_word' id='word_1_61' title='bbox 3482 811 3657 882; x_wconf 80' lang='grc' dir='ltr'>παπίᾳ</span> <span class='ocrx_word' id='word_1_62' title='bbox 3703 809 3790 866; x_wconf 81' lang='grc' dir='ltr'><strong>δί-</strong></span> 
     </span>
    </p>
   </div>
   <div class='ocr_carea' id='block_1_11' title="bbox 378 903 2024 984">
    <p class='ocr_par' dir='ltr' id='par_1_11' title="bbox 378 903 2024 984">
     <span class='ocr_line' id='line_1_11' title="bbox 378 903 2024 984; baseline -0.007 -16"><span class='ocrx_word' id='word_1_63' title='bbox 378 913 563 984; x_wconf 69' lang='grc' dir='ltr'>ρειρὶιο</span> <span class='ocrx_word' id='word_1_64' title='bbox 592 912 684 968; x_wconf 90' lang='lat'>24.</span> <span class='ocrx_word' id='word_1_65' title='bbox 715 903 1075 976; x_wconf 84' lang='lat' dir='ltr'><strong>Tenendum,</strong></span> <span class='ocrx_word' id='word_1_66' title='bbox 1109 907 1157 962; x_wconf 93' lang='lat' dir='ltr'><strong>si</strong></span> <span class='ocrx_word' id='word_1_67' title='bbox 1203 907 1338 978; x_wconf 91' lang='lat' dir='ltr'><strong>quis</strong></span> <span class='ocrx_word' id='word_1_68' title='bbox 1371 921 1572 962; x_wconf 87' lang='lat' dir='ltr'><strong>eorum</strong></span> <span class='ocrx_word' id='word_1_69' title='bbox 1606 905 1675 960; x_wconf 88' lang='lat' dir='ltr'><strong>ad</strong></span> <span class='ocrx_word' id='word_1_70' title='bbox 1727 903 2024 959; x_wconf 88' lang='lat' dir='ltr'><strong>demarchi</strong></span> 
     </span>
    </p>
   </div>
   <div class='ocr_carea' id='block_1_12' title="bbox 375 993 2025 1074">
    <p class='ocr_par' dir='ltr' id='par_1_12' title="bbox 375 993 2025 1074">
     <span class='ocr_line' id='line_1_12' title="bbox 375 993 2025 1074; baseline -0.008 -16"><span class='ocrx_word' id='word_1_71' title='bbox 375 1001 720 1074; x_wconf 88' lang='lat' dir='ltr'><strong>dignitatem</strong></span> <span class='ocrx_word' id='word_1_72' title='bbox 772 999 1074 1061; x_wconf 87' lang='lat' dir='ltr'><strong>evehatur,</strong></span> <span class='ocrx_word' id='word_1_73' title='bbox 1123 997 1261 1051; x_wconf 89' lang='lat' dir='ltr'><strong>dare</strong></span> <span class='ocrx_word' id='word_1_74' title='bbox 1309 993 1637 1066; x_wconf 73' lang='lat' dir='ltr'><strong>praepositis</strong></span> <span class='ocrx_word' id='word_1_75' title='bbox 1686 993 1904 1049; x_wconf 90' lang='lat' dir='ltr'><strong>solidos</strong></span> <span class='ocrx_word' id='word_1_76' title='bbox 1933 993 2025 1060; x_wconf 92' lang='lat'>72,</span> 
     </span>
    </p>
   </div>
   <div class='ocr_carea' id='block_1_13' title="bbox 375 1083 2030 1164">
    <p class='ocr_par' dir='ltr' id='par_1_13' title="bbox 375 1083 2030 1164">
     <span class='ocr_line' id='line_1_13' title="bbox 375 1083 2030 1164; baseline -0.006 -17"><span class='ocrx_word' id='word_1_77' title='bbox 375 1091 595 1164; x_wconf 89' lang='lat' dir='ltr'><strong>pariter</strong></span> <span class='ocrx_word' id='word_1_78' title='bbox 608 1091 776 1146; x_wconf 92' lang='lat' dir='ltr'><strong>etiam</strong></span> <span class='ocrx_word' id='word_1_79' title='bbox 796 1087 1263 1143; x_wconf 88' lang='lat' dir='ltr'><strong>cerimoniarium</strong></span> <span class='ocrx_word' id='word_1_80' title='bbox 1282 1084 1492 1140; x_wconf 86' lang='lat' dir='ltr'><strong>iisdem</strong></span> <span class='ocrx_word' id='word_1_81' title='bbox 1512 1083 1877 1139; x_wconf 82' lang='lat' dir='ltr'><strong>tantumdem</strong></span> <span class='ocrx_word' id='word_1_82' title='bbox 1892 1098 2030 1153; x_wconf 91' lang='lat' dir='ltr'><strong>pen-</strong></span> 
     </span>
    </p>
   </div>
   <div class='ocr_carea' id='block_1_14' title="bbox 375 1173 2029 1247">
    <p class='ocr_par' dir='ltr' id='par_1_14' title="bbox 375 1173 2029 1247">
     <span class='ocr_line' id='line_1_14' title="bbox 375 1173 2029 1247; baseline -0.004 -12"><span class='ocrx_word' id='word_1_83' title='bbox 375 1176 894 1235; x_wconf 88' lang='lat' dir='ltr'><strong>dere.Duodecima</strong></span> <span class='ocrx_word' id='word_1_84' title='bbox 915 1175 1172 1247; x_wconf 90' lang='lat' dir='ltr'><strong>dignitas</strong></span> <span class='ocrx_word' id='word_1_85' title='bbox 1203 1181 1285 1230; x_wconf 88' lang='lat' dir='ltr'><strong>est</strong></span> <span class='ocrx_word' id='word_1_86' title='bbox 1308 1173 1721 1245; x_wconf 89' lang='lat' dir='ltr'><strong>spectabilium</strong></span> <span class='ocrx_word' id='word_1_87' title='bbox 1758 1173 2029 1242; x_wconf 88' lang='lat' dir='ltr'><strong>patricio-</strong></span> 
     </span>
    </p>
   </div>
   <div class='ocr_carea' id='block_1_15' title="bbox 376 1263 2032 1338">
    <p class='ocr_par' dir='ltr' id='par_1_15' title="bbox 376 1263 2032 1338">
     <span class='ocr_line' id='line_1_15' title="bbox 376 1263 2032 1338; baseline -0.005 -13"><span class='ocrx_word' id='word_1_88' title='bbox 376 1286 528 1338; x_wconf 89' lang='lat' dir='ltr'><strong>rum,</strong></span> <span class='ocrx_word' id='word_1_89' title='bbox 546 1268 717 1338; x_wconf 89' lang='lat' dir='ltr'><strong>cujus</strong></span> <span class='ocrx_word' id='word_1_90' title='bbox 747 1267 1030 1322; x_wconf 87' lang='lat' dir='ltr'><strong>brabeum</strong></span> <span class='ocrx_word' id='word_1_91' title='bbox 1065 1270 1202 1321; x_wconf 90' lang='lat' dir='ltr'><strong>sunt</strong></span> <span class='ocrx_word' id='word_1_92' title='bbox 1231 1264 1442 1320; x_wconf 63' lang='lat' dir='ltr'><strong>tabulae</strong></span> <span class='ocrx_word' id='word_1_93' title='bbox 1472 1265 1741 1320; x_wconf 71' lang='lat' dir='ltr'><strong>eburneae</strong></span> <span class='ocrx_word' id='word_1_94' title='bbox 1773 1280 1906 1318; x_wconf 90' lang='lat' dir='ltr'><strong>cum</strong></span> <span class='ocrx_word' id='word_1_95' title='bbox 1939 1263 2032 1316; x_wconf 90' lang='lat' dir='ltr'><strong>in-</strong></span> 
     </span>
    </p>
   </div>
   <div class='ocr_carea' id='block_1_16' title="bbox 376 1351 2030 1427">
    <p class='ocr_par' dir='ltr' id='par_1_16' title="bbox 376 1351 2030 1427">
     <span class='ocr_line' id='line_1_16' title="bbox 376 1351 2030 1427; baseline -0.005 -12"><span class='ocrx_word' id='word_1_96' title='bbox 376 1365 473 1416; x_wconf 87' lang='lat' dir='ltr'><strong>tus</strong></span> <span class='ocrx_word' id='word_1_97' title='bbox 499 1358 753 1414; x_wconf 90' lang='lat' dir='ltr'><strong>conditis</strong></span> <span class='ocrx_word' id='word_1_98' title='bbox 804 1354 1089 1412; x_wconf 86' lang='lat' dir='ltr'><strong>codicillis</strong></span> <span class='ocrx_word' id='word_1_99' title='bbox 1122 1354 1462 1427; x_wconf 82' lang='lat' dir='ltr'><strong>perscriptis</strong></span> <span class='ocrx_word' id='word_1_100' title='bbox 1493 1355 1563 1408; x_wconf 91' lang='lat' dir='ltr'><strong>ad</strong></span> <span class='ocrx_word' id='word_1_101' title='bbox 1599 1355 1831 1408; x_wconf 90' lang='lat' dir='ltr'><strong>modum</strong></span> <span class='ocrx_word' id='word_1_102' title='bbox 1867 1351 2030 1423; x_wconf 83' lang='lat' dir='ltr'><strong>legis,</strong></span> 
     </span>
    </p>
   </div>
   <div class='ocr_carea' id='block_1_17' title="bbox 379 1441 2032 1521">
    <p class='ocr_par' dir='ltr' id='par_1_17' title="bbox 379 1441 2032 1521">
     <span class='ocr_line' id='line_1_17' title="bbox 379 1441 2032 1521; baseline -0.005 -17"><span class='ocrx_word' id='word_1_103' title='bbox 379 1465 524 1521; x_wconf 90' lang='lat' dir='ltr'><strong>quas</strong></span> <span class='ocrx_word' id='word_1_104' title='bbox 556 1463 700 1504; x_wconf 85' lang='lat' dir='ltr'><strong>novo</strong></span> <span class='ocrx_word' id='word_1_105' title='bbox 742 1446 986 1517; x_wconf 88' lang='lat' dir='ltr'><strong>patricio</strong></span> <span class='ocrx_word' id='word_1_106' title='bbox 1017 1444 1331 1514; x_wconf 81' lang='lat' dir='ltr'><strong>imperator</strong></span> <span class='ocrx_word' id='word_1_107' title='bbox 1379 1443 1504 1514; x_wconf 93' lang='lat' dir='ltr'><strong>ipse</strong></span> <span class='ocrx_word' id='word_1_108' title='bbox 1552 1443 1813 1514; x_wconf 81' lang='lat' dir='ltr'><strong>porrigit.</strong></span> <span class='ocrx_word' id='word_1_109' title='bbox 1847 1441 2032 1497; x_wconf 72' lang='lat' dir='ltr'><strong>Costo-</strong></span> 
     </span>
    </p>
   </div>
   <div class='ocr_carea' id='block_1_18' title="bbox 380 1529 2035 1606">
    <p class='ocr_par' dir='ltr' id='par_1_18' title="bbox 380 1529 2035 1606">
     <span class='ocr_line' id='line_1_18' title="bbox 380 1529 2035 1606; baseline -0.004 -15"><span class='ocrx_word' id='word_1_110' title='bbox 380 1535 541 1606; x_wconf 90' lang='lat' dir='ltr'><strong>nitis,</strong></span> <span class='ocrx_word' id='word_1_111' title='bbox 575 1537 627 1591; x_wconf 90' lang='lat' dir='ltr'><strong>si</strong></span> <span class='ocrx_word' id='word_1_112' title='bbox 658 1535 806 1589; x_wconf 83' lang='lat' dir='ltr'><strong>forte</strong></span> <span class='ocrx_word' id='word_1_113' title='bbox 837 1534 909 1587; x_wconf 92' lang='lat' dir='ltr'><strong>ab</strong></span> <span class='ocrx_word' id='word_1_114' title='bbox 940 1532 1086 1603; x_wconf 89' lang='lat' dir='ltr'><strong>ipsis</strong></span> <span class='ocrx_word' id='word_1_115' title='bbox 1125 1531 1176 1586; x_wconf 90' lang='lat' dir='ltr'><strong>ei</strong></span> <span class='ocrx_word' id='word_1_116' title='bbox 1228 1531 1684 1602; x_wconf 68' lang='lat' dir='ltr'><strong>praenuntiatum</strong></span> <span class='ocrx_word' id='word_1_117' title='bbox 1737 1530 1910 1585; x_wconf 77' lang='lat' dir='ltr'><strong>fuerit</strong></span> <span class='ocrx_word' id='word_1_118' title='bbox 1941 1529 2035 1600; x_wconf 91' lang='lat' dir='ltr'><strong>[de</strong></span> 
     </span>
    </p>
   </div>
   <div class='ocr_carea' id='block_1_19' title="bbox 382 1617 2034 1693">
    <p class='ocr_par' dir='ltr' id='par_1_19' title="bbox 382 1617 2034 1693">
     <span class='ocr_line' id='line_1_19' title="bbox 382 1617 2034 1693; baseline -0.005 -12"><span class='ocrx_word' id='word_1_119' title='bbox 382 1641 530 1681; x_wconf 81' lang='lat' dir='ltr'><strong>novo</strong></span> <span class='ocrx_word' id='word_1_120' title='bbox 562 1623 782 1679; x_wconf 86' lang='lat' dir='ltr'><strong>honore</strong></span> <span class='ocrx_word' id='word_1_121' title='bbox 814 1621 923 1693; x_wconf 90' lang='lat' dir='ltr'><strong>ipsi</strong></span> <span class='ocrx_word' id='word_1_122' title='bbox 954 1620 1271 1691; x_wconf 89' lang='lat' dir='ltr'><strong>destinato]</strong></span> <span class='ocrx_word' id='word_1_123' title='bbox 1298 1620 1398 1675; x_wconf 90' lang='lat' dir='ltr'><strong>dat</strong></span> <span class='ocrx_word' id='word_1_124' title='bbox 1426 1619 1590 1674; x_wconf 90' lang='lat' dir='ltr'><strong>litras</strong></span> <span class='ocrx_word' id='word_1_125' title='bbox 1618 1620 1736 1688; x_wconf 88' lang='lat' dir='ltr'><strong>2,et</strong></span> <span class='ocrx_word' id='word_1_126' title='bbox 1760 1617 2034 1690; x_wconf 82' lang='lat' dir='ltr'><strong>praeposi-</strong></span> 
     </span>
    </p>
   </div>
   <div class='ocr_carea' id='block_1_20' title="bbox 385 1706 2037 1781">
    <p class='ocr_par' dir='ltr' id='par_1_20' title="bbox 385 1706 2037 1781">
     <span class='ocr_line' id='line_1_20' title="bbox 385 1706 2037 1781; baseline -0.006 -11"><span class='ocrx_word' id='word_1_127' title='bbox 385 1711 758 1781; x_wconf 87' lang='lat' dir='ltr'><strong>tis,cubioulo</strong></span> <span class='ocrx_word' id='word_1_128' title='bbox 789 1715 844 1766; x_wconf 89' lang='lat' dir='ltr'><strong>et</strong></span> <span class='ocrx_word' id='word_1_129' title='bbox 868 1710 1112 1781; x_wconf 89' lang='lat' dir='ltr'><strong>reliquis</strong></span> <span class='ocrx_word' id='word_1_130' title='bbox 1144 1726 1248 1781; x_wconf 92' lang='lat' dir='ltr'><strong>pro</strong></span> <span class='ocrx_word' id='word_1_131' title='bbox 1266 1709 1610 1781; x_wconf 89' lang='lat' dir='ltr'><strong>apoeombio</strong></span> <span class='ocrx_word' id='word_1_132' title='bbox 1641 1724 1741 1764; x_wconf 89' lang='lat' dir='ltr'><strong>seu</strong></span> <span class='ocrx_word' id='word_1_133' title='bbox 1774 1706 2037 1778; x_wconf 79' lang='lat' dir='ltr'><strong>sportula</strong></span> 
     </span>
    </p>
   </div>
   <div class='ocr_carea' id='block_1_21' title="bbox 382 1797 2035 1870">
    <p class='ocr_par' dir='ltr' id='par_1_21' title="bbox 382 1797 2035 1870">
     <span class='ocr_line' id='line_1_21' title="bbox 382 1797 2035 1870; baseline -0.004 -12"><span class='ocrx_word' id='word_1_134' title='bbox 382 1801 509 1858; x_wconf 87' lang='lat' dir='ltr'><strong>auri</strong></span> <span class='ocrx_word' id='word_1_135' title='bbox 556 1800 726 1856; x_wconf 91' lang='lat' dir='ltr'><strong>litras</strong></span> <span class='ocrx_word' id='word_1_136' title='bbox 773 1801 828 1856; x_wconf 94' lang='lat'><strong>8.</strong></span> <span class='ocrx_word' id='word_1_137' title='bbox 881 1800 1262 1855; x_wconf 89' lang='lat' dir='ltr'><strong>Tantumdem</strong></span> <span class='ocrx_word' id='word_1_138' title='bbox 1315 1799 1529 1870; x_wconf 88' lang='lat' dir='ltr'><strong>pendet</strong></span> <span class='ocrx_word' id='word_1_139' title='bbox 1573 1807 1689 1854; x_wconf 85' lang='lat' dir='ltr'><strong>tam</strong></span> <span class='ocrx_word' id='word_1_140' title='bbox 1747 1797 2035 1861; x_wconf 82' lang='lat' dir='ltr'><strong>ofﬁcialis,</strong></span> 
     </span>
    </p>
   </div>
   <div class='ocr_carea' id='block_1_22' title="bbox 2133 900 3791 978">
    <p class='ocr_par' dir='ltr' id='par_1_22' title="bbox 2133 900 3791 978">
     <span class='ocr_line' id='line_1_22' title="bbox 2133 900 3791 978; baseline -0.001 -21"><span class='ocrx_word' id='word_1_141' title='bbox 2133 900 2264 957; x_wconf 83' lang='grc' dir='ltr'>δωσι</span> <span class='ocrx_word' id='word_1_142' title='bbox 2299 901 2396 961; x_wconf 75' lang='grc' dir='ltr'>κδ’.</span> <span class='ocrx_word' id='word_1_143' title='bbox 2449 905 2644 963; x_wconf 82' lang='grc' dir='ltr'>Ἰστέον</span> <span class='ocrx_word' id='word_1_144' title='bbox 2696 903 2772 974; x_wconf 79' lang='grc' dir='ltr'>δὲ,</span> <span class='ocrx_word' id='word_1_145' title='bbox 2827 905 2910 960; x_wconf 78' lang='grc' dir='ltr'><strong>ὅτι</strong></span> <span class='ocrx_word' id='word_1_146' title='bbox 2951 905 3062 973; x_wconf 83' lang='grc' dir='ltr'>καὶ,</span> <span class='ocrx_word' id='word_1_147' title='bbox 3121 902 3416 978; x_wconf 71' lang='grc' dir='ltr'>δήμαρχος</span> <span class='ocrx_word' id='word_1_148' title='bbox 3472 902 3517 956; x_wconf 79' lang='grc' dir='ltr'>εἰ</span> <span class='ocrx_word' id='word_1_149' title='bbox 3572 903 3791 976; x_wconf 78' lang='grc' dir='ltr'>τιμηθῇ</span> 
     </span>
    </p>
   </div>
   <div class='ocr_carea' id='block_1_23' title="bbox 2133 990 3792 1069">
    <p class='ocr_par' dir='ltr' id='par_1_23' title="bbox 2133 990 3792 1069">
     <span class='ocr_line' id='line_1_23' title="bbox 2133 990 3792 1069; baseline 0.001 -25"><span class='ocrx_word' id='word_1_150' title='bbox 2133 990 2182 1063; x_wconf 80' lang='grc' dir='ltr'>ἐξ</span> <span class='ocrx_word' id='word_1_151' title='bbox 2217 991 2391 1047; x_wconf 79' lang='grc' dir='ltr'>αὐτῶν</span> <span class='ocrx_word' id='word_1_152' title='bbox 2419 1015 2524 1066; x_wconf 80' lang='grc' dir='ltr'>τις,</span> <span class='ocrx_word' id='word_1_153' title='bbox 2586 993 2721 1050; x_wconf 85' lang='grc' dir='ltr'>δίδει</span> <span class='ocrx_word' id='word_1_154' title='bbox 2782 1001 2899 1056; x_wconf 86' lang='grc' dir='ltr'>τοῖς</span> <span class='ocrx_word' id='word_1_155' title='bbox 2960 995 3343 1069; x_wconf 83' lang='grc' dir='ltr'>πραιποσίτοις</span> <span class='ocrx_word' id='word_1_156' title='bbox 3391 992 3491 1065; x_wconf 72' lang='grc' dir='ltr'>οβ’.</span> <span class='ocrx_word' id='word_1_157' title='bbox 3544 991 3792 1064; x_wconf 75' lang='grc' dir='ltr'>Ὁμοίως</span> 
     </span>
    </p>
   </div>
   <div class='ocr_carea' id='block_1_24' title="bbox 2136 1080 3792 1157">
    <p class='ocr_par' dir='ltr' id='par_1_24' title="bbox 2136 1080 3792 1157">
     <span class='ocr_line' id='line_1_24' title="bbox 2136 1080 3792 1157; baseline 0.002 -24"><span class='ocrx_word' id='word_1_158' title='bbox 2136 1081 2224 1137; x_wconf 78' lang='grc' dir='ltr'><strong>καὶ</strong></span> <span class='ocrx_word' id='word_1_159' title='bbox 2259 1082 2286 1136; x_wconf 81' lang='grc' dir='ltr'><strong>ὁ</strong></span> <span class='ocrx_word' id='word_1_160' title='bbox 2316 1089 2416 1151; x_wconf 83' lang='grc' dir='ltr'>τῆς</span> <span class='ocrx_word' id='word_1_161' title='bbox 2435 1087 2814 1147; x_wconf 78' lang='grc' dir='ltr'>καταστάσεως</span> <span class='ocrx_word' id='word_1_162' title='bbox 2843 1090 2962 1146; x_wconf 89' lang='grc' dir='ltr'>τοῖς</span> <span class='ocrx_word' id='word_1_163' title='bbox 3012 1084 3200 1143; x_wconf 81' lang='grc' dir='ltr'>αὐτοῖς</span> <span class='ocrx_word' id='word_1_164' title='bbox 3249 1080 3632 1157; x_wconf 82' lang='grc' dir='ltr'>πραιποσίτοις</span> <span class='ocrx_word' id='word_1_165' title='bbox 3681 1080 3792 1154; x_wconf 78' lang='grc' dir='ltr'>οβ’.</span> 
     </span>
    </p>
   </div>
   <div class='ocr_carea' id='block_1_25' title="bbox 2138 1168 3800 1247">
    <p class='ocr_par' dir='ltr' id='par_1_25' title="bbox 2138 1168 3800 1247">
     <span class='ocr_line' id='line_1_25' title="bbox 2138 1168 3800 1247; baseline 0 -23"><span class='ocrx_word' id='word_1_166' title='bbox 2138 1168 2426 1244; x_wconf 81' lang='grc' dir='ltr'>Δωδεκάτη</span> <span class='ocrx_word' id='word_1_167' title='bbox 2487 1176 2520 1242; x_wconf 79' lang='grc' dir='ltr'>ἡ</span> <span class='ocrx_word' id='word_1_168' title='bbox 2572 1179 2678 1229; x_wconf 78' lang='grc' dir='ltr'><strong>τῶν</strong></span> <span class='ocrx_word' id='word_1_169' title='bbox 2748 1169 3128 1247; x_wconf 75' lang='grc' dir='ltr'>περιϐλέπτων</span> <span class='ocrx_word' id='word_1_170' title='bbox 3169 1173 3470 1246; x_wconf 83' lang='grc' dir='ltr'>πατρικίων</span> <span class='ocrx_word' id='word_1_171' title='bbox 3530 1170 3673 1241; x_wconf 79' lang='grc' dir='ltr'>ἀξία,</span> <span class='ocrx_word' id='word_1_172' title='bbox 3725 1169 3800 1238; x_wconf 82' lang='grc' dir='ltr'>ἧς</span> 
     </span>
    </p>
   </div>
   <div class='ocr_carea' id='block_1_26' title="bbox 2142 1261 3800 1343">
    <p class='ocr_par' dir='ltr' id='par_1_26' title="bbox 2142 1261 3800 1343">
     <span class='ocr_line' id='line_1_26' title="bbox 2142 1261 3800 1343; baseline -0.001 -26"><span class='ocrx_word' id='word_1_173' title='bbox 2142 1265 2423 1341; x_wconf 74' lang='grc' dir='ltr'>βραερεῖον,</span> <span class='ocrx_word' id='word_1_174' title='bbox 2464 1265 2670 1329; x_wconf 78' lang='grc' dir='ltr'><strong>πλάκες</strong></span> <span class='ocrx_word' id='word_1_175' title='bbox 2702 1265 3038 1343; x_wconf 77' lang='grc' dir='ltr'>ἐλεφάντιναι</span> <span class='ocrx_word' id='word_1_176' title='bbox 3081 1261 3491 1336; x_wconf 69' lang='grc' dir='ltr'>κεκοσμημέναι</span> <span class='ocrx_word' id='word_1_177' title='bbox 3537 1262 3650 1334; x_wconf 77' lang='lat'>(3‘2)</span> <span class='ocrx_word' id='word_1_178' title='bbox 3701 1261 3800 1316; x_wconf 78' lang='grc' dir='ltr'><strong>σὺν</strong></span> 
     </span>
    </p>
   </div>
   <div class='ocr_carea' id='block_1_27' title="bbox 2138 1345 3792 1431">
    <p class='ocr_par' dir='ltr' id='par_1_27' title="bbox 2138 1345 3792 1431">
     <span class='ocr_line' id='line_1_27' title="bbox 2138 1345 3792 1431; baseline 0 -25"><span class='ocrx_word' id='word_1_179' title='bbox 2138 1351 2506 1416; x_wconf 83' lang='grc' dir='ltr'>κωδικέλλοις</span> <span class='ocrx_word' id='word_1_180' title='bbox 2537 1354 3004 1431; x_wconf 73' lang='grc' dir='ltr'>ἐγγεγραμμένοις</span> <span class='ocrx_word' id='word_1_181' title='bbox 3039 1353 3117 1414; x_wconf 70' lang='grc' dir='ltr'><strong>εἷς</strong></span> <span class='ocrx_word' id='word_1_182' title='bbox 3146 1353 3314 1408; x_wconf 75' lang='grc' dir='ltr'>τύπον</span> <span class='ocrx_word' id='word_1_183' title='bbox 3345 1356 3440 1406; x_wconf 79' lang='grc' dir='ltr'><strong>τοῦ</strong></span> <span class='ocrx_word' id='word_1_184' title='bbox 3460 1345 3631 1423; x_wconf 88' lang='grc' dir='ltr'>νόμου</span> <span class='ocrx_word' id='word_1_185' title='bbox 3654 1352 3792 1422; x_wconf 85' lang='grc'>(33),</span> 
     </span>
    </p>
   </div>
   <div class='ocr_carea' id='block_1_28' title="bbox 2140 1436 3796 1523">
    <p class='ocr_par' dir='ltr' id='par_1_28' title="bbox 2140 1436 3796 1523">
     <span class='ocr_line' id='line_1_28' title="bbox 2140 1436 3796 1523; baseline -0.002 -27"><span class='ocrx_word' id='word_1_186' title='bbox 2140 1440 2199 1496; x_wconf 84' lang='grc' dir='ltr'><strong>ἐκ</strong></span> <span class='ocrx_word' id='word_1_187' title='bbox 2257 1441 2550 1517; x_wconf 78' lang='grc' dir='ltr'>βασιλικῆς</span> <span class='ocrx_word' id='word_1_188' title='bbox 2611 1445 2800 1523; x_wconf 80' lang='grc' dir='ltr'>χειρὸς</span> <span class='ocrx_word' id='word_1_189' title='bbox 2860 1441 3213 1499; x_wconf 81' lang='grc' dir='ltr'>ἐπιδίδονται.</span> <span class='ocrx_word' id='word_1_190' title='bbox 3291 1440 3527 1516; x_wconf 78' lang='grc' dir='ltr'>Παρέχει</span> <span class='ocrx_word' id='word_1_191' title='bbox 3576 1436 3632 1494; x_wconf 76' lang='grc' dir='ltr'><strong>δὲ</strong></span> <span class='ocrx_word' id='word_1_192' title='bbox 3674 1443 3796 1500; x_wconf 80' lang='grc' dir='ltr'>τοῖς</span> 
     </span>
    </p>
   </div>
   <div class='ocr_carea' id='block_1_29' title="bbox 2141 1527 3802 1607">
    <p class='ocr_par' dir='ltr' id='par_1_29' title="bbox 2141 1527 3802 1607">
     <span class='ocr_line' id='line_1_29' title="bbox 2141 1527 3802 1607; baseline -0.001 -21"><span class='ocrx_word' id='word_1_193' title='bbox 2141 1534 2511 1602; x_wconf 82' lang='grc' dir='ltr'>κοιτωνίταις,</span> <span class='ocrx_word' id='word_1_194' title='bbox 2567 1535 2611 1588; x_wconf 85' lang='grc' dir='ltr'>εἰ</span> <span class='ocrx_word' id='word_1_195' title='bbox 2677 1533 2778 1607; x_wconf 74' lang='grc' dir='ltr'>ἄρα</span> <span class='ocrx_word' id='word_1_196' title='bbox 2846 1535 2937 1588; x_wconf 76' lang='grc' dir='ltr'><strong>καὶ</strong></span> <span class='ocrx_word' id='word_1_197' title='bbox 3010 1535 3224 1606; x_wconf 81' lang='grc' dir='ltr'>μηνυθῇ</span> <span class='ocrx_word' id='word_1_198' title='bbox 3283 1533 3420 1604; x_wconf 85' lang='grc'>(34),</span> <span class='ocrx_word' id='word_1_199' title='bbox 3484 1527 3674 1603; x_wconf 81' lang='grc' dir='ltr'>λίτρας</span> 
     </span>
    </p>
   </div>
   <div class='ocr_carea' id='block_1_30' title="bbox 2141 1618 3802 1696">
    <p class='ocr_par' dir='ltr' id='par_1_30' title="bbox 2141 1618 3802 1696">
     <span class='ocr_line' id='line_1_30' title="bbox 2141 1618 3802 1696; baseline -0.002 -21"><span class='ocrx_word' id='word_1_200' title='bbox 2141 1620 2236 1683; x_wconf 71' lang='grc' dir='ltr'><strong>Εἷς</strong></span> <span class='ocrx_word' id='word_1_201' title='bbox 2271 1619 2327 1676; x_wconf 72' lang='grc' dir='ltr'>δὲ</span> <span class='ocrx_word' id='word_1_202' title='bbox 2372 1623 2434 1677; x_wconf 85' lang='grc' dir='ltr'>τὸ</span> <span class='ocrx_word' id='word_1_203' title='bbox 2494 1618 2839 1695; x_wconf 74' lang='grc' dir='ltr'>ἀποκόμϐιον</span> <span class='ocrx_word' id='word_1_204' title='bbox 2903 1627 3024 1682; x_wconf 87' lang='grc' dir='ltr'>τοῖς</span> <span class='ocrx_word' id='word_1_205' title='bbox 3090 1619 3473 1696; x_wconf 76' lang='grc' dir='ltr'>πραιποσῖτοις</span> <span class='ocrx_word' id='word_1_206' title='bbox 3539 1619 3632 1672; x_wconf 80' lang='grc' dir='ltr'><strong>σὺν</strong></span> <span class='ocrx_word' id='word_1_207' title='bbox 3699 1621 3802 1672; x_wconf 80' lang='grc' dir='ltr'>τοῦ</span> 
     </span>
    </p>
   </div>
   <div class='ocr_carea' id='block_1_31' title="bbox 2141 1705 3802 1789">
    <p class='ocr_par' dir='ltr' id='par_1_31' title="bbox 2141 1705 3802 1789">
     <span class='ocr_line' id='line_1_31' title="bbox 2141 1705 3802 1789; baseline -0.002 -25"><span class='ocrx_word' id='word_1_208' title='bbox 2141 1705 2536 1766; x_wconf 77' lang='grc' dir='ltr'>κουϐουκλείου</span> <span class='ocrx_word' id='word_1_209' title='bbox 2599 1711 2688 1766; x_wconf 79' lang='grc' dir='ltr'><strong>καὶ</strong></span> <span class='ocrx_word' id='word_1_210' title='bbox 2756 1717 2872 1773; x_wconf 86' lang='grc' dir='ltr'>τοῖς</span> <span class='ocrx_word' id='word_1_211' title='bbox 2931 1711 3150 1772; x_wconf 81' lang='grc' dir='ltr'>λοιποῖς</span> <span class='ocrx_word' id='word_1_212' title='bbox 3207 1712 3416 1789; x_wconf 80' lang='grc' dir='ltr'>χρυσοῦ</span> <span class='ocrx_word' id='word_1_213' title='bbox 3477 1706 3666 1782; x_wconf 75' lang='grc' dir='ltr'>λίτρας</span> <span class='ocrx_word' id='word_1_214' title='bbox 3727 1713 3802 1777; x_wconf 77' lang='grc' dir='ltr'><strong>η’.</strong></span> 
     </span>
    </p>
   </div>
   <div class='ocr_carea' id='block_1_32' title="bbox 2141 1794 3803 1878">
    <p class='ocr_par' dir='ltr' id='par_1_32' title="bbox 2141 1794 3803 1878">
     <span class='ocr_line' id='line_1_32' title="bbox 2141 1794 3803 1878; baseline -0.001 -25"><span class='ocrx_word' id='word_1_215' title='bbox 2141 1805 2317 1856; x_wconf 79' lang='grc' dir='ltr'>Ταῦτα</span> <span class='ocrx_word' id='word_1_216' title='bbox 2349 1799 2406 1856; x_wconf 77' lang='grc' dir='ltr'><strong>δὲ</strong></span> <span class='ocrx_word' id='word_1_217' title='bbox 2438 1800 2787 1878; x_wconf 70' lang='grc' dir='ltr'>ὀφφικιάλιος</span> <span class='ocrx_word' id='word_1_218' title='bbox 2834 1800 2923 1855; x_wconf 80' lang='grc' dir='ltr'><strong>καὶ</strong></span> <span class='ocrx_word' id='word_1_219' title='bbox 2976 1802 3281 1876; x_wconf 88' lang='grc' dir='ltr'>στρατηγὸς</span> <span class='ocrx_word' id='word_1_220' title='bbox 3341 1794 3583 1854; x_wconf 83' lang='grc' dir='ltr'>δίδωσιν.</span> <span class='ocrx_word' id='word_1_221' title='bbox 3635 1799 3698 1854; x_wconf 74' lang='grc' dir='ltr'><strong>Ὀ</strong></span> <span class='ocrx_word' id='word_1_222' title='bbox 3744 1794 3803 1851; x_wconf 76' lang='grc' dir='ltr'><strong>δὲ</strong></span> 
     </span>
    </p>
   </div>
   <div class='ocr_carea' id='block_1_33' title="bbox 384 1884 2034 1966">
    <p class='ocr_par' dir='ltr' id='par_1_33' title="bbox 384 1884 2034 1962">
     <span class='ocr_line' id='line_1_33' title="bbox 384 1884 2034 1962; baseline -0.004 -17"><span class='ocrx_word' id='word_1_223' title='bbox 384 1906 562 1962; x_wconf 89' lang='lat' dir='ltr'><strong>quam</strong></span> <span class='ocrx_word' id='word_1_224' title='bbox 595 1893 925 1960; x_wconf 81' lang='lat' dir='ltr'><strong>strategus;</strong></span> <span class='ocrx_word' id='word_1_225' title='bbox 959 1902 1156 1942; x_wconf 90' lang='lat' dir='ltr'><strong>verum</strong></span> <span class='ocrx_word' id='word_1_226' title='bbox 1188 1887 1469 1959; x_wconf 85' lang='lat' dir='ltr'><strong>patricius</strong></span> <span class='ocrx_word' id='word_1_227' title='bbox 1493 1886 1901 1942; x_wconf 90' lang='lat' dir='ltr'><strong>tantummodo</strong></span> <span class='ocrx_word' id='word_1_228' title='bbox 1933 1884 2034 1939; x_wconf 90' lang='lat' dir='ltr'><strong>ho-</strong></span> 
     </span>
    </p>
   </div>
   <div class='ocr_carea' id='block_1_34' title="bbox 2144 1884 3800 1966">
    <p class='ocr_par' dir='ltr' id='par_1_34' title="bbox 2148 1885 3800 1966">
     <span class='ocr_line' id='line_1_34' title="bbox 2148 1885 3800 1966; baseline -0.002 -23"><span class='ocrx_word' id='word_1_229' title='bbox 2148 1888 2386 1964; x_wconf 79' lang='grc' dir='ltr'>ἄπρατος</span> <span class='ocrx_word' id='word_1_230' title='bbox 2439 1887 2576 1945; x_wconf 79' lang='grc' dir='ltr'>δὶδει</span> <span class='ocrx_word' id='word_1_231' title='bbox 2628 1888 2817 1966; x_wconf 77' lang='grc' dir='ltr'>λίτρας</span> <span class='ocrx_word' id='word_1_232' title='bbox 2880 1893 2940 1960; x_wconf 82' lang='grc' dir='ltr'><strong>ζ’,</strong></span> <span class='ocrx_word' id='word_1_233' title='bbox 2998 1890 3088 1945; x_wconf 83' lang='grc' dir='ltr'><strong>καὶ</strong></span> <span class='ocrx_word' id='word_1_234' title='bbox 3141 1895 3219 1961; x_wconf 75' lang='grc' dir='ltr'>τῷ</span> <span class='ocrx_word' id='word_1_235' title='bbox 3262 1895 3364 1958; x_wconf 78' lang='grc' dir='ltr'>τῆς</span> <span class='ocrx_word' id='word_1_236' title='bbox 3427 1885 3800 1948; x_wconf 80' lang='grc' dir='ltr'>καταστάσεως</span> 
     </span>
    </p>
   </div>
   <div class='ocr_carea' id='block_1_35' title="bbox 385 1977 2037 2048">
    <p class='ocr_par' dir='ltr' id='par_1_35' title="bbox 385 1977 2037 2048">
     <span class='ocr_line' id='line_1_35' title="bbox 385 1977 2037 2048; baseline -0.003 -12"><span class='ocrx_word' id='word_1_237' title='bbox 385 1979 660 2037; x_wconf 87' lang='lat' dir='ltr'><strong>norarius</strong></span> <span class='ocrx_word' id='word_1_238' title='bbox 691 1979 791 2034; x_wconf 90' lang='lat' dir='ltr'><strong>dat</strong></span> <span class='ocrx_word' id='word_1_239' title='bbox 821 1979 986 2033; x_wconf 87' lang='lat' dir='ltr'><strong>litras</strong></span> <span class='ocrx_word' id='word_1_240' title='bbox 1014 1979 1071 2044; x_wconf 91' lang='lat'><strong>7,</strong></span> <span class='ocrx_word' id='word_1_241' title='bbox 1101 1981 1157 2032; x_wconf 86' lang='lat' dir='ltr'><strong>et</strong></span> <span class='ocrx_word' id='word_1_242' title='bbox 1187 1977 1596 2032; x_wconf 88' lang='lat' dir='ltr'><strong>cerimoniario</strong></span> <span class='ocrx_word' id='word_1_243' title='bbox 1630 1981 1838 2048; x_wconf 67' lang='lat' dir='ltr'><strong>praeter</strong></span> <span class='ocrx_word' id='word_1_244' title='bbox 1869 1977 2037 2032; x_wconf 87' lang='lat' dir='ltr'><strong>obse-</strong></span> 
     </span>
    </p>
   </div>
   <div class='ocr_carea' id='block_1_36' title="bbox 385 2066 2038 2141">
    <p class='ocr_par' dir='ltr' id='par_1_36' title="bbox 385 2066 2038 2141">
     <span class='ocr_line' id='line_1_36' title="bbox 385 2066 2038 2141; baseline -0.001 -17"><span class='ocrx_word' id='word_1_245' title='bbox 385 2070 590 2141; x_wconf 88' lang='lat' dir='ltr'><strong>quium</strong></span> <span class='ocrx_word' id='word_1_246' title='bbox 623 2069 708 2122; x_wconf 89' lang='grc'><strong>12.</strong></span> <span class='ocrx_word' id='word_1_247' title='bbox 745 2066 1040 2138; x_wconf 90' lang='lat' dir='ltr'><strong>Obsequio</strong></span> <span class='ocrx_word' id='word_1_248' title='bbox 1073 2072 1269 2122; x_wconf 86' lang='lat' dir='ltr'><strong>autem</strong></span> <span class='ocrx_word' id='word_1_249' title='bbox 1306 2067 1429 2138; x_wconf 90' lang='lat' dir='ltr'><strong>[seu</strong></span> <span class='ocrx_word' id='word_1_250' title='bbox 1480 2067 1665 2122; x_wconf 76' lang='lat' dir='ltr'><strong>turbas</strong></span> <span class='ocrx_word' id='word_1_251' title='bbox 1696 2066 1887 2137; x_wconf 91' lang='lat' dir='ltr'><strong>ipsum</strong></span> <span class='ocrx_word' id='word_1_252' title='bbox 1924 2068 2038 2122; x_wconf 91' lang='lat' dir='ltr'><strong>do-</strong></span> 
     </span>
    </p>
   </div>
   <div class='ocr_carea' id='block_1_37' title="bbox 381 2152 2038 2227">
    <p class='ocr_par' dir='ltr' id='par_1_37' title="bbox 381 2152 2038 2227">
     <span class='ocr_line' id='line_1_37' title="bbox 381 2152 2038 2227; baseline -0.001 -14"><span class='ocrx_word' id='word_1_253' title='bbox 381 2174 540 2214; x_wconf 86' lang='lat' dir='ltr'><strong>mum</strong></span> <span class='ocrx_word' id='word_1_254' title='bbox 572 2156 907 2227; x_wconf 89' lang='lat' dir='ltr'><strong>deducenti]</strong></span> <span class='ocrx_word' id='word_1_255' title='bbox 939 2155 1049 2222; x_wconf 90' lang='lat'><strong>80;</strong></span> <span class='ocrx_word' id='word_1_256' title='bbox 1082 2170 1251 2226; x_wconf 89' lang='lat' dir='ltr'><strong>porro</strong></span> <span class='ocrx_word' id='word_1_257' title='bbox 1278 2155 1380 2210; x_wconf 93' lang='lat' dir='ltr'><strong>dat</strong></span> <span class='ocrx_word' id='word_1_258' title='bbox 1414 2152 1651 2211; x_wconf 86' lang='lat' dir='ltr'><strong>deutero</strong></span> <span class='ocrx_word' id='word_1_259' title='bbox 1685 2171 1786 2226; x_wconf 90' lang='lat' dir='ltr'><strong>pro</strong></span> <span class='ocrx_word' id='word_1_260' title='bbox 1820 2155 2038 2211; x_wconf 92' lang='lat' dir='ltr'><strong>tabulis</strong></span> 
     </span>
    </p>
   </div>
   <div class='ocr_carea' id='block_1_38' title="bbox 384 2244 2037 2317">
    <p class='ocr_par' dir='ltr' id='par_1_38' title="bbox 384 2244 2037 2317">
     <span class='ocr_line' id='line_1_38' title="bbox 384 2244 2037 2317; baseline -0.004 -11"><span class='ocrx_word' id='word_1_261' title='bbox 384 2247 661 2306; x_wconf 86' lang='lat' dir='ltr'><strong>eburneis</strong></span> <span class='ocrx_word' id='word_1_262' title='bbox 692 2247 764 2300; x_wconf 88' lang='grc'>24</span> <span class='ocrx_word' id='word_1_263' title='bbox 793 2250 851 2302; x_wconf 89' lang='lat' dir='ltr'><strong>et</strong></span> <span class='ocrx_word' id='word_1_264' title='bbox 883 2261 985 2317; x_wconf 91' lang='lat' dir='ltr'><strong>pro</strong></span> <span class='ocrx_word' id='word_1_265' title='bbox 1018 2245 1228 2300; x_wconf 81' lang='lat' dir='ltr'><strong>tunicae</strong></span> <span class='ocrx_word' id='word_1_266' title='bbox 1260 2244 1454 2300; x_wconf 89' lang='lat' dir='ltr'><strong>tabliis</strong></span> <span class='ocrx_word' id='word_1_267' title='bbox 1480 2245 1570 2299; x_wconf 85' lang='lat'>24.</span> <span class='ocrx_word' id='word_1_268' title='bbox 1606 2244 1858 2300; x_wconf 90' lang='lat' dir='ltr'><strong>Caniclei</strong></span> <span class='ocrx_word' id='word_1_269' title='bbox 1892 2262 2037 2316; x_wconf 70' lang='lat' dir='ltr'><strong>prte-</strong></span> 
     </span>
    </p>
   </div>
   <div class='ocr_carea' id='block_1_39' title="bbox 383 2333 2040 2408">
    <p class='ocr_par' dir='ltr' id='par_1_39' title="bbox 383 2333 2040 2408">
     <span class='ocr_line' id='line_1_39' title="bbox 383 2333 2040 2408; baseline -0.001 -15"><span class='ocrx_word' id='word_1_270' title='bbox 383 2338 536 2393; x_wconf 86' lang='lat' dir='ltr'><strong>fecto</strong></span> <span class='ocrx_word' id='word_1_271' title='bbox 569 2352 671 2408; x_wconf 90' lang='lat' dir='ltr'><strong>pro</strong></span> <span class='ocrx_word' id='word_1_272' title='bbox 703 2333 993 2390; x_wconf 89' lang='lat' dir='ltr'><strong>codicillis</strong></span> <span class='ocrx_word' id='word_1_273' title='bbox 1029 2335 1092 2388; x_wconf 82' lang='grc'><strong>16</strong></span> <span class='ocrx_word' id='word_1_274' title='bbox 1124 2339 1181 2390; x_wconf 90' lang='lat' dir='ltr'><strong>et</strong></span> <span class='ocrx_word' id='word_1_275' title='bbox 1208 2335 1266 2389; x_wconf 92' lang='lat' dir='ltr'><strong>S.</strong></span> <span class='ocrx_word' id='word_1_276' title='bbox 1293 2334 1520 2406; x_wconf 75' lang='lat' dir='ltr'><strong>Sopbize</strong></span> <span class='ocrx_word' id='word_1_277' title='bbox 1550 2335 1638 2390; x_wconf 87' lang='lat'>36.</span> <span class='ocrx_word' id='word_1_278' title='bbox 1675 2334 1904 2390; x_wconf 89' lang='lat' dir='ltr'><strong>Decima</strong></span> <span class='ocrx_word' id='word_1_279' title='bbox 1934 2341 2040 2391; x_wconf 90' lang='lat' dir='ltr'><strong>ter-</strong></span> 
     </span>
    </p>
   </div>
   <div class='ocr_carea' id='block_1_40' title="bbox 384 2421 2034 2494">
    <p class='ocr_par' dir='ltr' id='par_1_40' title="bbox 384 2421 2034 2494">
     <span class='ocr_line' id='line_1_40' title="bbox 384 2421 2034 2494; baseline -0.002 -13"><span class='ocrx_word' id='word_1_280' title='bbox 384 2428 468 2481; x_wconf 91' lang='lat' dir='ltr'><strong>tia</strong></span> <span class='ocrx_word' id='word_1_281' title='bbox 517 2424 775 2494; x_wconf 76' lang='lat' dir='ltr'><strong>dignitas</strong></span> <span class='ocrx_word' id='word_1_282' title='bbox 822 2432 909 2479; x_wconf 86' lang='lat' dir='ltr'><strong>est</strong></span> <span class='ocrx_word' id='word_1_283' title='bbox 944 2421 1397 2494; x_wconf 82' lang='lat' dir='ltr'><strong>anthypatorum</strong></span> <span class='ocrx_word' id='word_1_284' title='bbox 1460 2423 1545 2478; x_wconf 90' lang='lat' dir='ltr'><strong>vel</strong></span> <span class='ocrx_word' id='word_1_285' title='bbox 1594 2423 2034 2494; x_wconf 86' lang='lat' dir='ltr'><strong>proconsulum,</strong></span> 
     </span>
    </p>
   </div>
   <div class='ocr_carea' id='block_1_41' title="bbox 385 2509 2040 2584">
    <p class='ocr_par' dir='ltr' id='par_1_41' title="bbox 385 2509 2040 2584">
     <span class='ocr_line' id='line_1_41' title="bbox 385 2509 2040 2584; baseline -0.002 -15"><span class='ocrx_word' id='word_1_286' title='bbox 385 2514 558 2584; x_wconf 87' lang='lat' dir='ltr'><strong>cujus</strong></span> <span class='ocrx_word' id='word_1_287' title='bbox 591 2512 867 2567; x_wconf 85' lang='lat' dir='ltr'><strong>brabeum</strong></span> <span class='ocrx_word' id='word_1_288' title='bbox 902 2515 1040 2566; x_wconf 90' lang='lat' dir='ltr'><strong>sunt</strong></span> <span class='ocrx_word' id='word_1_289' title='bbox 1070 2509 1322 2565; x_wconf 88' lang='lat' dir='ltr'><strong>codicilli</strong></span> <span class='ocrx_word' id='word_1_290' title='bbox 1357 2512 1634 2583; x_wconf 83' lang='lat' dir='ltr'><strong>purpurei</strong></span> <span class='ocrx_word' id='word_1_291' title='bbox 1666 2511 1876 2567; x_wconf 90' lang='lat' dir='ltr'><strong>coloris</strong></span> <span class='ocrx_word' id='word_1_292' title='bbox 1908 2528 2040 2584; x_wconf 87' lang='lat' dir='ltr'><strong>per-</strong></span> 
     </span>
    </p>
   </div>
   <div class='ocr_carea' id='block_1_42' title="bbox 384 2600 2038 2673">
    <p class='ocr_par' dir='ltr' id='par_1_42' title="bbox 384 2600 2038 2673">
     <span class='ocr_line' id='line_1_42' title="bbox 384 2600 2038 2673; baseline -0.002 -14"><span class='ocrx_word' id='word_1_293' title='bbox 384 2602 614 2673; x_wconf 88' lang='lat' dir='ltr'><strong>scripti,</strong></span> <span class='ocrx_word' id='word_1_294' title='bbox 635 2618 668 2655; x_wconf 90' lang='lat' dir='ltr'><strong>a</strong></span> <span class='ocrx_word' id='word_1_295' title='bbox 700 2601 940 2658; x_wconf 90' lang='lat' dir='ltr'><strong>domino</strong></span> <span class='ocrx_word' id='word_1_296' title='bbox 972 2600 1165 2654; x_wconf 86' lang='lat' dir='ltr'><strong>traditi</strong></span> <span class='ocrx_word' id='word_1_297' title='bbox 1192 2618 1206 2668; x_wconf 90' lang='lat'><strong>;</strong></span> <span class='ocrx_word' id='word_1_298' title='bbox 1230 2603 1329 2654; x_wconf 90' lang='lat' dir='ltr'><strong>dat</strong></span> <span class='ocrx_word' id='word_1_299' title='bbox 1359 2602 1842 2657; x_wconf 86' lang='lat' dir='ltr'><strong>consuetudinem</strong></span> <span class='ocrx_word' id='word_1_300' title='bbox 1874 2601 2038 2656; x_wconf 89' lang='lat' dir='ltr'><strong>cani-</strong></span> 
     </span>
    </p>
   </div>
   <div class='ocr_carea' id='block_1_43' title="bbox 382 2690 2038 2763">
    <p class='ocr_par' dir='ltr' id='par_1_43' title="bbox 382 2690 2038 2763">
     <span class='ocr_line' id='line_1_43' title="bbox 382 2690 2038 2763; baseline 0.001 -17"><span class='ocrx_word' id='word_1_301' title='bbox 382 2691 481 2747; x_wconf 90' lang='lat' dir='ltr'><strong>clii</strong></span> <span class='ocrx_word' id='word_1_302' title='bbox 507 2690 774 2763; x_wconf 79' lang='lat' dir='ltr'><strong>praefecto</strong></span> <span class='ocrx_word' id='word_1_303' title='bbox 813 2693 847 2745; x_wconf 92' lang='lat'>8</span> <span class='ocrx_word' id='word_1_304' title='bbox 885 2696 942 2745; x_wconf 92' lang='lat' dir='ltr'><strong>et</strong></span> <span class='ocrx_word' id='word_1_305' title='bbox 973 2690 1212 2746; x_wconf 88' lang='lat' dir='ltr'><strong>deutero</strong></span> <span class='ocrx_word' id='word_1_306' title='bbox 1243 2691 1275 2744; x_wconf 92' lang='grc'>4</span> <span class='ocrx_word' id='word_1_307' title='bbox 1306 2694 1361 2746; x_wconf 93' lang='lat' dir='ltr'><strong>et</strong></span> <span class='ocrx_word' id='word_1_308' title='bbox 1393 2691 1721 2762; x_wconf 69' lang='lat' dir='ltr'><strong>praepositis</strong></span> <span class='ocrx_word' id='word_1_309' title='bbox 1750 2691 1840 2746; x_wconf 89' lang='lat'>24.</span> <span class='ocrx_word' id='word_1_310' title='bbox 1873 2691 2038 2747; x_wconf 93' lang='lat' dir='ltr'><strong>Deci-</strong></span> 
     </span>
    </p>
   </div>
   <div class='ocr_carea' id='block_1_44' title="bbox 385 2778 2038 2853">
    <p class='ocr_par' dir='ltr' id='par_1_44' title="bbox 385 2778 2038 2853">
     <span class='ocr_line' id='line_1_44' title="bbox 385 2778 2038 2853; baseline -0.001 -16"><span class='ocrx_word' id='word_1_311' title='bbox 385 2798 484 2837; x_wconf 88' lang='lat' dir='ltr'><strong>ma</strong></span> <span class='ocrx_word' id='word_1_312' title='bbox 523 2785 734 2853; x_wconf 89' lang='lat' dir='ltr'><strong>quarta</strong></span> <span class='ocrx_word' id='word_1_313' title='bbox 756 2779 1016 2851; x_wconf 85' lang='lat' dir='ltr'><strong>dignitas</strong></span> <span class='ocrx_word' id='word_1_314' title='bbox 1045 2785 1134 2835; x_wconf 90' lang='lat' dir='ltr'><strong>est</strong></span> <span class='ocrx_word' id='word_1_315' title='bbox 1154 2778 1712 2850; x_wconf 80' lang='lat' dir='ltr'><strong>gloriosissimorum</strong></span> <span class='ocrx_word' id='word_1_316' title='bbox 1737 2780 2038 2852; x_wconf 82' lang='lat' dir='ltr'><strong>magistro-</strong></span> 
     </span>
    </p>
   </div>
   <div class='ocr_carea' id='block_1_45' title="bbox 381 2868 2037 2939">
    <p class='ocr_par' dir='ltr' id='par_1_45' title="bbox 381 2868 2037 2939">
     <span class='ocr_line' id='line_1_45' title="bbox 381 2868 2037 2939; baseline -0.001 -12"><span class='ocrx_word' id='word_1_317' title='bbox 381 2887 538 2938; x_wconf 90' lang='lat' dir='ltr'><strong>rum,</strong></span> <span class='ocrx_word' id='word_1_318' title='bbox 587 2870 742 2926; x_wconf 72' lang='grc'><strong>412</strong></span> <span class='ocrx_word' id='word_1_319' title='bbox 791 2869 962 2939; x_wconf 89' lang='lat' dir='ltr'><strong>cujus</strong></span> <span class='ocrx_word' id='word_1_320' title='bbox 1021 2868 1298 2925; x_wconf 86' lang='lat' dir='ltr'><strong>brabeum</strong></span> <span class='ocrx_word' id='word_1_321' title='bbox 1351 2869 1547 2924; x_wconf 78' lang='lat' dir='ltr'><strong>tunica</strong></span> <span class='ocrx_word' id='word_1_322' title='bbox 1597 2869 1842 2925; x_wconf 86' lang='lat' dir='ltr'><strong>candida</strong></span> <span class='ocrx_word' id='word_1_323' title='bbox 1895 2885 2037 2926; x_wconf 88' lang='lat' dir='ltr'><strong>auro</strong></span> 
     </span>
    </p>
   </div>
   <div class='ocr_carea' id='block_1_46' title="bbox 388 2958 2038 3032">
    <p class='ocr_par' dir='ltr' id='par_1_46' title="bbox 388 2958 2038 3032">
     <span class='ocr_line' id='line_1_46' title="bbox 388 2958 2038 3032; baseline -0.001 -17"><span class='ocrx_word' id='word_1_324' title='bbox 388 2962 675 3032; x_wconf 82' lang='lat' dir='ltr'><strong>pertexta,</strong></span> <span class='ocrx_word' id='word_1_325' title='bbox 707 2963 766 3014; x_wconf 88' lang='lat' dir='ltr'><strong>et</strong></span> <span class='ocrx_word' id='word_1_326' title='bbox 795 2958 1098 3030; x_wconf 88' lang='lat' dir='ltr'><strong>scapulare</strong></span> <span class='ocrx_word' id='word_1_327' title='bbox 1145 2973 1280 3014; x_wconf 87' lang='lat' dir='ltr'><strong>cum</strong></span> <span class='ocrx_word' id='word_1_328' title='bbox 1312 2958 1507 3014; x_wconf 88' lang='lat' dir='ltr'><strong>aureis</strong></span> <span class='ocrx_word' id='word_1_329' title='bbox 1535 2959 1775 3028; x_wconf 90' lang='lat' dir='ltr'><strong>tabulis,</strong></span> <span class='ocrx_word' id='word_1_330' title='bbox 1807 2963 1864 3015; x_wconf 88' lang='lat' dir='ltr'><strong>et</strong></span> <span class='ocrx_word' id='word_1_331' title='bbox 1893 2976 2038 3015; x_wconf 91' lang='lat' dir='ltr'><strong>zona</strong></span> 
     </span>
    </p>
   </div>
   <div class='ocr_carea' id='block_1_47' title="bbox 383 3050 2036 3124">
    <p class='ocr_par' dir='ltr' id='par_1_47' title="bbox 383 3050 2036 3124">
     <span class='ocr_line' id='line_1_47' title="bbox 383 3050 2036 3124; baseline 0 -16"><span class='ocrx_word' id='word_1_332' title='bbox 383 3055 614 3108; x_wconf 78' lang='lat' dir='ltr'><strong>scortea</strong></span> <span class='ocrx_word' id='word_1_333' title='bbox 644 3051 914 3106; x_wconf 84' lang='lat' dir='ltr'><strong>coccinea</strong></span> <span class='ocrx_word' id='word_1_334' title='bbox 961 3050 1212 3122; x_wconf 89' lang='lat' dir='ltr'><strong>gemmis</strong></span> <span class='ocrx_word' id='word_1_335' title='bbox 1262 3056 1488 3121; x_wconf 84' lang='lat' dir='ltr'><strong>ornata,</strong></span> <span class='ocrx_word' id='word_1_336' title='bbox 1522 3051 1698 3124; x_wconf 88' lang='lat' dir='ltr'><strong>vulgo</strong></span> <span class='ocrx_word' id='word_1_337' title='bbox 1749 3053 2036 3108; x_wconf 90' lang='lat' dir='ltr'><strong>baltidion</strong></span> 
     </span>
    </p>
   </div>
   <div class='ocr_carea' id='block_1_48' title="bbox 2145 1972 3802 2055">
    <p class='ocr_par' dir='ltr' id='par_1_48' title="bbox 2145 1972 3802 2055">
     <span class='ocr_line' id='line_1_48' title="bbox 2145 1972 3802 2055; baseline -0.001 -23"><span class='ocrx_word' id='word_1_338' title='bbox 2145 1976 2268 2032; x_wconf 81' lang='grc' dir='ltr'>ἃνευ</span> <span class='ocrx_word' id='word_1_339' title='bbox 2301 1983 2398 2034; x_wconf 80' lang='grc' dir='ltr'>τοῦ</span> <span class='ocrx_word' id='word_1_340' title='bbox 2431 1978 2646 2053; x_wconf 77' lang='grc' dir='ltr'>ὀψικίου</span> <span class='ocrx_word' id='word_1_341' title='bbox 2672 1982 2785 2053; x_wconf 84' lang='grc'>(35)</span> <span class='ocrx_word' id='word_1_342' title='bbox 2821 1980 2911 2055; x_wconf 91' lang='grc' dir='ltr'>ιβ’,</span> <span class='ocrx_word' id='word_1_343' title='bbox 2943 1980 3006 2034; x_wconf 87' lang='grc' dir='ltr'>τὸ</span> <span class='ocrx_word' id='word_1_344' title='bbox 3050 1979 3265 2052; x_wconf 77' lang='grc' dir='ltr'>ὀψικιον</span> <span class='ocrx_word' id='word_1_345' title='bbox 3314 1984 3386 2045; x_wconf 86' lang='grc' dir='ltr'><strong>π’,</strong></span> <span class='ocrx_word' id='word_1_346' title='bbox 3435 1980 3514 2046; x_wconf 75' lang='grc' dir='ltr'>τῷ</span> <span class='ocrx_word' id='word_1_347' title='bbox 3567 1972 3802 2050; x_wconf 82' lang='grc' dir='ltr'>δευτὲρῳ</span> 
     </span>
    </p>
   </div>
   <div class='ocr_carea' id='block_1_49' title="bbox 2149 2061 3796 2142">
    <p class='ocr_par' dir='ltr' id='par_1_49' title="bbox 2149 2061 3796 2142">
     <span class='ocr_line' id='line_1_49' title="bbox 2149 2061 3796 2142; baseline -0.002 -21"><span class='ocrx_word' id='word_1_348' title='bbox 2149 2067 2279 2142; x_wconf 75' lang='grc' dir='ltr'>ὑπὲρ</span> <span class='ocrx_word' id='word_1_349' title='bbox 2310 2072 2417 2123; x_wconf 82' lang='grc' dir='ltr'><strong>τῶν</strong></span> <span class='ocrx_word' id='word_1_350' title='bbox 2451 2068 2677 2124; x_wconf 85' lang='grc' dir='ltr'>πλακῶν</span> <span class='ocrx_word' id='word_1_351' title='bbox 2711 2066 2810 2137; x_wconf 87' lang='grc' dir='ltr'>κδ’,</span> <span class='ocrx_word' id='word_1_352' title='bbox 2853 2069 2943 2122; x_wconf 86' lang='grc' dir='ltr'><strong>καὶ</strong></span> <span class='ocrx_word' id='word_1_353' title='bbox 2976 2067 3053 2130; x_wconf 76' lang='grc' dir='ltr'>εἷς</span> <span class='ocrx_word' id='word_1_354' title='bbox 3093 2069 3160 2122; x_wconf 75' lang='grc' dir='ltr'>τὰ</span> <span class='ocrx_word' id='word_1_355' title='bbox 3205 2061 3408 2122; x_wconf 76' lang='grc' dir='ltr'><strong>ταῦλία</strong></span> <span class='ocrx_word' id='word_1_356' title='bbox 3446 2069 3544 2120; x_wconf 77' lang='grc' dir='ltr'>τοῦ</span> <span class='ocrx_word' id='word_1_357' title='bbox 3591 2062 3796 2142; x_wconf 86' lang='grc' dir='ltr'>χλανι-</span> 
     </span>
    </p>
   </div>
   <div class='ocr_carea' id='block_1_50' title="bbox 2149 2153 3801 2231">
    <p class='ocr_par' dir='ltr' id='par_1_50' title="bbox 2149 2153 3801 2231">
     <span class='ocr_line' id='line_1_50' title="bbox 2149 2153 3801 2231; baseline -0.001 -22"><span class='ocrx_word' id='word_1_358' title='bbox 2149 2153 2267 2210; x_wconf 88' lang='grc' dir='ltr'>δίου</span> <span class='ocrx_word' id='word_1_359' title='bbox 2297 2155 2398 2228; x_wconf 88' lang='grc' dir='ltr'>κδ’,</span> <span class='ocrx_word' id='word_1_360' title='bbox 2440 2162 2518 2230; x_wconf 79' lang='grc' dir='ltr'>τῷ</span> <span class='ocrx_word' id='word_1_361' title='bbox 2549 2158 2842 2230; x_wconf 76' lang='grc' dir='ltr'>κανικλείῳ</span> <span class='ocrx_word' id='word_1_362' title='bbox 2877 2157 3009 2231; x_wconf 68' lang='grc' dir='ltr'>ὅπερ</span> <span class='ocrx_word' id='word_1_363' title='bbox 3046 2161 3142 2211; x_wconf 80' lang='grc' dir='ltr'>τοῦ</span> <span class='ocrx_word' id='word_1_364' title='bbox 3194 2153 3541 2211; x_wconf 78' lang='grc' dir='ltr'>κωδικὲλλου</span> <span class='ocrx_word' id='word_1_365' title='bbox 3595 2161 3675 2223; x_wconf 73' lang='grc' dir='ltr'>ις’,</span> <span class='ocrx_word' id='word_1_366' title='bbox 3719 2153 3801 2215; x_wconf 84' lang='grc' dir='ltr'>εἰς</span> 
     </span>
    </p>
   </div>
   <div class='ocr_carea' id='block_1_51' title="bbox 2146 2243 3805 2324">
    <p class='ocr_par' dir='ltr' id='par_1_51' title="bbox 2146 2243 3805 2324">
     <span class='ocr_line' id='line_1_51' title="bbox 2146 2243 3805 2324; baseline -0.003 -23"><span class='ocrx_word' id='word_1_367' title='bbox 2146 2247 2246 2315; x_wconf 75' lang='grc' dir='ltr'>τὴν</span> <span class='ocrx_word' id='word_1_368' title='bbox 2282 2246 2464 2320; x_wconf 80' lang='grc' dir='ltr'>Ἀγίαν</span> <span class='ocrx_word' id='word_1_369' title='bbox 2501 2248 2704 2324; x_wconf 70' lang='grc' dir='ltr'>ὶοφίαν</span> <span class='ocrx_word' id='word_1_370' title='bbox 2738 2246 2841 2311; x_wconf 73' lang='grc' dir='ltr'>λς’.</span> <span class='ocrx_word' id='word_1_371' title='bbox 2876 2245 3308 2320; x_wconf 84' lang='grc' dir='ltr'>Τρισκαιδεκάτη</span> <span class='ocrx_word' id='word_1_372' title='bbox 3342 2248 3376 2315; x_wconf 81' lang='grc' dir='ltr'>ἡ</span> <span class='ocrx_word' id='word_1_373' title='bbox 3409 2248 3516 2300; x_wconf 83' lang='grc' dir='ltr'><strong>τῶν</strong></span> <span class='ocrx_word' id='word_1_374' title='bbox 3565 2243 3805 2298; x_wconf 81' lang='grc' dir='ltr'>ἀνθυπά-</span> 
     </span>
    </p>
   </div>
   <div class='ocr_carea' id='block_1_52' title="bbox 2146 2331 3808 2410">
    <p class='ocr_par' dir='ltr' id='par_1_52' title="bbox 2146 2331 3808 2410">
     <span class='ocr_line' id='line_1_52' title="bbox 2146 2331 3808 2410; baseline -0.004 -18"><span class='ocrx_word' id='word_1_375' title='bbox 2146 2358 2253 2392; x_wconf 88' lang='grc' dir='ltr'><strong>των</strong></span> <span class='ocrx_word' id='word_1_376' title='bbox 2333 2335 2472 2405; x_wconf 79' lang='grc' dir='ltr'>ἀξία.</span> <span class='ocrx_word' id='word_1_377' title='bbox 2551 2337 2618 2405; x_wconf 84' lang='grc' dir='ltr'>ἧς</span> <span class='ocrx_word' id='word_1_378' title='bbox 2701 2331 2980 2410; x_wconf 76' lang='grc' dir='ltr'>βραϐεῖον,</span> <span class='ocrx_word' id='word_1_379' title='bbox 3054 2332 3410 2404; x_wconf 85' lang='grc' dir='ltr'>κωδίκελλοι,</span> <span class='ocrx_word' id='word_1_380' title='bbox 3478 2334 3808 2407; x_wconf 82' lang='grc' dir='ltr'>ἀλουργοει-</span> 
     </span>
    </p>
   </div>
   <div class='ocr_carea' id='block_1_53' title="bbox 2150 2419 3811 2502">
    <p class='ocr_par' dir='ltr' id='par_1_53' title="bbox 2150 2419 3811 2502">
     <span class='ocr_line' id='line_1_53' title="bbox 2150 2419 3811 2502; baseline -0.002 -23"><span class='ocrx_word' id='word_1_381' title='bbox 2150 2422 2260 2486; x_wconf 83' lang='grc' dir='ltr'>δεῖς</span> <span class='ocrx_word' id='word_1_382' title='bbox 2297 2427 2408 2498; x_wconf 89' lang='grc'><strong>(36)</strong></span> <span class='ocrx_word' id='word_1_383' title='bbox 2465 2425 2862 2502; x_wconf 71' lang='grc' dir='ltr'>γεγραμμένοι,</span> <span class='ocrx_word' id='word_1_384' title='bbox 2917 2423 2975 2479; x_wconf 78' lang='grc' dir='ltr'>ἐκ</span> <span class='ocrx_word' id='word_1_385' title='bbox 3027 2422 3320 2499; x_wconf 83' lang='grc' dir='ltr'>βασιλικῆς</span> <span class='ocrx_word' id='word_1_386' title='bbox 3381 2423 3566 2498; x_wconf 85' lang='grc' dir='ltr'>χειρὸς</span> <span class='ocrx_word' id='word_1_387' title='bbox 3624 2419 3811 2476; x_wconf 77' lang='grc' dir='ltr'>ἐπιδί-</span> 
     </span>
    </p>
   </div>
   <div class='ocr_carea' id='block_1_54' title="bbox 2150 2510 3810 2584">
    <p class='ocr_par' dir='ltr' id='par_1_54' title="bbox 2150 2510 3810 2584">
     <span class='ocr_line' id='line_1_54' title="bbox 2150 2510 3810 2584; baseline -0.003 -16"><span class='ocrx_word' id='word_1_388' title='bbox 2150 2511 2353 2571; x_wconf 87' lang='grc' dir='ltr'>δονται.</span> <span class='ocrx_word' id='word_1_389' title='bbox 2388 2511 2588 2570; x_wconf 74' lang='grc' dir='ltr'>Δίδωσι</span> <span class='ocrx_word' id='word_1_390' title='bbox 2621 2516 2905 2584; x_wconf 73' lang='grc' dir='ltr'>συνήθειαν</span> <span class='ocrx_word' id='word_1_391' title='bbox 2951 2517 3031 2584; x_wconf 82' lang='grc' dir='ltr'>τῷ</span> <span class='ocrx_word' id='word_1_392' title='bbox 3079 2517 3175 2567; x_wconf 79' lang='grc' dir='ltr'><strong>τοῦ</strong></span> <span class='ocrx_word' id='word_1_393' title='bbox 3219 2511 3532 2568; x_wconf 81' lang='grc' dir='ltr'>κανικλείου</span> <span class='ocrx_word' id='word_1_394' title='bbox 3592 2512 3663 2581; x_wconf 74' lang='grc' dir='ltr'>η’,</span> <span class='ocrx_word' id='word_1_395' title='bbox 3716 2510 3810 2565; x_wconf 81' lang='grc' dir='ltr'><strong>καὶ</strong></span> 
     </span>
    </p>
   </div>
   <div class='ocr_carea' id='block_1_55' title="bbox 2149 2599 3814 2679">
    <p class='ocr_par' dir='ltr' id='par_1_55' title="bbox 2149 2599 3814 2679">
     <span class='ocr_line' id='line_1_55' title="bbox 2149 2599 3814 2679; baseline -0.002 -21"><span class='ocrx_word' id='word_1_396' title='bbox 2149 2604 2228 2676; x_wconf 83' lang='grc' dir='ltr'>τῷ</span> <span class='ocrx_word' id='word_1_397' title='bbox 2260 2600 2491 2679; x_wconf 77' lang='grc' dir='ltr'>δευτέρῳ</span> <span class='ocrx_word' id='word_1_398' title='bbox 2524 2601 2586 2674; x_wconf 75' lang='grc' dir='ltr'>δ’,</span> <span class='ocrx_word' id='word_1_399' title='bbox 2617 2604 2707 2658; x_wconf 83' lang='grc' dir='ltr'><strong>καὶ</strong></span> <span class='ocrx_word' id='word_1_400' title='bbox 2760 2608 2878 2665; x_wconf 90' lang='grc' dir='ltr'>τοῖς</span> <span class='ocrx_word' id='word_1_401' title='bbox 2927 2603 3310 2678; x_wconf 77' lang='grc' dir='ltr'>πραιποσίτοις</span> <span class='ocrx_word' id='word_1_402' title='bbox 3356 2599 3456 2658; x_wconf 89' lang='grc' dir='ltr'>κδ’.</span> <span class='ocrx_word' id='word_1_403' title='bbox 3505 2607 3814 2674; x_wconf 83' lang='grc' dir='ltr'>Τεσσαρεσ-</span> 
     </span>
    </p>
   </div>
   <div class='ocr_carea' id='block_1_56' title="bbox 2149 2689 3811 2770">
    <p class='ocr_par' dir='ltr' id='par_1_56' title="bbox 2149 2689 3811 2770">
     <span class='ocr_line' id='line_1_56' title="bbox 2149 2689 3811 2770; baseline -0.002 -23"><span class='ocrx_word' id='word_1_404' title='bbox 2149 2690 2441 2764; x_wconf 82' lang='grc' dir='ltr'>καιδεκάτη</span> <span class='ocrx_word' id='word_1_405' title='bbox 2493 2695 2527 2763; x_wconf 79' lang='grc' dir='ltr'>ἡ</span> <span class='ocrx_word' id='word_1_406' title='bbox 2585 2698 2694 2748; x_wconf 82' lang='grc' dir='ltr'><strong>τῶν</strong></span> <span class='ocrx_word' id='word_1_407' title='bbox 2762 2690 3118 2764; x_wconf 81' lang='grc' dir='ltr'>ἐνδοξοτάτων</span> <span class='ocrx_word' id='word_1_408' title='bbox 3187 2691 3499 2770; x_wconf 84' lang='grc' dir='ltr'>μαγίστρων</span> <span class='ocrx_word' id='word_1_409' title='bbox 3565 2690 3686 2760; x_wconf 79' lang='grc' dir='ltr'>ἀξία</span> <span class='ocrx_word' id='word_1_410' title='bbox 3738 2689 3811 2757; x_wconf 63' lang='grc' dir='ltr'>δ’,</span> 
     </span>
    </p>
   </div>
   <div class='ocr_carea' id='block_1_57' title="bbox 2156 2778 3812 2860">
    <p class='ocr_par' dir='ltr' id='par_1_57' title="bbox 2156 2778 3812 2860">
     <span class='ocr_line' id='line_1_57' title="bbox 2156 2778 3812 2860; baseline -0.002 -23"><span class='ocrx_word' id='word_1_411' title='bbox 2156 2786 2224 2853; x_wconf 72' lang='grc' dir='ltr'>ἧς</span> <span class='ocrx_word' id='word_1_412' title='bbox 2278 2778 2554 2858; x_wconf 79' lang='grc' dir='ltr'>βραϐεῖον,</span> <span class='ocrx_word' id='word_1_413' title='bbox 2605 2783 2778 2858; x_wconf 88' lang='grc' dir='ltr'>χιτὼν</span> <span class='ocrx_word' id='word_1_414' title='bbox 2839 2781 3032 2844; x_wconf 86' lang='grc' dir='ltr'>λευκὸς</span> <span class='ocrx_word' id='word_1_415' title='bbox 3093 2779 3165 2836; x_wconf 80' lang='grc' dir='ltr'>ὥν</span> <span class='ocrx_word' id='word_1_416' title='bbox 3227 2780 3660 2860; x_wconf 73' lang='grc' dir='ltr'>χρυσοΰφαντος,</span> <span class='ocrx_word' id='word_1_417' title='bbox 3719 2780 3812 2834; x_wconf 83' lang='grc' dir='ltr'><strong>καὶ</strong></span> 
     </span>
    </p>
   </div>
   <div class='ocr_carea' id='block_1_58' title="bbox 2150 2868 3808 2951">
    <p class='ocr_par' dir='ltr' id='par_1_58' title="bbox 2150 2868 3808 2951">
     <span class='ocr_line' id='line_1_58' title="bbox 2150 2868 3808 2951; baseline -0.002 -24"><span class='ocrx_word' id='word_1_418' title='bbox 2150 2872 2363 2946; x_wconf 82' lang='grc' dir='ltr'>ἐπωμὶς</span> <span class='ocrx_word' id='word_1_419' title='bbox 2394 2877 2504 2944; x_wconf 87' lang='grc'>(37)</span> <span class='ocrx_word' id='word_1_420' title='bbox 2537 2870 2945 2951; x_wconf 75' lang='grc' dir='ltr'>χρυσόταϐλος,</span> <span class='ocrx_word' id='word_1_421' title='bbox 2985 2876 3074 2928; x_wconf 81' lang='grc' dir='ltr'><strong>καὶ</strong></span> <span class='ocrx_word' id='word_1_422' title='bbox 3129 2871 3275 2942; x_wconf 83' lang='grc' dir='ltr'>ζώνη</span> <span class='ocrx_word' id='word_1_423' title='bbox 3328 2869 3620 2945; x_wconf 72' lang='grc' dir='ltr'>δερματὶνη</span> <span class='ocrx_word' id='word_1_424' title='bbox 3673 2868 3808 2924; x_wconf 82' lang='grc' dir='ltr'>κόκ-</span> 
     </span>
    </p>
   </div>
   <div class='ocr_carea' id='block_1_59' title="bbox 2153 2957 3806 3037">
    <p class='ocr_par' dir='ltr' id='par_1_59' title="bbox 2153 2957 3806 3037">
     <span class='ocr_line' id='line_1_59' title="bbox 2153 2957 3806 3037; baseline -0.002 -21"><span class='ocrx_word' id='word_1_425' title='bbox 2153 2983 2300 3025; x_wconf 88' lang='grc' dir='ltr'>κινος</span> <span class='ocrx_word' id='word_1_426' title='bbox 2361 2961 2422 3017; x_wconf 79' lang='grc' dir='ltr'>ἐκ</span> <span class='ocrx_word' id='word_1_427' title='bbox 2464 2960 2631 3018; x_wconf 80' lang='grc' dir='ltr'>λίθων</span> <span class='ocrx_word' id='word_1_428' title='bbox 2685 2965 2886 3037; x_wconf 81' lang='grc' dir='ltr'>τιμίων</span> <span class='ocrx_word' id='word_1_429' title='bbox 2940 2960 3355 3034; x_wconf 82' lang='grc' dir='ltr'>κεκοσμημένη,</span> <span class='ocrx_word' id='word_1_430' title='bbox 3413 2961 3534 3030; x_wconf 81' lang='grc' dir='ltr'>ἣτις</span> <span class='ocrx_word' id='word_1_431' title='bbox 3591 2957 3806 3034; x_wconf 73' lang='grc' dir='ltr'>λέγεται</span> 
     </span>
    </p>
   </div>
   <div class='ocr_carea' id='block_1_60' title="bbox 2151 3046 3802 3126">
    <p class='ocr_par' dir='ltr' id='par_1_60' title="bbox 2151 3046 3802 3126">
     <span class='ocr_line' id='line_1_60' title="bbox 2151 3046 3802 3126; baseline -0.004 -20"><span class='ocrx_word' id='word_1_432' title='bbox 2151 3050 2400 3126; x_wconf 86' lang='grc' dir='ltr'>βαλτίδιν</span> <span class='ocrx_word' id='word_1_433' title='bbox 2435 3053 2571 3126; x_wconf 88' lang='lat'><strong>(38).</strong></span> <span class='ocrx_word' id='word_1_434' title='bbox 2605 3051 2694 3108; x_wconf 82' lang='grc' dir='ltr'><strong>ἐπὶ</strong></span> <span class='ocrx_word' id='word_1_435' title='bbox 2751 3057 2849 3108; x_wconf 80' lang='grc' dir='ltr'>τοῦ</span> <span class='ocrx_word' id='word_1_436' title='bbox 2909 3048 3313 3126; x_wconf 78' lang='grc' dir='ltr'>χρυσοστορίου</span> <span class='ocrx_word' id='word_1_437' title='bbox 3373 3051 3489 3122; x_wconf 86' lang='grc'>(39)</span> <span class='ocrx_word' id='word_1_438' title='bbox 3537 3046 3596 3103; x_wconf 80' lang='grc' dir='ltr'>ἒκ</span> <span class='ocrx_word' id='word_1_439' title='bbox 3646 3049 3802 3122; x_wconf 78' lang='grc' dir='ltr'>βασι-</span> 
     </span>
    </p>
   </div>
   <div class='ocr_carea' id='block_1_61' title="bbox 1735 3150 2437 3208">
    <p class='ocr_par' dir='ltr' id='par_1_61' title="bbox 1735 3150 2437 3208">
     <span class='ocr_line' id='line_1_61' title="bbox 1735 3150 2437 3208; baseline 0.006 -4"><span class='ocrx_word' id='word_1_440' title='bbox 1735 3150 1975 3207; x_wconf 75' lang='lat' dir='ltr'><strong>VARl/E</strong></span> <span class='ocrx_word' id='word_1_441' title='bbox 2031 3151 2437 3208; x_wconf 87' lang='lat' dir='ltr'><strong>LECTIONES.</strong></span> 
     </span>
    </p>
   </div>
   <div class='ocr_carea' id='block_1_62' title="bbox 449 3238 770 3312">
    <p class='ocr_par' dir='ltr' id='par_1_62' title="bbox 449 3238 770 3312">
     <span class='ocr_line' id='line_1_62' title="bbox 449 3238 770 3312; baseline 0.009 -19"><span class='ocrx_word' id='word_1_442' title='bbox 449 3239 497 3275; x_wconf 67' lang='grc' dir='ltr'><strong>ιε</strong></span> <span class='ocrx_word' id='word_1_443' title='bbox 527 3238 647 3312; x_wconf 74' lang='grc' dir='ltr'><strong>ἀξίᾳ</strong></span> <span class='ocrx_word' id='word_1_444' title='bbox 677 3240 770 3308; x_wconf 90' lang='lat' dir='ltr'><strong>ed,</strong></span> 
     </span>
    </p>
   </div>
   <div class='ocr_carea' id='block_1_63' title="bbox 1423 3331 2762 3390">
    <p class='ocr_par' dir='ltr' id='par_1_63' title="bbox 1423 3331 2762 3390">
     <span class='ocr_line' id='line_1_63' title="bbox 1423 3331 2762 3390; baseline 0 -2"><span class='ocrx_word' id='word_1_445' title='bbox 1423 3331 1624 3390; x_wconf 87' lang='lat' dir='ltr'><strong>JOAN.</strong></span> <span class='ocrx_word' id='word_1_446' title='bbox 1667 3332 1812 3389; x_wconf 84' lang='lat' dir='ltr'><strong>JAC.</strong></span> <span class='ocrx_word' id='word_1_447' title='bbox 1857 3332 2125 3390; x_wconf 80' lang='lat' dir='ltr'><strong>REISKII</strong></span> <span class='ocrx_word' id='word_1_448' title='bbox 2166 3332 2762 3390; x_wconf 82' lang='lat' dir='ltr'><strong>COMMENTARIUS.</strong></span> 
     </span>
    </p>
   </div>
   <div class='ocr_carea' id='block_1_64' title="bbox 456 3416 3808 3495">
    <p class='ocr_par' dir='ltr' id='par_1_64' title="bbox 456 3416 3808 3495">
     <span class='ocr_line' id='line_1_64' title="bbox 456 3416 3808 3495; baseline 0.001 -19"><span class='ocrx_word' id='word_1_449' title='bbox 456 3421 568 3492; x_wconf 83' lang='lat'>(32)</span> <span class='ocrx_word' id='word_1_450' title='bbox 596 3421 1434 3495; x_wconf 56' lang='lat' dir='ltr'><strong>Auro,_argento,sculpturis;</strong></span> <span class='ocrx_word' id='word_1_451' title='bbox 1471 3439 1562 3477; x_wconf 90' lang='lat' dir='ltr'><strong>res</strong></span> <span class='ocrx_word' id='word_1_452' title='bbox 1594 3427 1734 3478; x_wconf 88' lang='lat' dir='ltr'><strong>nota</strong></span> <span class='ocrx_word' id='word_1_453' title='bbox 1764 3423 1836 3479; x_wconf 90' lang='lat' dir='ltr'><strong>de</strong></span> <span class='ocrx_word' id='word_1_454' title='bbox 1867 3424 2041 3478; x_wconf 91' lang='lat' dir='ltr'><strong>tabu-</strong></span> <span class='ocrx_word' id='word_1_455' title='bbox 2071 3428 2116 3491; x_wconf 74' lang='grc' dir='ltr'>ο</span> <span class='ocrx_word' id='word_1_456' title='bbox 2156 3423 2275 3479; x_wconf 91' lang='lat' dir='ltr'><strong>scio</strong></span> <span class='ocrx_word' id='word_1_457' title='bbox 2307 3425 2478 3494; x_wconf 87' lang='lat' dir='ltr'><strong>cujus</strong></span> <span class='ocrx_word' id='word_1_458' title='bbox 2511 3423 2616 3479; x_wconf 83' lang='lat' dir='ltr'><strong>viri</strong></span> <span class='ocrx_word' id='word_1_459' title='bbox 2646 3422 2820 3489; x_wconf 89' lang='lat' dir='ltr'><strong>docti,</strong></span> <span class='ocrx_word' id='word_1_460' title='bbox 2855 3423 3207 3495; x_wconf 88' lang='lat' dir='ltr'><strong>ascripserat</strong></span> <span class='ocrx_word' id='word_1_461' title='bbox 3237 3438 3250 3478; x_wconf 92' lang='lat'>:</span> <span class='ocrx_word' id='word_1_462' title='bbox 3287 3425 3536 3478; x_wconf 76' lang='lat' dir='ltr'><strong>Fortasse</strong></span> <span class='ocrx_word' id='word_1_463' title='bbox 3568 3416 3808 3491; x_wconf 77' lang='grc' dir='ltr'>ἑπωμίς,</span> 
     </span>
    </p>
   </div>
   <div class='ocr_carea' id='block_1_65' title="bbox 385 3492 1842 3565">
    <p class='ocr_par' dir='ltr' id='par_1_65' title="bbox 385 3492 1842 3565">
     <span class='ocr_line' id='line_1_65' title="bbox 385 3492 1842 3565; baseline 0.002 -18"><span class='ocrx_word' id='word_1_464' title='bbox 385 3492 872 3565; x_wconf 49' lang='lat' dir='ltr'><strong>lisetdijtycbis</strong></span> <span class='ocrx_word' id='word_1_465' title='bbox 905 3492 1214 3565; x_wconf 89' lang='lat' dir='ltr'><strong>consulum</strong></span> <span class='ocrx_word' id='word_1_466' title='bbox 1240 3501 1414 3564; x_wconf 89' lang='lat' dir='ltr'><strong>atque</strong></span> <span class='ocrx_word' id='word_1_467' title='bbox 1444 3496 1842 3565; x_wconf 88' lang='lat' dir='ltr'><strong>patriciorum.</strong></span> 
     </span>
    </p>
   </div>
   <div class='ocr_carea' id='block_1_66' title="bbox 463 3562 2043 3637">
    <p class='ocr_par' dir='ltr' id='par_1_66' title="bbox 463 3562 2043 3637">
     <span class='ocr_line' id='line_1_66' title="bbox 463 3562 2043 3637; baseline 0.004 -21"><span class='ocrx_word' id='word_1_468' title='bbox 463 3562 578 3637; x_wconf 90' lang='lat'>(_33)</span> <span class='ocrx_word' id='word_1_469' title='bbox 610 3562 837 3637; x_wconf 77' lang='lat' dir='ltr'><strong>Fateor,</strong></span> <span class='ocrx_word' id='word_1_470' title='bbox 873 3577 964 3617; x_wconf 91' lang='lat' dir='ltr'><strong>me</strong></span> <span class='ocrx_word' id='word_1_471' title='bbox 996 3562 1502 3637; x_wconf 20' lang='lat' dir='ltr'><strong>dictionem‘banc</strong></span> <span class='ocrx_word' id='word_1_472' title='bbox 1532 3582 1644 3621; x_wconf 92' lang='lat' dir='ltr'><strong>non</strong></span> <span class='ocrx_word' id='word_1_473' title='bbox 1695 3565 2043 3637; x_wconf 81' lang='lat' dir='ltr'><strong>intelligere.</strong></span> 
     </span>
    </p>
   </div>
   <div class='ocr_carea' id='block_1_67' title="bbox 388 3631 2046 3706">
    <p class='ocr_par' dir='ltr' id='par_1_67' title="bbox 388 3631 2046 3706">
     <span class='ocr_line' id='line_1_67' title="bbox 388 3631 2046 3706; baseline 0.001 -17"><span class='ocrx_word' id='word_1_474' title='bbox 388 3631 604 3689; x_wconf 52' lang='lat' dir='ltr'><strong>Vu&#39;ltne</strong></span> <span class='ocrx_word' id='word_1_475' title='bbox 646 3631 837 3706; x_wconf 89' lang='lat' dir='ltr'><strong>dicere</strong></span> <span class='ocrx_word' id='word_1_476' title='bbox 869 3650 882 3688; x_wconf 89' lang='lat'><strong>:</strong></span> <span class='ocrx_word' id='word_1_477' title='bbox 921 3634 1418 3703; x_wconf 87' lang='lat' dir='ltr'><strong>quemadmodum</strong></span> <span class='ocrx_word' id='word_1_478' title='bbox 1451 3635 1606 3705; x_wconf 79' lang='lat' dir='ltr'><strong>leges</strong></span> <span class='ocrx_word' id='word_1_479' title='bbox 1637 3654 1820 3706; x_wconf 73' lang='lat' dir='ltr'><strong>novas,</strong></span> <span class='ocrx_word' id='word_1_480' title='bbox 1845 3631 2046 3692; x_wconf 56' lang='lat' dir='ltr'><strong>re&#39;cens</strong></span> 
     </span>
    </p>
   </div>
   <div class='ocr_carea' id='block_1_68' title="bbox 393 3705 2049 3780">
    <p class='ocr_par' dir='ltr' id='par_1_68' title="bbox 393 3705 2049 3780">
     <span class='ocr_line' id='line_1_68' title="bbox 393 3705 2049 3780; baseline 0.002 -19"><span class='ocrx_word' id='word_1_481' title='bbox 393 3705 666 3780; x_wconf 49' lang='lat' dir='ltr'><strong>editaad</strong></span> <span class='ocrx_word' id='word_1_482' title='bbox 699 3706 1218 3780; x_wconf 65' lang='lat' dir='ltr'><strong>praefectumurbis</strong></span> <span class='ocrx_word' id='word_1_483' title='bbox 1239 3707 1559 3780; x_wconf 85' lang='lat' dir='ltr'><strong>mittuntur</strong></span> <span class='ocrx_word' id='word_1_484' title='bbox 1583 3709 1641 3762; x_wconf 90' lang='lat' dir='ltr'><strong>in</strong></span> <span class='ocrx_word' id='word_1_485' title='bbox 1661 3708 1891 3780; x_wconf 88' lang='lat' dir='ltr'><strong>publico</strong></span> <span class='ocrx_word' id='word_1_486' title='bbox 1924 3725 2049 3779; x_wconf 86' lang='lat' dir='ltr'><strong>pro-</strong></span> 
     </span>
    </p>
   </div>
   <div class='ocr_carea' id='block_1_69' title="bbox 394 3775 2048 3850">
    <p class='ocr_par' dir='ltr' id='par_1_69' title="bbox 394 3775 2048 3850">
     <span class='ocr_line' id='line_1_69' title="bbox 394 3775 2048 3850; baseline 0.001 -17"><span class='ocrx_word' id='word_1_487' title='bbox 394 3775 717 3850; x_wconf 61' lang='lat' dir='ltr'><strong>ponendis,</strong></span> <span class='ocrx_word' id='word_1_488' title='bbox 737 3777 954 3850; x_wconf 77' lang='lat' dir='ltr'><strong>tabulis</strong></span> <span class='ocrx_word' id='word_1_489' title='bbox 1004 3777 1615 3850; x_wconf 15' lang='lat' dir='ltr'><strong>diptychisreburneis</strong></span> <span class='ocrx_word' id='word_1_490' title='bbox 1661 3775 1942 3847; x_wconf 54' lang='lat' dir='ltr'><strong>inclusae}</strong></span> <span class='ocrx_word' id='word_1_491' title='bbox 1975 3796 2048 3835; x_wconf 90' lang='lat' dir='ltr'><strong>an</strong></span> 
     </span>
    </p>
   </div>
   <div class='ocr_carea' id='block_1_70' title="bbox 395 3848 2050 3934">
    <p class='ocr_par' dir='ltr' id='par_1_70' title="bbox 395 3848 2050 3934">
     <span class='ocr_line' id='line_1_70' title="bbox 395 3848 2050 3934; baseline 0.001 -30"><span class='ocrx_word' id='word_1_492' title='bbox 395 3848 608 3934; x_wconf 54' lang='lat' dir='ltr'><strong>potiuq</strong></span> <span class='ocrx_word' id='word_1_493' title='bbox 632 3848 1171 3934; x_wconf 43' lang='lat' dir='ltr'><strong>:&#39;quemadmodum</strong></span> <span class='ocrx_word' id='word_1_494' title='bbox 1202 3849 1292 3905; x_wconf 84' lang='lat' dir='ltr'><strong>lex</strong></span> <span class='ocrx_word' id='word_1_495' title='bbox 1309 3849 1531 3934; x_wconf 35' lang='lat' dir='ltr'><strong>‘hac‘de</strong></span> <span class='ocrx_word' id='word_1_496' title='bbox 1561 3867 1622 3905; x_wconf 90' lang='lat' dir='ltr'><strong>re</strong></span> <span class='ocrx_word' id='word_1_497' title='bbox 1642 3851 1761 3934; x_wconf 59' lang='lat' dir='ltr'><strong>lata</strong></span> <span class='ocrx_word' id='word_1_498' title='bbox 1789 3851 1963 3906; x_wconf 89' lang='lat' dir='ltr'><strong>edicit</strong></span> <span class='ocrx_word' id='word_1_499' title='bbox 1992 3855 2050 3906; x_wconf 92' lang='lat' dir='ltr'><strong>et</strong></span> 
     </span>
    </p>
   </div>
   <div class='ocr_carea' id='block_1_71' title="bbox 390 3918 2047 3993">
    <p class='ocr_par' dir='ltr' id='par_1_71' title="bbox 390 3918 2047 3993">
     <span class='ocr_line' id='line_1_71' title="bbox 390 3918 2047 3993; baseline 0 -17"><span class='ocrx_word' id='word_1_500' title='bbox 390 3918 608 3993; x_wconf 81' lang='lat' dir='ltr'><strong>jubet?</strong></span> <span class='ocrx_word' id='word_1_501' title='bbox 656 3918 963 3991; x_wconf 86' lang='lat' dir='ltr'><strong>Inquirant</strong></span> <span class='ocrx_word' id='word_1_502' title='bbox 1011 3921 1208 3993; x_wconf 84' lang='lat' dir='ltr'><strong>legum</strong></span> <span class='ocrx_word' id='word_1_503' title='bbox 1270 3925 1328 3977; x_wconf 90' lang='lat' dir='ltr'><strong>et</strong></span> <span class='ocrx_word' id='word_1_504' title='bbox 1383 3922 1602 3977; x_wconf 88' lang='lat' dir='ltr'><strong>rituum</strong></span> <span class='ocrx_word' id='word_1_505' title='bbox 1652 3923 2047 3980; x_wconf 86' lang='lat' dir='ltr'><strong>Romanorum</strong></span> 
     </span>
    </p>
   </div>
   <div class='ocr_carea' id='block_1_72' title="bbox 437 3991 718 4047">
    <p class='ocr_par' dir='ltr' id='par_1_72' title="bbox 437 3991 718 4047">
     <span class='ocr_line' id='line_1_72' title="bbox 437 3991 718 4047; baseline -0.011 0"><span class='ocrx_word' id='word_1_506' title='bbox 437 3991 718 4047; x_wconf 89' lang='lat' dir='ltr'><strong>eritiores.</strong></span> 
     </span>
    </p>
   </div>
   <div class='ocr_carea' id='block_1_73' title="bbox 391 4008 2049 4136">
    <p class='ocr_par' dir='ltr' id='par_1_73' title="bbox 391 4008 2049 4136">
     <span class='ocr_line' id='line_1_73' title="bbox 391 4008 718 4064; baseline -0.009 -17"><span class='ocrx_word' id='word_1_507' title='bbox 391 4008 718 4064; x_wconf 76' lang='lat' dir='ltr'><strong>peritiores.</strong></span> 
     </span>
     <span class='ocr_line' id='line_1_74' title="bbox 469 4060 2049 4136; baseline 0.004 -20"><span class='ocrx_word' id='word_1_508' title='bbox 469 4060 582 4134; x_wconf 82' lang='lat'>(34)</span> <span class='ocrx_word' id='word_1_509' title='bbox 614 4062 903 4136; x_wconf 74' lang='lat' dir='ltr'><strong>_Dubitavi,</strong></span> <span class='ocrx_word' id='word_1_510' title='bbox 955 4065 1249 4136; x_wconf 90' lang='lat' dir='ltr'><strong>quomodo</strong></span> <span class='ocrx_word' id='word_1_511' title='bbox 1281 4065 1581 4120; x_wconf 88' lang='lat' dir='ltr'><strong>redderem</strong></span> <span class='ocrx_word' id='word_1_512' title='bbox 1627 4065 1785 4121; x_wconf 85' lang='lat' dir='ltr'><strong>hunc</strong></span> <span class='ocrx_word' id='word_1_513' title='bbox 1817 4066 2006 4122; x_wconf 90' lang='lat' dir='ltr'><strong>locum</strong></span> <span class='ocrx_word' id='word_1_514' title='bbox 2033 4085 2049 4134; x_wconf 69' lang='grc' dir='ltr'><strong>ς</strong></span> 
     </span>
    </p>
   </div>
   <div class='ocr_carea' id='block_1_74' title="bbox 398 4133 2049 4209">
    <p class='ocr_par' dir='ltr' id='par_1_74' title="bbox 398 4133 2049 4209">
     <span class='ocr_line' id='line_1_75' title="bbox 398 4133 2049 4209; baseline 0.003 -21"><span class='ocrx_word' id='word_1_515' title='bbox 398 4151 542 4209; x_wconf 81' lang='lat' dir='ltr'><strong>num</strong></span> <span class='ocrx_word' id='word_1_516' title='bbox 568 4133 723 4209; x_wconf 57' lang='lat' dir='ltr'><strong>qiab</strong></span> <span class='ocrx_word' id='word_1_517' title='bbox 755 4133 1064 4209; x_wconf 40' lang='lat' dir='ltr'><strong>ipsisin—tre</strong></span> <span class='ocrx_word' id='word_1_518' title='bbox 1094 4139 1383 4192; x_wconf 78' lang='lat' dir='ltr'><strong>nuntietur</strong></span> <span class='ocrx_word' id='word_1_519' title='bbox 1413 4137 1482 4191; x_wconf 86' lang='lat' dir='ltr'><strong>ad</strong></span> <span class='ocrx_word' id='word_1_520' title='bbox 1511 4138 1820 4206; x_wconf 87' lang='lat' dir='ltr'><strong>dominum,</strong></span> <span class='ocrx_word' id='word_1_521' title='bbox 1845 4155 1918 4193; x_wconf 85' lang='lat' dir='ltr'><strong>an</strong></span> <span class='ocrx_word' id='word_1_522' title='bbox 1948 4133 2049 4209; x_wconf 58' lang='lat' dir='ltr'><strong>p04</strong></span> 
     </span>
    </p>
   </div>
   <div class='ocr_carea' id='block_1_75' title="bbox 396 4203 2049 4280">
    <p class='ocr_par' dir='ltr' id='par_1_75' title="bbox 396 4203 2049 4280">
     <span class='ocr_line' id='line_1_76' title="bbox 396 4203 2049 4280; baseline 0.002 -20"><span class='ocrx_word' id='word_1_523' title='bbox 396 4207 518 4280; x_wconf 92' lang='lat' dir='ltr'><strong>_tius</strong></span> <span class='ocrx_word' id='word_1_524' title='bbox 546 4203 596 4260; x_wconf 81' lang='lat' dir='ltr'><strong>si</strong></span> <span class='ocrx_word' id='word_1_525' title='bbox 617 4205 726 4277; x_wconf 77' lang='lat' dir='ltr'><strong>ipsi</strong></span> <span class='ocrx_word' id='word_1_526' title='bbox 755 4203 825 4260; x_wconf 72' lang='lat' dir='ltr'><strong>ob</strong></span> <span class='ocrx_word' id='word_1_527' title='bbox 849 4206 970 4280; x_wconf 71' lang='lat' dir='ltr'><strong>illis</strong></span> <span class='ocrx_word' id='word_1_528' title='bbox 994 4211 1441 4280; x_wconf 71' lang='lat' dir='ltr'><strong>praenuntiatum</strong></span> <span class='ocrx_word' id='word_1_529' title='bbox 1458 4203 2049 4280; x_wconf 32' lang='lat' dir='ltr'><strong>[uerit,eum&#39;nem&#39;pe,</strong></span> 
     </span>
    </p>
   </div>
   <div class='ocr_carea' id='block_1_76' title="bbox 397 4278 2053 4351">
    <p class='ocr_par' dir='ltr' id='par_1_76' title="bbox 397 4278 2053 4351">
     <span class='ocr_line' id='line_1_77' title="bbox 397 4278 2053 4351; baseline 0.002 -19"><span class='ocrx_word' id='word_1_530' title='bbox 397 4278 457 4351; x_wconf 84' lang='lat' dir='ltr'><strong>in</strong></span> <span class='ocrx_word' id='word_1_531' title='bbox 489 4293 795 4351; x_wconf 78' lang='lat' dir='ltr'><strong>numerum</strong></span> <span class='ocrx_word' id='word_1_532' title='bbox 823 4278 1200 4347; x_wconf 89' lang='lat' dir='ltr'><strong>patriciorum</strong></span> <span class='ocrx_word' id='word_1_533' title='bbox 1220 4279 1492 4335; x_wconf 85' lang='lat' dir='ltr'><strong>allectum</strong></span> <span class='ocrx_word' id='word_1_534' title='bbox 1513 4280 1840 4335; x_wconf 72' lang='lat' dir='ltr'><strong>iri.Prtetuli</strong></span> <span class='ocrx_word' id='word_1_535' title='bbox 1865 4278 2053 4351; x_wconf 80' lang='lat' dir='ltr'><strong>poste-</strong></span> 
     </span>
    </p>
   </div>
   <div class='ocr_carea' id='block_1_77' title="bbox 397 4348 2051 4423">
    <p class='ocr_par' dir='ltr' id='par_1_77' title="bbox 397 4348 2051 4423">
     <span class='ocr_line' id='line_1_78' title="bbox 397 4348 2051 4423; baseline 0.003 -21"><span class='ocrx_word' id='word_1_536' title='bbox 397 4348 540 4423; x_wconf 78' lang='lat' dir='ltr'><strong>rius,</strong></span> <span class='ocrx_word' id='word_1_537' title='bbox 561 4349 697 4423; x_wconf 83' lang='lat' dir='ltr'><strong>quia</strong></span> <span class='ocrx_word' id='word_1_538' title='bbox 729 4365 902 4423; x_wconf 80' lang='lat' dir='ltr'><strong>nemo</strong></span> <span class='ocrx_word' id='word_1_539' title='bbox 931 4352 1346 4423; x_wconf 67' lang='lat' dir='ltr'><strong>intromittiad</strong></span> <span class='ocrx_word' id='word_1_540' title='bbox 1380 4351 1790 4421; x_wconf 84' lang='lat' dir='ltr'><strong>imperatorem</strong></span> <span class='ocrx_word' id='word_1_541' title='bbox 1826 4348 2051 4423; x_wconf 84' lang='lat' dir='ltr'><strong>poterat</strong></span> 
     </span>
    </p>
   </div>
   <div class='ocr_carea' id='block_1_78' title="bbox 398 4419 2049 4490">
    <p class='ocr_par' dir='ltr' id='par_1_78' title="bbox 398 4419 2049 4490">
     <span class='ocr_line' id='line_1_79' title="bbox 398 4419 2049 4490; baseline 0.002 -15"><span class='ocrx_word' id='word_1_542' title='bbox 398 4419 508 4475; x_wconf 89' lang='lat' dir='ltr'><strong>nisi</strong></span> <span class='ocrx_word' id='word_1_543' title='bbox 545 4421 703 4488; x_wconf 90' lang='lat' dir='ltr'><strong>prius</strong></span> <span class='ocrx_word' id='word_1_544' title='bbox 723 4437 752 4474; x_wconf 88' lang='lat' dir='ltr'><strong>a</strong></span> <span class='ocrx_word' id='word_1_545' title='bbox 772 4421 1149 4477; x_wconf 90' lang='lat' dir='ltr'><strong>cubiculariis</strong></span> <span class='ocrx_word' id='word_1_546' title='bbox 1181 4420 1267 4476; x_wconf 89' lang='lat' dir='ltr'><strong>vel</strong></span> <span class='ocrx_word' id='word_1_547' title='bbox 1293 4423 1406 4477; x_wconf 88' lang='lat' dir='ltr'><strong>alio</strong></span> <span class='ocrx_word' id='word_1_548' title='bbox 1431 4419 1701 4478; x_wconf 78' lang='lat' dir='ltr'><strong>familiari</strong></span> <span class='ocrx_word' id='word_1_549' title='bbox 1721 4419 2049 4490; x_wconf 80' lang='lat' dir='ltr'><strong>nuntiatus,</strong></span> 
     </span>
    </p>
   </div>
   <div class='ocr_carea' id='block_1_79' title="bbox 399 4493 2052 4564">
    <p class='ocr_par' dir='ltr' id='par_1_79' title="bbox 399 4493 2052 4564">
     <span class='ocr_line' id='line_1_80' title="bbox 399 4493 2052 4564; baseline 0.002 -18"><span class='ocrx_word' id='word_1_550' title='bbox 399 4493 696 4564; x_wconf 86' lang='lat' dir='ltr'><strong>posterius</strong></span> <span class='ocrx_word' id='word_1_551' title='bbox 727 4501 916 4547; x_wconf 80' lang='lat' dir='ltr'><strong>autem</strong></span> <span class='ocrx_word' id='word_1_552' title='bbox 939 4510 1052 4548; x_wconf 91' lang='lat' dir='ltr'><strong>non</strong></span> <span class='ocrx_word' id='word_1_553' title='bbox 1078 4510 1308 4564; x_wconf 77' lang='lat' dir='ltr'><strong>semper</strong></span> <span class='ocrx_word' id='word_1_554' title='bbox 1338 4495 1606 4549; x_wconf 82' lang='lat' dir='ltr'><strong>ﬁebat.Et</strong></span> <span class='ocrx_word' id='word_1_555' title='bbox 1627 4497 1933 4549; x_wconf 78' lang='lat' dir='ltr'><strong>conﬁrmat</strong></span> <span class='ocrx_word' id='word_1_556' title='bbox 1962 4511 2052 4549; x_wconf 92' lang='lat' dir='ltr'><strong>me</strong></span> 
     </span>
    </p>
   </div>
   <div class='ocr_carea' id='block_1_80' title="bbox 400 4563 2050 4638">
    <p class='ocr_par' dir='ltr' id='par_1_80' title="bbox 400 4563 2050 4638">
     <span class='ocr_line' id='line_1_81' title="bbox 400 4563 2050 4638; baseline 0.002 -22"><span class='ocrx_word' id='word_1_557' title='bbox 400 4581 455 4633; x_wconf 92' lang='lat' dir='ltr'><strong>p.</strong></span> <span class='ocrx_word' id='word_1_558' title='bbox 486 4563 710 4638; x_wconf 76' lang='lat' dir='ltr'><strong>419,u_bi</strong></span> <span class='ocrx_word' id='word_1_559' title='bbox 746 4564 958 4618; x_wconf 87' lang='lat' dir='ltr'><strong>dicitur</strong></span> <span class='ocrx_word' id='word_1_560' title='bbox 979 4563 1319 4638; x_wconf 59' lang='lat' dir='ltr'><strong>praepositus</strong></span> <span class='ocrx_word' id='word_1_561' title='bbox 1342 4566 1412 4620; x_wconf 87' lang='lat' dir='ltr'><strong>ab</strong></span> <span class='ocrx_word' id='word_1_562' title='bbox 1439 4583 1788 4638; x_wconf 87' lang='lat' dir='ltr'><strong>unoquoque</strong></span> <span class='ocrx_word' id='word_1_563' title='bbox 1819 4565 2050 4621; x_wconf 82' lang='lat' dir='ltr'><strong>ofﬁciali</strong></span> 
     </span>
    </p>
   </div>
   <div class='ocr_carea' id='block_1_81' title="bbox 399 4635 2051 4706">
    <p class='ocr_par' dir='ltr' id='par_1_81' title="bbox 399 4635 2051 4706">
     <span class='ocr_line' id='line_1_82' title="bbox 399 4635 2051 4706; baseline 0.001 -16"><span class='ocrx_word' id='word_1_564' title='bbox 399 4651 604 4691; x_wconf 88' lang='lat' dir='ltr'><strong>recens</strong></span> <span class='ocrx_word' id='word_1_565' title='bbox 637 4635 918 4691; x_wconf 85' lang='lat' dir='ltr'><strong>honorato</strong></span> <span class='ocrx_word' id='word_1_566' title='bbox 943 4635 1202 4706; x_wconf 86' lang='lat' dir='ltr'><strong>accipere</strong></span> <span class='ocrx_word' id='word_1_567' title='bbox 1224 4635 1707 4692; x_wconf 82' lang='lat' dir='ltr'><strong>consuetudinem</strong></span> <span class='ocrx_word' id='word_1_568' title='bbox 1738 4638 1808 4692; x_wconf 82' lang='lat'><strong>24</strong></span> <span class='ocrx_word' id='word_1_569' title='bbox 1836 4637 2051 4693; x_wconf 70' lang='lat' dir='ltr'><strong>solidos</strong></span> 
     </span>
    </p>
   </div>
   <div class='ocr_carea' id='block_1_82' title="bbox 400 4707 2052 4778">
    <p class='ocr_par' dir='ltr' id='par_1_82' title="bbox 400 4707 2052 4778">
     <span class='ocr_line' id='line_1_83' title="bbox 400 4707 2052 4778; baseline 0.002 -18"><span class='ocrx_word' id='word_1_570' title='bbox 400 4722 607 4761; x_wconf 89' lang='lat' dir='ltr'><strong>aureos</strong></span> <span class='ocrx_word' id='word_1_571' title='bbox 646 4712 963 4778; x_wconf 86' lang='lat' dir='ltr'><strong>prOpterea</strong></span> <span class='ocrx_word' id='word_1_572' title='bbox 1011 4711 1167 4778; x_wconf 86' lang='lat' dir='ltr'><strong>quod</strong></span> <span class='ocrx_word' id='word_1_573' title='bbox 1220 4707 1346 4764; x_wconf 90' lang='lat' dir='ltr'><strong>loco</strong></span> <span class='ocrx_word' id='word_1_574' title='bbox 1382 4715 1451 4778; x_wconf 92' lang='lat' dir='ltr'><strong>_et</strong></span> <span class='ocrx_word' id='word_1_575' title='bbox 1509 4712 1744 4768; x_wconf 87' lang='lat' dir='ltr'><strong>nomine</strong></span> <span class='ocrx_word' id='word_1_576' title='bbox 1801 4709 2052 4778; x_wconf 90' lang='lat' dir='ltr'><strong>impera-</strong></span> 
     </span>
    </p>
   </div>
   <div class='ocr_carea' id='block_1_83' title="bbox 399 4777 700 4845">
    <p class='ocr_par' dir='ltr' id='par_1_83' title="bbox 399 4777 700 4845">
     <span class='ocr_line' id='line_1_84' title="bbox 399 4777 700 4845; baseline -0.01 -12"><span class='ocrx_word' id='word_1_577' title='bbox 399 4779 545 4833; x_wconf 88' lang='lat' dir='ltr'><strong>toris</strong></span> <span class='ocrx_word' id='word_1_578' title='bbox 599 4777 700 4845; x_wconf 77' lang='grc' dir='ltr'>τήν</span> 
     </span>
    </p>
   </div>
   <div class='ocr_carea' id='block_1_84' title="bbox 399 4851 2042 4922">
    <p class='ocr_par' dir='ltr' id='par_1_84' title="bbox 399 4851 2042 4922">
     <span class='ocr_line' id='line_1_85' title="bbox 399 4851 2042 4922; baseline 0 -16"><span class='ocrx_word' id='word_1_579' title='bbox 399 4851 870 4921; x_wconf 73' lang='lat' dir='ltr'><strong>signiﬁcationem</strong></span> <span class='ocrx_word' id='word_1_580' title='bbox 892 4851 1259 4920; x_wconf 80' lang='lat' dir='ltr'><strong>promotionis</strong></span> <span class='ocrx_word' id='word_1_581' title='bbox 1289 4853 1630 4922; x_wconf 81' lang='lat' dir='ltr'><strong>eﬂert,quod</strong></span> <span class='ocrx_word' id='word_1_582' title='bbox 1661 4853 2004 4922; x_wconf 86' lang='lat' dir='ltr'><strong>interpretor</strong></span> <span class='ocrx_word' id='word_1_583' title='bbox 2029 4869 2042 4906; x_wconf 90' lang='lat'><strong>:</strong></span> 
     </span>
    </p>
   </div>
   <div class='ocr_carea' id='block_1_85' title="bbox 401 4922 2046 5046">
    <p class='ocr_par' dir='ltr' id='par_1_85' title="bbox 401 4922 2046 5046">
     <span class='ocr_line' id='line_1_86' title="bbox 401 4922 2046 5046; baseline 0.002 -71"><span class='ocrx_word' id='word_1_584' title='bbox 401 4924 753 5046; x_wconf 53' lang='lat' dir='ltr'><strong>praenuntiat</strong></span> <span class='ocrx_word' id='word_1_585' title='bbox 781 4922 1162 5006; x_wconf 76' lang='lat' dir='ltr'><strong>honorandis,</strong></span> <span class='ocrx_word' id='word_1_586' title='bbox 1195 4939 1292 4979; x_wconf 90' lang='lat' dir='ltr'><strong>eos</strong></span> <span class='ocrx_word' id='word_1_587' title='bbox 1341 4925 1450 4979; x_wconf 88' lang='lat' dir='ltr'><strong>hoc</strong></span> <span class='ocrx_word' id='word_1_588' title='bbox 1479 4923 1566 4979; x_wconf 87' lang='lat' dir='ltr'><strong>vel</strong></span> <span class='ocrx_word' id='word_1_589' title='bbox 1598 4923 1697 4979; x_wconf 91' lang='lat' dir='ltr'><strong>illo</strong></span> <span class='ocrx_word' id='word_1_590' title='bbox 1738 4923 1928 4979; x_wconf 80' lang='lat' dir='ltr'><strong>ofﬁcio</strong></span> <span class='ocrx_word' id='word_1_591' title='bbox 1960 4923 2046 4979; x_wconf 89' lang='lat' dir='ltr'><strong>vel</strong></span> 
     </span>
     <span class='ocr_line' id='line_1_87' title="bbox 447 4994 1100 5046; baseline 0 0"><span class='ocrx_word' id='word_1_592' title='bbox 447 5008 623 5046; x_wconf 88' lang='lat' dir='ltr'><strong>onore</strong></span> <span class='ocrx_word' id='word_1_593' title='bbox 653 4999 971 5046; x_wconf 82' lang='lat' dir='ltr'><strong>mactatum</strong></span> <span class='ocrx_word' id='word_1_594' title='bbox 1005 4994 1100 5046; x_wconf 92' lang='lat' dir='ltr'><strong>1ri.</strong></span> 
     </span>
    </p>
   </div>
   <div class='ocr_carea' id='block_1_86' title="bbox 447 4993 1100 5049">
    <p class='ocr_par' dir='ltr' id='par_1_86' title="bbox 447 4993 1100 5049">
     <span class='ocr_line' id='line_1_88' title="bbox 447 4993 1100 5049; baseline 0.006 -4"><span class='ocrx_word' id='word_1_595' title='bbox 447 5008 623 5047; x_wconf 90' lang='lat' dir='ltr'><strong>onore</strong></span> <span class='ocrx_word' id='word_1_596' title='bbox 653 4999 971 5049; x_wconf 82' lang='lat' dir='ltr'><strong>mactatum</strong></span> <span class='ocrx_word' id='word_1_597' title='bbox 1005 4993 1100 5049; x_wconf 92' lang='lat' dir='ltr'><strong>iri.</strong></span> 
     </span>
    </p>
   </div>
   <div class='ocr_carea' id='block_1_87' title="bbox 477 5063 2050 5138">
    <p class='ocr_par' dir='ltr' id='par_1_87' title="bbox 477 5063 2050 5138">
     <span class='ocr_line' id='line_1_89' title="bbox 477 5063 2050 5138; baseline 0.004 -23"><span class='ocrx_word' id='word_1_598' title='bbox 477 5063 585 5133; x_wconf 82' lang='lat'><strong>(35)</strong></span> <span class='ocrx_word' id='word_1_599' title='bbox 613 5064 681 5119; x_wconf 89' lang='lat' dir='ltr'><strong>Et</strong></span> <span class='ocrx_word' id='word_1_600' title='bbox 729 5065 823 5120; x_wconf 89' lang='lat' dir='ltr'><strong>hic</strong></span> <span class='ocrx_word' id='word_1_601' title='bbox 855 5081 1083 5137; x_wconf 88' lang='lat' dir='ltr'><strong>quoque</strong></span> <span class='ocrx_word' id='word_1_602' title='bbox 1113 5066 1357 5122; x_wconf 91' lang='lat' dir='ltr'><strong>dubium</strong></span> <span class='ocrx_word' id='word_1_603' title='bbox 1394 5070 1503 5135; x_wconf 90' lang='lat' dir='ltr'><strong>est,</strong></span> <span class='ocrx_word' id='word_1_604' title='bbox 1555 5067 1706 5123; x_wconf 88' lang='lat' dir='ltr'><strong>sitne</strong></span> <span class='ocrx_word' id='word_1_605' title='bbox 1735 5067 2050 5138; x_wconf 84' lang='lat' dir='ltr'><strong>obsequium</strong></span> 
     </span>
    </p>
   </div>
   <div class='ocr_carea' id='block_1_88' title="bbox 405 5139 2050 5214">
    <p class='ocr_par' dir='ltr' id='par_1_88' title="bbox 405 5139 2050 5214">
     <span class='ocr_line' id='line_1_90' title="bbox 405 5139 2050 5214; baseline 0.005 -28"><span class='ocrx_word' id='word_1_606' title='bbox 405 5149 616 5214; x_wconf 67' lang='lat' dir='ltr'><strong>nomen</strong></span> <span class='ocrx_word' id='word_1_607' title='bbox 648 5141 790 5190; x_wconf 71' lang='lat' dir='ltr'><strong>tam</strong></span> <span class='ocrx_word' id='word_1_608' title='bbox 820 5139 908 5193; x_wconf 91' lang='lat' dir='ltr'><strong>vel</strong></span> <span class='ocrx_word' id='word_1_609' title='bbox 941 5139 1399 5214; x_wconf 80' lang='lat' dir='ltr'><strong>consuetudinis</strong></span> <span class='ocrx_word' id='word_1_610' title='bbox 1423 5155 1525 5214; x_wconf 88' lang='lat' dir='ltr'><strong>pro</strong></span> <span class='ocrx_word' id='word_1_611' title='bbox 1557 5140 1838 5210; x_wconf 90' lang='lat' dir='ltr'><strong>obsequio</strong></span> <span class='ocrx_word' id='word_1_612' title='bbox 1875 5139 2050 5209; x_wconf 89' lang='lat' dir='ltr'><strong>pendi</strong></span> 
     </span>
    </p>
   </div>
   <div class='ocr_carea' id='block_1_89' title="bbox 407 5204 2052 5282">
    <p class='ocr_par' dir='ltr' id='par_1_89' title="bbox 407 5204 2052 5282">
     <span class='ocr_line' id='line_1_91' title="bbox 407 5204 2052 5282; baseline 0.005 -26"><span class='ocrx_word' id='word_1_613' title='bbox 407 5204 719 5282; x_wconf 51' lang='lat' dir='ltr'><strong>solitaeseu</strong></span> <span class='ocrx_word' id='word_1_614' title='bbox 751 5222 852 5275; x_wconf 88' lang='lat' dir='ltr'><strong>pro</strong></span> <span class='ocrx_word' id='word_1_615' title='bbox 883 5211 1161 5282; x_wconf 82' lang='lat' dir='ltr'><strong>comitatu</strong></span> <span class='ocrx_word' id='word_1_616' title='bbox 1217 5211 1321 5280; x_wconf 91' lang='lat' dir='ltr'><strong>(ita</strong></span> <span class='ocrx_word' id='word_1_617' title='bbox 1350 5204 1622 5279; x_wconf 85' lang='lat' dir='ltr'><strong>videtur),</strong></span> <span class='ocrx_word' id='word_1_618' title='bbox 1655 5204 1826 5282; x_wconf 72' lang='lat' dir='ltr'><strong>quem</strong></span> <span class='ocrx_word' id='word_1_619' title='bbox 1875 5204 2052 5265; x_wconf 68' lang='lat' dir='ltr'><strong>ciere-</strong></span> 
     </span>
    </p>
   </div>
   <div class='ocr_carea' id='block_1_90' title="bbox 407 5274 2052 5352">
    <p class='ocr_par' dir='ltr' id='par_1_90' title="bbox 407 5274 2052 5352">
     <span class='ocr_line' id='line_1_92' title="bbox 407 5274 2052 5352; baseline 0.005 -24"><span class='ocrx_word' id='word_1_620' title='bbox 407 5274 730 5330; x_wconf 80' lang='lat' dir='ltr'><strong>moniarius</strong></span> <span class='ocrx_word' id='word_1_621' title='bbox 755 5274 977 5352; x_wconf 75' lang='lat' dir='ltr'><strong>recens</strong></span> <span class='ocrx_word' id='word_1_622' title='bbox 1011 5274 1292 5337; x_wconf 78' lang='lat' dir='ltr'><strong>honorato</strong></span> <span class='ocrx_word' id='word_1_623' title='bbox 1340 5274 1900 5350; x_wconf 38' lang='lat' dir='ltr'><strong>patricionaddebat,</strong></span> <span class='ocrx_word' id='word_1_624' title='bbox 1936 5297 2052 5352; x_wconf 91' lang='lat' dir='ltr'><strong>quo</strong></span> 
     </span>
    </p>
   </div>
   <div class='ocr_carea' id='block_1_91' title="bbox 408 5350 2055 5424">
    <p class='ocr_par' dir='ltr' id='par_1_91' title="bbox 408 5350 2055 5424">
     <span class='ocr_line' id='line_1_93' title="bbox 408 5350 2055 5424; baseline 0.005 -25"><span class='ocrx_word' id='word_1_625' title='bbox 408 5362 539 5424; x_wconf 82' lang='lat' dir='ltr'><strong>eum</strong></span> <span class='ocrx_word' id='word_1_626' title='bbox 580 5362 699 5400; x_wconf 90' lang='lat' dir='ltr'><strong>cum</strong></span> <span class='ocrx_word' id='word_1_627' title='bbox 729 5350 1023 5424; x_wconf 79' lang='lat' dir='ltr'><strong>pompain</strong></span> <span class='ocrx_word' id='word_1_628' title='bbox 1043 5356 1162 5419; x_wconf 84' lang='lat' dir='ltr'><strong>ejus</strong></span> <span class='ocrx_word' id='word_1_629' title='bbox 1185 5357 1334 5407; x_wconf 67' lang='lat' dir='ltr'><strong>aedes</strong></span> <span class='ocrx_word' id='word_1_630' title='bbox 1360 5354 1709 5420; x_wconf 82' lang='lat' dir='ltr'><strong>deduceret;</strong></span> <span class='ocrx_word' id='word_1_631' title='bbox 1745 5371 1817 5408; x_wconf 91' lang='lat' dir='ltr'><strong>an</strong></span> <span class='ocrx_word' id='word_1_632' title='bbox 1853 5355 1928 5407; x_wconf 86' lang='lat' dir='ltr'><strong>sit</strong></span> <span class='ocrx_word' id='word_1_633' title='bbox 1955 5350 2055 5424; x_wconf 81' lang='lat' dir='ltr'><strong>po-</strong></span> 
     </span>
    </p>
   </div>
   <div class='ocr_carea' id='block_1_92' title="bbox 406 5421 2048 5495">
    <p class='ocr_par' dir='ltr' id='par_1_92' title="bbox 406 5421 2048 5495">
     <span class='ocr_line' id='line_1_94' title="bbox 406 5421 2048 5495; baseline 0.002 -23"><span class='ocrx_word' id='word_1_634' title='bbox 406 5421 1063 5495; x_wconf 73' lang='lat' dir='ltr'><strong>tiu_s__o_b_s_equium,ipse</strong></span> <span class='ocrx_word' id='word_1_635' title='bbox 1094 5431 1424 5479; x_wconf 79' lang='lat' dir='ltr'><strong>comitatus.</strong></span> <span class='ocrx_word' id='word_1_636' title='bbox 1460 5425 1576 5495; x_wconf 86' lang='lat' dir='ltr'><strong>Ego</strong></span> <span class='ocrx_word' id='word_1_637' title='bbox 1612 5426 1772 5494; x_wconf 89' lang='lat' dir='ltr'><strong>prius</strong></span> <span class='ocrx_word' id='word_1_638' title='bbox 1805 5421 2048 5494; x_wconf 60' lang='lat' dir='ltr'><strong>praetuli.</strong></span> 
     </span>
    </p>
   </div>
   <div class='ocr_carea' id='block_1_93' title="bbox 478 5489 2055 5566">
    <p class='ocr_par' dir='ltr' id='par_1_93' title="bbox 478 5489 2055 5566">
     <span class='ocr_line' id='line_1_95' title="bbox 478 5489 2055 5566; baseline 0.003 -21"><span class='ocrx_word' id='word_1_639' title='bbox 478 5489 703 5566; x_wconf 13' lang='lat' dir='ltr'><strong>(36)7De</strong></span> <span class='ocrx_word' id='word_1_640' title='bbox 735 5495 1113 5566; x_wconf 57' lang='lat' dir='ltr'><strong>membranis</strong></span> <span class='ocrx_word' id='word_1_641' title='bbox 1142 5500 1447 5565; x_wconf 88' lang='lat' dir='ltr'><strong>purpureis</strong></span> <span class='ocrx_word' id='word_1_642' title='bbox 1482 5489 1569 5550; x_wconf 57' lang='lat' dir='ltr'><strong>res</strong></span> <span class='ocrx_word' id='word_1_643' title='bbox 1612 5489 1746 5551; x_wconf 53' lang='lat' dir='ltr'><strong>&#39;nola</strong></span> <span class='ocrx_word' id='word_1_644' title='bbox 1780 5489 1832 5551; x_wconf 82' lang='lat' dir='ltr'><strong>et</strong></span> <span class='ocrx_word' id='word_1_645' title='bbox 1870 5512 2055 5566; x_wconf 89' lang='lat' dir='ltr'><strong>nuper</strong></span> 
     </span>
    </p>
   </div>
   <div class='ocr_carea' id='block_1_94' title="bbox 407 5561 2054 5638">
    <p class='ocr_par' dir='ltr' id='par_1_94' title="bbox 407 5561 2054 5638">
     <span class='ocr_line' id='line_1_96' title="bbox 407 5561 2054 5638; baseline 0.004 -22"><span class='ocrx_word' id='word_1_646' title='bbox 407 5563 724 5638; x_wconf 79' lang='lat' dir='ltr'><strong>admodum</strong></span> <span class='ocrx_word' id='word_1_647' title='bbox 760 5561 1387 5638; x_wconf 39' lang='lat' dir='ltr'><strong>\lVitQCﬂreitingerus</strong></span> <span class='ocrx_word' id='word_1_648' title='bbox 1420 5576 1470 5621; x_wconf 87' lang='lat' dir='ltr'><strong>et</strong></span> <span class='ocrx_word' id='word_1_649' title='bbox 1497 5569 1851 5623; x_wconf 86' lang='lat' dir='ltr'><strong>Blancbinus</strong></span> <span class='ocrx_word' id='word_1_650' title='bbox 1881 5561 2054 5623; x_wconf 43' lang='lat' dir='ltr'><strong>de&#39;iis</strong></span> 
     </span>
    </p>
   </div>
   <div class='ocr_carea' id='block_1_95' title="bbox 408 5633 2055 5696">
    <p class='ocr_par' dir='ltr' id='par_1_95' title="bbox 408 5633 2055 5696">
     <span class='ocr_line' id='line_1_97' title="bbox 408 5633 2055 5696; baseline 0.005 -10"><span class='ocrx_word' id='word_1_651' title='bbox 408 5634 777 5690; x_wconf 86' lang='lat' dir='ltr'><strong>tradiderunt</strong></span> <span class='ocrx_word' id='word_1_652' title='bbox 793 5634 852 5689; x_wconf 92' lang='lat' dir='ltr'><strong>in</strong></span> <span class='ocrx_word' id='word_1_653' title='bbox 871 5633 1066 5690; x_wconf 88' lang='lat' dir='ltr'><strong>libello</strong></span> <span class='ocrx_word' id='word_1_654' title='bbox 1080 5637 1147 5691; x_wconf 90' lang='lat' dir='ltr'><strong>de</strong></span> <span class='ocrx_word' id='word_1_655' title='bbox 1169 5633 1448 5694; x_wconf 70' lang='lat' dir='ltr'><strong>Psalterio</strong></span> <span class='ocrx_word' id='word_1_656' title='bbox 1471 5639 1774 5696; x_wconf 90' lang='lat' dir='ltr'><strong>Turicensi</strong></span> <span class='ocrx_word' id='word_1_657' title='bbox 1796 5646 1852 5696; x_wconf 90' lang='lat' dir='ltr'><strong>et</strong></span> <span class='ocrx_word' id='word_1_658' title='bbox 1870 5639 2055 5694; x_wconf 87' lang='lat' dir='ltr'><strong>Evan-</strong></span> 
     </span>
    </p>
   </div>
   <div class='ocr_carea' id='block_1_96' title="bbox 411 5705 1063 5778">
    <p class='ocr_par' dir='ltr' id='par_1_96' title="bbox 411 5705 1063 5778">
     <span class='ocr_line' id='line_1_98' title="bbox 411 5705 1063 5778; baseline 0 -18"><span class='ocrx_word' id='word_1_659' title='bbox 411 5705 649 5778; x_wconf 79' lang='lat' dir='ltr'><strong>geliario</strong></span> <span class='ocrx_word' id='word_1_660' title='bbox 677 5705 1063 5778; x_wconf 88' lang='lat' dir='ltr'><strong>quadruplici.</strong></span> 
     </span>
    </p>
   </div>
   <div class='ocr_carea' id='block_1_97' title="bbox 480 5776 2056 5850">
    <p class='ocr_par' dir='ltr' id='par_1_97' title="bbox 480 5776 2056 5850">
     <span class='ocr_line' id='line_1_99' title="bbox 480 5776 2056 5850; baseline 0.007 -21"><span class='ocrx_word' id='word_1_661' title='bbox 480 5776 590 5847; x_wconf 81' lang='lat'><strong>(37)</strong></span> <span class='ocrx_word' id='word_1_662' title='bbox 624 5776 844 5847; x_wconf 69' lang='grc' dir='ltr'>Ἐἱτιμὶς</span> <span class='ocrx_word' id='word_1_663' title='bbox 873 5776 1002 5834; x_wconf 88' lang='lat' dir='ltr'><strong>cod.</strong></span> <span class='ocrx_word' id='word_1_664' title='bbox 1039 5778 1103 5836; x_wconf 88' lang='lat' dir='ltr'><strong>1n</strong></span> <span class='ocrx_word' id='word_1_665' title='bbox 1153 5780 1413 5849; x_wconf 78' lang='lat' dir='ltr'><strong>margins</strong></span> <span class='ocrx_word' id='word_1_666' title='bbox 1441 5796 1644 5837; x_wconf 88' lang='lat' dir='ltr'><strong>recens</strong></span> <span class='ocrx_word' id='word_1_667' title='bbox 1689 5798 1922 5850; x_wconf 86' lang='lat' dir='ltr'><strong>manus,</strong></span> <span class='ocrx_word' id='word_1_668' title='bbox 1951 5798 2056 5840; x_wconf 90' lang='lat' dir='ltr'><strong>ne-</strong></span> 
     </span>
    </p>
   </div>
   <div class='ocr_carea' id='block_1_98' title="bbox 2158 3495 2597 3566">
    <p class='ocr_par' dir='ltr' id='par_1_98' title="bbox 2158 3495 2597 3566">
     <span class='ocr_line' id='line_1_100' title="bbox 2158 3495 2597 3566; baseline 0.007 -17"><span class='ocrx_word' id='word_1_669' title='bbox 2158 3495 2393 3566; x_wconf 87' lang='lat' dir='ltr'><strong>quicum</strong></span> <span class='ocrx_word' id='word_1_670' title='bbox 2429 3495 2597 3552; x_wconf 83' lang='lat' dir='ltr'><strong>facio.</strong></span> 
     </span>
    </p>
   </div>
   <div class='ocr_carea' id='block_1_99' title="bbox 2229 3562 3810 3638">
    <p class='ocr_par' dir='ltr' id='par_1_99' title="bbox 2229 3562 3810 3638">
     <span class='ocr_line' id='line_1_101' title="bbox 2229 3562 3810 3638; baseline -0.002 -17"><span class='ocrx_word' id='word_1_671' title='bbox 2229 3566 2344 3638; x_wconf 91' lang='lat'><strong>(38)</strong></span> <span class='ocrx_word' id='word_1_672' title='bbox 2370 3567 2587 3622; x_wconf 75' lang='lat' dir='ltr'><strong>Baltliei</strong></span> <span class='ocrx_word' id='word_1_673' title='bbox 2615 3566 2828 3622; x_wconf 89' lang='lat' dir='ltr'><strong>diversi</strong></span> <span class='ocrx_word' id='word_1_674' title='bbox 2859 3584 2892 3621; x_wconf 91' lang='lat' dir='ltr'><strong>a</strong></span> <span class='ocrx_word' id='word_1_675' title='bbox 2921 3567 3198 3638; x_wconf 61' lang='lat' dir='ltr'><strong>zonisﬂae</strong></span> <span class='ocrx_word' id='word_1_676' title='bbox 3231 3563 3487 3620; x_wconf 89' lang='lat' dir='ltr'><strong>medium</strong></span> <span class='ocrx_word' id='word_1_677' title='bbox 3521 3562 3810 3638; x_wconf 82' lang='lat' dir='ltr'><strong>abdomen</strong></span> 
     </span>
    </p>
   </div>
   <div class='ocr_carea' id='block_1_100' title="bbox 2157 3634 3810 3711">
    <p class='ocr_par' dir='ltr' id='par_1_100' title="bbox 2157 3634 3810 3711">
     <span class='ocr_line' id='line_1_102' title="bbox 2157 3634 3810 3711; baseline -0.003 -18"><span class='ocrx_word' id='word_1_678' title='bbox 2157 3634 2598 3694; x_wconf 83' lang='lat' dir='ltr'><strong>horizontaliter</strong></span> <span class='ocrx_word' id='word_1_679' title='bbox 2615 3639 3012 3711; x_wconf 71' lang='lat' dir='ltr'><strong>praecingunt;</strong></span> <span class='ocrx_word' id='word_1_680' title='bbox 3031 3637 3114 3693; x_wconf 90' lang='lat' dir='ltr'><strong>illi</strong></span> <span class='ocrx_word' id='word_1_681' title='bbox 3137 3653 3315 3708; x_wconf 88' lang='lat' dir='ltr'><strong>super</strong></span> <span class='ocrx_word' id='word_1_682' title='bbox 3333 3638 3680 3691; x_wconf 85' lang='lat' dir='ltr'><strong>alterutrum</strong></span> <span class='ocrx_word' id='word_1_683' title='bbox 3698 3634 3810 3689; x_wconf 86' lang='lat' dir='ltr'><strong>hu-</strong></span> 
     </span>
    </p>
   </div>
   <div class='ocr_carea' id='block_1_101' title="bbox 2160 3710 3808 3781">
    <p class='ocr_par' dir='ltr' id='par_1_101' title="bbox 2160 3710 3808 3781">
     <span class='ocr_line' id='line_1_103' title="bbox 2160 3710 3808 3781; baseline -0.001 -17"><span class='ocrx_word' id='word_1_684' title='bbox 2160 3725 2386 3764; x_wconf 90' lang='lat' dir='ltr'><strong>merum</strong></span> <span class='ocrx_word' id='word_1_685' title='bbox 2412 3715 2469 3765; x_wconf 88' lang='lat' dir='ltr'><strong>et</strong></span> <span class='ocrx_word' id='word_1_686' title='bbox 2487 3715 2690 3781; x_wconf 88' lang='lat' dir='ltr'><strong>pectus</strong></span> <span class='ocrx_word' id='word_1_687' title='bbox 2708 3710 2942 3780; x_wconf 85' lang='lat' dir='ltr'><strong>oblique</strong></span> <span class='ocrx_word' id='word_1_688' title='bbox 2963 3712 3286 3764; x_wconf 88' lang='lat' dir='ltr'><strong>decurrunt</strong></span> <span class='ocrx_word' id='word_1_689' title='bbox 3301 3713 3358 3763; x_wconf 92' lang='lat' dir='ltr'><strong>et</strong></span> <span class='ocrx_word' id='word_1_690' title='bbox 3378 3723 3577 3781; x_wconf 68' lang='lat' dir='ltr'><strong>rursus</strong></span> <span class='ocrx_word' id='word_1_691' title='bbox 3589 3712 3808 3781; x_wconf 76' lang='lat' dir='ltr'><strong>a_tergo</strong></span> 
     </span>
    </p>
   </div>
   <div class='ocr_carea' id='block_1_102' title="bbox 2157 3777 3810 3858">
    <p class='ocr_par' dir='ltr' id='par_1_102' title="bbox 2157 3777 3810 3858">
     <span class='ocr_line' id='line_1_104' title="bbox 2157 3777 3810 3858; baseline -0.002 -22"><span class='ocrx_word' id='word_1_692' title='bbox 2157 3777 2772 3858; x_wconf 63' lang='lat' dir='ltr'><strong>obliqueascendunt,</strong></span> <span class='ocrx_word' id='word_1_693' title='bbox 2807 3777 2930 3858; x_wconf 62' lang='lat' dir='ltr'><strong>nte</strong></span> <span class='ocrx_word' id='word_1_694' title='bbox 2957 3781 3194 3858; x_wconf 69' lang='lat' dir='ltr'><strong>Sidonio</strong></span> <span class='ocrx_word' id='word_1_695' title='bbox 3225 3778 3479 3858; x_wconf 51' lang='lat' dir='ltr'><strong>Apollin.</strong></span> <span class='ocrx_word' id='word_1_696' title='bbox 3506 3777 3598 3858; x_wconf 87' lang='lat' dir='ltr'><strong>I_V,</strong></span> <span class='ocrx_word' id='word_1_697' title='bbox 3620 3778 3714 3858; x_wconf 83' lang='lat'>_20,</span> <span class='ocrx_word' id='word_1_698' title='bbox 3736 3777 3810 3832; x_wconf 87' lang='lat' dir='ltr'><strong>li-</strong></span> 
     </span>
    </p>
   </div>
   <div class='ocr_carea' id='block_1_103' title="bbox 2201 3851 3812 3922">
    <p class='ocr_par' dir='ltr' id='par_1_103' title="bbox 2201 3851 3812 3922">
     <span class='ocr_line' id='line_1_105' title="bbox 2201 3851 3812 3922; baseline -0.002 -16"><span class='ocrx_word' id='word_1_699' title='bbox 2201 3851 2344 3908; x_wconf 19' lang='lat' dir='ltr'><strong>uet‘:</strong></span> <span class='ocrx_word' id='word_1_700' title='bbox 2385 3852 2696 3909; x_wconf 84' lang='lat' dir='ltr'><strong>Viridanlia</strong></span> <span class='ocrx_word' id='word_1_701' title='bbox 2715 3869 2844 3922; x_wconf 82' lang='lat' dir='ltr'><strong>saga</strong></span> <span class='ocrx_word' id='word_1_702' title='bbox 2867 3853 3053 3907; x_wconf 79' lang='lat' dir='ltr'><strong>limbis</strong></span> <span class='ocrx_word' id='word_1_703' title='bbox 3072 3852 3388 3922; x_wconf 82' lang='lat' dir='ltr'><strong>marginata</strong></span> <span class='ocrx_word' id='word_1_704' title='bbox 3405 3851 3656 3922; x_wconf 75' lang='lat' dir='ltr'><strong>puniceis</strong></span> <span class='ocrx_word' id='word_1_705' title='bbox 3678 3867 3812 3919; x_wconf 87' lang='lat' dir='ltr'><strong>pen-</strong></span> 
     </span>
    </p>
   </div>
   <div class='ocr_carea' id='block_1_104' title="bbox 2156 3869 3809 3994">
    <p class='ocr_par' dir='ltr' id='par_1_104' title="bbox 2156 3869 3809 3994">
     <span class='ocr_line' id='line_1_106' title="bbox 2201 3869 3809 3922; baseline -0.002 -16"><span class='ocrx_word' id='word_1_706' title='bbox 2201 3869 2299 3908; x_wconf 80' lang='lat' dir='ltr'><strong>uet</strong></span> <span class='ocrx_word' id='word_1_707' title='bbox 2332 3870 2344 3908; x_wconf 91' lang='lat'><strong>:</strong></span> <span class='ocrx_word' id='word_1_708' title='bbox 2387 3869 2696 3909; x_wconf 80' lang='lat' dir='ltr'><strong>Viriaanua</strong></span> <span class='ocrx_word' id='word_1_709' title='bbox 2715 3869 2844 3922; x_wconf 80' lang='lat' dir='ltr'><strong>saga</strong></span> <span class='ocrx_word' id='word_1_710' title='bbox 2867 3869 3053 3907; x_wconf 77' lang='lat' dir='ltr'><strong>limbis</strong></span> <span class='ocrx_word' id='word_1_711' title='bbox 3072 3869 3388 3922; x_wconf 74' lang='lat' dir='ltr'><strong>marginata</strong></span> <span class='ocrx_word' id='word_1_712' title='bbox 3405 3869 3656 3922; x_wconf 77' lang='lat' dir='ltr'><strong>puniceis</strong></span> <span class='ocrx_word' id='word_1_713' title='bbox 3678 3869 3809 3919; x_wconf 85' lang='lat' dir='ltr'><strong>pen-</strong></span> 
     </span>
     <span class='ocr_line' id='line_1_107' title="bbox 2156 3869 3809 3994; baseline -0.002 -16"><span class='ocrx_word' id='word_1_714' title='bbox 2156 3869 2274 3978; x_wconf 55' lang='lat' dir='ltr'><strong>guli</strong></span> <span class='ocrx_word' id='word_1_715' title='bbox 2303 3940 2370 3979; x_wconf 78' lang='lat' dir='ltr'><strong>ea:</strong></span> <span class='ocrx_word' id='word_1_716' title='bbox 2403 3924 2626 3980; x_wconf 87' lang='lat' dir='ltr'><strong>humero</strong></span> <span class='ocrx_word' id='word_1_717' title='bbox 2644 3924 2822 3994; x_wconf 85' lang='lat' dir='ltr'><strong>gladii</strong></span> <span class='ocrx_word' id='word_1_718' title='bbox 2844 3924 3077 3979; x_wconf 73' lang='lat' dir='ltr'><strong>baltbeis</strong></span> <span class='ocrx_word' id='word_1_719' title='bbox 3097 3921 3613 3994; x_wconf 73' lang='lat' dir='ltr'><strong>supercurrentibus</strong></span> <span class='ocrx_word' id='word_1_720' title='bbox 3638 3923 3809 3994; x_wconf 80' lang='lat' dir='ltr'><strong>strin-</strong></span> 
     </span>
    </p>
   </div>
   <div class='ocr_carea' id='block_1_105' title="bbox 2155 3993 3803 4066">
    <p class='ocr_par' dir='ltr' id='par_1_105' title="bbox 2155 3993 3803 4066">
     <span class='ocr_line' id='line_1_108' title="bbox 2155 3993 3803 4066; baseline -0.003 -16"><span class='ocrx_word' id='word_1_721' title='bbox 2155 4005 2382 4061; x_wconf 68' lang='lat' dir='ltr'><strong>xerant,</strong></span> <span class='ocrx_word' id='word_1_722' title='bbox 2415 4000 2547 4062; x_wconf 91' lang='lat' dir='ltr'><strong>etc.;</strong></span> <span class='ocrx_word' id='word_1_723' title='bbox 2581 3993 2658 4050; x_wconf 89' lang='lat' dir='ltr'><strong>de</strong></span> <span class='ocrx_word' id='word_1_724' title='bbox 2702 3995 2954 4050; x_wconf 89' lang='lat' dir='ltr'><strong>baltbeis</strong></span> <span class='ocrx_word' id='word_1_725' title='bbox 2985 3995 3296 4066; x_wconf 83' lang='lat' dir='ltr'><strong>gemmatis</strong></span> <span class='ocrx_word' id='word_1_726' title='bbox 3330 3993 3444 4049; x_wconf 87' lang='lat' dir='ltr'><strong>vid.</strong></span> <span class='ocrx_word' id='word_1_727' title='bbox 3493 3993 3562 4066; x_wconf 78' lang='lat' dir='ltr'><strong>ad</strong></span> <span class='ocrx_word' id='word_1_728' title='bbox 3595 3993 3803 4061; x_wconf 86' lang='lat' dir='ltr'><strong>Script.</strong></span> 
     </span>
    </p>
   </div>
   <div class='ocr_carea' id='block_1_106' title="bbox 2155 4063 3804 4138">
    <p class='ocr_par' dir='ltr' id='par_1_106' title="bbox 2155 4063 3804 4138">
     <span class='ocr_line' id='line_1_109' title="bbox 2155 4063 3804 4138; baseline -0.002 -17"><span class='ocrx_word' id='word_1_729' title='bbox 2155 4067 2282 4121; x_wconf 88' lang='lat' dir='ltr'><strong>Hist</strong></span> <span class='ocrx_word' id='word_1_730' title='bbox 2311 4069 2455 4132; x_wconf 74' lang='lat' dir='ltr'><strong>Aug.</strong></span> <span class='ocrx_word' id='word_1_731' title='bbox 2487 4067 2530 4132; x_wconf 88' lang='grc' dir='ltr'>Ι,</span> <span class='ocrx_word' id='word_1_732' title='bbox 2564 4083 2620 4138; x_wconf 91' lang='lat' dir='ltr'><strong>p.</strong></span> <span class='ocrx_word' id='word_1_733' title='bbox 2655 4067 2725 4120; x_wconf 91' lang='lat'>89</span> <span class='ocrx_word' id='word_1_734' title='bbox 2756 4063 3082 4122; x_wconf 74' lang='lat' dir='ltr'><strong>Casaubon.</strong></span> <span class='ocrx_word' id='word_1_735' title='bbox 3129 4071 3186 4122; x_wconf 92' lang='lat' dir='ltr'><strong>et</strong></span> <span class='ocrx_word' id='word_1_736' title='bbox 3214 4065 3490 4138; x_wconf 81' lang='lat' dir='ltr'><strong>Salmas._,</strong></span> <span class='ocrx_word' id='word_1_737' title='bbox 3523 4063 3663 4138; x_wconf 89' lang='lat' dir='ltr'><strong>item</strong></span> <span class='ocrx_word' id='word_1_738' title='bbox 3719 4067 3804 4138; x_wconf 78' lang='lat' dir='ltr'><strong>Du</strong></span> 
     </span>
    </p>
   </div>
   <div class='ocr_carea' id='block_1_107' title="bbox 2156 4134 3807 4204">
    <p class='ocr_par' dir='ltr' id='par_1_107' title="bbox 2156 4134 3807 4204">
     <span class='ocr_line' id='line_1_110' title="bbox 2156 4134 3807 4204; baseline -0.002 -11"><span class='ocrx_word' id='word_1_739' title='bbox 2156 4142 2346 4204; x_wconf 73' lang='lat' dir='ltr'><strong>Cange</strong></span> <span class='ocrx_word' id='word_1_740' title='bbox 2378 4134 2582 4194; x_wconf 55' lang='lat' dir='ltr'><strong>GlossI</strong></span> <span class='ocrx_word' id='word_1_741' title='bbox 2604 4138 2728 4192; x_wconf 88' lang='lat' dir='ltr'><strong>Lat.</strong></span> <span class='ocrx_word' id='word_1_742' title='bbox 2765 4155 2815 4192; x_wconf 92' lang='lat' dir='ltr'><strong>v.</strong></span> <span class='ocrx_word' id='word_1_743' title='bbox 2852 4139 3112 4193; x_wconf 82' lang='lat' dir='ltr'><strong>Ballheus</strong></span> <span class='ocrx_word' id='word_1_744' title='bbox 3141 4143 3197 4193; x_wconf 87' lang='lat' dir='ltr'><strong>et</strong></span> <span class='ocrx_word' id='word_1_745' title='bbox 3225 4136 3693 4192; x_wconf 78' lang='lat' dir='ltr'><strong>Dextrocherium.</strong></span> <span class='ocrx_word' id='word_1_746' title='bbox 3721 4134 3807 4190; x_wconf 91' lang='lat' dir='ltr'><strong>Ad</strong></span> 
     </span>
    </p>
   </div>
   <div class='ocr_carea' id='block_1_108' title="bbox 2158 4208 3810 4280">
    <p class='ocr_par' dir='ltr' id='par_1_108' title="bbox 2158 4208 3810 4280">
     <span class='ocr_line' id='line_1_111' title="bbox 2158 4208 3810 4280; baseline -0.002 -16"><span class='ocrx_word' id='word_1_747' title='bbox 2158 4209 2502 4265; x_wconf 82' lang='lat' dir='ltr'><strong>Abulfedam</strong></span> <span class='ocrx_word' id='word_1_748' title='bbox 2537 4225 2769 4280; x_wconf 86' lang='lat' dir='ltr'><strong>quoque</strong></span> <span class='ocrx_word' id='word_1_749' title='bbox 2804 4210 3123 4265; x_wconf 88' lang='lat' dir='ltr'><strong>monstravi</strong></span> <span class='ocrx_word' id='word_1_750' title='bbox 3170 4208 3472 4279; x_wconf 87' lang='lat' dir='ltr'><strong>exemplis,</strong></span> <span class='ocrx_word' id='word_1_751' title='bbox 3509 4221 3810 4280; x_wconf 84' lang='lat' dir='ltr'><strong>summum</strong></span> 
     </span>
    </p>
   </div>
   <div class='ocr_carea' id='block_1_109' title="bbox 2158 4277 3809 4352">
    <p class='ocr_par' dir='ltr' id='par_1_109' title="bbox 2158 4277 3809 4352">
     <span class='ocr_line' id='line_1_112' title="bbox 2158 4277 3809 4352; baseline -0.002 -17"><span class='ocrx_word' id='word_1_752' title='bbox 2158 4281 2382 4336; x_wconf 86' lang='lat' dir='ltr'><strong>cultum</strong></span> <span class='ocrx_word' id='word_1_753' title='bbox 2418 4277 2720 4352; x_wconf 80' lang='lat' dir='ltr'><strong>procerum</strong></span> <span class='ocrx_word' id='word_1_754' title='bbox 2755 4280 2812 4335; x_wconf 93' lang='lat' dir='ltr'><strong>in</strong></span> <span class='ocrx_word' id='word_1_755' title='bbox 2845 4282 2980 4336; x_wconf 88' lang='lat' dir='ltr'><strong>aula</strong></span> <span class='ocrx_word' id='word_1_756' title='bbox 3001 4277 3414 4352; x_wconf 62' lang='lat' dir='ltr'><strong>Bagdadicaet</strong></span> <span class='ocrx_word' id='word_1_757' title='bbox 3444 4279 3669 4352; x_wconf 64' lang='lat' dir='ltr'><strong>casteria</strong></span> <span class='ocrx_word' id='word_1_758' title='bbox 3695 4277 3809 4332; x_wconf 89' lang='lat' dir='ltr'><strong>ori-</strong></span> 
     </span>
    </p>
   </div>
   <div class='ocr_carea' id='block_1_110' title="bbox 2158 4349 3811 4424">
    <p class='ocr_par' dir='ltr' id='par_1_110' title="bbox 2158 4349 3811 4424">
     <span class='ocr_line' id='line_1_113' title="bbox 2158 4349 3811 4424; baseline -0.002 -16"><span class='ocrx_word' id='word_1_759' title='bbox 2158 4349 2452 4408; x_wconf 76' lang='lat' dir='ltr'><strong>entalibus</strong></span> <span class='ocrx_word' id='word_1_760' title='bbox 2478 4353 2650 4424; x_wconf 85' lang='lat' dir='ltr'><strong>fuisse</strong></span> <span class='ocrx_word' id='word_1_761' title='bbox 2673 4352 2927 4424; x_wconf 81' lang='lat' dir='ltr'><strong>positum</strong></span> <span class='ocrx_word' id='word_1_762' title='bbox 2948 4354 3004 4407; x_wconf 90' lang='lat' dir='ltr'><strong>in</strong></span> <span class='ocrx_word' id='word_1_763' title='bbox 3028 4349 3278 4407; x_wconf 84' lang='lat' dir='ltr'><strong>baltbeis</strong></span> <span class='ocrx_word' id='word_1_764' title='bbox 3299 4355 3358 4406; x_wconf 90' lang='lat' dir='ltr'><strong>et</strong></span> <span class='ocrx_word' id='word_1_765' title='bbox 3375 4367 3442 4406; x_wconf 83' lang='lat' dir='ltr'><strong>ex</strong></span> <span class='ocrx_word' id='word_1_766' title='bbox 3466 4350 3535 4405; x_wconf 87' lang='lat' dir='ltr'><strong>iis</strong></span> <span class='ocrx_word' id='word_1_767' title='bbox 3548 4349 3811 4424; x_wconf 66' lang='lat' dir='ltr'><strong>aestima-</strong></span> 
     </span>
    </p>
   </div>
   <div class='ocr_carea' id='block_1_111' title="bbox 2159 4422 3809 4495">
    <p class='ocr_par' dir='ltr' id='par_1_111' title="bbox 2159 4422 3809 4495">
     <span class='ocr_line' id='line_1_114' title="bbox 2159 4422 3809 4495; baseline -0.002 -17"><span class='ocrx_word' id='word_1_768' title='bbox 2159 4437 2250 4479; x_wconf 80' lang='lat' dir='ltr'><strong>tos</strong></span> <span class='ocrx_word' id='word_1_769' title='bbox 2284 4423 2648 4488; x_wconf 83' lang='lat' dir='ltr'><strong>luisseviros,</strong></span> <span class='ocrx_word' id='word_1_770' title='bbox 2674 4422 2739 4480; x_wconf 79' lang='lat' dir='ltr'><strong>eo</strong></span> <span class='ocrx_word' id='word_1_771' title='bbox 2753 4424 3055 4495; x_wconf 89' lang='lat' dir='ltr'><strong>amplioris</strong></span> <span class='ocrx_word' id='word_1_772' title='bbox 3072 4425 3308 4495; x_wconf 64' lang='lat' dir='ltr'><strong>fortuna:</strong></span> <span class='ocrx_word' id='word_1_773' title='bbox 3328 4429 3505 4495; x_wconf 82' lang='lat' dir='ltr'><strong>atque</strong></span> <span class='ocrx_word' id='word_1_774' title='bbox 3519 4422 3809 4495; x_wconf 60' lang='lat' dir='ltr'><strong>pouentiae,</strong></span> 
     </span>
    </p>
   </div>
   <div class='ocr_carea' id='block_1_112' title="bbox 2158 4493 3812 4565">
    <p class='ocr_par' dir='ltr' id='par_1_112' title="bbox 2158 4493 3812 4565">
     <span class='ocr_line' id='line_1_115' title="bbox 2158 4493 3812 4565; baseline -0.002 -15"><span class='ocrx_word' id='word_1_775' title='bbox 2158 4513 2270 4564; x_wconf 88' lang='lat' dir='ltr'><strong>quo</strong></span> <span class='ocrx_word' id='word_1_776' title='bbox 2298 4495 2723 4565; x_wconf 90' lang='lat' dir='ltr'><strong>splendidiores</strong></span> <span class='ocrx_word' id='word_1_777' title='bbox 2755 4493 2897 4551; x_wconf 69' lang='lat' dir='ltr'><strong>auro</strong></span> <span class='ocrx_word' id='word_1_778' title='bbox 2929 4499 2985 4551; x_wconf 87' lang='lat' dir='ltr'><strong>et</strong></span> <span class='ocrx_word' id='word_1_779' title='bbox 3016 4494 3283 4565; x_wconf 84' lang='lat' dir='ltr'><strong>gemmis,</strong></span> <span class='ocrx_word' id='word_1_780' title='bbox 3302 4493 3620 4565; x_wconf 82' lang='lat' dir='ltr'><strong>magisque</strong></span> <span class='ocrx_word' id='word_1_781' title='bbox 3651 4493 3812 4565; x_wconf 83' lang='lat' dir='ltr'><strong>ﬂori-</strong></span> 
     </span>
    </p>
   </div>
   <div class='ocr_carea' id='block_1_113' title="bbox 2159 4562 3807 4638">
    <p class='ocr_par' dir='ltr' id='par_1_113' title="bbox 2159 4562 3807 4638">
     <span class='ocr_line' id='line_1_116' title="bbox 2159 4562 3807 4638; baseline -0.004 -18"><span class='ocrx_word' id='word_1_782' title='bbox 2159 4562 2270 4638; x_wconf 79' lang='lat' dir='ltr'><strong>bus</strong></span> <span class='ocrx_word' id='word_1_783' title='bbox 2296 4562 2536 4638; x_wconf 17' lang='lat' dir='ltr'><strong>Asericeis</strong></span> <span class='ocrx_word' id='word_1_784' title='bbox 2564 4568 2750 4638; x_wconf 85' lang='lat' dir='ltr'><strong>pictos</strong></span> <span class='ocrx_word' id='word_1_785' title='bbox 2775 4562 3046 4638; x_wconf 71' lang='lat' dir='ltr'><strong>balthtos</strong></span> <span class='ocrx_word' id='word_1_786' title='bbox 3067 4563 3370 4638; x_wconf 83' lang='lat' dir='ltr'><strong>gerant.Ut</strong></span> <span class='ocrx_word' id='word_1_787' title='bbox 3404 4562 3600 4638; x_wconf 72' lang='lat' dir='ltr'><strong>noster</strong></span> <span class='ocrx_word' id='word_1_788' title='bbox 3631 4562 3807 4638; x_wconf 74' lang='grc' dir='ltr'>ζῴνην</span> 
     </span>
    </p>
   </div>
   <div class='ocr_carea' id='block_1_114' title="bbox 2159 4635 3808 4710">
    <p class='ocr_par' dir='ltr' id='par_1_114' title="bbox 2159 4635 3808 4710">
     <span class='ocr_line' id='line_1_117' title="bbox 2159 4635 3808 4710; baseline -0.001 -20"><span class='ocrx_word' id='word_1_789' title='bbox 2159 4635 2218 4690; x_wconf 78' lang='grc' dir='ltr'>ἐκ</span> <span class='ocrx_word' id='word_1_790' title='bbox 2248 4636 2416 4700; x_wconf 73' lang='grc' dir='ltr'>λίθων</span> <span class='ocrx_word' id='word_1_791' title='bbox 2450 4637 2648 4709; x_wconf 79' lang='grc' dir='ltr'>τιμίων</span> <span class='ocrx_word' id='word_1_792' title='bbox 2679 4635 3098 4710; x_wconf 64' lang='grc' dir='ltr'>κεκοσμημένην</span> <span class='ocrx_word' id='word_1_793' title='bbox 3120 4640 3268 4692; x_wconf 86' lang='lat' dir='ltr'><strong>inter</strong></span> <span class='ocrx_word' id='word_1_794' title='bbox 3299 4637 3511 4692; x_wconf 89' lang='lat' dir='ltr'><strong>brabea</strong></span> <span class='ocrx_word' id='word_1_795' title='bbox 3540 4635 3808 4710; x_wconf 69' lang='lat' dir='ltr'><strong>magistri</strong></span> 
     </span>
    </p>
   </div>
   <div class='ocr_carea' id='block_1_115' title="bbox 2161 4707 3810 4780">
    <p class='ocr_par' dir='ltr' id='par_1_115' title="bbox 2161 4707 3810 4780">
     <span class='ocr_line' id='line_1_118' title="bbox 2161 4707 3810 4780; baseline -0.003 -16"><span class='ocrx_word' id='word_1_796' title='bbox 2161 4726 2456 4765; x_wconf 83' lang='lat' dir='ltr'><strong>sacrorum</strong></span> <span class='ocrx_word' id='word_1_797' title='bbox 2491 4707 2815 4766; x_wconf 78' lang='lat' dir='ltr'><strong>officiorum</strong></span> <span class='ocrx_word' id='word_1_798' title='bbox 2849 4707 3250 4776; x_wconf 56' lang='lat' dir='ltr'><strong>memoratﬁta</strong></span> <span class='ocrx_word' id='word_1_799' title='bbox 3281 4724 3511 4780; x_wconf 91' lang='lat' dir='ltr'><strong>quoque</strong></span> <span class='ocrx_word' id='word_1_800' title='bbox 3545 4708 3637 4780; x_wconf 87' lang='lat' dir='ltr'><strong>lvo</strong></span> <span class='ocrx_word' id='word_1_801' title='bbox 3663 4707 3810 4780; x_wconf 86' lang='lat' dir='ltr'><strong>_Car-</strong></span> 
     </span>
    </p>
   </div>
   <div class='ocr_carea' id='block_1_116' title="bbox 795 4774 3808 4853">
    <p class='ocr_par' dir='ltr' id='par_1_116' title="bbox 795 4774 3808 4853">
     <span class='ocr_line' id='line_1_119' title="bbox 795 4774 3808 4853; baseline 0 -24"><span class='ocrx_word' id='word_1_802' title='bbox 795 4774 1045 4851; x_wconf 65' lang='grc' dir='ltr'>πόκρισιῦ</span> <span class='ocrx_word' id='word_1_803' title='bbox 1101 4785 1231 4853; x_wconf 31' lang='grc' dir='ltr'>τῆς.</span> <span class='ocrx_word' id='word_1_804' title='bbox 1260 4774 1622 4850; x_wconf 73' lang='grc' dir='ltr'>προϐλήσεως</span> <span class='ocrx_word' id='word_1_805' title='bbox 1679 4774 2046 4851; x_wconf 76' lang='grc' dir='ltr'>ἐκκομίζεται,</span> <span class='ocrx_word' id='word_1_806' title='bbox 2078 4783 2124 4848; x_wconf 86' lang='lat' dir='ltr'><strong>D</strong></span> <span class='ocrx_word' id='word_1_807' title='bbox 2159 4783 2422 4837; x_wconf 90' lang='lat' dir='ltr'><strong>notensis</strong></span> <span class='ocrx_word' id='word_1_808' title='bbox 2454 4782 2510 4836; x_wconf 92' lang='lat' dir='ltr'><strong>in</strong></span> <span class='ocrx_word' id='word_1_809' title='bbox 2535 4782 2815 4838; x_wconf 87' lang='lat' dir='ltr'><strong>Chronico</strong></span> <span class='ocrx_word' id='word_1_810' title='bbox 2833 4780 3014 4853; x_wconf 88' lang='lat' dir='ltr'><strong>(apud</strong></span> <span class='ocrx_word' id='word_1_811' title='bbox 3034 4781 3116 4836; x_wconf 92' lang='lat' dir='ltr'><strong>Du</strong></span> <span class='ocrx_word' id='word_1_812' title='bbox 3143 4774 3438 4853; x_wconf 46' lang='lat' dir='ltr'><strong>Cang—ium&#39;</strong></span> <span class='ocrx_word' id='word_1_813' title='bbox 3463 4777 3808 4853; x_wconf 69' lang='lat' dir='ltr'><strong>v.3altheua)</strong></span> 
     </span>
    </p>
   </div>
   <div class='ocr_carea' id='block_1_117' title="bbox 2159 4851 3807 4921">
    <p class='ocr_par' dir='ltr' id='par_1_117' title="bbox 2159 4851 3807 4921">
     <span class='ocr_line' id='line_1_120' title="bbox 2159 4851 3807 4921; baseline -0.004 -13"><span class='ocrx_word' id='word_1_814' title='bbox 2159 4858 2440 4908; x_wconf 89' lang='lat' dir='ltr'><strong>memorat</strong></span> <span class='ocrx_word' id='word_1_815' title='bbox 2471 4854 2710 4908; x_wconf 76' lang='lat' dir='ltr'><strong>baltheo:</strong></span> <span class='ocrx_word' id='word_1_816' title='bbox 2739 4851 3004 4921; x_wconf 80' lang='lat' dir='ltr'><strong>gemmeis</strong></span> <span class='ocrx_word' id='word_1_817' title='bbox 3024 4853 3257 4907; x_wconf 74' lang='lat' dir='ltr'><strong>culturis</strong></span> <span class='ocrx_word' id='word_1_818' title='bbox 3288 4851 3576 4906; x_wconf 78' lang='lat' dir='ltr'><strong>honoratos</strong></span> <span class='ocrx_word' id='word_1_819' title='bbox 3607 4857 3656 4904; x_wconf 84' lang='lat' dir='ltr'><strong>et</strong></span> <span class='ocrx_word' id='word_1_820' title='bbox 3685 4852 3807 4903; x_wconf 84' lang='lat' dir='ltr'><strong>cin-</strong></span> 
     </span>
    </p>
   </div>
   <div class='ocr_carea' id='block_1_118' title="bbox 2155 4923 3807 4996">
    <p class='ocr_par' dir='ltr' id='par_1_118' title="bbox 2155 4923 3807 4996">
     <span class='ocr_line' id='line_1_121' title="bbox 2155 4923 3807 4996; baseline -0.002 -18"><span class='ocrx_word' id='word_1_821' title='bbox 2155 4926 2286 4993; x_wconf 83' lang='lat' dir='ltr'><strong>gula</strong></span> <span class='ocrx_word' id='word_1_822' title='bbox 2315 4941 2452 4980; x_wconf 83' lang='lat' dir='ltr'><strong>auro</strong></span> <span class='ocrx_word' id='word_1_823' title='bbox 2483 4936 2712 4996; x_wconf 78' lang='lat' dir='ltr'><strong>compta.</strong></span> <span class='ocrx_word' id='word_1_824' title='bbox 2747 4929 2901 4980; x_wconf 91' lang='lat' dir='ltr'><strong>Zona</strong></span> <span class='ocrx_word' id='word_1_825' title='bbox 2930 4931 3209 4992; x_wconf 87' lang='lat' dir='ltr'><strong>veterum,</strong></span> <span class='ocrx_word' id='word_1_826' title='bbox 3234 4939 3366 4993; x_wconf 68' lang='lat' dir='ltr'><strong>quae</strong></span> <span class='ocrx_word' id='word_1_827' title='bbox 3397 4923 3669 4992; x_wconf 89' lang='lat' dir='ltr'><strong>deinceps</strong></span> <span class='ocrx_word' id='word_1_828' title='bbox 3702 4936 3807 4996; x_wconf 78' lang='lat' dir='ltr'><strong>pro</strong></span> 
     </span>
    </p>
   </div>
   <div class='ocr_carea' id='block_1_119' title="bbox 2163 4992 3807 5068">
    <p class='ocr_par' dir='ltr' id='par_1_119' title="bbox 2163 4992 3807 5068">
     <span class='ocr_line' id='line_1_122' title="bbox 2163 4992 3807 5068; baseline -0.002 -18"><span class='ocrx_word' id='word_1_829' title='bbox 2163 4992 2428 5068; x_wconf 83' lang='lat' dir='ltr'><strong>symbolo</strong></span> <span class='ocrx_word' id='word_1_830' title='bbox 2461 4992 2699 5068; x_wconf 85' lang='lat' dir='ltr'><strong>honoris</strong></span> <span class='ocrx_word' id='word_1_831' title='bbox 2731 5003 2966 5068; x_wconf 83' lang='lat' dir='ltr'><strong>accepta</strong></span> <span class='ocrx_word' id='word_1_832' title='bbox 2996 4997 3198 5064; x_wconf 85' lang='lat' dir='ltr'><strong>fuit,ut</strong></span> <span class='ocrx_word' id='word_1_833' title='bbox 3228 4992 3519 5068; x_wconf 87' lang='lat' dir='ltr'><strong>diceretur</strong></span> <span class='ocrx_word' id='word_1_834' title='bbox 3544 5008 3682 5068; x_wconf 63' lang='lat' dir='ltr'><strong>sane</strong></span> <span class='ocrx_word' id='word_1_835' title='bbox 3711 4992 3807 5048; x_wconf 88' lang='lat' dir='ltr'><strong>do-</strong></span> 
     </span>
    </p>
   </div>
   <div class='ocr_carea' id='block_1_120' title="bbox 2159 5066 3808 5139">
    <p class='ocr_par' dir='ltr' id='par_1_120' title="bbox 2159 5066 3808 5139">
     <span class='ocr_line' id='line_1_123' title="bbox 2159 5066 3808 5139; baseline -0.001 -18"><span class='ocrx_word' id='word_1_836' title='bbox 2159 5066 2296 5122; x_wconf 71' lang='lat' dir='ltr'><strong>nm</strong></span> <span class='ocrx_word' id='word_1_837' title='bbox 2327 5085 2428 5139; x_wconf 92' lang='lat' dir='ltr'><strong>pro</strong></span> <span class='ocrx_word' id='word_1_838' title='bbox 2476 5067 2696 5125; x_wconf 87' lang='lat' dir='ltr'><strong>honore</strong></span> <span class='ocrx_word' id='word_1_839' title='bbox 2727 5067 2812 5123; x_wconf 89' lang='lat' dir='ltr'><strong>vel</strong></span> <span class='ocrx_word' id='word_1_840' title='bbox 2845 5066 3034 5123; x_wconf 78' lang='lat' dir='ltr'><strong>officio</strong></span> <span class='ocrx_word' id='word_1_841' title='bbox 3085 5068 3332 5139; x_wconf 88' lang='lat' dir='ltr'><strong>quodam</strong></span> <span class='ocrx_word' id='word_1_842' title='bbox 3367 5066 3561 5131; x_wconf 88' lang='lat' dir='ltr'><strong>beare,</strong></span> <span class='ocrx_word' id='word_1_843' title='bbox 3609 5066 3656 5119; x_wconf 91' lang='lat' dir='ltr'><strong>si</strong></span> <span class='ocrx_word' id='word_1_844' title='bbox 3692 5081 3808 5120; x_wconf 88' lang='lat' dir='ltr'><strong>non</strong></span> 
     </span>
    </p>
   </div>
   <div class='ocr_carea' id='block_1_121' title="bbox 3578 5153 3811 5208">
    <p class='ocr_par' dir='ltr' id='par_1_121' title="bbox 3578 5153 3811 5208">
     <span class='ocr_line' id='line_1_124' title="bbox 3578 5153 3811 5208; baseline 0 -16"><span class='ocrx_word' id='word_1_845' title='bbox 3578 5153 3811 5208; x_wconf 87' lang='lat' dir='ltr'><strong>semper</strong></span> 
     </span>
    </p>
   </div>
   <div class='ocr_carea' id='block_1_122' title="bbox 2235 5281 3815 5354">
    <p class='ocr_par' dir='ltr' id='par_1_122' title="bbox 2235 5281 3815 5354">
     <span class='ocr_line' id='line_1_125' title="bbox 2235 5281 3815 5354; baseline -0.003 -18"><span class='ocrx_word' id='word_1_846' title='bbox 2235 5282 2348 5354; x_wconf 77' lang='lat'><strong>(39)</strong></span> <span class='ocrx_word' id='word_1_847' title='bbox 2379 5281 2471 5337; x_wconf 90' lang='lat' dir='ltr'><strong>Sic</strong></span> <span class='ocrx_word' id='word_1_848' title='bbox 2504 5281 2914 5354; x_wconf 89' lang='lat' dir='ltr'><strong>compendiose</strong></span> <span class='ocrx_word' id='word_1_849' title='bbox 2938 5281 3155 5338; x_wconf 90' lang='lat' dir='ltr'><strong>dictum</strong></span> <span class='ocrx_word' id='word_1_850' title='bbox 3182 5298 3283 5353; x_wconf 94' lang='lat' dir='ltr'><strong>pro</strong></span> <span class='ocrx_word' id='word_1_851' title='bbox 3317 5281 3815 5354; x_wconf 18' lang='grc' dir='ltr'>ἰηιρενονχρυσοῖη</span> 
     </span>
    </p>
   </div>
   <div class='ocr_carea' id='block_1_123' title="bbox 2164 5351 3816 5426">
    <p class='ocr_par' dir='ltr' id='par_1_123' title="bbox 2164 5351 3816 5426">
     <span class='ocr_line' id='line_1_126' title="bbox 2164 5351 3816 5426; baseline 0.001 -21"><span class='ocrx_word' id='word_1_852' title='bbox 2164 5351 2384 5426; x_wconf 79' lang='grc' dir='ltr'>στορίῳ,</span> <span class='ocrx_word' id='word_1_853' title='bbox 2439 5356 2590 5425; x_wconf 92' lang='lat' dir='ltr'><strong>quod</strong></span> <span class='ocrx_word' id='word_1_854' title='bbox 2639 5351 2706 5424; x_wconf 48' lang='lat' dir='ltr'><strong>&#39;p.</strong></span> <span class='ocrx_word' id='word_1_855' title='bbox 2752 5355 2854 5410; x_wconf 90' lang='lat'>433</span> <span class='ocrx_word' id='word_1_856' title='bbox 2901 5354 3151 5426; x_wconf 86' lang='lat' dir='ltr'><strong>habetur</strong></span> <span class='ocrx_word' id='word_1_857' title='bbox 3185 5351 3255 5408; x_wconf 12' lang='lat' dir='ltr'><strong>iet</strong></span> <span class='ocrx_word' id='word_1_858' title='bbox 3303 5351 3676 5426; x_wconf 25' lang='lat' dir='ltr'><strong>nibillaliud</strong></span> <span class='ocrx_word' id='word_1_859' title='bbox 3725 5353 3816 5406; x_wconf 83' lang='lat' dir='ltr'><strong>est</strong></span> 
     </span>
    </p>
   </div>
   <div class='ocr_carea' id='block_1_124' title="bbox 2164 5423 3813 5497">
    <p class='ocr_par' dir='ltr' id='par_1_124' title="bbox 2164 5423 3813 5497">
     <span class='ocr_line' id='line_1_127' title="bbox 2164 5423 3813 5497; baseline 0 -17"><span class='ocrx_word' id='word_1_860' title='bbox 2164 5423 2292 5480; x_wconf 80' lang='lat' dir='ltr'><strong>mea</strong></span> <span class='ocrx_word' id='word_1_861' title='bbox 2317 5423 2811 5497; x_wconf 81' lang='lat' dir='ltr'><strong>sententia,quam</strong></span> <span class='ocrx_word' id='word_1_862' title='bbox 2837 5427 2958 5480; x_wconf 68' lang='lat' dir='ltr'><strong>sala</strong></span> <span class='ocrx_word' id='word_1_863' title='bbox 2982 5425 3145 5493; x_wconf 89' lang='lat' dir='ltr'><strong>plena</strong></span> <span class='ocrx_word' id='word_1_864' title='bbox 3169 5425 3380 5479; x_wconf 84' lang='lat' dir='ltr'><strong>statuis</strong></span> <span class='ocrx_word' id='word_1_865' title='bbox 3396 5423 3643 5494; x_wconf 85' lang='lat' dir='ltr'><strong>aliisque</strong></span> <span class='ocrx_word' id='word_1_866' title='bbox 3666 5424 3813 5497; x_wconf 75' lang='lat' dir='ltr'><strong>ima-</strong></span> 
     </span>
    </p>
   </div>
   <div class='ocr_carea' id='block_1_125' title="bbox 2162 5493 3812 5571">
    <p class='ocr_par' dir='ltr' id='par_1_125' title="bbox 2162 5493 3812 5571">
     <span class='ocr_line' id='line_1_128' title="bbox 2162 5493 3812 5571; baseline -0.002 -21"><span class='ocrx_word' id='word_1_867' title='bbox 2162 5493 3014 5571; x_wconf 30' lang='lat' dir='ltr'><strong>ginibusaureisCConjectura</strong></span> <span class='ocrx_word' id='word_1_868' title='bbox 3045 5499 3226 5571; x_wconf 86' lang='lat' dir='ltr'><strong>enim,</strong></span> <span class='ocrx_word' id='word_1_869' title='bbox 3257 5513 3374 5566; x_wconf 89' lang='lat' dir='ltr'><strong>qua</strong></span> <span class='ocrx_word' id='word_1_870' title='bbox 3415 5493 3812 5571; x_wconf 67' lang='grc' dir='ltr'>χρυσοστᾴριον</span> 
     </span>
    </p>
   </div>
   <div class='ocr_carea' id='block_1_126' title="bbox 2162 5567 3813 5625">
    <p class='ocr_par' dir='ltr' id='par_1_126' title="bbox 2162 5567 3813 5625">
     <span class='ocr_line' id='line_1_129' title="bbox 2162 5567 3813 5625; baseline -0.001 -3"><span class='ocrx_word' id='word_1_871' title='bbox 2162 5571 2299 5623; x_wconf 83' lang='lat' dir='ltr'><strong>olim</strong></span> <span class='ocrx_word' id='word_1_872' title='bbox 2335 5569 2479 5623; x_wconf 90' lang='lat' dir='ltr'><strong>mihi</strong></span> <span class='ocrx_word' id='word_1_873' title='bbox 2512 5567 2818 5624; x_wconf 73' lang='lat' dir='ltr'><strong>videbatur</strong></span> <span class='ocrx_word' id='word_1_874' title='bbox 2848 5586 2973 5625; x_wconf 89' lang='lat' dir='ltr'><strong>esse</strong></span> <span class='ocrx_word' id='word_1_875' title='bbox 2995 5569 3114 5624; x_wconf 86' lang='lat' dir='ltr'><strong>sala</strong></span> <span class='ocrx_word' id='word_1_876' title='bbox 3146 5572 3338 5623; x_wconf 88' lang='lat' dir='ltr'><strong>aureis</strong></span> <span class='ocrx_word' id='word_1_877' title='bbox 3360 5567 3570 5623; x_wconf 82' lang='lat' dir='ltr'><strong>storeis</strong></span> <span class='ocrx_word' id='word_1_878' title='bbox 3601 5567 3687 5621; x_wconf 75' lang='lat' dir='ltr'><strong>vel</strong></span> <span class='ocrx_word' id='word_1_879' title='bbox 3723 5572 3813 5620; x_wconf 83' lang='lat' dir='ltr'><strong>ta-</strong></span> 
     </span>
    </p>
   </div>
   <div class='ocr_carea' id='block_1_127' title="bbox 2163 5636 3810 5712">
    <p class='ocr_par' dir='ltr' id='par_1_127' title="bbox 2163 5636 3810 5712">
     <span class='ocr_line' id='line_1_130' title="bbox 2163 5636 3810 5712; baseline -0.001 -18"><span class='ocrx_word' id='word_1_880' title='bbox 2163 5640 2393 5710; x_wconf 90' lang='lat' dir='ltr'><strong>petibus</strong></span> <span class='ocrx_word' id='word_1_881' title='bbox 2419 5641 2819 5708; x_wconf 84' lang='lat' dir='ltr'><strong>instrata,item</strong></span> <span class='ocrx_word' id='word_1_882' title='bbox 2845 5641 3101 5712; x_wconf 88' lang='lat' dir='ltr'><strong>alia,qua</strong></span> <span class='ocrx_word' id='word_1_883' title='bbox 3120 5640 3422 5696; x_wconf 87' lang='lat' dir='ltr'><strong>videbatur</strong></span> <span class='ocrx_word' id='word_1_884' title='bbox 3443 5638 3594 5694; x_wconf 91' lang='lat' dir='ltr'><strong>male</strong></span> <span class='ocrx_word' id='word_1_885' title='bbox 3622 5636 3810 5712; x_wconf 83' lang='lat' dir='ltr'><strong>scrip-</strong></span> 
     </span>
    </p>
   </div>
   <div class='ocr_carea' id='block_1_128' title="bbox 2161 5707 3810 5786">
    <p class='ocr_par' dir='ltr' id='par_1_128' title="bbox 2161 5707 3810 5786">
     <span class='ocr_line' id='line_1_131' title="bbox 2161 5707 3810 5786; baseline -0.002 -20"><span class='ocrx_word' id='word_1_886' title='bbox 2161 5707 2287 5766; x_wconf 72' lang='lat' dir='ltr'><strong>tum</strong></span> <span class='ocrx_word' id='word_1_887' title='bbox 2305 5719 2400 5768; x_wconf 90' lang='lat' dir='ltr'><strong>aut</strong></span> <span class='ocrx_word' id='word_1_888' title='bbox 2415 5727 2540 5786; x_wconf 90' lang='lat' dir='ltr'><strong>com</strong></span> <span class='ocrx_word' id='word_1_889' title='bbox 2550 5727 2655 5786; x_wconf 83' lang='lat' dir='ltr'><strong>pen</strong></span> <span class='ocrx_word' id='word_1_890' title='bbox 2666 5713 2828 5786; x_wconf 85' lang='lat' dir='ltr'><strong>diose</strong></span> <span class='ocrx_word' id='word_1_891' title='bbox 2839 5707 3128 5784; x_wconf 71' lang='lat' dir='ltr'><strong>prolatum</strong></span> <span class='ocrx_word' id='word_1_892' title='bbox 3145 5727 3249 5783; x_wconf 88' lang='lat' dir='ltr'><strong>pro</strong></span> <span class='ocrx_word' id='word_1_893' title='bbox 3261 5707 3810 5786; x_wconf 82' lang='grc' dir='ltr'>χρυσοκονσιστόριον</span> 
     </span>
    </p>
   </div>
   <div class='ocr_carea' id='block_1_129' title="bbox 2162 5783 2887 5858">
    <p class='ocr_par' dir='ltr' id='par_1_129' title="bbox 2162 5783 2887 5858">
     <span class='ocr_line' id='line_1_132' title="bbox 2162 5783 2887 5858; baseline 0.001 -19"><span class='ocrx_word' id='word_1_894' title='bbox 2162 5799 2318 5839; x_wconf 83' lang='lat' dir='ltr'><strong>nunc</strong></span> <span class='ocrx_word' id='word_1_895' title='bbox 2348 5784 2555 5840; x_wconf 87' lang='lat' dir='ltr'><strong>merito</strong></span> <span class='ocrx_word' id='word_1_896' title='bbox 2595 5783 2887 5858; x_wconf 85' lang='lat' dir='ltr'><strong>displicet.</strong></span> 
     </span>
    </p>
   </div>
  </div>
