4124 6372
401 368 427 424 1
439 367 557 426 305

1275 371 1377 431 DE
1419 369 1878 434 CERIMONIIS
1920 362 2154 428 AULzE
2196 364 2673 426 ΒΥΖΑΝΤΙΝιΕ
2717 367 2864 427 LIB.
2910 367 2987 427 ΙΙ.

3654 367 3810 428 1306

400 495 566 566 λικῆς
621 515 809 571 χειρος
860 496 1181 559 ἒπιόίδοται.
1230 499 1427 556 Δίδωσι
1477 504 1762 573 συνήθειαν
1825 504 1906 571 τῷ
1949 503 2050 567 τῆς

2164 515 2340 581 dicta,
2364 531 2539 586 super
2587 515 2974 586 chrysostorio
3023 529 3126 570 seu
3176 516 3300 572 sala
3339 517 3532 573 aureis
3587 520 3805 575 statuis

398 587 780 648 καταστάσεως
808 588 871 643 τὸ
901 588 1153 663 καμίσιον
1184 593 1230 629 ⁸³
1261 595 1379 663 (40)
1408 593 1598 661 αὐτοῦ,
1631 597 1750 654 τοῖς
1784 589 1840 646 δὲ
1887 610 2048 662 πραι-

398 677 648 739 ποσίτοις
681 677 770 732 καὶ
817 679 1134 756 μαγίστροις
1180 687 1515 738 συνεστιᾶται
1569 685 1826 757 παρέχων
1861 681 2048 741 αὐτοῖς

397 765 490 821 καὶ
524 763 734 839 δόματα
764 769 1020 840 ἱματίων.
1055 773 1345 841 Συνήθειαν
1393 769 1450 825 δὲ
1500 777 1617 832 τοῖς
1667 769 2049 845 πραιποσίτοις

395 857 488 910 καὶ
550 856 871 933 μαγίστροις
921 861 1010 914 καὶ
1069 859 1288 923 λοιποῖς
1331 863 1430 930 τὴν
1477 865 1573 916 τοῦ
1629 860 1917 936 πατρικίου
1967 856 2051 913 δι-

397 943 546 1014 πλῆν
612 949 892 1017 συνήθειαν
977 947 1221 1028 παρέχει.
1321 947 1776 1018 Πεντεκαιδεκατη
1846 951 1880 1016 ἡ
1948 953 2048 1016 τῆς

401 1040 614 1105 ζωστῆς
677 1037 963 1112 πατρικίοις
1028 1039 1169 1110 ἀξία,
1226 1041 1293 1108 ἧς
1355 1035 1607 1115 βραϐεῖον
1680 1037 1882 1098 πλάκες
1932 1036 2050 1092 ἐλε-

399 1126 644 1203 φάντιναι
677 1127 887 1199 ὁμοίιος
915 1134 1030 1190 τοῖς
1072 1130 1409 1203 πατρικίοις,
1443 1128 1502 1184 ἐκ
1547 1128 1735 1206 χειρὸς
1781 1125 2049 1201 βασιλέως

399 1212 702 1270 ἐπιδίδοται
758 1221 894 1290 (41).
959 1215 1160 1273 Δίδωσι
1216 1221 1498 1289 συνήθειαν
1563 1224 1679 1279 τοῖς
1739 1217 2051 1292 βασιλικοῖς

398 1303 692 1381 κληρικοῖς
723 1305 825 1375 κδ“,
857 1312 936 1380 τῷ
981 1305 1216 1384 δευτέρῳ
1266 1307 1365 1379 κδ’,
1414 1309 1542 1370 τούς
1591 1309 1909 1370 κοιτωνίτας
1959 1305 2051 1361 λί-

399 1415 530 1470 τρας
561 1396 632 1470 γ’,
661 1396 724 1450 τὸ
755 1393 1145 1452 κουϐούκλειον
1201 1400 1293 1452 σὺν
1346 1405 1466 1460 τοῖς
1515 1395 1898 1473 πραιποσίτοις
1950 1397 2052 1468 μὸο

398 1503 517 1546 νοις
547 1490 756 1560 χρυσοῦ
816 1485 1004 1561 λίτρας
1053 1488 1121 1563 γ’,
1174 1487 1264 1542 καὶ
1311 1488 1373 1543 τὸ
1427 1489 1715 1562 στιχάριον
1763 1486 1930 1555 αὐτῆς
1975 1489 2054 1556 τῷ

401 1575 772 1651 πραιποσίτῳ.
807 1580 902 1649 Τῷ
926 1585 1028 1647 τῆς
1075 1578 1350 1654 τραπέζης
1397 1586 1500 1648 τῆς
1547 1578 1866 1655 Αὐγούστης
1919 1577 2052 1648 μετὰ

399 1668 499 1735 τὴν
573 1662 1073 1743 πρωτοϐεστιαρίαν
1141 1668 1228 1722 ααὶ
1295 1669 1394 1737 τὴν
1459 1669 1891 1743 πριμικήρισσαν
1960 1665 2050 1720 καὶ

401 1753 496 1816 τὰς
559 1756 970 1820 κοιτωνπτίσσας
1045 1758 1136 1811 καὶ
1211 1752 1653 1831 κουϐουκλαρὲας
1731 1755 1918 1830 λίτρας
1983 1757 2047 1830 β’.

2157 604 2465 673 instructa]
2499 607 2653 675 regia
2685 621 2858 660 manu
2889 604 3145 673 tradita;
3187 605 3285 660 dat
3315 607 3801 664 consuetudinem

2158 695 2560 751 cerimoniario
2583 695 2888 750 camisium
2922 711 3094 751 suum
3120 713 3133 762 ;
3166 697 3510 768 praepositos
3541 709 3595 754 et
3626 697 3812 773 magi.

2156 789 2310 839 stros
2341 785 2606 840 convivio
2629 785 2841 854 excipit
2861 784 3239 854 vestibusque
3261 787 3432 841 donat
3459 804 3472 855 ;
3505 793 3819 844 consuetu-

2156 874 2353 928 dinem
2387 881 2581 929 autem
2610 873 2816 928 iisdem
2852 873 3181 946 praepositis
3211 878 3269 930 et
3299 876 3600 946 magistris
3633 883 3815 934 caete-

2158 963 2369 1033 risque,
2411 963 2648 1032 [quibus
2680 963 2804 1017 dari
2838 979 2960 1018 mos
3003 967 3109 1029 est,
3143 963 3457 1035 datamque
3486 982 3518 1020 a
3551 967 3814 1036 patriciis

2156 1052 2456 1122 diximus,]
2480 1051 2721 1124 duplam
2743 1053 2839 1107 dat
2860 1052 3008 1122 ejus,
3033 1068 3210 1123 quam
3244 1053 3497 1110 diximus
3529 1055 3808 1126 patricios

2157 1141 2312 1196 dare.
2364 1141 2599 1197 Decima
2647 1142 2848 1212 quinta
2894 1141 3154 1212 dignitas
3207 1147 3296 1197 est
3342 1148 3515 1199 zostas
3559 1144 3684 1215 [seu
3719 1160 3810 1199 ac-

2157 1229 2381 1299 cinctis]
2417 1231 2691 1299 patriciae,
2725 1230 2892 1300 cujus
2924 1230 3207 1286 brabeum
3243 1236 3384 1286 sunt
3422 1233 3689 1288 eburneae
3720 1238 3808 1289 ta-

2161 1317 2332 1384 bulae,
2367 1317 2581 1388 pariter
2611 1325 2784 1389 atque
2807 1324 2946 1374 sunt
2977 1320 3377 1390 patriciorum,
3428 1322 3583 1393 regia
3629 1337 3809 1377 manu

2158 1406 2405 1462 traditae.
2439 1407 2929 1463 Consuetudinem
2964 1409 3064 1463 dat
3091 1408 3368 1480 palatinis
3403 1409 3631 1466 clericis
3664 1410 3811 1466 soli-

2160 1499 2284 1564 dos,
2317 1497 2408 1564 24,
2437 1497 2675 1552 deutero
2705 1501 3093 1566 tantumdem,
3144 1499 3435 1556 ccetonitis
3473 1500 3638 1556 litras
3670 1505 3805 1569 tres,

2159 1586 2428 1642 cubiculo
2458 1591 2514 1641 et
2545 1587 2870 1658 praepositis
2901 1587 3026 1641 auri
3075 1586 3240 1642 litras
3285 1592 3400 1644 tres
3428 1613 3442 1656 ;
3495 1589 3805 1662 praeposito

2160 1691 2373 1731 mensas
2412 1677 2824 1747 imperatricis,
2860 1681 2924 1731 ut
2953 1683 3008 1732 et
3039 1679 3484 1747 protovestiariaa
3515 1683 3574 1733 et
3602 1679 3807 1749 primi-

2160 1765 2392 1820 cerissas
2421 1770 2480 1820 et
2508 1765 2831 1821 castonissis
2861 1771 2920 1820 et
2949 1765 3419 1822 cubiculariabus
3445 1767 3727 1822 datlitras
3749 1767 3806 1824 2.

403 1841 781 1916 Ἐξκαιδεκάτη
814 1848 849 1915 ἡ
881 1851 978 1900 τοῦ
1009 1846 1433 1922 κουροπαλάτου
1464 1847 1603 1916 ἀξία,
1649 1846 1716 1914 ἧς
1771 1840 2046 1918 βραϐεῖον,

2163 1855 2393 1909 Decima
2447 1859 2609 1910 sexta
2638 1855 2898 1925 dignitas
2937 1859 3027 1910 est
3057 1854 3426 1924 curopalatis,
3473 1856 3640 1926 cujus
3673 1855 3806 1911 bra-

400 1934 576 2010 χιτὼν
618 1935 870 1996 κόκκινος
903 1935 1330 2010 χρυσοποίκιλος
1362 1935 1451 1991 καὶ
1483 1936 1710 2010 χλαμὺς
1736 1935 1826 1989 καί
1878 1935 2047 2004 ζώνη,

400 2023 462 2078 ἐκ
495 2025 681 2099 χειρὸς
721 2024 988 2098 βασιλέως
1039 2026 1123 2080 ἐπὶ
1183 2031 1311 2080 ναοῦ
1361 2025 1564 2099 Κυρίου
1616 2024 1884 2098 λαμπρῶς
1935 2023 2051 2078 ἐπι-

399 2109 634 2168 δίδυται.
671 2112 872 2169 Δίδωσι
904 2117 1186 2185 συνήθειαν
1218 2115 1316 2184 τὴν
1344 2119 1440 2170 τοῦ
1475 2114 1776 2190 μαγίστρου
1821 2111 2050 2183 διπλῆν,

397 2207 476 2275 τῷ
517 2200 752 2278 δευτέρῳ
824 2203 1012 2280 λίτραν
1072 2206 1137 2274 α’,
1198 2204 1456 2278 παρέχων
1512 2209 1670 2258 πᾶσιν
1726 2201 2051 2276 ἀντιλήψεις

395 2293 488 2347 καὶ
537 2287 946 2366 ἆναϐιϐασμούς
997 2298 1128 2366 (42).
1181 2291 1647 2364 Ἐπτακαιδεκάτη
1700 2295 1734 2362 ἡ
1783 2296 1880 2347 τοῦ
1943 2313 2051 2346 νω-

399 2377 711 2457 ϐελησιμου
741 2383 883 2454 ἀξία,
933 2385 1000 2454 ἧς
1054 2380 1334 2460 βραϐεῖον,
1385 2385 1559 2460 χιτὼν
1613 2383 1664 2455 ἐξ
1713 2379 2050 2458 ἁλουργίδος

2162 1943 2334 1997 beum
2387 1941 2584 1998 tunica
2633 1943 2902 1998 coccinea
2946 1959 3089 1998 auro
3123 1943 3271 2013 picta
3321 1949 3379 2000 et
3421 1943 3686 2015 chlamys
3719 1943 3808 2000 vel

2163 2031 2639 2101 paludamentum
2664 2035 2720 2086 et
2740 2048 2908 2098 zona,
2931 2032 3089 2099 regia
3113 2049 3289 2087 manu
3314 2032 3526 2088 tradita
3549 2033 3813 2089 solemne

2161 2135 2374 2190 pompa
2395 2119 2455 2174 in
2482 2118 2698 2191 templo
2720 2119 2973 2175 Domini.
3009 2121 3114 2176 Dat
3135 2121 3621 2176 consuetudinem
3655 2121 3810 2192 ejus,

2161 2225 2338 2280 quam
2372 2209 2647 2279 magister
2677 2211 2790 2275 dat,
2815 2208 3080 2281 duplam,
3114 2211 3352 2266 deutero
3372 2210 3568 2266 litram
3599 2227 3800 2279 unam,

2161 2298 2436 2354 omnibus
2467 2315 2710 2354 munera
2741 2303 2798 2354 et
2827 2299 3242 2370 promotiones.
3294 2299 3532 2355 Decima
3559 2299 3812 2372 septima

2159 2386 2415 2456 dignitas
2490 2392 2580 2442 est
2654 2387 3028 2457 nobilissimi,
3111 2389 3282 2459 cujus
3353 2389 3636 2444 brabeum
3713 2392 3810 2442 tu-

1755 2484 1986 2539 VARIrE
2024 2483 2442 2541 LECTIONES.

457 2583 505 2618 ⁸³
532 2585 612 2653 τῷ
641 2602 772 2655 καμ.
806 2585 897 2640 ed.

397 2790 654 2846 semper,
706 2775 912 2831 saltem
965 2776 1255 2832 interdum
1309 2774 1574 2831 baltheus
1605 2779 1747 2831 erat.
1791 2775 1858 2830 Et
1889 2777 2046 2846 apud

395 2849 613 2903 Arabes
642 2848 844 2903 eodem
879 2864 1121 2918 prorsus
1149 2847 1320 2903 modo
1344 2865 1448 2919 pro
1479 2846 1664 2916 ofﬁcio
1694 2847 1783 2903 vel
1813 2847 2046 2914 militia,

393 2920 670 2990 στρατείᾳ,
728 2919 988 2990 ponitur.
1049 2919 1157 2975 Sed
1218 2921 1509 2974 Abulfeda
1570 2920 1640 2973 ad
1693 2936 1744 2973 a.
1795 2919 1902 2974 230
1961 2920 2046 2990 [(1.

393 2990 523 3062 843]
595 2996 812 3057 narrat,
870 2991 924 3046 al
996 2991 1396 3046 Watschecum
1459 2990 1762 3046 Aschnaso
1821 2991 2048 3046 dedisse

393 3065 603 3133 tagjam
615 3078 716 3117 seu
735 3062 960 3117 cidarin
984 3068 1040 3117 et
1050 3065 1334 3130 geminum
1356 3062 1653 3128 ballheum,
1668 3063 1822 3133 quod
1839 3078 2046 3132 quam-

388 3135 480 3190 vis
515 3134 890 3189 materialiter
911 3135 1314 3205 accipiendum
1335 3135 1413 3189 sit
1441 3150 1453 3187 :
1478 3135 1652 3188 dabat
1670 3135 1823 3188 enim
1851 3149 2050 3188 revera

393 3205 691 3274 geminum
724 3205 1050 3273 baltheum,
1083 3206 1185 3276 qui
1217 3206 1389 3261 ambo
1437 3221 1566 3261 sese
1598 3206 1656 3261 in
1701 3205 1962 3260 humeris
1991 3209 2050 3260 et

392 3282 624 3348 pectore
654 3277 1065 3333 decussarent:
1100 3277 1417 3349 symbolice
1446 3283 1643 3332 tamen
1675 3277 1829 3331 idem
1863 3277 2044 3347 signi-

391 3350 626 3411 ﬁcabat.
678 3350 974 3404 Aschnaso
1005 3349 1376 3404 commissam
1428 3364 1552 3404 esse
1602 3364 1799 3403 curam
1842 3364 2040 3404 rerum

391 3426 512 3477 tam
545 3418 926 3490 politicarum,
951 3437 1130 3492 quam
1167 3421 1532 3475 militarium.
1568 3420 1646 3492 Ex
1678 3421 1766 3474 his
1799 3419 2047 3492 baltheis

392 3491 511 3548 nati
547 3496 686 3562 sunt
711 3491 998 3548 cordones
1031 3496 1133 3547 aut
1165 3493 1453 3562 prandete,
1478 3491 1730 3558 caerulei,
1766 3491 2044 3559 aurantii,

393 3562 554 3619 rubri
587 3561 911 3618 aliorumve
942 3561 1225 3629 colorum,
1261 3565 1477 3634 quibus
1508 3567 1791 3618 ornantur
1821 3568 2046 3633 equites

391 3637 684 3691 variorum
718 3636 1018 3698 ordinum,
1052 3637 1101 3689 le
1129 3636 1328 3690 cordon
1360 3636 1504 3699 bleu,
1538 3641 1673 3698 etc.,
1706 3650 1834 3705 quae
1888 3640 2044 3689 nota.

464 3707 580 3778 (40)
605 3706 726 3761 Mos
749 3715 858 3774 est,
881 3723 1053 3778 quem
1069 3709 1188 3778 jam
1211 3706 1348 3761 alibi
1373 3707 1464 3761 his
1487 3706 1546 3760 in
1572 3706 1726 3778 notis
1747 3706 2048 3778 tetigimus

389 3779 466 3850 (ν.
495 3777 736 3851 p.135),
771 3779 828 3833 in
865 3777 1015 3834 aulis
1065 3777 1474 3851 Ottomannica
1525 3781 1590 3851 et
1613 3777 1843 3834 Persica
1877 3777 2048 3833 hodie

395 3849 588 3906 adhuc
618 3851 911 3914 obtinens,
935 3854 998 3905 ut
1025 3851 1304 3904 Sultanus
1331 3849 1414 3904 vel
1447 3865 1544 3904 rex
1562 3849 1868 3904 Persarum
1904 3865 2046 3919 prte-

391 3923 557 3978 fectis
590 3921 1024 3991 provinciarum
1058 3938 1162 3976 seu
1193 3921 1254 3976 in
1291 3921 1695 3992 prafecturam
1729 3937 1897 3976 suam
1933 3923 2047 3976 im-

391 3993 698 4049 mittendis
727 3993 784 4048 in
810 3994 1042 4065 signum
1074 3993 1456 4058 investiturae,
1489 4008 1588 4047 seu
1614 3992 1672 4046 in
1706 3993 2048 4063 praefectura

391 4065 803 4122 conﬁrmandis
827 4064 890 4119 in
906 4066 1141 4135 signum
1159 4064 1572 4120 benevolentiae
1586 4069 1642 4118 et
1656 4080 1759 4118 con
1771 4065 1894 4118 ﬁrm
1905 4065 2046 4119 atio-

387 4137 481 4192 nis
497 4137 758 4192 trabeam
775 4137 1316 4207 mittat(quotannis
1332 4137 1386 4191 id
1407 4135 1841 4205 contingitillis,
1857 4135 1955 4206 qui
1985 4135 2042 4190 in

387 4214 586 4280 sporta
616 4225 722 4263 sua
766 4208 1155 4280 continuant),
1191 4225 1366 4280 quam
1419 4207 1671 4280 ςῂαιζωη
1704 4207 2040 4280 _nominant,

390 4277 546 4335 unde
564 4284 832 4336 nostrum
855 4296 924 4335 en
951 4279 1085 4336 Gala
1109 4277 1388 4334 manavit.
1421 4277 1678 4332 Mittitur
1703 4278 1820 4332 haec
1843 4279 2044 4333 trabea

389 4367 494 4422 per
524 4352 925 4407 mandatorem
987 4351 1238 4419 regium,
1274 4351 1380 4422 qui
1401 4349 1484 4422 _de
1529 4350 1782 4422 adventu
1828 4365 1934 4422 suo
1969 4350 2041 4422 ad

390 4419 726 4494 praefectum
759 4423 1016 4478 nuntiari
1049 4429 1235 4494 curat.
1269 4419 1574 4476 Praefectus
1599 4419 1769 4494 illum
1790 4419 2044 4494 solemni

388 4490 522 4549 cum
561 4511 773 4566 pompa
803 4501 963 4549 extra
996 4493 1204 4548 maenia
1226 4493 1281 4548 in
1315 4508 1460 4566 agro
1497 4507 1614 4546 suae
1645 4490 1914 4562 capitalis
1943 4508 2039 4546 ex-

387 4564 820 4636 cipit,‘obviam
875 4566 1202 4636 mandatori
1261 4564 1750 4636 procedenscum
1783 4568 2041 4636 tolaisua

388 4633 746 4706 co'mitativa,
783 4653 930 4693 nova
954 4643 1012 4692 et
1057 4635 1364 4705 splendida
1392 4642 1554 4690 veste
1583 4633 1846 4690 indutus.
1881 4634 2039 4689 Hanc

387 4716 620 4766 exutum
655 4709 833 4765 tradit
873 4718 928 4764 et
968 4709 1143 4764 donat
1174 4707 1524 4772 mandatori,
1555 4715 1608 4761 et
1639 4712 1936 4776 acceptam
1969 4707 2040 4762 ab

388 4797 455 4837 eo
489 4781 735 4837 invicem
763 4781 1026 4836 trabeam
1051 4779 1448 4835 Solthanicam
1473 4777 1701 4844 induit;
1732 4778 1845 4832 vid.
1875 4778 2037 4834 Petro

387 4852 540 4908 della
570 4852 729 4908 Valle
764 4851 854 4920 ιν,
886 4853 978 4916 26,
1011 4851 1113 4921 Ep.
1149 4853 1415 4921 Itinerar.
1451 4851 1596 4905 Hinc
1622 4851 1878 4905 manavit
1909 4852 2037 4920 ipsa

387 4941 496 4980 vox
527 4923 682 4980 Gala.
716 4916 1018 4992 Significat
1047 4916 1203 4978 enim
1236 4916 1463 4994 ἔκδυμα,
1494 4930 1692 4994 νυεδιεηι
1721 4935 1847 4993 (με
1875 4916 2035 4994 exiui-

389 5002 500 5065 tur,
550 5013 665 5052 non
716 5009 841 5066 quae
889 4993 1160 5050 induitur.
1212 4996 1393 5066 Quod,
1429 4993 1641 5066 mirum
1677 4994 1821 5066 forte
1850 4993 2039 5049 videa-

385 5064 505 5125 tur.
537 5068 646 5124 Sed
674 5064 840 5123 facile
862 5066 1294 5138 concipitur,si
1315 5065 1474 5137 origo
1506 5064 1779 5138 dictionis
1811 5072 2036 5135 specte—

387 5141 508 5194 tur.
545 5139 782 5204 Quando
817 5137 1047 5194 Arabes’
1087 5137 1420 5208 signiﬁcare
1467 5138 1667 5192 volunt
1710 5137 1965 5206 aliquem
2001 5153 2034 5192 a

423 5213 600 5266 otenti
623 5211 820 5281 aliquo
843 5210 960 5264 viro
994 5209 1488 5281 principeinsigni
1519 5209 1732 5264 honore
1757 5210 2029 5281 allectum

407 5282 586 5350 uisse,
621 5278 858 5337 dicunt:
909 5278 1042 5336 talis
1068 5282 1150 5336 vel
1182 5278 1318 5335 talis
1364 5278 1621 5351 princeps
1651 5280 1805 5335 exuit
1835 5290 2032 5335 vestem

381 5370 541 5410 suum
568 5370 732 5425 super
747 5355 894 5408 hunc
915 5353 997 5408 vel
1018 5353 1204 5418 illum,
1231 5352 1285 5405 id
1302 5361 1383 5406 est
1407 5353 1668 5406 donaviti
1681 5353 1773 5425 psi
1787 5355 2029 5425 vestem,

381 5443 559 5497 quam
593 5422 718 5496 ipse
749 5441 988 5496 corpore
1019 5442 1126 5480 suo
1157 5433 1495 5497 gestaverat.
1534 5428 1732 5497 Neque
1762 5422 2030 5494 incogni-

381 5495 472 5554 tus
490 5495 733 5553 eratille
759 5495 884 5551 mos
907 5495 1354 5567 imperatoribus
1369 5496 1598 5550 Graecis.
1616 5495 1858 5567 iNicetas
1878 5499 2030 5567 certe

383 5587 440 5642 p.
470 5570 608 5642 7100
646 5569 754 5642 βά.
784 5566 1065 5642 _Venetaa,
1135 5573 1336 5642 narrat
1400 5566 1728 5642 Manuelem
1778 5566 2028 5642 _Gabrae,

381 5635 611 5697 Sultani
643 5639 959 5696 Icouiensis
993 5640 1067 5696 ad
1120 5655 1178 5695 se
1208 5637 1398 5711 legato
1431 5638 1589 5710 pacis
1610 5635 2028 5711 constituendae

383 5729 578 5783 causa,
601 5712 870 5786 gallicam
893 5728 1062 5786 suam
1084 5709 1302 5786 vestem
1326 5709 1567 5786 corpore
1595 5713 1915 5786 detractam
1932 5709 2030 5764 do-

385 5775 579 5844 nasse}
601 5775 712 5852 ’τὴν
743 5781 1108 5857 ἐπιθωράκιον
1142 5778 1344 5850 στολήν
1373 5775 1579 5841 ἀποδὺς
1610 5777 1800 5854 ἐκείνῳ
1832 5775 2023 5834 δίδωσι

1429 2675 1634 2733 JOAN.
1675 2675 1822 2732 JAC.
1867 2676 2133 2732 REISKII
2174 2675 2772 2733 COMMENTARIUS.

2157 2775 2410 2853 πορφυρᾳ
2460 2773 2562 2853 καὶ,
2597 2779 2810 2853 χρυσῷΔ
2834 2770 3243 2853 διηνθισμένην.
3295 2777 3366 2853 Et
3407 2775 3536 2853 talis
3568 2776 3746 2834 vestis
3776 2794 3811 2834 a

2161 2847 2421 2920 principe
2449 2847 2689 2918 gestata,
2737 2847 2935 2914 alicui,
2985 2849 3079 2903 cui
3130 2847 3592 2920 benevolentiam
3640 2864 3808 2904 suam

2159 2919 2484 2975 monstrare
2520 2920 2769 2987 volebat,
2822 2920 3058 2987 donata,
3111 2920 3278 2974 initio
3331 2919 3457 2975 sola
3503 2919 3810 2976 dicebatur

2157 2992 2347 3046 challa
2378 2991 2544 3046 vestis
2571 3001 2762 3047 exuta.
2810 2992 3024 3046 Deinde
3055 2990 3336 3063 ampliato
3369 3007 3481 3046 usu
3513 3001 3566 3047 et
3588 2992 3807 3059 signiﬁ-

2159 3073 2290 3118 catu
2326 3065 2518 3118 omnis
2567 3064 2747 3118 vestis
2792 3063 3104 3118 honoraria
3151 3081 3182 3134 a
3214 3063 3497 3134 principe,
3547 3064 3721 3119 etiam
3757 3064 3808 3118 si

2160 3150 2463 3205 nunquam
2497 3134 2568 3190 ab
2601 3134 2720 3190 ullo
2753 3141 2995 3205 gestata,
3017 3133 3238 3190 vasallo
3268 3139 3464 3189 tamen
3500 3135 3673 3189 alicui
3707 3151 3810 3191 suo

2161 3215 2261 3261 aut
2289 3205 2480 3276 legato
2513 3206 2583 3261 ad
2618 3222 2676 3262 se
2703 3206 2847 3261 aulae
2879 3208 3185 3276 cujusdam
3219 3207 3532 3276 peregrinas
3563 3207 3803 3276 honoris

2156 3285 2215 3333 et
2245 3273 2660 3334 ben—evolentias
2693 3295 2869 3333 causa
2899 3273 3084 3348 missa
3113 3284 3170 3332 et
3191 3273 3424 3348 injecta,
3459 3277 3569 3332 fuit
3597 3273 3806 3348 ἔκδυμα

2153 3348 2464 3420 appellata,
2493 3351 2575 3404 sic
2607 3365 2775 3420 pene,
2810 3357 2869 3404 ut
2900 3347 3179 3420 ἆΛλὰξιμα
3209 3347 3266 3404 et
3298 3348 3595 3404 mulaton’a
3611 3347 3804 3404 vestes

2155 3422 2212 3475 in
2247 3436 2460 3492 genere
2490 3429 2644 3476 sunt.
2697 3426 2792 3474 Has
2821 3423 2992 3492 enim
3033 3422 3218 3476 ambae
3249 3436 3414 3475 voces
3455 3437 3570 3474 non
3614 3421 3802 3492 magis

2154 3495 2220 3544 τὰ
2249 3488 2749 3564 ἐνδύματα,γᾳυθ.ω
2778 3491 2845 3545 τὰ
2875 3488 3151 3564 ἐκδύματα
3200 3497 3422 3547 notant.
3455 3492 3577 3547 Mos
3625 3488 3805 3564 igitur

2157 3564 2274 3629 ille,
2308 3563 2378 3618 de
2409 3581 2524 3635 quo
2557 3563 2838 3620 hactenus
2868 3565 3268 3634 exposuimus,
3301 3580 3414 3633 quo
3444 3565 3573 3634 ejus
3604 3563 3802 3632 vestis,

2158 3637 2259 3708 qui
2290 3638 2546 3690 trabeam
2573 3653 2606 3691 a
2627 3637 2864 3691 domino
2889 3637 3135 3691 missam
3167 3635 3374 3698 induit,
3397 3636 3675 3708 illiicedit,
3701 3639 3803 3706 qui

2159 3706 2401 3762 missam
2435 3725 2466 3762 a
2498 3707 2737 3762 domino
2771 3710 3001 3778 perfert,
3021 3708 3197 3762 etiam
3230 3708 3289 3761 in
3321 3706 3454 3760 aula
3487 3707 3801 3777 Byzantina

2157 3779 2295 3835 olim
2329 3779 2649 3845 obtinebat,
2685 3784 2748 3833 ut
2777 3796 2845 3834 ex
2869 3779 2974 3834 hoc
3006 3783 3130 3834 loco
3161 3783 3217 3832 et
3249 3779 3420 3845 paulo
3460 3784 3590 3847 post
3624 3783 3798 3846 patet,

2157 3860 2210 3907 et
2240 3867 2373 3906 cum
2406 3850 2536 3906 aliis
2568 3851 2766 3905 multis
2805 3852 3092 3905 institutis
3125 3850 3182 3902 in
3214 3848 3485 3903 Turciam
3518 3863 3548 3903 e
3577 3847 3800 3904 Graecia

2159 3922 2447 3977 migravit.

2227 3939 2714 4064 i(ﬁ[lilwllldrlembt'ane
2764 3986 3104 4045 ἒπιδίδωται.
3131 3991 3266 4062 Leg.
3315 3993 3416 4045 aut
3445 3985 3803 4060 ἐπιδίδονται,

2155 4071 2220 4119 ut
2240 4063 2541 4135 'Draudius
2572 4079 2804 4134 quoque
2849 4063 2908 4118 in
2941 4064 3299 4135 apograpbo
3320 4070 3673 4135 exaraverat,
3705 4073 3805 4135 aut

2153 4137 2408 4205 exaravit
2456 4128 2730 4189 librarius
2781 4150 2942 4190 more
2979 4128 3096 4190 suo
3127 4128 3445 4186 ἐπιδίδωται
3489 4150 3590 4205 pro
3621 4128 3800 4187 tiuSl-

2154 4203 2305 4261 δοται
2330 4206 2626 4278 schemate
2651 4205 3104 4278 Pindarico,quo
3127 4203 3560 4278 singularisp—ro
3583 4205 3799 4278 plurali

2194 4280 2426 4348 onitur;
2480 4277 2598 4331 vid.
2631 4278 2706 4348 ad
2737 4295 2793 4348 p.
2844 4279 2951 4332 224
2981 4274 3162 4345 dicta,
3208 4274 3308 4348 ubi
3339 4275 3395 4328 αἱ
3424 4274 3611 4348 aperuit
3643 4274 3798 4347 ὑμῶν

2186 4344 2423 4425 νὲτειλεν
2475 4351 2595 4425 ξρῶς
2641 4344 2781 4425 μέγ-α
2834 4349 3046 4425 legitur
3090 4344 3189 4425 pro
3246 4344 3546 4425 ἀνέτειλαν.
3597 4344 3798 4425 Nequ

2152 4423 2376 4490 dubito,
2410 4419 2650 4476 schema
2683 4419 2788 4477 hoc
2819 4426 2876 4476 et
2905 4421 3042 4476 olim
3077 4419 3244 4492 vulgo
3277 4421 3468 4474 Graeco
3513 4419 3792 4492 antiquis-

2150 4494 2300 4549 simo
2331 4493 2390 4547 in
2417 4509 2521 4547 usu
2541 4497 2599 4547 et
2622 4491 2754 4548 aliis
2777 4508 3006 4563 quoque
3029 4490 3364 4547 recen‘tioris
3386 4490 3796 4547 aetatisGriecis

2149 4565 2536 4636 scriptoribus
2567 4565 2776 4636 tritum
2809 4565 3004 4620 fuisse.
3038 4564 3306 4634 quamvis
3340 4563 3718 4636 probatiores
3735 4568 3794 4618 et

2151 4633 2310 4692 aurei
2341 4635 2513 4691 veluti
2548 4635 2862 4707 scriptores
2891 4636 2961 4689 ab
2993 4633 3072 4690 eo,
3092 4637 3207 4707 sibi
3235 4637 3510 4689 caverint.
3555 4633 3793 4707 Malalas

2151 4715 2302 4796 certe
2333 4709 2403 4764 ab
2435 4723 2594 4796 eo‘se
2626 4702 3077 4796 n‘onnabsti'nuit,
3112 4706 3302 4796 guliep.
3339 4707 3471 4792 161ξ
3507 4709 3601 4758 Ἢν
3635 4702 3686 4758 ὲν
3716 4707 3786 4796 τῇ

2147 4777 2306 4833 πόλει
2340 4775 2671 4850 συναλλαγαὶ
2719 4776 3008 4848 Ῥωμαίων
3041 4775 3144 4831 καῖ
3181 4775 3413 4848 Οὕννων,
3446 4779 3509 4832 in
3555 4793 3618 4832 ea
3649 4775 3788 4832 urbe

2147 4852 2406 4908 Romanis
2425 4867 2549 4906 cum
2571 4852 2783 4906 Hunnls
2813 4855 2992 4919 erant,
3023 4850 3486 4917 intercedebant,
3516 4863 3784 4903 commer-

2144 4925 2268 4985 cia;
2302 4924 2399 4979 ubi
2434 4924 2645 4978 {rustra
2685 4931 2770 4978 est
2800 4921 3123 4977 Chilmead.
3160 4929 3382 4976 mutare
3411 4924 3661 4975 tentans.
3695 4920 3788 4976 Si-

2144 4993 2256 5065 luit
2285 4999 2434 5051 certe
2465 4995 2534 5065 ad
2567 5009 2638 5065 _p.
2671 4993 2796 5060 210,
2827 4992 2930 5065 _ubi
2962 4992 3220 5065 legitur:
3259 4992 3360 5065 Ἦν
3386 4990 3488 5065 γὰρ
3533 4985 3790 5065 λαβόντες

2144 5064 2428 5138 ᾇπόκρισιν
2488 5060 2600 5138 ὑπὸ
2633 5067 2734 5138 τοῦ
2781 5063 2957 5138 αὐξῶν
3009 5060 3300 5138 βασιλέως.
3336 5060 3560 5138 Pari-ter
3584 5062 3788 5138 ﬁvpro

2143 5135 2482 5204 iiaav'habet
2513 5136 2827 5206 Sophocles
2855 5135 3124 5191 Trachin.
3155 5136 3282 5199 529,
3308 5135 3408 5190 ubi
3439 5135 3553 5190 vid.
3587 5135 3784 5191 Schol.

2143 5212 2254 5290 Sed
2287 5213 2490 5290 erunt,
2509 5209 2725 5290 quibus
2760 5210 2874 5290 haec
2900 5209 3084 5263 forma
3105 5213 3403 5290 contracta
3431 5223 3534 5290 pro
3558 5206 3783 5290 integro

2141 5283 2276 5351 ἦσαν
2311 5277 2594 5345 videatur,
2639 5286 2700 5335 ut
2731 5278 2940 5353 μίχθην
2970 5296 3076 5352 pro
3131 5277 3406 5353 μίχθησαν
3433 5277 3513 5337 ’θι
3567 5277 3785 5335 similia

2140 5355 2287 5427 apud
2329 5356 2661 5408 Homerum.

2212 5427 2326 5497 (42)
2356 5426 2772 5497 Promoliones,
2793 5423 2874 5497 ab
2913 5415 3279 5490 ἀναϐιϐάζειν,
3305 5424 3385 5497 Vin
3405 5496 3412 5497 γ
3433 5420 3780 5497 atiorem_lof

2138 5491 2264 5552 cum
2295 5491 2649 5568 promovere;
2681 5496 2798 5550 vid.
2844 5495 2929 5568 Du
2961 5497 3148 5566 Cange
3179 5512 3233 5552 ν,
3275 5496 3632 5568 Αηαὸαινιιηι.
3656 5491 3780 5568 Sed

2140 5563 2431 5640 quomodo
2457 5571 2675 5640 poterat
2700 5583 2769 5622 cu
2780 5583 2836 5623 ro
2844 5567 3033 5640 palata
3053 5563 3422 5640 promotion"
3441 5565 3578 5640 dare
3595 5563 3624 5617 ?
3655 5567 3778 5640 Non

2139 5633 2292 5696 certe
2324 5641 2384 5696 in
2406 5637 2760 5710 ofﬁcialibus
2781 5633 2946 5710 aulis,
2975 5633 3075 5710 sed
3106 5638 3166 5693 in
3201 5635 3523 5692 ministerio
3555 5649 3684 5710 suo,
3704 5633 3777 5710 in

2135 5711 2356 5841 {lamina
2386 5709 2631 5839 pzilvzata,
2665 5710 2740 5766 ad
2761 5707 3206 5783 dispositionem
3239 5723 3406 5764 suam
3429 5707 3776 5779 pertinente.

2180 5801 2251 5841 on
2284 5825 2298 5841 .
2333 5799 2388 5841 υ.
2533 5820 2546 5838 .

2180 5785 2298 5843 onf.
2331 5799 2388 5855 p.
2421 5785 2546 5839 412.
