4124 6378
341 341 366 398 1
379 339 492 400 307

1420 345 1940 408 CONSTANTINI
1979 344 2676 415 PORPHYROGENITI

3601 361 3753 424 1308

335 487 470 543 nica
515 503 811 560 purpurea
867 506 1008 546 auro
1059 491 1302 561 intexta,
1361 497 1417 550 et
1461 493 1727 569 chlamys
1757 503 1810 553 et
1838 514 1974 554 zona

2098 483 2432 559 χρυσόθετος
2475 484 2564 538 καὶ
2616 483 2841 560 χλαμὸς
2886 487 2976 541 xvi.
3027 489 3198 559 ζώνη,
3253 489 3312 545 ἐκ
3359 493 3544 567 χειρὸς
3600 494 3755 569 βασις

335 575 641 646 splendida
670 593 805 632 cum
849 595 1061 651 pompa
1097 581 1157 636 in
1213 583 1427 653 templo
1480 585 1707 640 Domini
1739 587 1810 641 ab
1845 587 1986 656 imp.

337 665 880 736 tradita.Eamdem,
915 685 1090 741 quam
1123 672 1515 744 curopalates,
1549 676 1646 732 dat
1675 681 1988 731 consuetu-

339 755 559 811 dinem.
593 758 825 814 Decima
855 768 1054 816 octava
1085 762 1344 833 dignitas
1375 768 1464 819 est
1506 766 1770 831 Caesaris,
1803 766 1983 837 maje-

336 845 470 899 stati
495 845 885 916 imperatoriae
907 866 1053 921 pene
1067 852 1329 924 aequalis.
1349 854 1630 910 Brabeum
1645 861 1730 910 est
1747 872 1981 925 corona,

337 934 438 989 sed
471 936 694 1007 absque
721 939 906 1006 ﬁgura
934 941 1147 1007 crucis,
1181 942 1240 997 in
1271 943 1486 1015 templo
1537 944 1763 1000 Domini
1809 946 1984 1017 regiis

335 1023 614 1080 manibus
634 1026 832 1082 vertici
864 1026 1189 1086 honorandi
1219 1030 1517 1103 imposita.
1542 1033 1646 1090 Dat
1676 1043 1984 1090 consuetu-

336 1111 536 1169 dinem
566 1116 856 1185 eamdem,
891 1133 1067 1188 quam
1101 1119 1526 1177 nobilissimus.

799 1204 1230 1265 Consuetudines
1253 1210 1516 1280 pietatis.

405 1291 513 1357 Qui
545 1296 740 1350 autem
776 1311 1090 1368 supremus
1120 1299 1246 1369 ipse
1275 1301 1362 1355 sui
1388 1300 1536 1370 juris
1558 1301 1870 1372 imperator
1901 1302 1986 1358 fa-

335 1384 465 1436 ctus
498 1390 604 1443 est.
633 1384 815 1440 donat
845 1403 1066 1456 magna
1097 1394 1313 1444 sanctae
1344 1389 1447 1445 Dei
1478 1391 1736 1447 ecclesiae
1759 1392 1885 1447 auri
1915 1391 1989 1446 li-

330 1473 451 1526 tras
481 1476 741 1544 centum,
774 1479 832 1530 et
861 1476 964 1530 toti
991 1479 1244 1547 senatui,
1279 1478 1547 1535 cubiculo
1579 1481 1848 1552 ascriptis
1873 1497 1986 1537 cae-

330 1558 590 1630 terisque
649 1565 1068 1633 tantumdem;
1123 1566 1478 1624 millenarios
1541 1569 1985 1627 milliarensium

327 1647 587 1706 diversos
607 1653 918 1724 unicuique
943 1655 1132 1710 ordini
1158 1657 1394 1712 militari
1428 1666 1482 1713 et
1505 1658 1831 1715 officiorum
1864 1676 1988 1716 cor-

327 1739 477 1810 pori.
510 1741 845 1812 Praepositis
871 1749 1062 1801 autem
1086 1745 1144 1800 in
1177 1748 1370 1818 specie
1403 1749 1710 1804 datofficia
1732 1756 1788 1805 et
1806 1749 1986 1805 facul-

2102 569 2242 634 λέως
2286 571 2371 627 ἐπὶ
2419 579 2545 628 ναοῦ
2594 576 2799 648 Κυρίου
2850 572 3120 649 λαμπρῶς
3170 576 3501 655 ἐπιδίδρται.
3547 579 3754 638 Δίδιυσι

2098 663 2380 732 συνήθειαν
2431 664 2609 726 καθὼς
2662 665 2753 718 καὶ
2813 666 2842 719 ὅ
2898 666 3328 740 κωροπαλάτης.
3388 671 3757 729 Ὀκτωκαιδε-

2095 751 2232 820 κᾶτη
2267 754 2300 821 ἡ
2333 756 2430 807 τοῦ
2464 751 2732 824 Καίσαρος
2766 755 2939 824 ἀξίας,
2971 757 3250 830 παρομοία
3297 765 3396 828 τῆς
3452 762 3751 832 βασιλικῆς

2097 838 2278 911 δόξης,
2319 842 2386 910 ἧς
2441 838 2693 917 βραϐεῖον
2757 843 3019 922 στέφανος
3059 848 3235 922 χωρὶς
3305 855 3596 926 σταυρικοῦ
3654 851 3758 905 τύ-

2095 951 2222 998 που,
2263 930 2350 985 ἐπὶ
2406 936 2536 986 ναοῦ
2585 933 2788 1007 Κυρίου
2831 933 2888 989 ἐκ
2930 935 3225 1009 βασιλικῆς
3278 941 3462 1014 χειρὸς
3511 939 3598 994 ἐπὶ
3650 961 3751 995 κο-

2095 1025 2269 1098 ρυφῆς
2318 1017 2634 1080 ἐπιτίθεται.
2687 1020 2884 1078 Δίδωσι
2934 1025 3244 1096 συνήθειαν,
3297 1027 3371 1091 ὡς
3423 1027 3511 1084 καὶ
3567 1030 3596 1083 ὁ
3644 1052 3754 1085 νω-

2097 1103 2429 1183 ϐελήσιμος.

2615 1204 2881 1273 Συνήθεια
2922 1201 3214 1267 εὐσεϐείας.

2167 1290 2223 1343 '0
2266 1287 2324 1344 δὲ
2375 1292 2612 1367 γεγονὼς
2673 1292 3022 1369 αὐτοκράτωρ
3086 1294 3345 1370 βασιλεὺς
3401 1293 3619 1352 δίδωσιν
3672 1297 3754 1360 εἷς

2095 1380 2193 1447 τὴν
2227 1379 2383 1456 ἁγίαν
2441 1384 2538 1436 τοῦ
2579 1385 2711 1436 Θεοῦ
2765 1382 3008 1456 μεγάλην
3053 1383 3346 1454 ἐκκλησίαν
3400 1390 3609 1464 χρυσοῦ
3661 1387 3757 1442 λί-

2097 1489 2226 1542 τρας
2259 1477 2323 1543 ρ’,
2353 1469 2443 1525 καὶ
2475 1474 2542 1544 τῇ
2577 1471 2876 1547 συγκλήτῳ
2924 1473 3068 1548 πάσῃ
3104 1474 3194 1529 σὺν
3240 1480 3321 1548 τῷ
3369 1480 3466 1530 τοῦ
3514 1471 3756 1532 κουϐου-

2097 1557 2282 1614 κλείου
2314 1561 2429 1631 (43)
2461 1558 2550 1614 καὶ
2584 1559 2803 1624 λοιποῖς
2837 1567 3048 1641 χρυσοῦ
3081 1564 3268 1636 λίτρας
3308 1565 3373 1638 ρ’,
3417 1566 3504 1620 κτὶ
3555 1564 3753 1640 χιλιά-

2098 1645 2190 1709 δας
2223 1644 2515 1724 διαφόρους
2561 1646 2930 1723 μιλιαρησίων
2979 1651 3186 1725 ἑκάστῳ
3228 1653 3464 1726 τάγματι
3511 1660 3600 1708 καί
3652 1653 3753 1731 ὀφ-

2097 1736 2292 1810 φικίων
2326 1740 2394 1810 τῇ
2429 1739 2698 1794 συστάσει.
2734 1741 2866 1802 Τοῖς
2919 1737 2974 1794 δὲ
3027 1741 3407 1815 πραιποσίτοις
3455 1741 3505 1797 ἐν
3554 1741 3755 1818 ἔξαιρε·

326 1831 509 1884 tatem
532 1830 847 1888 familiares
869 1837 925 1888 et
946 1833 1249 1891 ministros
1269 1837 1528 1906 ipsorum
1551 1837 1623 1892 ad
1643 1838 1974 1912 dignitates,

2092 1849 2171 1899 τῳ
2204 1825 2428 1906 ὀςρφίκια
2497 1823 2687 1882 δίδωσι
2740 1829 2830 1882 καὶ
2899 1827 3221 1904 ἀντιλήψεις
3277 1831 3604 1905 ἀξιωμάτων
3676 1833 3753 1895 εἷς

2094 1913 2164 1932 ηιμ
2374 1916 2386 1932 ι
2450 1915 2464 1932 9
2506 1917 2529 1932 Λ
2596 1916 2607 1932 ν
2855 1919 2867 1932 ⁷
2918 1922 2945 1932 ·’
3134 1918 3146 1932 ‘
3210 1919 3223 1932 "
3302 1913 3330 1932 ⁸
3364 1914 3392 1932 ο
3547 1920 3559 1932 “
3702 1923 3716 1932 ’

327 1933 474 1988 quas
494 1919 804 1988 ambirent,
827 1921 1059 1980 domino
1081 1927 1553 1997 commendandi,
1588 1928 1815 1999 ipsique
1840 1945 1980 2000 prae-

327 2005 503 2078 positi
537 2008 607 2063 ad
635 2025 898 2082 munera,
926 2027 1055 2082 quae
1079 2018 1305 2084 petunt,
1335 2021 1769 2088 promoventur.
1793 2019 1976 2088 Impe-

326 2098 486 2149 rator
536 2097 728 2152 minor
755 2100 844 2154 vel
876 2101 1081 2170 junior
1122 2107 1351 2158 tantum
1387 2105 1700 2160 dimidium
1743 2106 1985 2164 istorum

325 2185 444 2242 dat.
462 2187 615 2241 413
640 2190 880 2258 Harum,
911 2208 1058 2260 quas
1088 2194 1590 2263 enumeravimus,
1624 2195 1982 2266 dignitatum

325 2278 466 2330 sunt
485 2275 760 2348 quinque,
787 2295 912 2349 quae
944 2282 1173 2336 senatui
1204 2283 1626 2351 attribuuntur,
1655 2301 1864 2356 nempe
1892 2303 1983 2342 ex-

323 2364 753 2436 pres-lectorum,
777 2369 1258 2440 silentiariorum,
1279 2374 1644 2442 vestitorum,
1667 2376 1979 2432 consulum

327 2458 384 2507 et
415 2455 627 2510 iterum
652 2459 962 2514 consulum
989 2479 1004 2527 ;
1039 2467 1252 2517 caeteras
1285 2465 1344 2518 in
1371 2463 1544 2535 regiis
1566 2465 1863 2522 codicibus
1887 2467 1980 2522 de-

323 2541 527 2611 posita:
547 2542 766 2601 haerent
789 2547 874 2618 [ut
898 2547 1121 2606 basilici
1139 2552 1207 2605 ad
1241 2569 1339 2607 eas
1365 2554 1665 2624 pervenire
1696 2555 1975 2626 possint].

325 2631 432 2696 Qui
465 2647 596 2688 vero
626 2650 727 2702 per
742 2634 936 2690 solum
962 2637 1328 2708 imperatoris
1351 2642 1604 2697 edictum
1625 2643 1822 2715 dignis
1847 2660 1980 2702 con-

321 2719 554 2792 tingunt
599 2723 848 2780 honores
889 2742 1025 2782 cum
1059 2731 1409 2787 auctoritate
1452 2731 1833 2789 inferioribus
1864 2733 1981 2788 im-

321 2814 583 2881 perante,
613 2818 754 2869 sunt
777 2830 1017 2872 numero
1041 2819 1358 2892 sexaginta.
1385 2824 1496 2889 Eas,
1521 2823 1677 2893 quod
1697 2822 1976 2893 diximus,

320 2904 388 2954 ut
411 2900 584 2957 verbo
617 2903 854 2973 dantur,
905 2907 990 2962 sic
1021 2911 1078 2962 et
1112 2908 1281 2966 facile
1313 2927 1514 2967 rursus
1547 2912 1892 2968 adimuntur
1921 2917 1979 2970 et

317 2987 390 3043 ab
441 3005 559 3044 uno
608 2991 681 3047 ad
736 2992 982 3050 alterum
1037 3000 1367 3054 transeunt.
1419 3001 1630 3055 Earum
1685 3001 1874 3071 prima
1920 3004 1979 3057 et

320 3079 579 3135 maxima
627 3081 697 3136 ab
746 3081 1099 3156 imperatore
1148 3095 1345 3142 nostro
1395 3089 1689 3145 Christum
1742 3095 1977 3146 amante

2096 1913 2261 1978 ἰδίους
2300 1916 2389 1970 καὶ
2440 1915 2758 1990 ἀνθρώπους
2807 1919 3011 1991 αὐτῶν²
3060 1918 3150 1973 καὶ
3198 1913 3609 1993 ἀναϐιϐασμοὺς
3657 1923 3749 1976 αὖ·

2090 2010 2196 2061 τῶν
2227 2011 2334 2060 τῶν
2365 2007 2767 2081 πραιποσίτων,
2808 2008 2986 2069 καθὼς
3018 2007 3079 2062 ἄν
3130 2009 3484 2081 αἰτήσωνται,
3533 2006 3749 2084 λαμϐά-

2092 2117 2294 2152 νουσιν.
2328 2097 2387 2153 Ὀ
2421 2093 2476 2151 δέ
2506 2118 2565 2170 γε
2616 2094 2865 2172 δεύτερος
2920 2096 3174 2172 βασιλεὺς
3226 2096 3417 2154 δίδωσι
3459 2100 3522 2154 τὸ
3572 2099 3746 2172 ἣμισυ

2091 2188 2320 2242 τουτων.
2355 2187 2450 2240 Ἐκ
2481 2182 2538 2240 δὲ
2567 2189 2674 2240 τῶν
2707 2185 3125 2260 προλεχθὲντων
3157 2187 3483 2261 ἀξιωμάτων
3538 2189 3592 2243 αἱ
3647 2190 3748 2262 μὲν

2092 2277 2249 2332 πέντε
2304 2276 2448 2346 ἀξίαι
2499 2279 2566 2350 τῇ
2619 2273 2912 2351 συγκλήτῳ
2955 2278 3291 2353 ἁρμόζονται
3343 2282 3476 2352 (44),
3527 2281 3649 2335 οἷον
3706 2282 3744 2350 ἡ

2092 2365 2197 2420 ἀπὸ
2246 2364 2526 2439 ἐπάρχων,
2561 2366 2596 2434 ἡ
2631 2371 2737 2420 τῶν
2789 2363 3193 2440 σιλεντιαρίων,
3234 2369 3268 2436 ἡ
3328 2372 3435 2424 τῶν
3490 2369 3752 2444 βεστητὸ-

2091 2457 2289 2528 ρων,ἡ
2329 2459 2435 2508 τῶν
2491 2455 2708 2508 ὑπατων
2764 2455 2854 2509 καὶ
2916 2453 3245 2514 δισυπάτων.
3302 2459 3372 2514 Αἱ
3431 2455 3488 2513 δὲ
3549 2458 3747 2514 λοιπαὶ

2089 2551 2254 2599 πᾶσαι
2288 2543 2340 2598 ἐν
2382 2549 2498 2606 τοῖς
2549 2543 2856 2619 βασιλικοῖς
2905 2545 3327 2602 κατατάττονται
3375 2545 3619 2618 κώδιξιν.
3676 2549 3746 2607 Αἱ

2091 2632 2148 2689 δὲ
2197 2633 2286 2688 διὰ
2335 2632 2508 2707 λόγου
2574 2631 2864 2708 βασιλικοῦ
2921 2641 3042 2697 τοῖς
3103 2636 3271 2705 ἀξίοις
3321 2637 3747 2712 προσγινόμεναι

2090 2721 2238 2794 δόξαι
2270 2723 2358 2778 καὶ
2405 2723 2480 2785 είς
2528 2723 2590 2777 τὸ
2643 2725 2832 2802 ἄρχειν
2891 2728 2997 2779 τῶν
3060 2725 3508 2800 ὑποτεταγμένων
3556 2727 3750 2806 ἀφορι-

2088 2813 2293 2877 σθεῖσαί
2326 2811 2428 2866 εἶσι
2478 2811 2566 2865 καὶ
2626 2811 2784 2866 αὐταὶ
2843 2812 2934 2867 τὸν
2985 2813 3214 2888 ἀριθμὸν
3271 2813 3330 2884 ξ’,
3389 2814 3611 2885 αἳτινες,
3667 2816 3745 2878 ὡς

2087 2899 2308 2976 ἔφαμεν,
2342 2901 2492 2974 λόγῳ
2540 2899 2810 2975 βασιλέως
2837 2901 3286 2979 προσγινόμεναι,
3318 2903 3482 2958 πάλιν
3539 2901 3746 2978 ῥαδίως

2085 2992 2438 3069 ἀφαιροῦνται
2498 2991 2587 3045 καὶ
2645 2990 2704 3045 ἐκ
2761 2992 3072 3066 προσώπων
3142 2993 3219 3054 εἰς
3275 2992 3544 3068 πρόσωπα
3612 2998 3744 3067 μεθ-

2092 3085 2349 3137 ίστανται.
2387 3080 2497 3136 Καὶ
2524 3079 2716 3154 πρώτη
2755 3081 2848 3153 μὶν
2883 3081 2973 3134 καὶ
3019 3082 3248 3156 μεγίστη
3283 3084 3317 3152 ἡ
3349 3087 3448 3136 τοῦ
3483 3083 3739 3158 βασιλευ-

317 3169 507 3226 Leone
555 3171 874 3230 constituta
904 3179 992 3231 est
1047 3175 1540 3249 basileopatoris;
1591 3180 1845 3236 secunda
1883 3183 1974 3235 est

2085 3174 2318 3246 πάτορος
2369 3172 2482 3243 (45)
2532 3171 2677 3245 παρὰ
2727 3172 2960 3234 Λὲοντος
3007 3175 3103 3226 τοῦ
3157 3170 3520 3248 φιλοχρίστου
3573 3175 3738 3246 ἡμῶν

1368 3287 1568 3342 JOAN.
1609 3287 1750 3343 JAC.
1795 3285 2065 3344 REISKII
2105 3279 2696 3338 COMMENTARIUS.

530 3379 761 3456 §_ubint.
795 3385 974 3456 χορῷ..
1009 3383 1120 3438 nisi
1159 3384 1330 3439 malis
1363 3389 1478 3445 τοῖς
1512 3384 1718 3456 legere.

414 3448 502 3520 44)
535 3449 699 3506 Hunc
723 3448 1125 3529 loéumfateor
1149 3472 1238 3510 me
1262 3473 1378 3512 non
1403 3448 1744 3529 intelligere.
1781 3461 1970 3525 Quare

314 3521 472 3601 enim
498 3526 1006 3601 rector,_magis_te_r
1037 3542 1340 3601 sacrorum
1363 3521 1690 3584 ofﬁciorum
1715 3521 1972 3601 Curopa-

318 3589 483 3674 lates,
518 3589 956 3674 patricii'magis
975 3595 1128 3651 inter
1147 3597 1438 3674 basilicos,
1463 3617 1636 3674 quam
1663 3603 1814 3674 inter
1832 3589 1972 3674 svn-

321 3660 558 3735 cletico's
609 3660 922 3735 numerati,
977 3682 1110 3723 cum
1162 3673 1358 3724 tamen
1417 3660 1493 3726 hi'
1536 3660 1886 3726 maximam'
1916 3675 1972 3727 et

318 3733 672 3810 praecipuam
697 3737 846 3810 sacri
878 3733 1122 3794 senatus
1156 3746 1376 3810 partem
1409 3743 1798 3798 conficerent?
1827 3743 1974 3798 etvi-

318 3804 891 3886 cissim,quareinter
914 3804 1214 3867 senatores
1238 3813 1401 3886 relati
1421 3814 1972 3886 vestitores,quibus

317 3875 386 3952 in_
410 3875 674 3934 senatum
709 3897 951 3951 prorsus
978 3899 1090 3937 non
1126 3884 1360 3952 patebat
1380 3886 1570 3940 aditus
1592 3885 1621 3940 ?
1650 3875 1968 3942 Silentiarii

319 3948 390 4002 ad
423 3948 1186 4030 senatumgpertinebantjit
1219 3956 1473 4030 ministri
1508 3973 1653 4030 pene
1688 3967 1741 4014 et
1770 3962 1835 4030 ut
1868 3975 1970 4030 ap.

323 4020 626 4101 paritores.
667 4020 1037 4101 _Ekprtefecti,
1097 4025 1306 4101 Hypati
1346 4033 1414 4101 et
1447 4020 1781 4101 _Ahthypati
1830 4020 1970 4086 meri

315 4094 540 4170 tantum
568 4093 1318 4170 turbamejusimplebant.
1344 4099 1416 4154 Et
1446 4098 1505 4153 hi
1531 4093 1724 4155 tamen
1750 4101 1970 4170 syncle-

318 4160 421 4241 tici
444 4160 1152 4241 dicuntur,illivmajorum
1178 4170 1354 4225 veluti
1385 4171 1646 4241 gentium
1662 4160 1966 4241 dii,'sena-

313 4235 411 4287 tus
442 4235 756 4308 principes,
790 4253 856 4293 eo
888 4235 1271 4296 eximuntur?
1300 4235 1444 4296 Sunt
1467 4242 1524 4297 in
1559 4235 1970 4300 constitutione

314 4313 710 4386 procerum__et
741 4309 1096 4386 dignitatum
1131 4311 1279 4386 aulae
1331 4313 1569 4386 PCtanae
1603 4315 1805 4382 multa,
1840 4332 1967 4386 quae

312 4392 428 4432 non
461 4379 726 4458 expedio,
760 4386 816 4458 et
846 4380 954 4437 hoc
988 4384 1668 4458 ipsumCletorologium
1703 4379 1969 4458 quamvis

311 4457 727 4528 argumentum
763 4457 876 4528 hoc
901 4455 1129 4525 egregie
1150 4455 1427 4528 illustrat,
1449 4474 1601 4528 saepe
1631 4455 1826 4513 tamen
1862 4475 1968 4514 nos

313 4519 531 4599 deserit
555 4527 615 4599 et
644 4524 701 4578 in
728 4519 1000 4580 tenebras
1027 4519 1216 4599 magis
1247 4519 1503 4597 conjicit.
1533 4519 1747 4584 'Vultne
1779 4530 1970 4585 dicere

314 4589 914 4673 illas‘quidemtquas
953 4589 1241 4673 nominat,
1285 4589 1550 4673 quinque
1593 4601 1905 4673 dignitates
1937 4618 1969 4656 a

2078 3382 2194 3438 nisi
2224 3379 2363 3447 illis,
2398 3395 2647 3450 quorum
2675 3378 2801 3433 filim
2825 3380 3118 3450 Augustas,
3151 3380 3450 3450 regnantis
3476 3381 3733 3450 impera-

2078 3455 2224 3510 toris
2255 3453 2530 3521 conjuges
2561 3460 2792 3518 essent;
2836 3467 2952 3521 quo
2985 3451 3182 3518 fiebat,
3216 3459 3282 3507 ut
3313 3453 3456 3507 tales
3491 3453 3739 3508 basileo-

2077 3531 2310 3598 patores
2334 3521 2523 3598 multu
2535 3521 2662 3598 min
2677 3523 2743 3577 ad
2755 3521 3428 3598 ministrationeimperii
3447 3524 3738 3598 valerent,

2077 3595 2132 3652 et
2165 3596 2505 3668 praesertim,
2555 3597 2604 3649 si
2659 3596 2855 3666 generi
2889 3595 3080 3650 adhuc
3139 3596 3458 3668 admodum
3484 3597 3736 3666 juvenes

2079 3666 2180 3724 aut
2202 3666 2463 3739 imbelles
2485 3670 2942 3739 essent,omnem
2967 3666 3368 3721 auctoritatem
3393 3669 3460 3722 ad
3485 3683 3542 3722 se
3566 3684 3734 3739 rape-

2079 3744 2230 3794 rent.
2247 3737 2468 3793 Saeculo
2494 3737 3274 3793 undecimoinclarescebant
3290 3739 3348 3793 in
3369 3739 3516 3794 aulis
3535 3737 3733 3794 orien-

2077 3811 2298 3866 talibus
2351 3808 2600 3876 Atabeki,
2664 3817 2728 3862 ut
2786 3810 3050 3880 quaedam
3089 3809 3333 3881 familiae
3382 3809 3740 3881 principales

2077 3884 2208 3937 inde
2260 3897 2470 3936 nomen
2523 3878 2873 3948 habuerint;
2928 3897 2982 3934 v.
3041 3878 3397 3936 D’HerbelotI
3459 3878 3735 3939 Bibl‘iolh.

2079 3954 2296 4010 Orient.
2331 3969 2385 4008 ν.
2420 3951 2736 4006 Atabckian.
2761 3951 2984 4022 Liquet,
3009 3956 3073 4006 ut
3097 3953 3280 4006 multa
3305 3952 3419 4007 alia
3441 3953 3734 4021 instituta,

2076 4026 2253 4081 etiam
2289 4025 2439 4079 hanc
2463 4023 2807 4095 dignitatem
2833 4041 2902 4078 ex
2932 4023 3068 4095 aula
3095 4023 3414 4094 Byzantina
3453 4025 3513 4079 in
3545 4024 3740 4080 orien-

2076 4097 2221 4152 tales
2254 4095 2431 4151 fuisse
2484 4094 2827 4148 derivatam.
2882 4094 3265 4150 Atabekorum
3321 4098 3526 4150 horum
3564 4097 3736 4150 fami-

2077 4169 2289 4238 liarum
2316 4172 2456 4238 puta
2473 4166 2561 4238 sic
2579 4166 2865 4221 dictarurn
2884 4167 3050 4238 primi
3073 4169 3533 4234 conditores,seu
3557 4167 3729 4238 primi

2077 4245 2133 4295 et
2162 4237 2364 4311 κυρίως
2412 4237 2495 4293 sic
2536 4237 2674 4293 dicti
2709 4237 2965 4311 Atabeki,
2995 4244 3158 4311 erant
3186 4255 3390 4311 omnes
3422 4237 3603 4293 soceri
3630 4241 3739 4307 ju-

2075 4309 2288 4366 venum
2305 4309 3259 4380 principumMubarnmedanorum
3277 4309 3568 4380 iidemque
3583 4315 3736 4365 tuto-

2075 4399 2190 4447 res,
2241 4382 2342 4438 sed
2393 4382 2498 4437 sub
2549 4383 2787 4438 nomine
2836 4385 2892 4435 et
2923 4382 3114 4452 specie
3163 4382 3354 4436 tutelas
3398 4398 3642 4446 generos
3673 4387 3734 4437 et

2076 4454 2331 4525 pupillos
2363 4470 2497 4509 suos
2545 4453 2886 4509 auctoritate
2918 4453 3098 4525 omni,
3151 4471 3304 4522 saepe
3335 4469 3563 4524 quoque
3613 4453 3731 4509 vita

2076 4523 2366 4581 exuebant
2396 4533 2446 4580 et
2485 4525 2539 4579 in
2585 4539 2784 4579 eorum
2834 4525 2984 4579 bona
3014 4523 3385 4579 invadebant.
3440 4523 3550 4580 Par
3579 4542 3728 4596 pene

2076 4597 2222 4652 ratio
2253 4604 2374 4652 erat
2397 4596 2643 4653 Romani
2671 4595 2979 4666 Lecapeni,
3004 4597 3104 4666 qui
3137 4613 3249 4652 non
3284 4595 3595 4651 contentus
3627 4597 3728 4651 ho-

309 4668 514 4719 senatu
539 4666 610 4721 sti
659 4669 827 4722 endia
845 4668 1112 4740 accipere
1143 4675 1198 4725 et
1231 4666 1556 4727 ad—codi'ces
1580 4666 1822 4727 senatus
1847 4689 1965 4744 per-
1998 4673 2045 4739 D
2077 4683 2216 4725 nore
2259 4667 2732 4740 Basileopatoris,
2782 4668 3032 4739 Augusti
3065 4667 3579 4752 quoque'hon'ores
3611 4685 3728 4724 non

309 4733 516 4793 tinere.
549 4683 809 4793 reliquas
859 4746 1052 4793 autem
1106 4741 1318 4793 relatas
1347 4759 1472 4793 esse
1512 4741 1579 4793 ad
1615 4743 1839 4793 codices
1873 4760 1970 4793 re-
2080 4739 2409 4793 insesolum
2432 4739 3001 4793 sibiarrogabat.sed
3026 4740 3728 4793 etiamﬁlttssulstrtbue-

638 4755 654 4793 ι

309 4733 516 4809 tinere,
549 4733 809 4809 reliquas
859 4733 1052 4796 autem
1106 4741 1318 4796 relatas
1347 4759 1472 4799 esse
1512 4741 1579 4797 ad
1615 4733 1970 4799 codices‘re-

315 4807 442 4887 gios
490 4813 546 4864 et
575 4827 643 4887 ex
676 4807 825 4887 'aula
879 4829 986 4868 sua
1016 4812 1226 4887 salaria
1271 4814 1578 4885 accipere?
1624 4816 1730 4870 Sed
1782 4831 1968 4887 neque

312 4877 492 4956 hujus
521 4881 604 4956 rei
637 4884 924 4939 rationem
959 4885 1246 4956 pervideo.

386 4950 498 5029 (45)
521 4950 667 5009 Vere
697 4960 754 5010 et
781 4960 945 5029 recte
960 4950 1286 5029 'traditur,_
1303 4956 1546 5029 Leonem
1597 4957 1850 5029 primum
1885 4957 1969 5013 in-

308 5020 543 5098 venisse
574 5041 784 5098 nomen
811 5031 867 5082 et
891 5020 1726 5098 dignitatem'Basileopatoris.
1753 5031 1967 5094 Quam-

311 5089 399 5144 vis
435 5091 899 5171 enim_habe_rent
939 5089 1111 5170 plrimi
1157 5089 1541 5171 imperatores
1574 5089 1789 5156 CPtani
1829 5118 1967 5157 suos

313 5159 549 5242 πατέρες
584 5164 876 5242 βασιλέως,
937 5159 993 5227 et
1050 5159 1342 5227 Cedrenus
1391 5189 1446 5242 p.
1493 5173 1601 5228 595
1648 5172 1965 5229 Arsenium

315 5227 721 5312 πατροϐασιλὲα
751 5227 908 5295 Theo
930 5243 1340 5311 dosiijunioris
1361 5227 1629 5312 appellet,
1652 5227 1968 5300 confundit

313 5306 636 5380 tamenhic
667 5312 929 5377 tempora
959 5317 1014 5367 et
1045 5306 1252 5370 nomen
1301 5306 1413 5370 suo
1440 5306 1556 5370 aevo
1589 5306 1813 5380 notum,
1847 5315 1966 5372 illis

316 5377 576 5454 antiquis
602 5379 963 5454 incognitum
997 5388 1217 5454 tamen,
1249 5387 1520 5450 imputat.
1549 5387 1766 5442 Diversi
1798 5377 1966 5443 erant

309 5447 391 5502 illi
420 5448 672 5524 Δρι’ταίςέρςςῖ
719 5447 816 5506 τοῦ
868 5450 1136 5524 βασιλέως
1169 5447 1272 5512 levi
1317 5447 1726 5524 Theodosiani,
1773 5467 1827 5514 et
1857 5478 1966 5511 πα-

311 5514 799 5601 Ἔρυξασιλεῖςηνθῐ
854 5514 1315 5601 βασιλευπᾶτορες
1366 5533 1645 5601 ahLeone
1692 5514 1964 5600 Sapiente

314 5590 589 5667 instituti.
617 5595 765 5652 Olim
793 5590 980 5666 patres
1005 5590 1365 5667 imperatoris
1389 5600 1732 5656 dicebantur
1761 5590 1964 5657 dmnes

309 5666 696 5739 patri‘cii.78ed
721 5666 1122 5739 Basileopator
1144 5679 1262 5726 erat
1295 5672 1526 5727 nonnisi
1559 5689 1713 5728 unus
1740 5678 1796 5728 et
1827 5673 1965 5729 emi-

309 5735 505 5792 nentis
536 5738 865 5809 dignitatis,
898 5735 972 5795 et'
994 5739 1112 5796 fere
1161 5757 1277 5796 non
1311 5741 1557 5796 dabatur
1586 5745 1696 5800 hoc
1728 5761 1963 5810 nomen,

2080 4741 2205 4810 ipse
2219 4739 2409 4796 solum
2432 4739 3001 4810 sibiarrogabat,sed
3026 4744 3198 4794 etiam
3217 4739 3353 4794 ﬁliis
3367 4739 3730 4794 suistribue-

2077 4809 2199 4878 bat,
2232 4817 2289 4868 et
2323 4812 2446 4866 loco
2469 4817 2645 4882 atque
2667 4811 2849 4882 gradu
2875 4809 3118 4866 libenter
3153 4811 3544 4866 submovisset
3576 4810 3726 4866 Con-

2078 4885 2401 4939 stantinum
2420 4889 2709 4947 nostrum,
2727 4883 2775 4936 si
2800 4883 3156 4951 fortunaipsi
3181 4883 3731 4953 favisset.Nicepho-

2079 4973 2179 5011 rus
2210 4955 2429 5010 Phocas
2461 4960 2653 5008 autem
2681 4953 3012 5008 etJoannes
3037 4954 3376 5019 Tzimisces,
3396 4954 3500 5009 etsi
3524 4954 3728 5009 Basilii

2076 5035 2127 5081 et
2141 5027 2528 5094 Constantini,
2555 5025 2800 5081 Romani
2825 5024 3340 5091 filiorum,tutores
3361 5030 3726 5094 essent,cum

2079 5102 2272 5153 tamen
2297 5114 2494 5154 eorum
2523 5099 2706 5153 soceri
2724 5113 2834 5151 non
2852 5099 3257 5158 essentgetiam
3274 5096 3727 5168 basileopatores

2077 5171 2499 5251 appellati‘non
2529 5170 2791 5251 fuerunt.
2828 5169 2927 5223 Est
2958 5169 3335 5251 tamen-quod
3370 5168 3728 5251 disputatio-

2077 5241 2210 5296 nem
2243 5247 2504 5296 nostram
2529 5241 2683 5296 haud
2711 5257 2913 5310 parum
2941 5241 3218 5308 percellit,
3243 5241 3352 5294 hoc
3384 5257 3612 5310 nempe,
3637 5241 3726 5294 di-

2076 5314 2353 5383 gnitatem
2384 5312 2825 5374 Basileopatoris
2850 5313 3002 5366 inter
3023 5329 3120 5366 eas
3145 5312 3365 5376 referri,
3391 5329 3516 5382 quas
3540 5313 3724 5367 adimi

2077 5385 2400 5457 possidenti
2424 5385 2558 5440 etin
2578 5384 3028 5457 aliumgconferri
3055 5388 3324 5456 possunt.
3347 5385 3725 5457 Atquomodo

2075 5455 2241 5512 socer
2262 5458 2504 5526 Augusti
2528 5458 2582 5510 id
2610 5472 2724 5510 non
2750 5455 2870 5518 fiat,
2896 5459 3045 5525 quod
3071 5463 3178 5523 est,
3203 5462 3259 5510 et
3288 5456 3381 5524 qui
3419 5461 3602 5524 potest
3630 5457 3724 5511 hic

2074 5533 2275 5582 tantus
2324 5528 2511 5582 honor
2545 5529 2603 5582 in
2644 5527 2818 5582 alium
2857 5528 3180 5592 transferri,
3213 5544 3341 5582 cum
3378 5543 3491 5581 non
3528 5527 3726 5582 liceret

2073 5599 2408 5670 imperatori
2443 5615 2650 5654 uxores
2703 5615 2803 5668 pro
2835 5596 3021 5653 lubitu
3085 5600 3415 5670 frequenter
3445 5604 3673 5653 mutare
3697 5597 3726 5654 ?

2073 5672 2451 5743 Contingebat
2492 5671 2770 5743 profecto,
2819 5671 3092 5743 quamvio
3143 5688 3293 5741 raro,
3347 5671 3725 5743 utmoriente

2073 5741 2339 5814 Augusta
2396 5741 2654 5799 cessaret
2703 5741 3093 5814 basileopator
3140 5759 3264 5799 esse
3303 5741 3401 5815 qui
3435 5741 3720 5799 hactenus
