4124 6388
315 362 474 423 1309

1134 361 1236 420 DE
1282 360 1753 422 CERIMONIIS
1799 360 2035 422 AULE
2077 361 2563 424 ΒΥΖΑΝΤΙΝιΕ
2609 364 2760 424 LIB.
2809 365 2884 424 II.

3581 364 3737 425 1310

313 492 590 567 βασιλέως
625 491 994 570 ἐκφωνηθεῖσα
1025 489 1161 561 ἀξία·
1289 493 1324 562 ἡ
1358 497 1452 546 τοῦ
1503 491 1801 567 ῥαίκτωρος
1851 493 1961 565 (46)

2092 497 2362 567 rectoris;
2394 495 2559 553 tertia
2626 495 2869 568 syncelli
2908 517 2922 563 ;
2957 501 3164 568 quarta
3185 495 3422 567 strategi
3467 495 3734 553 Orienta-

307 582 451 654 ἀξίω
497 582 545 658 γ’
577 582 612 651 ἡ
662 585 759 636 τοῦ
808 578 1116 658 συγκέλλου
1163 581 1292 655 (47)⁶
1348 579 1388 634 δ’
1437 583 1472 650 ἡ
1522 585 1619 636 τοῦ
1669 584 1971 656 στρατηγοῦ

311 675 424 726 τῶν
455 669 825 728 Ἀνατολικῶν
860 671 973 744 (48)
1006 669 1143 740 ἀξία·
1196 675 1233 724 ε’
1277 672 1310 740 ἡ
1343 675 1439 726 τοῦ
1490 668 1816 744 δομεστίκου
1864 675 1970 724 τῶν

315 759 543 837 σχολῶν
573 763 688 835 (49)
722 761 765 824 ς“
814 762 848 830 ἡ
905 763 1001 814 τοῦ
1051 764 1360 835 στρατηγοῦ
1409 765 1517 816 τῶν
1569 760 1966 836 ’Λρμενιᾶκωψ

2082 584 2228 641 lium
2262 603 2275 643 :
2309 586 2517 658 quinta
2537 585 2844 642 domestici
2877 585 3207 642 scholarum
3246 590 3445 641 :sexta
3493 585 3736 658 strategi

2081 676 2556 732 Armeniacorum
2589 718 2603 744 ,
2649 676 2898 744 septima
2952 675 3193 749 strategi
3239 675 3733 740 Thracesiorum;

2081 769 2284 821 octava
2314 767 2541 822 comitis
2563 765 2802 838 Opsicii;
2829 765 3692 838 nonastrategihucellariorum
3715 785 3732 836 ;

1351 863 1554 918 JOAN.
1594 863 1740 922 JAC.
1793 865 2056 922 REISKII
2106 865 2700 924 COMMENTARIUS.

313 952 529 1017 fuerat,
560 955 616 1007 et
645 950 873 1007 aliusin
906 952 1036 1021 ejus
1066 951 1257 1007 locum
1283 953 1641 1018 succederet,
1663 953 1780 1018 ille,
1804 956 1972 1023 cujus

313 1039 528 1095 nempe
543 1023 725 1079 ﬁliam
741 1025 1325 1095 Augustussecundis
1342 1026 1560 1093 nuptiis
1575 1025 1606 1078 d
1619 1027 1970 1083 uceret.Vid.

315 1095 404 1150 Du
430 1091 622 1167 C'ange
653 1112 706 1150 ν.
738 1091 1167 1166 Βαᾱιλεοπάτωρ
1200 1100 1258 1150 et
1310 1091 1478 1150 Patér
1525 1097 1870 1166 imperatoris
1917 1103 1975 1154 et

314 1181 442 1238 quae
467 1183 642 1238 supra
673 1167 743 1221 ad
780 1184 835 1238 p.
866 1168 994 1239 77de
1026 1167 1756 1239 patriciisdisputavimus.

388 1239 873 1310 Quandoquidem
900 1238 994 1310 hic
1012 1239 1363 1308 catalogium
1395 1238 1539 1293 texit
1557 1240 1763 1295 Noster
1785 1240 1970 1296 Philo.

312 1309 490 1365 theus
507 1309 852 1382 dignitatum
869 1309 1401 1380 aulicarum,visum
1421 1311 1528 1365 fuit
1544 1314 1597 1366 in
1616 1313 1764 1366 hanc
1780 1312 1974 1368 locum

312 1384 597 1448 conl'erre,
631 1397 758 1453 quae
798 1382 868 1436 de
899 1397 1092 1437 earum
1136 1382 1386 1454 singulis
1420 1385 1674 1438 notanda
1720 1383 1975 1439 habeba-

309 1471 458 1510 IDUS.

389 1526 508 1596 (46)
540 1528 666 1579 Non
713 1524 899 1580 habeo
951 1533 1075 1595 post
1105 1525 1189 1580 Du
1253 1525 1449 1596 Cangii
1481 1527 1568 1580 Gl.
1601 1529 1698 1581 Gr.
1726 1526 1780 1580 h.
1805 1543 1858 1580 v.
1893 1524 1979 1579 di-

315 1598 653 1668 ligentiam,
677 1612 801 1666 quae
821 1598 891 1650 de
923 1601 1143 1668 rectore
1156 1597 1369 1662 dicam,
1389 1598 1500 1652 nisi
1535 1599 1642 1652 hoc
1660 1613 1860 1660 unum,
1884 1614 1978 1652 eo-

322 1667 704 1724 clesiasticam
740 1669 890 1723 hanc
913 1667 1258 1738 dignitatem
1290 1685 1404 1723 non
1435 1668 1638 1732 fuisse,
1665 1673 1727 1722 ut
1760 1669 1980 1738 putavit

329 1741 396 1795 V.
433 1745 517 1804 D.,
553 1755 739 1810 neque
762 1739 903 1795 solis
923 1741 1063 1794 viris
1091 1740 1241 1793 sacri
1266 1739 1794 1794 ordinistributam.
1832 1741 1976 1796 Nam

332 1816 392 1868 ct
423 1828 453 1867 e
476 1819 667 1867 nostro
699 1812 916 1877 codice,
950 1821 1002 1866 et
1023 1811 1414 1882 exipsisillis,
1450 1827 1591 1883 quos
1609 1811 1976 1882 allegavitDu

327 1887 540 1954 Cange,
571 1883 908 1938 auctoribus
925 1890 1172 1951 constat,
1197 1898 1288 1954 res
1321 1899 1435 1937 non
1458 1900 1674 1950 sacras,
1715 1885 1812 1938 sed
1847 1883 1980 1938 civi-

324 1955 414 2011 les
468 1953 758 2010 rectorem
826 1959 1124 2020 tractasse,
1177 1953 1578 2025 ducendisque
1625 1954 1978 2010 exercitibus

327 2027 622 2083 interdum
641 2027 977 2098 praefectum
995 2027 1380 2098 fuisse,quod,
1395 2027 1543 2097 apud
1558 2026 1783 2098 Graecos
1797 2034 1977 2098 certe;

329 2115 362 2154 a
383 2098 502 2154 viro
533 2097 679 2153 sacri
713 2097 935 2154 ordinis
967 2097 1222 2154 alienum
1255 2103 1429 2166 atque
1454 2099 1702 2152 maxime
1741 2097 1978 2152 indeco-

328 2186 460 2225 rum
495 2185 725 2241 semper
752 2169 860 2226 fuit
889 2169 1174 2241 habiturn.
1237 2169 1496 2241 Fuerunt
1554 2169 1788 2241 quidem
1823 2169 1978 2239 apud

330 2241 564 2297 Latinos
596 2239 847 2296 rectores
879 2240 1256 2296 ecclesiarum
1274 2239 1411 2295 dicti
1443 2239 1643 2307 iidem,
1690 2241 1790 2312 qui
1813 2255 1978 2295 cura-

328 2317 483 2369 tores
496 2313 662 2368 hodie
682 2314 784 2383 (les
811 2315 1082 2381 cures),et
1105 2317 1354 2367 rectores
1388 2311 1720 2383 patrimonii
1742 2317 1798 2368 S.
1824 2311 1980 2367 Petri

323 2384 365 2440 ii
409 2400 476 2441 ex
516 2383 719 2441 ordine
777 2383 1049 2453 clericali,
1097 2400 1243 2455 quos
1295 2400 1568 2440 summus
1621 2384 1880 2455 pontifex
1919 2383 1980 2439 in

327 2457 656 2528 provincias
674 2457 898 2510 mittere
915 2455 1126 2510 soleret
1142 2458 1210 2510 ad
1229 2456 1501 2528 denarios
1517 2457 1668 2510 Petri
1694 2455 1979 2528 cogendos

329 2526 386 2583 et
411 2527 650 2583 Romam
693 2528 1199 2582 transmittendos.
1260 2526 1470 2582 Verum
1533 2532 1787 2582 rectores
1833 2527 1977 2581 aulae

330 2600 654 2670 Byzantina;
677 2617 710 2654 a
741 2605 858 2653 tam
895 2601 1138 2654 minutis
1173 2599 1331 2670 curis
1361 2605 1420 2653 et
1467 2599 1674 2654 ol'ticiis
1725 2599 1980 2654 abfuisse

333 2669 495 2742 patet
524 2688 590 2726 ex
619 2687 709 2738 eo,
742 2672 895 2742 quod
923 2676 1052 2741 post
1076 2669 1562 2740 basileopatorem
1588 2671 1851 2741 protinus
1882 2670 1980 2725 ha-

333 2743 533 2798 berent
565 2743 811 2814 gradum
834 2753 964 2797 ante
985 2742 1334 2814 syncellum,
1354 2746 1659 2813 stralegos,
1677 2742 1981 2814 magistros

333 2820 394 2869 et
425 2813 698 2885 patricios
721 2830 940 2869 omnes.
974 2814 1033 2868 P.
1063 2815 1152 2867 421
1196 2819 1324 2883 post
1358 2813 1666 2884 magistros
1696 2813 1900 2868 ambos
1924 2816 1981 2867 et

330 2895 467 2941 ante
500 2885 820 2956 syncellum
854 2887 1048 2940 Romae
1078 2891 1254 2956 atque
1288 2885 1554 2951 Neapolis
1577 2885 1873 2952 locantur;
1920 2901 1978 2955 p.

334 2957 408 3012 14
451 2965 586 3012 ante
631 2960 970 3028 praepositos
1015 2956 1161 3012 sacri
1201 2956 1459 3012 cubiculi
1508 2960 1564 3028 et
1610 2958 1669 3012 in
1702 2959 1982 3028 comitatu

339 3030 494 3084 sacri
525 3027 782 3084 cubiculi
814 3038 1204 3096 recensentur,
1240 3033 1299 3082 ut
1331 3027 1702 3098 perspicuum
1756 3027 1851 3089 sit,
1883 3043 1982 3084 eos

337 3101 629 3170 spadones
649 3101 847 3156 fuisse.
869 3099 993 3155 Non
1020 3117 1225 3172 parum
1251 3105 1445 3154 tamen
1469 3100 1743 3155 momenti
1763 3099 1984 3169 Opinio-

333 3173 400 3227 ni
421 3171 506 3227 Du
539 3173 762 3244 Cangii,
793 3172 1132 3243 dignitatem
1159 3172 1309 3226 hanc
1339 3172 1788 3244 ecclesiasticam
1812 3186 1978 3242 repu-

330 3245 536 3311 tantis,
569 3243 728 3299 addit
770 3244 898 3307 hoc,
931 3245 1082 3314 quod
1137 3252 1384 3298 rectores
1425 3243 1509 3298 illi
1549 3259 1776 3308 omnes,
1826 3259 1975 3314 quos

330 3315 572 3371 laudato
599 3316 722 3371 loco
744 3316 1004 3385 adducit,
1037 3321 1347 3386 antequam
1379 3317 1447 3370 ad
1467 3331 1595 3371 eam
1628 3314 1975 3386 dignitatem

329 3393 838 3459 promoverentur,
882 3395 980 3443 aut
1025 3385 1295 3442 monachi
1342 3391 1442 3442 aut
1478 3386 1671 3459 clerici
1702 3385 1925 3459 iuerint
1959 3403 1975 3454 ;

331 3457 476 3515 item
511 3459 638 3526 hoc,
675 3462 826 3530 quod
853 3463 985 3514 ante
1007 3459 1352 3531 syncellum,
1377 3457 1717 3528 patriarchas
1742 3458 1976 3531 coadiu-

327 3535 540 3600 torem,
572 3533 818 3602 gradum
853 3530 1471 3586 haberent.Crederem
1496 3546 1593 3602 eos
1611 3530 1976 3602 conscientia;

331 3598 929 3672 Augusti'directores
960 3619 1061 3657 seu
1109 3600 1598 3657 confessionarios
1632 3600 1833 3666 fuisse,
1865 3598 1977 3656 nisi

333 3674 600 3730 diversus
643 3690 677 3729 a
716 3674 922 3730 Latina
959 3674 1203 3728 ecclesia
1243 3675 1450 3728 Graecae
1491 3689 1616 3728 mos
1660 3672 1978 3728 confitendi

332 3751 509 3802 esset.
543 3746 708 3802 Certe
757 3761 1048 3816 nusquam
1092 3745 1304 3818 legitur
1351 3745 1669 3817 imperator
1717 3760 1977 3818 unquam

333 3821 729 3889 peccatarsua
785 3815 979 3889 fassus
1044 3815 1246 3882 fuisse,
1299 3824 1399 3872 aut
1440 3815 1680 3889 'prseter
1728 3815 1979 3889 patriar-

334 3887 507 3944 cham
558 3888 671 3944 alio
719 3888 1012 3946 consiliari
1064 3890 1125 3944 in
1193 3889 1369 3944 rebus
1417 3887 1596 3943 sacris
1639 3904 1784 3944 usus
1835 3887 1977 3943 fuis-

335 3975 421 4017 se.
499 3963 784 4016 Praeterea
868 3959 1041 4016 claris
1115 3960 1311 4016 verbis
1387 3960 1665 4030 Scylitzes
1724 3977 1778 4030 p.
1850 3959 1978 4028 781,

333 4031 728 4102 Nicephorum
780 4031 858 4088 ait
915 4031 1192 4103 aliquem,
1244 4031 1606 4099 eunuchum,
1671 4034 1980 4102 postquam

335 4119 534 4160 amore
577 4103 861 4160 mundani
913 4102 1238 4173 splendoris
1287 4104 1706 4160 sacerdotalem
1758 4107 1978 4158 statum

336 4175 727 4246 repudiasset,
760 4193 793 4231 a
841 4175 1222 4231 Constantino
1267 4175 1650 4231 Monomacbo
1692 4173 1981 4246 dignitate

339 4245 582 4302 rectoris
615 4247 958 4303 honoratum
989 4251 1046 4302 et
1077 4246 1150 4302 ad
1181 4249 1495 4314 gerendum
1532 4245 1751 4300 militiae
1792 4245 1983 4315 impe-

335 4319 490 4374 rium
512 4319 569 4374 in
593 4317 885 4374 Orientem
907 4319 1153 4374 missum
1179 4318 1378 4373 fuisse.
1397 4317 1551 4373 Idem
1573 4323 1982 4388 argumentum

337 4391 734 4460 conjecturam
778 4405 1011 4462 quoque
1051 4405 1180 4462 eam
1212 4389 1435 4462 evertit,
1471 4389 1649 4462 fuisse
1680 4392 1979 4462 rectorem

339 4458 513 4532 caput
538 4462 677 4534 cieri
728 4458 994 4534 palatini,
1029 4461 1272 4532 ejusque
1315 4459 1492 4514 veluti
1543 4458 1979 4534 patriarcham;

338 4529 549 4606 rectori
583 4529 762 4601 enim,
796 4529 1080 4606 quantum
1106 4529 1247 4599 scio,
1278 4529 1576 4606 nusquam
1609 4529 1824 4601 legitur
1853 4547 1984 4588 cum

341 4605 521 4662 rebus
544 4607 729 4662 sacris
758 4603 1233 4661 communionem
1270 4603 1472 4659 fuisse.

408 4677 521 4748 (47)
545 4677 728 4750 Multa
750 4677 820 4750 de
843 4676 1114 4750 syncellis
1136 4675 1578 4750 habetutroque
1600 4672 1898 4750 Glossario
1921 4674 1982 4730 h.

336 4766 390 4805 v.
411 4747 467 4804 et
499 4765 549 4803 v.
585 4747 932 4805 Cellulamis.
953 4749 1038 4804 Du
1055 4747 1834 4820 Gange,virdoctissimus__et
1862 4754 1985 4820 stu-

341 4821 544 4893 pende
577 4820 889 4893 diligentia:
922 4825 1100 4893 atque
1138 4814 1420 4893 ie'ctiouis,
1454 4823 1520 4875 ut
1549 4819 1701 4889 quod
1741 4814 1859 4893 illis
1876 4817 1988 4893 gad-

342 4889 488 4960 dam,
523 4909 669 4962 pene
687 4889 848 4948 'nihil
881 4889 1308 4964 habéam.Quid
1328 4889 1822 4964 fuerintsyncelli,
1857 4890 1988 4946 dis-

347 4965 601 5035 pulatur.
639 4964 780 5020 Mihi
830 4964 1089 5036 quidem,
1152 4963 1426 5036 videntur
1499 4963 1858 5036 coa’djutores
1927 4965 1987 5018 et

351 5033 977 5108 vicariiepiscoporum
1013 5035 1342 5108 fuissetqui
1393 5033 1734 5094 absentibus
1776 5033 1895 5108 illis
1954 5049 1988 5089 a

348 5105 892 5164 sedibus—suisaut
939 5107 1367 5177 aegrotantibus,
1390 5123 1601 5178 eorum
1627 5105 1830 5164 munia
1857 5122 1988 5178 per-

344 5190 601 5251 agerent.
633 5179 1342 5252 Succedcbantinterdum
1384 5177 1442 5233 in
1476 5177 1879 5252 epi‘scOporum
1912 5177 1992 5233 lo-

346 5249 500 5314 cum,
553 5269 662 5307 non
700 5258 892 5307 tamen
941 5267 1192 5320 semper.
1239 5249 1637 5306 Memorabilis
1678 5249 1780 5309 'est
1828 5250 1990 5306 locus

345 5327 598 5394 Zonaras,
625 5323 1556 5396 quemabsqueanimadversione
1595 5338 1821 5396 nequeo
1853 5339 1992 5392 pra:-

343 5391 776 5468 t_ermiltéré,_p.
802 5391 964 5468 204i
1009 5392 1098 5468 Ὧς
1146 5393 1246 5468 γὰρ
1305 5391 1608 5468 ᾳύγκελλρς
1652 5391 1750 5468 τόἦ
1795 5391 1991 5468 πάτρι-

344 5464 520 5540 άρχου
579 5445 831 5530 θανῖἇνττος
905 5465 978 5525 εἷς
1039 5445 1171 5518 τὸν⁸
1207 5445 1414 5519 έκείνοῖ)
1497 5465 1662 5520 τόπον
1727 5445 1987 5520 ἀντικέθ-

347 5535 577 5593 ίσταται.
617 5536 762 5593 οὕτω
792 5536 881 5592 καὶ
923 5536 950 5590 ὁ
983 5535 1234 5593 capitam.
1263 5540 1360 5590 τοῦ
1391 5535 1612 5593 Χαλιωᾶ
1667 5539 1987 5593 φθαρέντος.

347 5549 577 5604 ἱσταται,
617 5549 762 5593 οὑτω
792 5549 881 5592 καί
923 5549 950 5590 o
983 5549 1234 5628 σεριφης,
1263 5549 1360 5590 τοὺ
1392 5549 1612 5615 Antei
1667 5549 1987 5615 φθαρέντος.

341 5608 434 5662 τὸν
463 5607 858 5680 τελευτήσαντα
916 5605 1249 5682 διαδεχεται.
1309 5609 1470 5672 Quod
1530 5612 1621 5666 hic
1679 5610 1749 5666 de
1807 5610 1990 5666 Serifo

345 5683 612 5754 perhibet
649 5683 918 5749 Zonaras,
963 5686 1150 5754 totum
1176 5695 1370 5754 nugax
1426 5687 1819 5754 commentum
1866 5683 1986 5754 est.

346 5751 531 5826 Facile
582 5756 816 5826 quidem
878 5754 1054 5826 credo
1118 5751 1445 5826 suberifum
1515 5752 1990 5826 aliquemgCPiin

341 5823 808 5899 missum—fuisse
841 5841 874 5881 a
916 5824 1331 5899 T‘oghrulbeko
1376 5823 1990 5899 seu‘ThangrolgBeko

341 5895 427 5954 vel
443 5896 838 5969 'l‘angrolipia,
859 5899 919 5953 ut
939 5895 1120 5953 Gr'aeci
1141 5896 1410 5968 efferunt,
1443 5895 1515 5953 ad
1540 5895 1986 5955 Constantinum

2084 955 2534 1012 Monomacbum
2588 956 2744 1024 pacis
2801 954 3178 1012 concilianda
3236 971 3430 1011 causa.
3463 955 3608 1010 Nam
3667 972 3736 1012 eo

2082 1035 2337 1100 tempore
2358 1027 2755 1100 Scheril’orum
2789 1029 2977 1100 gratia
2999 1033 3056 1084 et
3086 1029 3404 1084 auctoritas
3453 1033 3576 1084 erat
3607 1044 3731 1082 ma-

2081 1099 2274 1170 gna'in
2307 1099 2442 1154 aula
2472 1099 2820 1170 Bagdadica,
2875 1106 2932 1155 et
2979 1100 3262 1170 praecipue
3322 1107 3726 1156 memorantur

2083 1171 2154 1227 ab
2194 1171 2476 1226 Abulfeda
2523 1177 2642 1226 tres
2722 1170 2985 1237 Scbariﬁ,
3038 1177 3382 1227 ceterorum
3424 1170 3734 1241 gentilium

2085 1260 2348 1309 suorum,
2382 1243 2436 1297 id
2461 1247 2550 1297 est
2573 1242 2965 1298 Scberiforum
3025 1243 3333 1312 Alitarum,
3383 1241 3596 1297 Nakibi
3628 1259 3732 1298 seu

2086 1315 2394 1370 Generales
2425 1329 2525 1384 per
2571 1330 2804 1369 omnem
2852 1315 3174 1382 Orientem,
3225 1315 3343 1370 duo
3387 1315 3612 1380 fratres,
3671 1329 3737 1371 os

2086 1385 2632 1457 Scherit‘orBadhi,
2665 1384 3004 1440 excellentis
3037 1386 3254 1457 ingenii
3284 1386 3373 1440 vir
3397 1385 3738 1457 etegregius

2089 1462 2274 1523 poeta,
2313 1456 2411 1526 qui
2454 1472 2607 1512 anno
2638 1457 2770 1512 Chr.
2815 1457 2952 1510 1015
2997 1455 3160 1521 obiit,
3197 1463 3254 1512 et
3300 1474 3362 1511 os
3411 1455 3638 1511 Scharit
3683 1455 3739 1512 ol

2087 1528 2396 1589 Murtadhi,
2431 1528 2619 1598 quiA.
2661 1528 2722 1582 C.
2760 1528 2895 1582 1044
2926 1528 3092 1592 obiit,
3144 1534 3200 1582 et
3252 1530 3489 1582 tandem
3551 1528 3737 1598 primo

2087 1601 2214 1655 loco
2235 1600 2520 1655 nominati
2552 1599 2710 1654 filius
2758 1601 2884 1654 Abu
2939 1599 3158 1654 Hamed
3189 1601 3420 1667 Adnan,
3445 1599 3544 1670 qui
3578 1602 3643 1653 A.
3677 1600 3738 1654 C.

2090 1673 2228 1727 1057
2277 1671 2440 1736 obiit,
2493 1676 2549 1726 et
2625 1687 2798 1741 quem
2846 1687 2972 1742 ego
3038 1672 3278 1740 conjicio
3335 1671 3505 1727 CPlin
3563 1671 3741 1726 fuisse

2090 1747 2358 1798 missum.
2390 1743 2600 1797 Verum
2642 1740 3054 1797 ’Scharifo'rum
3125 1759 3256 1797 cum
3301 1742 3536 1797 Cbaliﬁs
3594 1744 3741 1799 ratio

2013 1819 2059 1883 B
2090 1821 2214 1870 erat
2245 1813 2648 1868 diversissima
2681 1831 2712 1868 a
2762 1815 2981 1868 ratione
3029 1814 3422 1882 syncellorum
3465 1829 3596 1868 cum
3640 1831 3741 1884 pa-

2093 1886 2383 1941 triarcbis.
2416 1885 2594 1940 Erant
2625 1884 2859 1940 Chalifaa
2891 1901 3096 1940 omnes
3128 1885 3426 1940 nativitate
3465 1884 3736 1950 Schariﬁ,

2088 1963 2144 2012 et
2171 1957 2417 2028 gentiles
2449 1972 2649 2028 eorum
2690 1972 2894 2028 omnes
2930 1957 3171 2028 pariter“
3198 1972 3424 2026 quoque
3469 1956 3734 2028 Scharitl.

2087 2025 2259 2085 Notat
2318 2045 2399 2101 ea
2432 2044 2574 2101 vox_
2603 2025 2947 2100 ὑπερέχονταί
3010 2028 3094 2101 vel
3138 2025 3401 2101 ἄρχοντα,
3461 2027 3734 2101 nobilem,

2089 2101 2260 2172 quasi
2338 2098 2646 2172 Hispanico
2702 2098 3248 2172 Infantemgdiceres
3289 2105 3408 2172 aut
3455 2100 3736 2172 AFranﬁcice

2089 2170 2313 2228 Prince.
2347 2173 2414 2226 Et
2438 2171 2496 2226 hi
2513 2171 2747 2240 quidem
2766 2170 3398 2238 SchariﬁciAbbasitze,
3420 2170 3490 2225 ab
3509 2171 3737 2227 Abbaso

2086 2243 2519 2300 Muhammedis
2553 2248 2782 2314 patruo,
2815 2243 3336 2313 oriundi,quorum
3368 2250 3544 2312 caput
3573 2243 3735 2297 iden-

2088 2317 2267 2372 tidem
2301 2320 2426 2370 erat
2455 2313 2680 2370 Chalit‘a
2721 2330 2993 2385 regnans.
3045 2314 3288 2369 Schariﬁ
3346 2330 3515 2385 porro
3571 2317 3740 2369 erant

2087 2404 2319 2470 quoque
2351 2403 2557 2470 omnes.
2581 2387 2657 2470 de
2681 2393 2853 2470 gente
2872 2385 3240 2470 Ali,_q‘ui_fu.it
3269 2402 3444 2458 gener
3477 2385 3738 2470 Mfuham-

2088 2456 2295 2526 medie,
2328 2457 2581 2513 oriundi.
2615 2457 2914 2512 Habebant
2945 2457 3004 2511 hi
3035 2456 3326 2512 Nakibum
3384 2473 3478 2512 seu
3512 2457 3738 2528 Capita-

2088 2547 2263 2586 neum
2295 2529 2385 2584 vel
2430 2529 2768 2602 Generalem
2826 2544 3020 2602 suum,
3060 2545 3243 2602 unum
3296 2529 3572 2602 Bagdadi,
3616 2528 3733 2602 qui

2089 2620 2188 2674 per
2224 2602 2508 2674 orientem
2539 2600 2681 2670 ipsis
2742 2599 3081 2670 imperabat,
3116 2599 3472 2655 alterum'al
3533 2599 3737 2674 Cairar,

2087 2671 2182 2743 qui
2216 2674 2274 2727 in
2316 2673 2768 2744 IEgyptoreotor
2803 2676 2860 2726 et
2898 2675 3190 2744 protector
3218 2687 3417 2727 eorum
3454 2676 3600 2744 erat.
3628 2671 3736 2744 Sed

2089 2741 2587 2800 hiNakihinnihil
2627 2742 2845 2798 ratione
2893 2741 2985 2797 sui
3017 2744 3280 2798 muneris
3331 2757 3464 2798 cum
3515 2741 3740 2798 Chalit'a

2089 2832 2400 2874 commune
2431 2815 2746 2880 habebant,
2776 2813 2889 2868 nisi
2913 2815 3068 2885 quod
3101 2814 3173 2869 ad
3197 2813 3412 2870 curiam
3445 2813 3570 2885 ejus
3602 2828 3736 2885 per-

2091 2890 2380 2954 tinerent;
2421 2895 2476 2942 et
2516 2902 2618 2958 pro
2651 2887 2870 2941 ratione
2927 2893 3253 2958 temporum
3310 2885 3737 2958 hominumque

2089 2961 2217 3029 plus
2245 2956 2607 3014 minusve'de
2647 2973 2840 3012 rerum
2873 2957 3382 3029 administratione
3422 2956 3736 3029 participa-

2089 3028 2249 3088 bant.
2284 3031 2358 3103 Ut
2387 3029 2628 3103 syncelli
2651 3036 2812 3103 erant
2847 3046 2976 3103 pars
3009 3028 3199 3103 praecii
3224 3046 3298 3084 ua
3338 3028 3566 3084 consilii
3621 3045 3724 3103 pa-

2090 3100 2440 3172 triarcbalis,
2472 3103 2553 3158 ita
2591 3101 2822 3171 quidem
2865 3100 3110 3156 Schariﬁ
3141 3116 3375 3172 quoque
3418 3103 3487 3156 de
3539 3100 3739 3172 consi-

2088 3174 2272 3230 liariis
2303 3171 2663 3230 Chalit‘arum
2696 3177 2880 3234 erant.
2905 3172 3003 3227 sed
3021 3189 3136 3228 non
3164 3171 3476 3244 praecipuis
3515 3179 3570 3244 et
3599 3171 3739 3226 inti-

2091 3249 2224 3312 mis,
2279 3246 2392 3301 nisi
2453 3247 2595 3301 t'orle
2665 3261 2818 3298 unus
2875 3259 3074 3299 eorum
3133 3249 3234 3298 aut
3288 3243 3436 3299 alter
3505 3243 3738 3298 fortuna

2085 3318 2366 3390 gauderet
2393 3317 2630 3390 Chalifae
2670 3315 2957 3387 placendi.
2995 3318 3204 3370 Verum
3239 3314 3477 3390 Chaliten
3509 3331 3642 3390 non_
3676 3319 3739 3370 ut

2086 3385 2338 3462 praesum
2351 3389 2502 3462 pti_vi_
2523 3385 2906 3462 successores,
2926 3403 3116 3458 neque
3134 3388 3502 3462 coadjutores
3515 3391 3572 3441 et
3591 3385 3742 3462 Vica:

2087 3457 2452 3542 i'ii_e_rant:ad
2472 3459 2942 3542 latusappositi,
2976 3461 3470 3542 quemadmodum
3495 3457 3739 3542 syncelli

2085 3529 3082 3613 patriarchis.Cbalit‘arumquoque
3112 3547 3227 3586 non
3259 3529 3448 3585 solum
3483 3529 3743 3601 petentia

2087 3604 2159 3660 ad
2191 3620 2376 3668 sacra,
2402 3606 2502 3658 sed
2527 3605 2700 3659 etiam
2717 3603 2787 3658 ad
2804 3602 2996 3658 civilia
3026 3603 3340 3672 spectabat.
3358 3601 3740 3658 Successores

2087 3676 2205 3731 illis
2235 3675 2381 3731 vivis
2407 3692 2519 3731 non
2553 3676 3016 3746 designabantur
3046 3691 3271 3746 ;neque
3305 3673 3738 3746 hereditarium

2089 3753 2214 3805 erat
2244 3764 2510 3820 regnum,
2545 3748 2642 3820 sed
2674 3744 3002 3820 electivum.
3037 3744 3319 3820 Defuncto
3347 3744 3571 3800 Chalit'a
3601 3760 3741 3814 quo-

2089 3837 2200 3892 que
2235 3816 2563 3892 novusipsi
2590 3817 3003 3892 sufficiebatur
3031 3833 3099 3871 ex
3120 3816 3360 3892 arbitrio
3393 3831 3732 3892 proceuum;

2089 3885 2349 3950 attamen
2383 3885 2661 3945 Abbasila
2713 3889 3106 3946 Schariforum
3135 3885 3418 3942 Alitarum
3459 3885 3736 3954 Nakibus,

2087 3967 2156 4020 de
2206 3979 2318 4032 quo
2372 3963 2623 4018 Zonaras
2684 3959 2885 4032 procul
2942 3958 3118 4014 dubio
3177 3959 3454 4028 loquitur,
3515 3963 3740 4028 poterat

2089 4034 2439 4108 quidemtut
2470 4047 2986 4108 unus‘procerum,
3018 4046 3199 4108 suain
3232 4045 3461 4108 quoque
3499 4035 3736 4086 senten-

2088 4101 2231 4161 tiam
2247 4106 2303 4159 in
2323 4104 2605 4160 electione
2619 4102 2855 4158 Chalit'ae
2877 4101 3024 4157 ferre
3036 4105 3092 4159 et
3106 4101 3628 4158 adhibebatursem
3641 4117 3739 4170 per

2089 4177 2191 4233 tali
2231 4174 2882 4246 deliberationi;atipse
2903 4178 3096 4246 tamen
3129 4173 3562 4246 addignitatem
3595 4173 3739 4246 Cha-

2088 4249 2201 4304 lit’ae
2235 4263 2349 4302 non
2383 4249 2605 4317 poterat
2631 4245 2908 4317 aspirare.
2951 4245 3090 4318 Ejus
3121 4244 3304 4301 enim'
3330 4262 3473 4318 gens
3513 4244 3584 4302 ab
3635 4244 3738 4302 illo

2089 4320 2272 4392 gradu
2302 4319 2361 4392 in
2394 4322 2752 4392 perpetuum
2794 4322 2918 4392 erat
2944 4317 3202 4392 exclusa.

2161 4391 2276 4462 (48)
2307 4387 2688 4462 Subintellige
2717 4388 2988 4462 θβμᾴτων.
3021 4389 3269 4460 Strategi
3321 4389 3737 4460 posterioribus

2091 4459 2224 4519 aevis
2255 4465 2423 4518 erant
2451 4460 2628 4515 iidem
2661 4460 2763 4531 qui
2803 4459 2944 4516 olim
2988 4459 3373 4532 pr0praatores
3404 4466 3462 4516 et
3493 4477 3738 4532 procon-

2094 4534 2253 4591 sulcs
2285 4536 2342 4590 in
2376 4532 2690 4604 provinciis
2734 4537 2920 4598 erant,
2955 4534 3207 4604 praefecti
3262 4532 3738 4604 nempeprovin-

2097 4607 2318 4663 ciarum
2343 4603 2399 4660 et
2419 4605 2572 4674 juris
2602 4605 2914 4660 dictatores
2958 4610 3073 4659 tam
3107 4603 3167 4658 in
3225 4603 3417 4660 rebus
3440 4603 3735 4670 civilibus,

2097 4695 2274 4751 quam
2320 4677 2378 4733 in
2429 4675 2804 4751 militaribus,
2848 4674 3106 4751 magistri
3161 4675 3410 4730 militum
3461 4675 3634 4730 simul
3683 4681 3741 4751 et

2095 4746 2514 4823 gubernatores
2558 4746 2957 4823 urbium._Qui
3005 4746 3101 4802 hic
3160 4751 3539 4823 memoratur,
3615 4750 3738 4823 erat

2097 4817 2484 4893 strategorum
2499 4837 2591 4876 om
2602 4819 3238 4893 niumprinceps,et_non
3254 4821 3427 4874 unius
3449 4817 3738 4893 thematis,

2097 4903 2159 4951 ut
2189 4891 2402 4963 caeteri,
2434 4893 2536 4949 sed
2567 4892 2827 4948 omnium
2859 4891 3230 4963 orientalium
3262 4906 3570 4962 supremus
3598 4891 3741 4958 dux,

2097 4965 2277 5037 utqui
2308 4961 3020 5037 auctoritateducesalios
3045 4963 3272 5018 creandi
3294 4961 3597 5037 gauderet,
3629 4978 3745 5029 qua

2098 5033 2288 5093 caeteri
2322 5037 2614 5092 carebant.
2658 5035 3040 5105 Theophanes
3073 5051 3228 5107 Aeum
3283 5033 3583 5107 ᾰτρατηγὸν
3639 5038 3740 5102 τῆς

2096 5108 2268 5179 Ἑῴας
2300 5107 2477 5176 πάσης
2510 5107 2762 5178 appellat
2792 5124 2847 5177 p.
2883 5108 3018 5179 110ἒ
3041 5105 3260 5176 '[Apud
3297 5105 3587 5179 Venustas.
3647 5107 3744 5162 Bi-

2098 5177 2588 5251 blioth.occurrit
2639 5184 2930 5251 strategus
2988 5177 3307 5246 Orientis°]'
3363 5180 3510 5235 Vide
3563 5193 3744 5251 supra

2100 5257 2222 5308 not.
2254 5253 2345 5314 78,
2369 5250 2479 5307 col.
2513 5251 2632 5306 128.

2171 5325 2282 5393 (49)
2308 5324 2636 5394 Domesticos
2673 5322 3048 5392 appellabant
3077 5322 3216 5378 olim
3275 5339 3397 5391 eos,
3452 5323 3550 5394 qui
3581 5322 3746 5394 prin-

2101 5395 2216 5466 cipi
2244 5393 2652 5466 tamiliariores
2682 5399 3076 5466 essenteoque
3108 5396 3281 5450 rebus
3311 5396 3440 5466 ejus
3471 5393 3742 5466 gerendis

2102 5465 2550 5536 deputabantur.
2586 5465 2731 5520 Hinc
2767 5465 3008 5530 factum,
3037 5473 3096 5521 ut
3127 5465 3493 5522 domesticus
3514 5483 3613 5534 pro
3657 5465 3744 5520 le-

2101 5544 2256 5611 gato,
2289 5537 2705 5611 commissario
2753 5536 3063 5593 diceretur.
3105 5537 3225 5611 _Est
3278 5553 3415 5610 ergo
3449 5536 3744 5611 domesti-

2101 5607 2206 5666 cus
2255 5608 2588 5666 scholarum
2652 5607 2807 5663 idem
2873 5613 3046 5678 atque
3103 5607 3740 5678 legatus'scbolarum,

2101 5683 2200 5754 qui
2232 5682 2306 5738 ab
2358 5681 2705 5762 imperatore
2760 5677 2984 5762 legatus
3023 5677 3238 5762 scholis
3298 5684 3526 5750 praeest,
3586 5677 3742 5762 ἐξάρ-

2101 5749 2844 5830 ᾖωνῌπρφηῆούμενοςηουῇ
2883 5767 3017 5830 cuia
3056 5749 3383 5830 scholarum
3429 5749 3745 5830 commissa

2100 5822 2635 5882 e'st.'Su'nt'autem
2665 5823 2876 5880 schola:
2932 5823 3090 5879 idem
3127 5828 3317 5894 atque
3365 5822 3632 5881 cohortes
3684 5828 3743 5881 et

2101 5897 2360 5970 quidem,
2392 5911 2518 5968 qua
2533 5895 2626 5952 hic
2654 5895 3035 5966 designantur
3061 5892 3294 5966 scholb,
3327 5900 3494 5955 erant
3516 5900 3743 5971 septem
