4124 6406
361 394 510 456 1311

1427 391 1958 456 CONSTANTINI
2003 388 2481 454 PORPHYROG
2493 389 2709 450 ENITI

3616 388 3774 446 1312

362 530 430 583 10
503 528 742 600 strategi
782 527 1198 600 Cappadocia;
1259 531 1319 585 11
1369 531 1608 602 strategi
1669 528 2004 598 Charsiani;

2139 526 2166 594 ζ’
2195 526 2230 594 ἡ
2264 528 2360 580 τοῦ
2411 527 2720 599 στρατηγοῦ
2751 526 2859 578 τῶν
2905 521 3249 595 Θρᾳκησίων·
3301 526 3349 589 η’
3378 521 3413 588 ἡ
3444 522 3540 574 τοῦ
3589 519 3776 592 κόμη-

362 615 430 669 12
504 615 741 687 slralegi
793 616 1076 686 Colonia;
1139 616 1205 671 13
1263 617 1497 689 strategi
1556 615 2009 689 Paphlagonia;

364 703 430 759 14
507 704 745 775 strategi
802 705 1108 774 Thracia;
1168 705 1235 760 15
1284 708 1524 778 strategi
1601 706 2007 774 Macedonia;

368 793 437 848 16
511 793 750 864 strategi
781 793 1031 849 Chaldia
1065 814 1079 863 ;
1125 795 1190 848 17
1220 795 1522 851 domestici
1565 796 2008 860 excubitorum;

368 883 432 937 18
462 885 713 955 prafecti
745 884 916 939 Urbis
949 904 963 953 ;
993 885 1302 956 19strategi
1322 885 1698 956 Peloponnesi
1728 904 1742 952 ;
1771 887 1842 940 20
1864 894 2012 940 stra-

365 973 479 1043 tegi
511 972 838 1043 Nicopolis;
868 975 933 1028 21
951 975 1723 1046 strategiCibyrrhaotarum
1749 975 1847 1043 ;22
1867 978 2015 1030 stra-

365 1061 481 1132 tegi
515 1062 742 1117 Gracia
767 1079 781 1130 ;
812 1063 883 1117 23
914 1065 1151 1134 strategi
1183 1063 1392 1120 Sicilia
1421 1082 1434 1132 ;
1475 1065 1544 1118 24
1589 1063 1829 1136 strategi
1856 1065 2013 1135 Stry-

366 1152 555 1206 monis
591 1169 604 1219 ;
638 1151 706 1207 25
738 1153 976 1224 strategi
1012 1152 1412 1224 Cephalenia;
1457 1155 1528 1209 26
1559 1153 1796 1224 strategi
1831 1153 2012 1208 Thes-

364 1239 1017 1313 salonices;27strategi
1055 1241 1395 1312 Dyrrhachii
1433 1244 1538 1310 ;28
1571 1241 2012 1312 strategiSami;

361 1329 432 1384 29
463 1329 696 1400 strategi
747 1331 928 1386 maris
957 1329 1168 1402 (Egai;
1201 1332 1271 1386 30
1354 1333 1598 1404 strategi
1660 1331 1966 1386 Dalmatia
1998 1349 2012 1398 ;

364 1417 427 1471 31
472 1417 709 1488 strategi
762 1416 1075 1474 Chersonis
1134 1419 1257 1488 [seu
1305 1418 1651 1475 Chersonesi
1681 1418 1962 1488 Taurica]
1999 1435 2014 1486 ;

365 1508 436 1562 32
478 1507 814 1574 sacellarii;
868 1508 938 1562 33
981 1507 1287 1579 logotheta
1335 1509 1526 1580 genici
1577 1507 1667 1564 vel
1725 1507 2015 1580 generalis

368 1596 554 1654 ararii
588 1597 804 1668 publici
833 1611 847 1662 ;
881 1597 946 1651 34
978 1598 1286 1668 quaestoris
1317 1598 1746 1670 ;3510gotheta
1777 1598 2015 1653 stratio-

366 1685 465 1741 tici
489 1685 574 1741 vel
607 1685 688 1741 rei
721 1685 994 1741 militaris
1028 1704 1042 1752 ;
1075 1687 1144 1741 36
1176 1687 1471 1757 drungarii
1532 1687 1778 1758 vigilia;
1839 1688 1907 1741 37
1940 1687 2017 1742 lo-

2121 635 2214 676 τος
2244 618 2340 668 τοῦ
2372 613 2606 686 ὀψικίου·
2671 613 2712 666 θ’
2743 615 2777 682 ἡ
2801 615 2898 666 τοῦ
2947 611 3254 685 στρατηγοῦ
3301 612 3409 663 τῶν
3462 605 3779 682 βουκελλα-

2121 703 2272 776 ρίων·
2331 703 2358 755 ι’
2406 704 2440 771 ἡ
2501 705 2596 756 τοῦ
2655 704 2963 776 στρατηγοῦ
3024 693 3431 758 Καππαδοκίας·
3474 698 3537 751 ια’
3587 699 3622 766 ἡ
3675 701 3775 752 τοῦ

2121 812 2425 868 στρατηγοο
2477 794 2814 866 Χαρσιανοῦ·
2871 790 2940 862 ιβ’
2996 791 3030 857 ἡ
3079 791 3176 841 τοῦ
3223 791 3529 862 στρατηγοῦ
3578 785 3784 843 Κολω-

2118 881 2255 943 νίας·
2296 882 2362 957 ιγ’
2392 883 2426 949 ἡ
2471 886 2566 935 τοῦ
2625 881 2932 955 στρατηγοῦ
2985 876 3412 956 ΙΙαφλαγωνίας·
3477 873 3541 930 ιδ’
3681 879 3783 930 τοῦ

2121 977 2434 1047 στρατηγοῦ
2462 979 2563 1042 τῆς
2616 969 2850 1044 Θρᾴκης.
2907 972 2963 1024 ιε’
3012 973 3046 1040 ἠ
3097 973 3194 1024 τοῦ
3243 971 3552 1042 στρατηγοῦ
3601 973 3784 1023 Μακε-

2124 1059 2324 1124 δονίας·
2388 1063 2450 1126 ις’
2482 1064 2516 1130 ἡ
2547 1065 2645 1117 τοῦ
2700 1063 3012 1136 στρατηγοῦ
3065 1056 3308 1119 Χαλδίας
3353 1061 3486 1130 (50)·
3527 1063 3586 1127 ιζ’
3616 1059 3650 1127 ἡ
3682 1059 3784 1112 τοῦ

2123 1149 2450 1224 δομεστίκου
2503 1155 2609 1206 τῶν
2669 1144 3034 1206 ἐκσκουϐίτων
3105 1151 3214 1220 (51)
3289 1147 3426 1216 ἀξία·
3482 1148 3553 1217 ιη’
3602 1149 3636 1214 ἡ
3681 1150 3783 1201 τοῦ

2123 1241 2381 1329 ἐπάρχρυ
2403 1240 2624 1302 πόλεως
2654 1241 2796 1311 ἀξία·
2834 1241 2898 1294 LO‘
2929 1241 2962 1308 ἡ
2996 1243 3093 1293 τοῦ
3139 1241 3444 1312 στρατηγοῦ
3496 1234 3785 1292 Πελοπον-

2120 1326 2318 1402 νήσου·
2356 1333 2403 1386 κ’
2452 1333 2486 1400 ἡ
2545 1335 2643 1385 τοῦ
2694 1333 3005 1405 στρατηγοῦ
3053 1326 3448 1388 Νικοπόλεως·
3504 1327 3587 1380 κα“
3616 1327 3651 1396 ἡ
3685 1329 3785 1381 τοῦ

2125 1425 2429 1497 στρατηγοῦ
2467 1424 2575 1474 τῶν
2629 1413 3080 1493 Κιὸυρῥαιωτῶν·
3131 1418 3219 1491 κβ’
3249 1419 3284 1486 ἡ
3317 1419 3415 1472 τοῦ
3466 1417 3783 1490 στρατηγοῦ

2123 1507 2408 1570 Ἑλλάδος·
2441 1511 2523 1583 κγ’
2555 1511 2590 1578 ἠ
2631 1513 2728 1564 τοὶ)
2783 1512 3094 1582 στρατηγοῦ
3144 1504 3423 1567 Σικελίας·
3475 1502 3556 1560 κδ’
3601 1507 3636 1574 ἡ
3686 1509 3788 1558 τοῦ

2125 1603 2434 1674 στρατηγοῦ
2496 1597 2830 1672 Στρυμόνος·
2881 1605 2954 1652 κε’
3010 1599 3044 1666 ἡ
3089 1601 3187 1651 τοῦ
3237 1599 3547 1672 στρατηγοῦ
3605 1601 3786 1672 Κεφα-

2125 1688 2341 1757 ληνίας·
2394 1689 2477 1750 κς¹
2530 1689 2566 1756 ἡ
2626 1690 2722 1741 τοῦ
2772 1689 3076 1760 στρατηγοῦ
3135 1683 3552 1754 Θεσσαλονίκης·
3615 1685 3692 1752 κζ’
3747 1685 3784 1753 ἡ

362 1776 605 1846 gothela
633 1777 817 1831 dromi
849 1791 948 1832 seu
999 1794 1211 1833 cursus
1269 1777 1526 1847 publici;
1587 1779 1656 1833 38
1715 1777 2014 1848 drungarii

2139 1782 2218 1832 τοῦ
2251 1780 2557 1852 στρατηγοῦ
2605 1779 2701 1830 τοῦ
2752 1775 3082 1851 Δυρραχίου·
3136 1775 3223 1844 κη’
3251 1776 3286 1843 ἡ
3321 1777 3417 1829 τοῦ
3471 1776 3781 1849 στρατηγοῦ

361 1864 710 1936 ploimorum
744 1881 846 1920 seu
904 1865 1338 1922 classiariorum
1374 1885 1388 1934 ;
1431 1867 1500 1920 39
1559 1865 2015 1937 protospalbarii

2139 1873 2222 1936 τῆς
2256 1867 2467 1939 Σάμου·
2502 1867 2582 1930 κθ¹
2611 1867 2646 1934 ἡ
2678 1870 2777 1920 τοῦ
2829 1867 3137 1940 στρατηγοῦ
3182 1867 3279 1918 τοῦ
3329 1861 3558 1937 Αἰγαίου
3608 1860 3782 1916 πελά-

361 1953 753 2024 imperialium
786 1974 800 2022 ;
837 1954 905 2009 40
936 1953 1238 2024 logotheta
1271 1971 1515 2027 gregum
1551 1972 1565 2022 ;
1612 1957 1677 2011 41
1713 1955 2016 2012 domestici

363 2042 770 2099 hicanatorum
803 2061 817 2111 ;
850 2045 920 2099 42
946 2044 1254 2100 domestici
1281 2061 1660 2100 numerorum
1691 2060 1704 2110 ;
1736 2046 1806 2099 43
1827 2045 2018 2100 dome-

363 2131 495 2188 stici
525 2133 871 2203 Optimatum
907 2151 922 2201 ;
955 2134 1023 2188 44
1056 2133 1286 2188 comitis
1307 2135 1685 2190 castellorum
1713 2136 1818 2202 ;45
1848 2133 2016 2189 char-

373 2221 574 2277 tularii
603 2222 828 2291 sacelli;
863 2223 932 2277 46
964 2223 1304 2279 cbartularii
1336 2224 1596 2280 vestiarii
1631 2243 1646 2293 ;
1681 2224 1749 2277 47
1781 2223 2018 2279 chartu-

366 2310 496 2366 larii
527 2310 754 2366 caniclii
788 2312 894 2379 ;48
926 2312 1364 2382 protostratoris
1397 2331 1412 2382 ;
1445 2312 1515 2367 49
1547 2316 2019 2384 protoasecreta;

363 2399 436 2454 50
458 2401 929 2471 reprasenlantis
951 2400 1280 2457 thematum
1307 2422 1320 2467 ;
1352 2403 1417 2456 51
1465 2403 1696 2457 comitis
1754 2400 1971 2457 stabuli
2005 2417 2020 2468 ;

364 2489 436 2543 52
468 2489 604 2546 idici
633 2507 732 2546 seu
769 2489 996 2561 peculio
1029 2492 1248 2563 privato
1283 2491 1538 2564 prafecti
1565 2513 1576 2556 ;
1601 2492 1670 2546 53
1693 2491 1895 2563 magni
1926 2508 2022 2546 cu-

368 2578 616 2646 ratoris;
649 2582 805 2635 414
835 2580 904 2634 54
936 2581 1217 2636 curatoris
1248 2597 1668 2653 manganorum
1703 2580 1904 2652 palatii
1937 2580 2021 2636 sic

367 2669 505 2726 dicti
536 2693 550 2736 ;
579 2669 652 2723 55
683 2669 941 2740 magistri
959 2669 1511 2740 requisitionumvel
1531 2670 1858 2725 libellorum
1890 2686 2024 2741 sup-

370 2757 590 2829 plicum
627 2776 640 2826 ;
672 2758 744 2813 56
775 2757 1080 2814 nutritoris
1123 2759 1520 2831 orphanorum
1554 2777 1567 2827 ;
1603 2760 1673 2813 57
1721 2758 2020 2815 demarchi

371 2846 758 2918 Venetorum;
783 2848 852 2902 58
884 2848 1182 2904 demarchi
1213 2848 1587 2904 Prasinorum
1625 2866 1638 2917 ;
1673 2849 1742 2903 59
1773 2849 2024 2904 cerimo-

371 2936 546 2992 niarii
579 2938 684 3005 ;6O
715 2938 1021 2994 domestici
1048 2939 1447 2995 basilicorum.
1486 2941 1580 2995 Ha
1610 2944 1751 2995 sunt
1779 2939 2025 3011 dignita-

376 3031 460 3083 tes
490 3027 600 3084 boc
633 3032 895 3098 tempore
939 3027 1048 3083 sub
1081 3029 1271 3084 Leone
1304 3029 1447 3101 imp.
1518 3029 1818 3084 honorata
1857 3030 1928 3100 [s.
1962 3029 2023 3084 in

370 3115 653 3172 honorem
687 3117 874 3188 data].
918 3117 1178 3173 Redeunt
1208 3118 1295 3172 ha
1330 3118 1643 3190 dignitates
1673 3118 1745 3174 ad
1802 3123 2024 3190 septem

371 3204 590 3261 classes
623 3223 636 3261 :
673 3206 922 3278 primam
941 3212 1364 3279 strategorum;
1400 3209 1719 3265 secundam
1753 3207 2028 3265 domesti-

2126 1975 2275 2032 γους·
2334 1953 2383 2009 λ’
2432 1957 2466 2024 ἡ
2521 1959 2619 2010 τοῦ
2678 1958 2986 2029 στρατηγοῦ
3055 1951 3390 2025 Δαλματίας·
3460 1950 3545 2006 λα’
3601 1954 3634 2020 ἡ
3685 1954 3782 2004 τοῦ

2130 2048 2440 2119 στρατηγοῦ
2519 2046 2828 2116 Χερσῶνος·
2927 2039 3019 2116 λβ¹
3093 2042 3128 2110 ἠ
3205 2045 3301 2094 τοῦ
3399 2038 3782 2114 σακελλαρῖου·

2130 2132 2218 2208 λγ’
2291 2135 2326 2202 ἡ
2403 2137 2499 2187 τοῦ
2577 2131 2876 2207 λογοθὲτου
2952 2135 3050 2185 τοῦ
3128 2126 3368 2207 γενικοῦ·
3448 2125 3530 2184 λὸ“
3605 2130 3638 2198 ἠ
3687 2131 3789 2182 τοῦ

2128 2222 2469 2296 κυαίστωρος
2499 2222 2638 2293 ἀξία·
2674 2220 2749 2276 λε’
2797 2224 2830 2290 ἡ
2885 2224 2983 2275 τοῦ
3029 2218 3321 2294 λογοθὲτου
3371 2223 3468 2273 τοῦ
3516 2238 3795 2292 στρατιω-

2130 2316 2307 2368 τικοῦ·
2344 2309 2428 2375 λς’
2457 2315 2492 2381 ἡ
2523 2316 2621 2367 τοῦ
2653 2306 3019 2387 δρουγγαρίου
3058 2315 3158 2378 τῆς
3218 2308 3439 2384 βίγηας·
3492 2305 3573 2376 λζ’
3610 2309 3646 2376 ἡ
3694 2310 3798 2361 τοῦ

2132 2400 2426 2476 λογοθέτου
2483 2406 2580 2456 τοῦ
2628 2399 2837 2476 δρόμου
2885 2400 3024 2469 ἀξία·
3077 2397 3166 2468 λη“
3197 2400 3230 2467 ἡ
3274 2401 3368 2452 τοῦ
3428 2395 3800 2472 δρουγγαρίου

2133 2495 2240 2545 τῶν
2273 2490 2556 2564 πλολιμων·
2592 2489 2674 2546 λθ¹
2703 2491 2738 2559 ἡ
2770 2493 2866 2542 τοῦ
2898 2485 3397 2564 πρωτοσπαθαρίου
3425 2489 3532 2540 τῶν
3568 2482 3797 2559 βασιλι-

2134 2581 2263 2634 κῶν·
2303 2581 2354 2653 μ’
2383 2582 2417 2650 ἡ
2447 2583 2545 2634 τοῦ
2577 2575 2872 2654 λογοθέτου
2910 2581 3018 2632 τῶν
3064 2575 3299 2653 ἆγελῶν·
3359 2577 3446 2649 μα’
3479 2577 3514 2644 ἡ
3547 2578 3647 2630 τοῦ
3704 2571 3799 2629 δο-

2137 2669 2392 2742 μεστίγου
2449 2673 2557 2724 τῶν
2606 2668 2895 2723 ἱκανάτων·
2952 2667 3044 2742 μβ“
3091 2669 3126 2736 ἡ
3158 2669 3254 2720 τοῦ
3296 2663 3623 2738 δομεστίκου
3682 2667 3795 2718 τῶν

2134 2759 2441 2834 νουμέρων·
2508 2759 2598 2835 μγ“
2647 2759 2681 2826 ἠ
2741 2761 2837 2812 τοῦ
2901 2753 3222 2829 δομεστίκου
3279 2758 3386 2809 τῶν
3445 2753 3791 2827 ὀπτιμάτων·

2142 2847 2227 2923 μδ¹
2259 2851 2294 2918 ἡ
2319 2853 2420 2903 τοῦ
2450 2847 2702 2921 κόμητος
2735 2852 2841 2903 τῶν
2874 2847 3127 2924 τειχέων·
3166 2847 3246 2920 με’
3275 2847 3309 2914 ἠ
3340 2849 3437 2900 τοῦ
3480 2841 3800 2920 χαρτουλα·

2135 2938 2254 3014 ρίου
2284 2939 2381 2993 τοῦ
2414 2936 2730 2993 σακελλίου·
2770 2938 2855 3010 μζ“
2886 2939 2920 3005 ἡ
2960 2941 3058 2992 τοῦ
3105 2933 3513 3010 χαρτουλαρίου
3557 2937 3653 2988 τοῦ
3707 2933 3798 3007 βε-

2135 3027 2398 3102 στιαρίου·
2465 3029 2550 3101 μζ
2597 3029 2632 3095 ἡ
2689 3029 2787 3081 τοῦ
2839 3025 3248 3102 χαρτουλαρίου
3303 3028 3401 3079 τοῦ
3455 3020 3786 3078 κανικλείου·

2139 3119 2232 3190 μη¹
2262 3120 2296 3186 ἡ
2331 3121 2428 3172 τοῦ
2459 3115 2972 3191 πρωτοστράτορος·
3014 3116 3100 3188 μθ“
3132 3116 3166 3184 ἡ
3199 3118 3296 3169 τοῦ
3345 3113 3786 3189 πρωτοασήκρη-

2132 3227 2217 3270 τις
2246 3206 2387 3277 ἀξία·
2418 3207 2457 3260 ν“
2486 3206 2520 3275 ἠ
2554 3209 2652 3260 τοῦ
2683 3203 2743 3260 ἐκ
2775 3206 3078 3279 προσώπου
3108 3207 3218 3258 τῶν
3251 3205 3498 3276 θεμάτων
3529 3204 3664 3274 (52)·
3717 3201 3799 3255 va‘

374 3313 576 3352 corum
609 3313 624 3364 ;
659 3298 896 3352 tertiam
920 3297 1183 3368 iudicum
1220 3316 1233 3367 ;
1269 3304 1544 3371 quartam
1578 3299 2027 3369 secreticorum;

2139 3297 2291 3364 ἢτοῦ
2313 3294 2560 3367 κόμητος
2589 3298 2686 3349 τοῦ
2709 3288 2970 3348 στάϐλου·
2992 3293 3072 3368 νβ’
3102 3295 3137 3362 ἡ
3161 3296 3259 3348 τοῦ
3284 3289 3510 3347 εἰδικοῦ·
3544 3291 3621 3364 νγ¹
3642 3293 3676 3359 ἡ
3701 3292 3800 3344 τοῦ

373 3385 636 3457 quintam
655 3387 1124 3442 democratarum
1158 3403 1260 3442 seu
1287 3389 1703 3460 magistrorum
1739 3389 2023 3445 factione-

371 3472 519 3528 lium
553 3490 567 3540 ;
601 3478 825 3528 sextam
858 3474 1317 3529 stratarcharum
1359 3492 1462 3531 seu
1502 3478 1876 3532 tribunorum
1914 3477 2025 3531 mi-

377 3560 676 3633 litarium;
719 3561 1030 3634 septimam
1062 3563 1343 3618 idicorum
1378 3564 1460 3619 vel
1505 3565 1851 3636 specialium
1887 3583 2016 3637 qua

2139 3381 2385 3461 μεγάλου
2416 3385 2792 3457 κουράτωρος·
2827 3380 2901 3437 νδ“
2934 3385 2968 3451 ἡ
3000 3386 3097 3437 τοῦ
3127 3381 3482 3456 κουράτωρος
3510 3384 3616 3434 τῶν
3659 3400 3798 3455 μαγ-

2133 3475 2308 3549 γάνων
2337 3476 2470 3547 (53)·
2503 3479 2570 3528 νε’
2608 3475 2643 3543 ἡ
2677 3477 2785 3528 τῶν
2830 3468 3089 3542 δεήσεωνί
3141 3478 3216 3535 νς¹
3246 3473 3281 3541 ἡ
3313 3475 3410 3526 τοῦ
3460 3469 3798 3546 ὀρφανοτρό-

2135 3583 2258 3642 φου·
2293 3564 2368 3632 νζ’
2398 3565 2433 3632 ἠ
2466 3567 2560 3617 τοῦ
2593 3559 2890 3637 δημάρχου
2930 3559 3190 3617 Βενέτων·
3243 3561 3325 3630 νη“
3357 3562 3391 3629 ἡ
3423 3563 3520 3614 τοῦ
3571 3556 3791 3632 δημὸίρ-

1407 3663 1602 3719 JOAN.
1644 3666 1783 3720 JAC.
1844 3664 2108 3721 REISKII
2156 3664 2754 3722 COMMENTARIUS.

379 3752 632 3809 militum
651 3751 1037 3824 palatinorum
1050 3796 1064 3822 ,
1078 3769 1193 3809 non
1209 3756 1326 3809 tam
1344 3755 1636 3824 pompatic
1649 3772 1839 3822 orum,
1856 3771 2029 3822 quam

379 3823 920 3898 veremilitantium
969 3830 1024 3880 et
1081 3823 1711 3898 imperatoremrdomi
1775 3827 2032 3898 forisque

378 3897 784 3970 comitantium
819 3907 872 3951 et
906 3897 1358 3970 protegentium.
1396 3897 1650 3968 Colligas
1685 3903 1878 3953 tamen
1911 3897 1950 3953 ei
1974 3916 2027 3970 p.

378 3969 486 4023 313
505 3968 717 4024 collata
747 3984 880 4024 cum
916 3986 969 4037 p.
1002 3971 1106 4023 414
1134 3968 1347 4024 scholas
1386 3973 1440 4024 et
1484 3970 1736 4025 themata
1794 3986 1896 4026 seu
1945 3968 2036 4025 le-

381 4041 582 4112 giones
610 4041 1165 4110 provincialesidem
1198 4056 1329 4112 esse
1361 4056 1375 4107 ;
1414 4045 1477 4096 ut
1512 4057 1648 4112 ergo
1673 4042 2035 4098 domesticus

383 4111 717 4185 scholarum
751 4112 1128 4185 idempossit
1159 4111 1492 4179 signiﬁcare
1534 4111 1712 4185 atque
1754 4113 2038 4185 magister

381 4181 678 4256 legionum
709 4183 800 4238 vel
833 4181 1106 4256 militum.
1151 4185 1319 4240 Prius
1343 4193 1536 4239 tamen
1598 4181 1812 4241 rectius
1856 4181 2034 4256 ’puto.

383 4255 527 4318 Quia
547 4255 859 4330 domestici
883 4255 942 4330 hi
989 4259 1186 4330 utpote
1225 4256 1695 4330 magnigradusi
1729 4266 1782 4311 et
1816 4255 2037 4330 magna

387 4327 742 4382 auctoritatis
763 4327 884 4389 viri,
915 4326 1174 4398 ipsisque
1198 4326 1627 4397 provinciarum
1651 4326 2039 4398 singularium

387 4399 659 4484 strategils.
673 4398 948 4484 majores,
963 4400 1264 4469 graduque
1287 4415 1320 4452 a
1341 4404 1602 4484 stratege.
1624 4399 1891 4484 O‘rfentis.
1903 4416 2042 4484 pro-

388 4468 552 4542 ximi,
582 4469 890 4542 aliquoties
911 4468 1139 4525 summa
1178 4485 1311 4524 cum
1360 4468 1708 4526 auctoritate
1767 4468 1952 4542 cepiis
1979 4472 2039 4527 in

389 4541 624 4597 Oriente
647 4541 1018 4611 praefuerant,
1049 4546 1107 4596 et
1138 4542 1409 4597 maximis
1431 4543 1694 4598 cladibus
1725 4543 2042 4599 Saracenos

392 4612 854 4685 atlecerant,quo
876 4613 1052 4668 etiam
1079 4613 1382 4668 domestici
1409 4629 1618 4669 nomen
1645 4614 1868 4669 clarum
1884 4615 2036 4685 apud
2068 4620 2116 4685 ι)
2218 4614 2332 4684 (53)
2363 4614 2613 4670 Rectene
2661 4613 2790 4670 CPli
2831 4613 3042 4670 Christ.
3079 4615 3147 4680 Il,

761 4685 1032 4740 Arabicos
1069 4685 1297 4740 evasit:
1346 4701 1413 4739 ex
1471 4701 1537 4741 eo
1591 4687 1806 4741 factum
1844 4691 1906 4740 ut
1953 4685 2038 4740 illi

393 4757 855 4812 crederentfalso
889 4758 1166 4828 persuasi,
1200 4757 1586 4828 domesticum
1619 4773 1752 4812 cum
1774 4757 1908 4824 dici,
1943 4757 2045 4828 qui

391 4828 612 4884 Orienti
646 4845 751 4884 ceu
782 4827 1007 4899 legatus
1067 4829 1436 4900 imperatoris
1462 4827 1670 4883 CPtani
1722 4827 1999 4900 praesset
2029 4846 2044 4884 :

390 4900 685 4956 Domestici
703 4917 908 4957 nomen
936 4899 1084 4971 apud
1114 4915 1200 4956 eos
1267 4899 1608 4970 (Romanos)
1647 4899 1816 4956 habet
1846 4902 2044 4968 omnis,

392 4975 726 5051 qui_pracst
765 4973 969 5028 ditiom'
1028 4971 1226 5028 Graecae
1285 4973 1364 5027 ad
1387 4973 1656 5028 orientem
1687 4972 2046 5045 Pr0pontz'dis

389 5052 610 5112 posita.

466 5113 558 5182 (50

391 4683 701 4740 historicos

636 5114 1024 5188 Chaldisunt
1091 5117 1211 5188 qui
1243 5115 1549 5188 veteribus
1589 5115 1840 5171 Chalibes
1879 5115 2042 5188 dicti.

393 5182 598 5260 Chaldj
628 5190 686 5240 et
715 5187 882 5241 Cordi
928 5188 1017 5244 vel
1058 5182 1240 5260 Curti,
1291 5187 1575 5260 Gordyai,
1610 5188 1807 5243 iidem.
1844 5187 2045 5244 Perhi-

393 5254 534 5310 bent
554 5255 812 5311 Soranzo
843 5266 897 5312 et
928 5259 1314 5316 Leunclavius
1338 5254 1746 5315 Curdistanam
1781 5260 1949 5316 hodie
1971 5260 2043 5315 ab

391 5325 700 5399 Arabibus,
723 5328 937 5398 Ketgan
967 5331 1265 5399 appellari.
1298 5331 1460 5386 Forte
1493 5335 1654 5386 recta
1686 5330 1771 5385 illi
1805 5333 2045 5388 tradunt

393 5404 451 5455 et
479 5401 627 5454 forte
657 5398 741 5453 sic
773 5398 956 5453 solent
999 5398 1171 5458 hedie
1218 5403 1457 5458 Arabes.
1519 5403 1580 5458 ln
1641 5402 1806 5458 libris
1845 5409 2043 5459 tamen

391 5472 656 5546 Arabum
675 5486 910 5546 semper
936 5472 994 5546 a‘l
1015 5475 1177 5528 ϐατά
1204 5473 1290 5546 vel
1313 5473 1454 5546 (Iord
1484 5482 1537 5528 et
1567 5475 1629 5528 al
1652 5475 1826 5529 Acrad
1851 5474 2045 5546 appel-

394 5543 620 5617 lantur.
640 5542 931 5617 Videntur
960 5543 1180 5617 interea
1203 5545 1400 5617 C_haldri
1437 5545 1586 5600 infra
1616 5542 2042 5617 Trapezuntem

393 5623 446 5672 et
475 5615 654 5671 Curdi
683 5615 1110 5688 Mesopotamia
1147 5621 1204 5669 et
1233 5615 1483 5671 Parthia
1527 5615 1812 5688 interjectl
1843 5621 2044 5673 eadem

393 5700 539 5756 gens
569 5691 626 5742 et
648 5691 878 5742 montes
921 5685 1226 5741 amborum
1260 5702 1439 5741 unum
1469 5685 1690 5758 jugum
1710 5703 1860 5745 esse.

463 5758 581 5826 (51)
647 5761 908 5823 Quatuor
967 5762 1135 5813 erant
1177 5762 1434 5828 tagmata
1463 5758 1688 5815 militia
1722 5760 1991 5832 palatina
2024 5776 2038 5814 :

2141 3755 2448 3820 Scholarii,
2481 3756 2876 3822 Excubitores,
2923 3753 3189 3810 Hicanati
3231 3758 3287 3808 et
3335 3750 3597 3808 Numeri.
3636 3751 3797 3815 Quo-

2143 3827 2316 3882 modo
2341 3834 2533 3883 autem
2566 3826 3011 3894 discrepuerint,
3047 3843 3174 3896 qua
3224 3825 3434 3896 cuique
3492 3825 3695 3896 munia
3743 3829 3805 3878 et

2143 3899 2426 3954 stationes
2459 3899 2692 3961 fuerint,
2717 3895 3092 3968 adquosnam
3115 3899 3320 3952 horum
3340 3895 3803 3968 spatharii,can-

2143 3971 2348 4034 didati,
2384 3967 2959 4041 spatharocandidati
2993 3979 3045 4022 et
3105 3967 3323 4024 similes
3382 3967 3798 4039 pertinuerint,

2146 4042 2440 4096 fuerintne
2474 4041 2618 4096 tales
2647 4041 2705 4095 in
2743 4056 3094 4112 unoquoque
3133 4041 3385 4096 istorum
3409 4044 3672 4112 quatuor
3708 4044 3802 4093 ta-

2146 4118 2438 4184 gmatum,
2471 4129 2544 4168 an
2577 4117 2810 4167 tantum
2844 4110 2903 4166 in
2937 4112 3266 4184 scholariis,
3300 4117 3355 4184 et
3371 4110 3480 4165 alia
3512 4110 3652 4164 talia
3677 4126 3795 4165 non

2146 4183 2332 4256 liquet
2360 4189 2414 4240 et
2447 4199 2872 4256 supervacuum
2904 4189 3054 4256 esset
3077 4184 3132 4238 in
3169 4183 3651 4256 lalia_inquirere.

2221 4253 2334 4328 (52)
2367 4257 2508 4311 Puto
2525 4253 2662 4312 eum
2683 4255 3279 4328 fuisse,qui|egiones
3308 4253 3567 4328 integras
3600 4268 3806 4323 repra-

2149 4325 2429 4392 senta'ret,
2470 4343 2669 4384 eorum
2726 4327 2853 4382 loco
2885 4325 2942 4382 et
2973 4327 3209 4382 nomine
3257 4325 3327 4380 ad
3390 4327 3804 4395 imperatorem

2150 4408 2466 4472 peroraret,
2500 4415 2931 4472 causaseorum
2956 4404 3166 4469 ageret,
3192 4397 3578 4472 flagitationes
3603 4411 3808 4451 eorum

2150 4469 2222 4526 ad
2240 4472 2699 4543 imp.pert‘erret;
2718 4471 2968 4543 legatus,
2993 4469 3599 4543 patronus,syndicus,
3614 4473 3812 4523 orator

2157 4542 2434 4599 militum.

3207 4629 3264 4685 p.
3329 4612 3431 4685 133
3472 4615 3529 4667 et
3587 4609 3805 4685 135,16:

2154 4682 2409 4760 μάγγανα
2437 4687 2491 4740 in
2516 4686 2664 4760 duas
2687 4687 2941 4760 diversas
2955 4686 3107 4760 ades
3120 4682 3409 4760 d‘iv'iderit,
3436 4685 3490 4738 in
3515 4682 3804 4760 palatium

2155 4755 2255 4814 Seu
2285 4755 2644 4813 'curatoriam
2671 4774 2702 4812 a
2733 4756 2941 4813 Basilio
2972 4757 3302 4821 Macedone,
3346 4761 3411 4809 ut
3440 4755 3808 4826 perhibetur,

2153 4830 2475 4894 conditum,
2508 4833 2565 4883 et
2610 4830 2669 4885 in
2728 4831 2900 4892 ades,
2949 4828 3164 4899 quibus
3217 4825 3505 4899 machina
3554 4825 3804 4899 publica

2154 4902 2627 4973 asservabantur,
2661 4917 2773 4955 non
2809 4895 3051 4973 dixerim
3103 4895 3524 4973 '[T_:iz__pai~{yava
3553 4895 3587 4964 ἦ
3623 4896 3650 4949 ὁ
3679 4897 3807 4973 veos

2153 4972 2312 5054 οἶκος.
2336 4971 2536 5054 Basilii
2568 4971 2934 5054 imperatoris
2974 4967 3150 5054 opus:
3168 5047 3178 5054 _
3196 4967 3330 5053 Vita
3350 4967 3479 5040 ejus
3508 4970 3738 5054 cap..60
3765 4967 3813 5054 Ῑ

2152 5045 2314 5108 Quod
2345 5044 2445 5099 ille
2474 5041 2689 5098 dicitur
2727 5060 2793 5099 eo
2825 5041 3068 5098 consilio
3131 5042 3437 5108 struxisse,
3473 5045 3536 5096 ut
3566 5041 3814 5096 haberet

2153 5116 2289 5171 inde
2321 5117 2542 5171 rcdilus
2572 5119 2630 5170 et
2660 5120 2934 5185 sumptus
2958 5131 3060 5186 pro
3083 5113 3382 5182 conviviis,
3414 5129 3542 5186 qua
3570 5116 3802 5186 recepto

2153 5204 2222 5243 ex
2251 5203 2411 5243 more
2451 5187 2575 5242 suis
2601 5183 2924 5242 curialibus
2958 5183 3270 5241 annuatim
3324 5183 3497 5240 certis
3521 5183 3807 5254 statisque

2153 5259 2408 5331 periodis
2438 5259 2610 5331 edere
2639 5259 2910 5324 debebat,
2942 5258 3147 5331 nolens
3201 5256 3500 5331 publicum
3539 5257 3746 5331 ﬁscum
3776 5270 3810 5331 e

2152 5329 2394 5386 tributis
2428 5330 2801 5386 subditorum
2855 5329 3175 5384 conﬂatum
3209 5330 3267 5383 in
3292 5344 3441 5399 suos
3474 5330 3810 5399 privatosret

2152 5418 2351 5458 eorum
2415 5419 2559 5457 usus
2633 5417 2978 5457 consumere
3047 5404 3155 5456 τῶν
3216 5397 3316 5452 ἀνᾶ
3373 5393 3488 5453 πᾶν
3538 5393 3658 5459 ἔτος
3719 5397 3810 5451 ὑπ’

2152 5473 2318 5527 αὐτοῦ
2400 5471 2783 5544 κεκλημένων,
2885 5489 3018 5544 quo:
3098 5474 3392 5527 annuatim
3464 5471 3541 5526 ad
3623 5485 3813 5544 sacras

2151 5547 2342 5616 epulas
2372 5542 2626 5613 vocaret;
2657 5547 2774 5600 vid.
2810 5542 2979 5600 Goar.
3016 5546 3084 5599 ad
3119 5544 3323 5599 Codin.
3355 5561 3421 5616 p.
3447 5543 3570 5609 116,
3603 5560 3690 5616 n.A
3716 5542 3806 5616 15,

2153 5614 2212 5672 et
2244 5619 2312 5673 ad
2348 5619 2590 5689 Cedren.
2625 5635 2681 5689 p.
2751 5617 2876 5689 618.
2946 5617 3195 5672 Bandur.
3258 5633 3313 5688 p.
3362 5615 3488 5689 606.
3547 5614 3732 5689 Quid‘
3756 5614 3808 5669 si

2152 5705 2284 5746 vero
2304 5689 2371 5742 τὰ
2405 5685 2657 5762 μάγγανα
2693 5688 2908 5745 fuerint
2936 5689 3066 5744 talis
3123 5685 3430 5762 domusin
3475 5691 3647 5762 portu
3699 5685 3805 5758 By-

2152 5757 2416 5833 zantina,
2445 5757 2639 5832 qualis
2668 5768 2750 5818 est
2781 5777 2827 5817 θ.
2864 5777 2914 5819 c.
2949 5758 3365 5816 Amstelodami
3396 5757 3493 5813 das
3522 5757 3618 5814 Ad.
