4124 6388
323 426 476 490 1313

1201 431 1301 490 DE
1346 429 1803 492 CERIMONIIS
1846 431 2081 494 AULJE
2122 433 2610 495 BYZANTINZE
2652 433 2804 495 LlB.
2850 435 2930 496 ΙΙ.

3580 434 3737 499 1314

318 579 428 636 χου
463 556 762 634 Πρασὶνων·
809 562 883 616 νθ¹
929 562 965 631 ἡ
1013 564 1111 615 τοῦ
1160 568 1263 631 τῆς
1308 562 1707 625 καταστάσεως’
1809 564 1844 633 ἡ
1875 567 1972 619 τοῦ

2093 576 2378 639 postrema
2409 571 2498 624 est
2525 567 2784 624 solitaria
2809 567 3017 624 classis
3048 568 3321 642 [singulis
3369 569 3739 638 hominibus,

320 645 649 720 δομεστίκου
677 653 784 703 τῶν
836 648 1164 723 βασιλικῶν,
1227 651 1320 705 Καὶ
1374 653 1530 706 αὗται
1578 653 1646 706 τὰ
1691 656 1782 706 νῦν
1812 674 1980 726 τιμη-

319 745 493 804 θεῖσαι
542 739 686 810 ἀξίαι
739 739 827 795 ἐπὶ
878 744 1106 800 Λέοντος
1154 739 1438 799 δεσπότοῦ.
1499 747 1844 816 Διαιροῦνται
1890 745 1982 798 οὖν

316 829 476 884 αὗται
518 833 683 883 πᾶσαι
715 829 794 893 εἷς
836 830 974 904 μέρη
1026 830 1180 899 ἑπτὰ,
1227 831 1344 884 οἷον
1395 831 1471 891 εἷς
1504 833 1867 906 στρατηγοὺς,
1903 833 1980 896 εἰς

317 916 703 992 δομεστίκους,
755 919 830 981 εἰς
880 920 1088 994 κριτὰς,
1147 920 1224 982 εἰς
1284 920 1626 994 σεκρετικοὺς
1671 921 1747 982 εἰς
1799 920 1980 995 δημο-

315 1008 542 1081 κράτας,
577 1006 654 1069 εἷς
704 1009 1048 1084 στρατάρχας
1094 1008 1183 1062 καὶ
1237 1009 1311 1070 εἰς
1362 1007 1566 1072 εἰδικὰς
1612 1009 1778 1083 μόνας
1809 1011 1976 1082 ἀξίας.

315 1098 482 1154 ’Όσαι
531 1094 581 1151 ἐν
636 1101 754 1158 ταῖς
807 1101 915 1151 τῶν
970 1103 1288 1174 στρατηγῶν
1337 1100 1756 1154 κατατάττονται
1804 1101 1978 1172 τάξεις

317 1187 423 1240 εἰσι
454 1186 546 1240 τὸν
588 1187 818 1260 ἀριθμὸν
857 1189 954 1248 xc“
988 1187 1017 1240 6
1049 1188 1351 1264 στρατηγὸς
1391 1192 1498 1243 τῶν
1531 1188 1916 1245 Ἀνατολικῶνο
1951 1192 1979 1245 6

319 1275 628 1350 στρατηγὸς
657 1279 765 1329 τῶν
798 1277 1190 1350 Ἀρμενωίκωψ
1227 1278 1254 1330 6
1287 1279 1591 1352 στρατηγὸς
1627 1283 1734 1333 τῶν
1765 1285 1977 1351 Θρᾳκη-

319 1362 473 1418 σίων·
508 1365 535 1418 ὁ
566 1365 748 1436 κόμης
766 1368 862 1418 τοῦ
886 1364 1126 1438 ὀψικίου·
1154 1366 1180 1419 6
1206 1367 1512 1442 στρατηγὸς
1539 1371 1647 1420 τῶν
1676 1366 1980 1442 βουκελλα-

319 1451 473 1527 ρίων·
508 1453 534 1506 6
566 1454 864 1526 στρατηγὸς
909 1451 1310 1516 Καππαδοκίας*
1346 1455 1373 1508 6
1406 1457 1712 1530 στρατηγὸς
1744 1457 1981 1530 Χαρσια-

315 1545 436 1596 νοῦ·
472 1542 499 1595 6
531 1543 833 1615 στρατηγὸς
878 1539 1211 1604 Κολωνείαςο
1265 1543 1292 1597 6
1346 1544 1652 1618 στρατηγὸς
1696 1542 1982 1620 Παφλαγο-

320 1630 461 1692 νίας.
493 1631 520 1685 6
549 1631 849 1704 στρατηγὸς
886 1637 986 1699 τῆς
1016 1632 1258 1704 Θρᾲκής·
1295 1633 1322 1685 6
1355 1633 1654 1706 στρατηγὸς
1689 1629 1986 1689 Μακεδονί-

320 1739 404 1781 ας·
441 1720 470 1774 6
501 1720 803 1794 στρατηγὸς
837 1716 1098 1780 ΧαΛδίας.
1123 1721 1288 1775 Λῦται
1316 1717 1408 1774 οὖν
1432 1721 1487 1774 αἱ
1512 1723 1840 1795 στρατηγίαι
1866 1727 1984 1782 τοῖς

317 1807 696 1868 Ἀνατολικοῖς
742 1804 966 1881 θέμασιν
1009 1806 1388 1884 ἀριθμοῦνται*
1442 1811 1494 1863 αἱ
1545 1806 1602 1863 δὲ
1640 1816 1737 1879 τῆς
1769 1809 1978 1872 Δόσεώς

2087 673 2201 712 non
2235 657 2526 728 pluribus,
2559 673 2758 713 earum
2792 658 3166 729 dignitatum,
3188 658 3458 729 quasilla
3481 677 3742 734 compre-

2084 745 2305 813 hendit,
2321 746 2580 817 singulas
2593 747 2978 818 gerentibus].
2996 747 3079 801 Ad
3095 747 3336 802 classem
3353 754 3744 821 strategorum

2086 852 2185 892 seu
2219 836 2672 906 magistratuum
2706 835 3052 906 campestris
3083 836 3307 892 militia:
3343 838 3632 908 pertinent
3661 841 3739 895 vi-

2084 924 2233 997 ginti
2264 941 2365 980 sex
2395 925 2631 980 ordines
2663 925 2749 980 vel
2781 924 2936 979 tituli
2962 940 2975 980 :
3011 929 3302 994 strategus
3331 926 3737 995 Orientalium,

2080 1015 2581 1083 Armeniacorum,
2615 1014 3084 1081 Thracesiorum,
3120 1015 3349 1085 Opsicii,
3386 1017 3732 1074 bucellario-

2083 1120 2238 1173 rum,
2253 1104 2646 1175 Cappadociae,
2662 1104 2992 1170 Charsiani,
3008 1103 3276 1172 Coloniae,
3296 1106 3732 1176 Paphlagonia,

2083 1193 2366 1260 Thracias,
2401 1193 2770 1262 Macedoniae,
2802 1193 3076 1248 Chaldiae.
3112 1193 3179 1248 Et
3211 1195 3544 1265 mequidem
3589 1203 3741 1252 stra-

2087 1281 2254 1353 tegiaa
2287 1282 3136 1338 annumeranturthematibus
3185 1282 3599 1342 Orientalibus.
3643 1287 3726 1342 Ad

2081 1371 2485 1426 Occidentales
2505 1376 2700 1426 autem
2718 1372 3314 1442 pertinentstrategus
3329 1372 3736 1444 Peloponnesi,

2082 1458 2446 1528 Nicopoleos,
2475 1458 3021 1528 Cibyrrhaeotarum,
3051 1459 3304 1529 Graeciaa,
3327 1461 3740 1535 Sicilie,Stry-

2084 1547 2297 1613 monis,
2381 1546 2764 1618 Cephaleniae,
2837 1547 3304 1618 Thessalonicee,
3398 1551 3733 1622 Dyrhachii,

2083 1635 2263 1702 Sami,
2299 1637 2478 1692 maris
2507 1635 3042 1706 ngaai,Dalmatiaa,
3066 1637 3384 1695 Cbersonis
3427 1643 3485 1695 et
3536 1656 3744 1713 reprae-

2081 1733 2378 1780 sentantes
2412 1725 2770 1780 scholarum.
2807 1726 3273 1782 Domesticorum
3305 1743 3408 1782 seu
3434 1729 3745 1800 magistra-

2082 1818 2246 1869 tuum
2278 1812 2547 1884 palatinas
2572 1815 2922 1886 pompaticas
2943 1815 3398 1874 militiaaclasses
3412 1819 3734 1873 conficiunt

320 1898 460 1954 εἰσιν
495 1899 668 1953 αὗται·
703 1899 731 1952 6
767 1899 1068 1973 στρατηγὸς
1112 1897 1553 1969 Πελοποννησουσ
1608 1900 1635 1953 6
1677 1900 1979 1974 στρατηγὸς

2093 1908 2310 1973 septem
2339 1919 2352 1957 :
2377 1903 2728 1958 domesticus
2749 1903 3100 1972 scholarum,
3123 1906 3283 1962 dom.
3311 1907 3743 1974 excubitorum,

313 1986 702 2050 Νικοπόλεωςο
761 1989 789 2042 ὁ
837 1987 1142 2061 στρατηγὸς
1205 1983 1650 2062 Κιϐυρῥαιωτῶν·
1704 1989 1731 2041 6
1786 2009 1980 2063 στρατ-

317 2079 453 2151 ηγὸς
501 2075 791 2140 Ἑλλάδος·
845 2079 872 2132 ὁ
926 2079 1225 2153 στρατηγὸς
1279 2076 1550 2139 Σικελίας’
1604 2078 1631 2131 6
1682 2077 1982 2152 στρατηγὸς

322 2168 660 2240 Στρυμόνος·
725 2168 752 2221 6
823 2167 1126 2242 στρατηγὸς
1190 2165 1550 2244 Κεφαληνίας·
1605 2167 1632 2222 6
1683 2167 1982 2240 στρατηγὸς

329 2254 745 2326 θεσσαλονίκης·
799 2257 826 2310 6
870 2257 1166 2332 στρατηγὸς
1205 2260 1301 2311 τοῦ
1359 2255 1688 2332 Δυρῥαχίουο
1720 2258 1746 2311 6
1791 2275 1982 2330 στρατ-

321 2346 457 2421 ηγὸς
484 2352 584 2415 τῆς
620 2347 829 2420 Σάμου·
866 2347 893 2401 6
935 2347 1238 2420 στρατηγὸς
1272 2350 1368 2400 τοῦ
1411 2345 1645 2420 Αἴγαίου
1689 2344 1979 2419 πελάγους’

323 2435 351 2490 6
400 2438 704 2509 στρατηγὸς
750 2433 1082 2507 Δαλματίαςυ
1136 2436 1164 2488 ὁ
1217 2435 1516 2509 στρατηγὸς
1566 2438 1851 2508 Χερσῶνος
1893 2433 1982 2487 καὶ

323 2521 378 2579 o'i
409 2522 467 2578 ἐκ
491 2523 790 2598 προσώπου
823 2523 923 2578 εἶσὶ
972 2529 1081 2578 τῶν
1134 2529 1375 2598 σχολῶν.
1425 2523 1492 2580 Al
1535 2520 1592 2578 δὲ
1621 2522 1700 2583 εἷς
1731 2519 1982 2595 δομεστί-

319 2637 456 2678 κους
504 2613 828 2688 ταττόμεναί
876 2614 979 2669 εἰσι
1043 2615 1135 2669 τὸν
1180 2614 1408 2688 ἀριθμὸν
1462 2615 1521 2682 ζ’·
1577 2615 1691 2668 οἷον
1747 2615 1774 2668 6
1820 2610 1986 2686 δομέ-

321 2725 506 2765 στικος
546 2708 656 2759 τῶν
700 2702 946 2778 σχολῶν,
999 2704 1028 2758 6
1079 2701 1404 2775 δομὲστικος
1443 2707 1553 2757 τῶν
1594 2697 1980 2774 ἐκσκουϐίτων,

325 2795 354 2848 6
387 2790 751 2870 δρουγγάριος
797 2797 893 2846 τοῦ
943 2793 1199 2864 ἀριθμοῦ,
1241 2792 1268 2845 6
1303 2788 1622 2864 δομέστικος
1659 2795 1770 2846 τῶν
1805 2789 1986 2844 ἱκανά-

316 2903 452 2950 των,
486 2883 513 2936 6
546 2878 869 2955 δομέστικος
917 2885 1021 2934 τῶν
1068 2878 1372 2953 νουμὲρων,
1424 2882 1452 2933 ὁ
1506 2876 1826 2952 δομὲστικος
1872 2884 1979 2933 τῶν

317 2971 662 3045 ὀπτιμάτων,
719 2972 747 3025 6
799 2969 1121 3043 δομὲστικος
1159 2973 1266 3024 τῶν
1305 2969 1554 3044 τειχέων,
1597 2969 1650 3024 οἳ
1689 2970 1777 3024 καὶ
1821 2970 1986 3048 ὀφφι-

317 3061 531 3118 κιάλιοι
577 3065 692 3134 (54)
749 3060 1018 3133 λεγονται.
1072 3061 1139 3117 Οἱ
1181 3057 1238 3114 δὲ
1280 3060 1354 3121 εἷς
1395 3058 1585 3134 κριτὰς
1629 3056 1982 3134 λογιζόμενοί

315 3153 532 3208 εἰσιτὸν
557 3151 787 3224 ἀριθμὸν
806 3151 874 3224 γ’,
899 3152 1016 3204 οἷον
1041 3150 1068 3203 6
1091 3145 1339 3224 ἔπαρχος
1373 3147 1613 3216 πόλεως,
1653 3149 1681 3203 6
1718 3149 1984 3223 κυὲστωρ,

316 3243 344 3297 6
385 3245 483 3296 τοῦ
521 3237 778 3310 δεήσεως.
823 3240 893 3295 Αἱ
944 3237 1002 3294 δὲ
1059 3237 1137 3302 εἷς
1196 3239 1418 3312 σὲκρετα
1477 3238 1834 3311 καθεζόμεναί
1876 3238 1980 3293 εἰσι

2092 1993 2444 2065 drungarius
2474 1993 2718 2060 numeri,
2769 1993 3130 2050 domesticus
3178 1994 3580 2051 bicanatorum
3631 2014 3742 2054 nu-

2093 2097 2408 2149 merorum,
2433 2081 2809 2152 optimatum,
2833 2083 3237 2152 castellorum;
3263 2085 3364 2155 qui
3389 2101 3592 2141 omnes
3617 2087 3744 2141 offi-

2093 2170 2269 2226 ciales
2300 2171 2685 2242 appellantur.
2720 2172 3088 2242 Adjudicum
3141 2189 3239 2229 seu
3291 2190 3595 2244 procerum
3626 2174 3746 2244 juri

2095 2259 2351 2316 dicundo
2410 2260 2815 2331 deputatorum
2867 2276 3178 2316 numerum
3251 2262 3541 2333 pertinent
3599 2268 3739 2329 tres,

2096 2349 2396 2420 praafectus
2429 2348 2612 2420 urbis,
2675 2354 2929 2419 quaestor
2960 2355 3015 2405 et
3048 2351 3328 2423 magister
3358 2351 3745 2424 supplicatio-

2095 2454 2258 2494 num.
2292 2438 2712 2494 Secreticorum
2743 2454 2844 2493 seu
2878 2455 3103 2508 eorum,
3137 2441 3356 2512 quibus
3385 2443 3618 2498 archiva
3647 2459 3750 2515 ge-

2094 2528 2248 2584 neris
2262 2529 2455 2583 omnis
2478 2543 2632 2582 cura
2653 2528 3074 2596 sunt,classem
3097 2530 3414 2586 conﬁciunt
3448 2533 3743 2600 undecim,

2095 2615 2455 2686 sacellarius,
2490 2616 2794 2672 rationalis
2814 2617 3107 2689 generalis
3129 2623 3184 2673 et
3207 2619 3497 2690 militaris,
3519 2625 3576 2675 et
3607 2637 3745 2676 cur-

2096 2723 2222 2772 sus,
2264 2705 2659 2761 chartularius
2705 2705 2963 2772 sacellii;
3018 2707 3410 2763 chartularius
3452 2707 3745 2778 vestiarii;

2099 2795 2578 2868 protoasecretis;
2613 2795 2917 2866 praefectus
2947 2795 3027 2850 rei
3061 2798 3336 2866 privatas;
3371 2813 3620 2867 magnus
3651 2813 3750 2854 cu-

2099 2890 2295 2952 rator;
2328 2885 2635 2957 praefectus
2663 2899 3091 2956 manganorum
3125 2889 3182 2940 et
3212 2885 3748 2958 orphanotrophus.

2096 2973 2573 3030 Democratarum
2595 2989 2694 3028 seu
2714 2974 3167 3044 magistratuum
3184 2975 3579 3031 factionalium
3602 2975 3746 3032 clas-

2098 3061 2177 3117 sis
2208 3066 2437 3116 tantum
2471 3060 2585 3115 duo
2617 3059 2868 3129 exhibet,
2891 3060 3274 3116 demarchum
3311 3063 3658 3117 Venetorum
3693 3067 3752 3118 et

2097 3150 2481 3205 demarchum
2515 3151 2916 3206 Prasinorum.
2948 3150 3098 3206 415
3136 3151 3217 3204 Ad
3253 3150 3607 3207 stratarchas
3640 3169 3744 3208 seu

2082 3238 2479 3309 magistratus
2503 3237 2786 3292 militares
2807 3238 3111 3292 inferiores
3133 3246 3187 3292 et
3216 3237 3580 3293 collaterales
3608 3255 3747 3310 per-

312 3327 408 3381 καὶ
449 3327 606 3380 αὗται
644 3326 733 3380 τὸν
762 3325 994 3399 ἀριθμὸν
1032 3326 1119 3392 ια’,
1162 3325 1276 3378 οἷον
1317 3325 1343 3378 6
1388 3321 1773 3398 σακελλάριος,
1817 3325 1844 3378 ὁ
1879 3323 1975 3379 λο-

2093 3297 2280 3382 ιὶῃουιιι
2302 3326 2596 3398 quinque:
2624 3326 2871 3381 hetaerias
2894 3325 3200 3398 praefectus
3237 3343 3250 3381 :
3275 3297 3632 3398 drungarius
3664 3328 3746 3384 rei

311 3415 546 3490 γοθέτης
582 3418 679 3470 τ’ιῦ
725 3418 960 3487 γεδικοῦ,
1004 3414 1031 3467 ὁ
1074 3411 1369 3486 λογοθέτης
1409 3417 1505 3467 τοῦ
1557 3417 1972 3486 στρατιωτικοῦ,

279 3544 290 3550 υ
317 3506 347 3560 6
388 3502 694 3578 λογοθέτης
731 3507 828 3557 τοῦ
871 3500 1104 3577 δρόμου,
1147 3503 1175 3556 6
1207 3501 1611 3580 χαρτοῦλάριος
1650 3505 1747 3555 τοῦ
1786 3498 1976 3556 σακελ-

315 3592 466 3661 λίου,
506 3594 533 3648 6
579 3592 983 3667 χαρτουλάριος
1037 3595 1135 3645 τοῦ
1201 3590 1529 3666 βεστιαρίου,
1571 3591 1599 3645 6
1648 3593 1975 3664 πρωτοασή-

312 3703 527 3758 κρητις,
571 3683 598 3737 6
637 3686 735 3736 τοῦ
771 3679 999 3749 εἰδικοῦ,
1023 3681 1050 3734 ὁ
1079 3679 1241 3754 μὲγας
1280 3680 1586 3752 κουράτωρ,
1628 3681 1655 3734 6
1693 3685 1801 3734 τῶν
1846 3701 1976 3755 μαγ-

310 3773 507 3848 γάνων,
549 3773 576 3826 6
617 3769 1045 3848 ὀρφανοτρόφος.
1109 3771 1176 3826 Αἱ
1237 3767 1293 3824 δὲ
1347 3768 1422 3832 εἷς
1479 3766 1830 3843 δημοκράτας
1873 3768 1975 3823 εἶσὶ

311 3863 408 3927 τὸν
465 3862 695 3936 ἀριθμὸν
757 3858 876 3926 δύο,
937 3861 1052 3913 οἷον
1099 3859 1126 3912 6
1183 3856 1475 3934 δήμαρχος
1527 3859 1763 3914 Βενέτων
1821 3858 1912 3914 καὶ
1949 3860 1977 3914 6

2083 3415 2342 3482 navalis;
2381 3415 2682 3470 rationalis
2705 3416 3504 3487 gregum;protospatbarius
3547 3416 3750 3473 basili-

2085 3520 2281 3560 eorum
2307 3523 2320 3571 ;
2355 3519 2546 3558 comes
2578 3503 2813 3560 stabuli.
2846 3504 3081 3575 Septem
3101 3505 3338 3560 tandem
3359 3505 3640 3576 sunt,qui
3671 3506 3744 3560 ad

2087 3592 2371 3664 speciales
2403 3592 2698 3649 solitariae
2719 3609 2870 3648 seua
2899 3594 3021 3649 viro
3054 3611 3194 3662 uno,
3228 3611 3344 3650 non
3359 3594 3744 3666 pluribusge-

2085 3683 2302 3738 rendas
2335 3681 2654 3753 dignitates
2676 3687 2943 3752 spectant
2974 3701 2988 3737 :
3042 3683 3435 3754 basileopator
3477 3690 3707 3752 ;rector
3735 3704 3749 3752 ;

2089 3770 2414 3842 syncellus;
2451 3769 2851 3826 chartularius
2867 3771 3106 3826 caniclei
3133 3775 3546 3842 ;protostrator
3567 3787 3582 3840 ;
3602 3771 3752 3825 ceri-

2091 3862 2394 3916 monarius
2428 3880 2442 3928 ;
2481 3861 2840 3916 domesticus
2871 3859 3283 3928 imperialium.

314 3953 575 4030 ρήμαχος
627 3951 930 4026 Πρασίνων.
985 3951 1054 4004 Αἱ
1097 3946 1163 4003 δὲ
1212 3949 1288 4010 εἱς
1344 3950 1691 4024 στρατάρχας
1740 3948 1843 4003 εἰσὶ
1890 3950 1977 4005 καὶ
2027 3949 2186 4005 αὗται
2237 3948 2330 4004 τὸν
2381 3947 2612 4022 ἀριθμὸν
2663 3949 2721 4017 ε’,
2769 3948 2886 4002 οἷον
2916 3949 2944 4001 6
2977 3947 3386 4026 ἐταιρειάρχης,
3422 3944 3753 4022 ὁδρουγγά-

315 4063 436 4116 ριος
463 4045 562 4095 τοῦ
590 4038 860 4113 πλοίμου,
905 4040 934 4092 6
982 4037 1283 4111 λογοθὲτης
1334 4043 1441 4094 τῶν
1496 4038 1734 4116 ἀγελῶν,
1784 4039 1813 4092 6
1865 4038 2353 4113 πρωτοσπαθάριος
2411 4041 2520 4090 τῶν
2559 4036 2885 4111 βασιλικῶν,
2938 4037 2966 4091 6
3009 4036 3192 4109 κόμης
3245 4035 3340 4091 τοῦ
3389 4032 3650 4096 πάὸλου.
3683 4039 3756 4094 Αἱ

315 4128 379 4185 δὲ
424 4129 501 4192 εἷς
548 4127 751 4191 εἰδικὰς
807 4129 973 4201 μόνας
1021 4127 1168 4197 ἀξίας
1217 4127 1319 4182 εἰσί
1369 4128 1458 4182 καὶ
1515 4128 1670 4182 αὗται
1730 4127 1823 4181 τὸν
1874 4127 2106 4202 ἀριθμὸν
2160 4128 2221 4197 ζ’,
2274 4127 2394 4180 οἷον
2444 4125 2471 4178 6
2524 4122 2966 4199 βασιλεοπάτωρ,
3018 4126 3046 4179 6
3104 4125 3364 4201 ῥαίκτωρ,
3429 4126 3458 4180 6
3525 4123 3755 4200 σύγκελ-

315 4217 438 4287 λος,
509 4221 537 4274 ὁ
606 4216 1012 4297 χαρτουλάριος
1077 4222 1173 4272 τοῦ
1238 4216 1573 4285 κανικλείου,
1643 4217 1670 4271 ὁ
1738 4214 2203 4291 πρωτοστράτωρ,
2248 4214 2275 4268 6
2315 4215 2413 4281 τῆς
2471 4215 2874 4280 καταστάσεως,
2938 4214 2966 4268 6
3026 4211 3346 4287 δομέστικος
3382 4218 3492 4269 τῶν
3534 4212 3754 4289 βασιλι-

317 4311 450 4363 κῶν.

319 4453 397 4508 Αἱ
440 4450 496 4507 δὲ
536 4451 971 4537 ὑποτεταγμέγαι
1026 4452 1265 4537 ὲκάπων
1290 4451 1534 4537 ,τοξότων
1591 4450 1760 4537 ιῖιρχῇν
1800 4451 1890 4504 καὶ
1934 4453 1983 4504 αἱ

2100 4451 2312 4505 Harum
2340 4450 2642 4522 unicuique
2671 4453 2973 4537 suppositm
3001 4450 3300 4523 dignitates
3319 4455 3370 4506 et
3399 4450 3761 4522 obsequentes

435 4522 1045 4599 συνεπόμεναίάὐταῖς,
1093 4523 1226 4578 εἰσὶν
1287 4522 1340 4593 ἐξ
1382 4522 1875 4594 ὀνόματοςήαῦται.

397 4631 782 4686 Ὑποπέπτωκε
853 4630 910 4686 δὲ
965 4631 1165 4704 ἑκάστῃ
1241 4629 1453 4684 τούτων
1509 4628 1832 4702 ἀξιωμάτων
1893 4630 1988 4703 ἀρ-

327 4722 408 4795 χῇ
451 4718 570 4791 εἷ’δη
607 4719 929 4794 ἀξιωμάτων
963 4718 1194 4797 διάφορα
1228 4720 1364 4774 κατὰ
1394 4717 1688 4796 ἀναλογίαν
1719 4719 1805 4773 καὶ
1841 4718 1988 4788 τάξιν

328 4810 422 4864 καὶ
452 4816 552 4874 τῆς
580 4811 805 4866 ἑκάστου
840 4809 1238 4885 προελεύσεως,
1276 4804 1310 4862 ἃ
1349 4807 1439 4864 καὶ
1463 4807 1596 4862 αὐτᾶ
1623 4807 1853 4884 ὀφωίκια
1875 4807 1992 4861 ὀνο-

2801 4533 2932 4578 sunt
2950 4523 3052 4580 hac.

2171 4628 2515 4700 Dignitates,
2549 4645 2694 4699 quas
2750 4629 3028 4697 diximus,
3084 4630 3258 4686 etiam
3318 4627 3512 4685 officia
3564 4628 3756 4684 solent

2101 4719 2403 4790 appellari,
2437 4721 2799 4792 diversaeque
2831 4725 2966 4775 sunt
3011 4720 3335 4776 secundum
3370 4735 3534 4774 suam
3573 4719 3759 4774 ratio-

2104 4824 2237 4865 nem
2271 4813 2327 4864 et
2382 4809 2646 4865 ordinem
2698 4809 3090 4882 processionis
3149 4809 3641 4880 uniuscujusque,
3700 4809 3759 4863 et

1393 4955 1594 5011 JOAN.
1627 4954 1774 5012 JAC.
1805 4954 2069 5011 REISKII
2100 4954 2696 5011 COMMENTARIUS.

329 5129 706 5193 litamchaus,
739 5128 839 5184 ubi
868 5128 1168 5193 rudentes,
1202 5124 1492 5188 anchorae,
1520 5126 1762 5192 ferrum,
1791 5123 1988 5195 plum-

328 5202 497 5266 bum,
534 5204 647 5268 pix,
675 5200 892 5267 trabes,
920 5204 1216 5254 tormenta
1232 5196 1464 5261 bellica,
1489 5201 1598 5268 etc.
1632 5211 1992 5266 quaecunque

329 5266 691 5330 instruendae
723 5271 855 5326 navi
883 5266 942 5326 et
974 5269 1147 5326 classi
1180 5270 1421 5336 faciunt,
1441 5266 1594 5322 velut
1623 5267 1681 5322 in
1714 5268 1993 5338 apotheca

321 5345 526 5416 jacent
556 5347 1061 5416 etaeservantur,
1094 5341 1412 5416 simulque“
1439 5338 1656 5416 fuerint
1684 5338 1991 5416 telonium,

329 5409 432 5471 ubi
456 5415 820 5485 recipiuntur
851 5413 1125 5484 portoria,
1154 5409 1454 5485 recti—galia
1485 5410 1765 5485 mercium
1801 5411 1993 5485 ingre-

334 5481 628 5542 dientium
661 5492 719 5541 et
748 5481 1112 5540 exeuntium.
1147 5483 1440 5538 Curatores
1471 5496 1613 5537 sane
1643 5481 1782 5535 olim
1834 5482 1995 5536 dice-

333 5559 553 5613 bantur
583 5563 906 5620 receptores
942 5557 1355 5627 portoriorum,
1383 5552 1583 5627 etitale
1619 5551 1908 5627 tribunal,
1932 5552 1992 5606 in

339 5645 457 5702 quo
478 5629 786 5702 yectigalia
809 5699 825 5702 _
843 5625 956 5683 reci
965 5628 1324 5702 piabantur,_
1340 5625 1624 5702 audiebat
1662 5625 1944 5679 curatoria
1971 5639 1992 5685 ;

338 5697 458 5757 rid.
479 5697 691 5757 Muret.
723 5705 768 5756 t.
808 5699 856 5755 II
893 5697 1018 5755 Ant.
1051 5699 1182 5755 Ital.
1207 5715 1263 5771 p.
1296 5697 1387 5752 28.

416 5772 529 5843 (54)
542 5773 790 5844 Apparet
810 5771 1132 5837 hinc,unde
1147 5766 1464 5825 manaverit
1481 5784 1605 5824 mos
1621 5766 1996 5839 magistratus

2096 5120 2382 5196 militares
2427 5123 2690 5191 ofﬁciales
2749 5139 3020 5180 sermone
3068 5123 3343 5196 Francico
3393 5121 3750 5196 appellandi.

2102 5192 2394 5266 Olfficiales
2445 5201 2606 5260 sunt,
2665 5199 2762 5264 qui
2823 5197 2978 5266 apud
3049 5194 3371 5266 principem
3425 5192 3514 5250 νδι
3575 5194 3759 5250 alium

2103 5264 2355 5334 aliquem
2417 5267 2697 5336 majorem
2745 5264 3144 5337 magistratum
3196 5264 3258 5321 in
3288 5268 3479 5324 otﬁcio
3503 5275 3663 5332 sunt,
3697 5266 3755 5320 id

2103 5343 2211 5404 est,
2246 5337 2306 5390 in
2339 5337 2642 5408 obsequio,
2663 5338 3393 5411 domestici,apparitores,
3429 5339 3531 5411 qui
3563 5352 3759 5406 exspe-

2105 5412 2266 5464 ctant
2290 5411 2630 5481 mandatum
2673 5412 2802 5478 ejus
2841 5409 3038 5480 aliquo
3081 5411 3280 5475 eundi,
3342 5409 3562 5481 aliquid
3595 5423 3758 5463 exse-

2105 5480 2343 5552 quandi.
2376 5479 2442 5534 Hi
2472 5497 2702 5551 semper
2724 5479 3142 5548 armati’erant,
3176 5488 3240 5537 ut
3265 5479 3470 5552 cogere
3529 5485 3764 5552 possent

2103 5567 2222 5623 eos,
2252 5551 2356 5623 qui
2370 5554 2514 5606 forte
2530 5550 2821 5608 mandatis
2844 5553 3125 5623 principis
3139 5550 3434 5607 adversari
3451 5550 3758 5623 auderent.

2106 5622 2292 5677 Gloss.
2328 5621 2443 5694 Gr,
2474 5623 2589 5678 Lat.
2626 5621 2922 5694 ταξεώτης,
2983 5621 3272 5693 apparitor
3327 5622 3587 5694 ofﬁcialis
3623 5636 3638 5686 ;
3701 5623 3761 5674 et

2105 5698 2190 5820 {an
2213 5693 2491 5820 Cangiihé
2515 5691 2966 5768 v.etquzemodo
2997 5691 3069 5751 de
3089 5691 3428 5750 domesticis
3455 5691 3747 5758 diximus;

2106 5782 2124 5820 ι
2170 5781 2260 5820 em
2295 5781 2350 5820 υ.
2497 5807 2508 5820 .

2106 5769 2260 5821 idem
2295 5781 2350 5837 p.
2384 5769 2508 5820 415.
