4124 6376
454 446 620 514 1323

1539 437 2069 500 CONSTANTINI
2117 435 2814 501 PORPHYROGENITI

3714 430 3873 492 1324

455 585 689 643 tulariis
743 583 1096 657 tagmatum,
1138 577 1461 652 legatariis,
1510 576 1870 650 optionibus,
1912 580 2105 648 proto-

2234 574 2490 650 laptxiou,
2531 571 2658 643 ἤτοι
2698 577 2794 628 τοῦ
2851 567 3228 644 ἱπποδρόμου,
3267 563 3581 624 κανδιδάτοι
3639 566 3870 640 ὁμοίως,

455 665 823 740 εαυόιδιιιιιιὶο,
899 669 1366 727 mandatoribus.
1431 667 1798 738 Drungarius
1872 665 2108 722 arithmi

453 765 651 820 decem
702 760 951 816 diversis
991 759 1241 829 imperat
1272 754 1514 812 ofﬁciis:
1552 752 1908 825 topoteretis,
1940 752 2112 806 char-

456 853 690 918 tulario,
727 849 1017 913 acolutbo,
1053 845 1386 912 comitibus,
1410 843 1764 911 centarcbis,
1787 841 2106 897 bandiferis

456 942 552 998 vel
596 924 984 998 bannerariis,
1011 934 1438 1000 labarensibus,
1482 932 1798 1003 signiferis,
1843 931 2108 985 ducinia-

459 1034 685 1091 toribus
731 1030 818 1086 vel
868 1027 1220 1090 ducenariis,
1270 1023 1726 1080 mandatoribus.
1783 1021 2107 1090 Drungario

457 1123 542 1180 rei
577 1121 882 1176 maritimis
914 1116 1111 1171 addita
1142 1120 1281 1169 sunt
1309 1114 1584 1169 inferiora
1615 1115 1838 1182 septem
1874 1111 2066 1166 ofﬁcia
2093 1127 2106 1165 :

457 1213 820 1283 topoterette,
862 1205 1273 1269 chartularius,
1309 1201 1811 1274 protomandator,
1844 1202 2107 1270 comites,

456 1302 773 1366 cenlarcbi,
807 1316 1002 1356 comes
1033 1298 1302 1362 hetaeriae,
1339 1295 1736 1350 mandatores.
1770 1295 2114 1365 Logotbetes

461 1391 754 1450 dromivel
779 1405 988 1446 cursus
1022 1385 1243 1457 publici
1276 1384 1494 1455 pariter
1525 1389 1751 1454 septem
1783 1383 2116 1438 moderatur

460 1481 694 1540 ofﬁcia:
725 1476 1187 1551 protonotarium
1211 1474 1422 1538 dromi,
1448 1470 1869 1527 chartularium
1903 1471 2111 1537 dromi,

461 1573 849 1644 episceptetas
882 1583 982 1622 seu
1019 1565 1376 1636 inspectores
1423 1563 1659 1633 [nempe
1702 1561 2114 1632 evectionum],

462 1660 1162 1731 interpretes,curatorem
1190 1650 1581 1724 apocrisiariei
1607 1650 1729 1722 [seu
1761 1650 2114 1720 legationum

461 1745 843 1818 exterarum],
877 1743 1314 1799 diatrecbontas
1357 1757 1456 1795 seu
1491 1739 1831 1794 vernaculos
1863 1746 1920 1793 et
1953 1756 2114 1795 man-

462 1841 716 1896 datores.
758 1834 1268 1906 Protospatbarius
1311 1831 1680 1886 basilicorum
1713 1835 1816 1884 aut
1847 1829 2112 1885 caesaria-

461 1945 673 1987 norum
711 1927 823 1983 sub
855 1941 917 1981 se
949 1923 1122 1979 habet
1169 1920 1360 1976 ofﬁcia
1408 1929 1691 1989 quatuor:
1726 1920 2112 1975 domesticum

460 2020 864 2085 basilicarum,
897 2012 1228 2087 spatbarios
1277 2010 1615 2082 spatbaricii
1649 2027 1750 2065 seu
1780 2010 1942 2080 circi,
1975 2027 2112 2065 can—

463 2109 690 2165 didatos
737 2101 1076 2177 spatbaricii
1119 2109 1175 2156 et
1222 2101 1596 2155 mandatores
1638 2098 1987 2170 imperiales.
2019 2100 2114 2154 Lo-

461 2199 706 2270 gothette
738 2210 978 2266 gregum
1012 2190 1323 2261 supposita)
1355 2192 1491 2243 sunt
1522 2187 1837 2259 dignitates
1876 2189 2113 2244 diversa:

466 2288 765 2358 quinque:
801 2279 1233 2355 protonotarius
1263 2277 1447 2344 Asiae;
1483 2277 1911 2343 protonatarius
1945 2277 2116 2350 Phry-

465 2376 610 2448 giae:
647 2375 902 2428 dimcetaa
953 2370 1038 2424 vel
1087 2367 1410 2438 provisorcs
1454 2371 1798 2422 metatorum
1828 2391 1842 2434 ;
1874 2368 2115 2423 comites

468 2473 524 2521 et
567 2463 946 2534 inspectores.
980 2457 1305 2514 Domestico
1361 2455 1760 2511 bicanatorum
1808 2457 2118 2527 subjacent

468 2555 698 2609 diversa
761 2565 964 2606 novem
1024 2546 1251 2603 ofﬁcia:
1291 2550 1643 2617 topoteretae,
1704 2546 2113 2614 chartularius,

464 2643 730 2708 comites,
781 2636 1282 2710 protomandator,
1315 2634 1637 2700 centarchi,
1671 2635 1978 2705 bandiferi,
2011 2639 2114 2691 du-

466 2731 779 2789 cinialores
826 2727 913 2783 vel
972 2725 1290 2793 ducenarii,
1340 2724 1662 2795 vexilliferi,
1723 2728 2114 2783 mandatores.

471 2819 797 2878 Domestico
847 2831 1224 2874 numerorum
1277 2814 1579 2884 subjacent
1627 2815 1817 2870 ofﬁcia
1861 2832 1998 2871 sex:
2033 2822 2116 2872 to-

467 2915 788 2984 poteretas;
847 2904 1185 2962 cbartularii
1247 2903 1465 2958 tribuni
1514 2923 1529 2973 ;
1589 2906 2115 2977 protomandator;

467 2999 718 3067 vicarii;
782 2997 1196 3062 mandatores;
1255 2994 1514 3065 portarii.
1578 2995 1725 3048 4I7
1789 2993 2119 3052 Domestico

2217 665 2306 719 καὶ
2370 661 2646 740 βασιλικοὶ
2709 657 3059 735 μανδάτορες.
3092 661 3186 730 Τῷ
3219 654 3275 712 δὲ
3309 657 3573 730 λογοθέτῃ
3604 659 3712 708 τῶν
3744 655 3872 728 ἆγε-

2221 752 2335 808 λῶν
2387 751 2746 808 ὑποτέτακται
2796 747 2912 819 εἶ’δς,
2959 745 3310 818 ἀξιωμάτων,
3345 746 3456 800 οἶον
3504 745 3532 799 ὁ
3582 764 3874 820 πρωτονο-

2217 844 2404 918 τάριος
2429 843 2633 909 Ἀσίας,
2684 841 2711 895 ὁ
2778 837 3222 914 πρωτονοτάριος
3272 833 3542 911 Φρυγίας,
3599 831 3873 903 διοικηταὶ

2217 940 2326 990 τῶν
2387 936 2668 1008 μητάτων,
2714 931 2979 1005 κόμητες,
3021 927 3436 995 ἐπισκεπτῆται.
3480 928 3575 997 Τῷ
3610 922 3667 980 δὲ
3699 921 3872 998 δομε-

2219 1025 2386 1097 στίκῳ
2406 1028 2514 1079 τῶν
2573 1023 2837 1077 ἰκανάτων
2869 1014 3227 1076 ὑποτέτακται
3284 1014 3401 1086 εἷ’δη
3436 1015 3758 1088 ἀξιωμάτων
3809 1016 3873 1084 θ’,

2220 1117 2334 1172 οἷον
2393 1114 2793 1188 τοποτηρηταῖ,
2836 1108 3268 1189 χαρτουλάριος,
3337 1108 3598 1181 κόμητες,
3664 1126 3873 1182 πρωτο·

2222 1203 2534 1280 μανδάτωρ,
2595 1202 2909 1276 κὲνταρχοι,
3001 1196 3357 1278 βανδυφὺροι,
3447 1193 3874 1269 δουκινιάτορες,

2221 1295 2609 1371 σημειοφόροι,
2646 1289 2995 1366 μανδάτορες.
3052 1292 3142 1356 Τῷ
3175 1284 3232 1342 δὲ
3273 1285 3581 1360 δομεστίκῳ
3613 1290 3720 1340 τῶν
3747 1306 3875 1339 νου-

2226 1387 2403 1461 μέρων
2437 1381 2795 1439 ὑποτέτακται
2827 1379 2945 1451 εἷ’δη
2981 1380 3304 1453 ἀξιωμάτων
3347 1373 3421 1452 ἕξ,
3469 1377 3584 1433 οἷον
3633 1398 3877 1448 τοποτη-

2224 1473 2406 1550 ρηταῖ,
2477 1470 2875 1547 χαρτουλάριοι
2963 1463 3270 1544 τριὸοὖνοι,
3369 1464 3876 1542 πρωτομανδάτωρ,

2226 1565 2490 1639 βικάριοι,
2542 1560 2895 1635 μανδάτορες,
2945 1557 3233 1634 πορτάριοι
3294 1559 3426 1631 (80).
3486 1561 3575 1629 Τῷ
3625 1553 3682 1611 δὲ
3718 1554 3880 1629 δομε-

2222 1651 2393 1725 στίχῳ
2435 1655 2542 1706 τῶν
2601 1650 2919 1721 ὀπτιμάτων
2970 1648 3327 1703 ὑποτέτακται
3389 1643 3506 1716 εἷ’δη
3540 1646 3874 1718 ἀξιωμάτῶν

2225 1749 2281 1813 ε’,
2316 1741 2428 1796 οἷον
2492 1739 2892 1814 τοποτηρητάῖ,
2933 1733 3363 1813 χαρτουλάριος,
3414 1736 3678 1809 κόμητες,
3721 1735 3881 1790 κέντ-

2225 1853 2412 1911 αρχοι,
2463 1827 3080 1905 πρωτοκαγκελλάριος.
3141 1829 3237 1897 Τῴ
3315 1823 3373 1880 δὲ
3432 1823 3739 1898 δομεστίκῳ
3767 1829 3874 1880 τῶν

2223 1924 2452 1998 τειχέων
2488 1920 2848 1976 ὑποτέτακται
2883 1916 3002 1987 εἷ’δη
3030 1917 3353 1990 ἀξιωμάτων
3393 1916 3460 1984 ς’,
3491 1915 3606 1971 οἶον
3635 1936 3874 1985 τοποτη-

2223 2013 2408 2087 ρηταὶ,
2451 2009 2851 2086 χαρτουλάριοι
2891 2003 3199 2079 τηιϐοὖνοι,
3232 2002 3740 2080 πρωτομανδάτωρ,
3773 2006 3867 2079 βι-

2222 2107 2426 2178 κάριοι,
2479 2097 3181 2174 μάνδάτορες,πορτάριοι.
3233 2099 3328 2168 Τῷ
3381 2094 3440 2151 δὶ
3487 2095 3872 2170 χαρτουλσρίῳ

2219 2197 2318 2248 τοὺ
2376 2189 2671 2246 σακελλίου
2723 2189 3079 2244 ὑποτέτακται
3132 2185 3252 2256 εἷ’δη
3305 2186 3628 2258 ἀξιωμάτων
3673 2186 3724 2253 ι’,
3767 2184 3876 2239 οἷον

2221 2285 2466 2356 νοτάριοι
2505 2278 2782 2354 βασιλικοὶ
2833 2282 2930 2332 τοῦ
2983 2275 3257 2350 σεκρὲτου,
3307 2274 3739 2348 πρωτονοτάριοι
3769 2276 3880 2328 τῶν

2224 2372 2491 2446 θεμάτων,
2532 2367 2835 2444 ξενοδόχοι,
2879 2370 2906 2422 6
2961 2368 3321 2445 ζυγοστάτης,
3371 2365 3660 2440 μετρηταὶ,
3701 2385 3880 2440 γηρο-

2223 2461 2413 2534 κόμοι,
2467 2456 2868 2534 χαρτουλάριοι
2899 2460 3008 2510 τῶν
3050 2453 3215 2510 οἷ’κων
3255 2456 3397 2527 (81),
3449 2452 3878 2528 πρωτοκαγκελ-

2225 2552 2436 2622 Λάριος,
2467 2547 2858 2625 καγκελλάριοι
2887 2547 2978 2600 καὶ
3031 2547 3058 2599 6
3104 2543 3428 2618 δομὲστικος
3458 2549 3558 2613 τῆς
3609 2541 3883 2616 θυμέλης.

2223 2640 2316 2714 Τῷ
2348 2637 2403 2694 δὲ
2433 2637 2830 2716 χαρτουλαρίῳ
2861 2640 2962 2690 τοῦ
3013 2634 3330 2711 βεστιαρίου
3372 2635 3728 2689 ὑποτέτακται
3761 2630 3882 2703 εἷ’δη

2224 2730 2548 2803 ἀξιωμάτων
2588 2730 2640 2799 ι’,
2677 2729 2789 2782 οἷον
2825 2724 3103 2802 βασιλικοὶ
3146 2724 3391 2796 νοτάριοι
3441 2726 3540 2778 τοῦ
3605 2723 3888 2797 σεκρὲτου,

2224 2819 2549 2895 κένταρχος,
2610 2816 2964 2895 λεγατάριος,
3004 2813 3192 2890 ἅρχων
3225 2820 3325 2883 τῆς
3396 2818 3677 2889 χαραγῆς,
3734 2810 3891 2886 ἐξαρο

2223 2910 2412 2976 τιστής
2467 2909 2604 2980 (82),
2689 2905 3122 2985 χαρτουλάριος,
3207 2905 3557 2977 χουρὰτορες,
3646 2895 3889 2975 χοσῦαὴ-

2223 3019 2310 3054 ται
2342 2999 2477 3071 (83),
2527 2992 3078 3070 πρωτομανδάτορες.
3112 2998 3204 3065 Τῷ
3253 2990 3310 3048 δὲ
3359 2989 3753 3068 χαρτουλαρίῳ
3781 2993 3882 3047 τοῦ

1503 3091 1706 3147 JOAN.
1748 3092 1894 3150 JAC.
1939 3093 2203 3152 REISKll
2243 3095 2834 3155 COMMENTARIUS.

542 3196 652 3270 (80)
688 3195 880 3270 gForte
937 3195 1078 3247 sunt
1112 3204 1424 3270 carcerum
1476 3189 1784 3260 janitores.
1817 3262 1831 3270 _
1855 3191 1982 3246 Vid.
2036 3193 2120 3270 _ad
2153 3201 2195 3268 ο
2235 3196 2380 3270 mihi
2438 3196 2509 3251 de
2566 3211 2702 3270 voce
2760 3194 2863 3270 (my
2894 3199 2948 3247 et
2980 3191 3102 3264 bay.
3139 3191 3348 3247 deinde
3392 3191 3463 3246 de
3512 3189 3658 3270 ΙιοδαΔ
3695 3189 3883 3270 disse-

473 3262 646 3343 p.71:
687 3267 860 3322 Paulo
920 3271 1078 3343 post__
1108 3263 1457 3343 tribuuntur
1513 3278 1745 3343 quoque
1796 3262 2120 3343 domestico

474 3333 794 3396 castrorum
847 3333 1121 3406 portarii;
1157 3335 1300 3389 forte.
1337 3333 1402 3400 ii,
1432 3335 1645 3400 quibus
1687 3341 1857 3404 porta:
1901 3343 2121 3393 castro-

472 3428 604 3468 rum
635 3409 1030 3466 custodiendze
1062 3409 1387 3460 commissas
1419 3410 1600 3459 erant.

545 3482 657 3552 (81)
705 3480 907 3534 Posset
937 3481 1008 3533 de
1039 3477 1442 3546 imperialibus
1483 3476 1708 3552 palatiis
1749 3479 2123 3552 recreuationis

474 3558 532 3608 et
561 3551 981 3617 ruSticationis,
1014 3552 1070 3602 in
1105 3565 1251 3617 quas
1287 3562 1592 3617 processus
1624 3551 1808 3602 facere
1836 3551 2123 3615 solebant,

474 3629 596 3680 tam
669 3623 932 3688 urbanis,
990 3636 1163 3687 quam
1236 3619 1588 3690 suburbanis
1628 3619 1924 3690 intelligi.
1985 3623 2125 3687 Quia

476 3705 671 3751 tamen
703 3696 815 3749 ista
849 3691 1060 3760 palatia
1092 3706 1194 3746 seu
1231 3689 1442 3760 prsedia
1473 3689 1554 3743 sic
1587 3689 1997 3760 absolute’non
2031 3711 2124 3748 so-

475 3767 598 3822 lent
672 3765 726 3817 oi
797 3759 936 3818 οἶκοι
1013 3761 1316 3833 appellari,
1389 3761 1503 3833 sed,
1567 3759 1620 3812 οἱ
1698 3759 1975 3832 βασιλικοὶ
2052 3762 2127 3816 οἶ-

473 3858 565 3892 κοι
594 3842 611 3858 “
642 3837 758 3892 vid.
795 3854 850 3906 p,
882 3836 1008 3901 426,
1042 3843 1102 3888 et
1127 3833 1198 3886 de
1229 3832 1565 3906 xenodocbo
1597 3840 1654 3887 et
1685 3850 1990 3904 gerocomo
2023 3853 2124 3890 seu

476 3903 809 3980 inspectore
839 3903 1245 3980 hospitalium
1264 3910 1322 3958 et
1351 3903 1740 3980 seniliumﬂ(ut
1789 3907 1869 3980 ita
1913 3907 2126 3980 dicam)

477 3974 668 4036 sermo
738 3974 1052 4048 praecessit,
1111 3976 1290 4048 malin
1355 3977 1546 4043 potius
1597 3979 1704 4028 τῶν
1761 3974 1928 4031 οἷ’κων
1984 3974 2129 4034 acci-

479 4069 632 4125 pere
662 4043 762 4125 pro
807 4053 912 4125 τῶν
961 4047 1164 4121 εὐαγῶν
1217 4043 1378 4125 οἷ’κων
1434 4047 1704 4125 positum,
1739 4056 1796 4125 _et
1835 4052 1983 4104 aedes
2030 4067 2125 4105 ve-

480 4120 769 4180 nerabiles
802 4123 905 4194 (ita
935 4120 1292 4194 monasteria
1344 4120 1787 4194 appellant)_bic
1832 4122 2129 4194 designari

479 4196 734 4252 credere.
812 4191 976 4248 Conf.
1051 4211 1106 4262 p.
1179 4192 1304 4264 417,
1379 4191 1481 4244 426
1548 4196 1606 4244 et
1675 4192 1791 4246 536.
1868 4191 2129 4264 Agnosco

478 4274 673 4323 tamen
716 4265 864 4319 ultro
896 4261 1238 4334 argumenta
1266 4261 1388 4315 haec
1422 4277 1699 4332 perquam
1734 4261 1948 4319 debilia
1979 4281 2126 4320 esse.

551 4337 665 4409 (82)
697 4339 840 4403 Quis
870 4336 964 4390 hic
994 4343 1298 4403 mtegrator
1329 4340 1430 4387 aut
1457 4339 1640 4409 sartor
1670 4335 1757 4390 vel
1789 4342 2132 4391 restaurator

481 4406 582 4475 sit,
616 4406 729 4464 non
762 4413 995 4479 exputo.
1031 4413 1106 4461 De
1139 4411 1391 4479 sartore_
1413 4406 1658 4460 vestium
1710 4409 1965 4477 cogitare
2016 4424 2128 4463 non

480 4481 636 4536 licet.
661 4480 765 4535 Hic
790 4477 946 4535 enim
981 4479 1157 4534 nimis
1188 4477 1448 4537 humilis,
1475 4491 1652 4545 quam
1685 4483 1750 4532 ut
1780 4480 1838 4532 in
1871 4480 2130 4534 ofﬁcium

483 4553 707 4624 regium
787 4552 1039 4624 veniat;
1099 4548 1388 4624 ιιι-βινωοὶ
1449 4546 1667 4624 ’ῥάπτην
1738 4551 1824 4604 vel
1900 4548 2127 4624 ᾄκεστὴν

483 4617 616 4680 cuin
667 4622 983 4694 appellant,
1011 4637 1126 4694 non
1179 4617 1514 4691 ἐξαρτιστήν.
1550 4620 1728 4674 Penes
1770 4637 1858 4675 me
1889 4622 2134 4677 dubium

483 4712 600 4751 non
633 4693 753 4758 est,
781 4694 917 4750 huic
947 4693 1138 4748 ofﬁcio
1168 4708 1297 4745 cum
1336 4695 1565 4744 moneta
1591 4695 1891 4757 negotium
1938 4695 2136 4761 fuisse,

482 4769 582 4824 sed
624 4767 764 4838 quid
813 4765 1282 4838 proprieegerit,
1317 4763 1470 4838 alius
1517 4764 1742 4817 dixerit.
1781 4766 2006 4819 Interea
2039 4782 2134 4819 ne-

483 4857 621 4910 gare
646 4835 853 4894 'nolim
915 4837 1179 4906 potuisse
1211 4835 1424 4890 Graecis
1469 4842 2045 4910 eorumhtemporum
2080 4838 2137 4890 in

483 4903 597 4964 usu
655 4910 856 4977 fuisse,
891 4903 955 4963 ut
1006 4913 1287 4962 sartorem
1347 4905 1598 4960 vestium
1662 4903 1977 4977 ἐξαρτιοτὴν
2036 4926 2139 4975 ap-

485 4927 597 4964 usu
655 4925 856 4977 misse,
891 4925 955 4963 ut
1006 4925 1287 4962 sarturem
1347 4925 1598 4960 vesnum
1662 4925 1750 4973 εξα
1789 4927 1977 4975 τιστην
2036 4926 2139 4975 ap-

485 4981 788 5051 pellarent,
823 4997 1058 5052 prorsus
1091 4985 1154 5052 ut
1184 4977 1372 5032 Latini
1429 4984 1721 5052 sartorem.
1756 4925 1901 5034 ﬁlum
1953 4986 2145 5034 sartor

488 5049 594 5116 est,
627 5055 724 5122 qui
766 5049 991 5107 sartum
1043 5051 1202 5115 facit,
1255 5066 1378 5122 non;
1422 5049 1838 5122 vestimentum
1887 5057 2140 5115 tantum,

488 5122 588 5175 sed
622 5120 774 5177 aliud
811 5124 1222 5194 quodcunque.
1259 5121 1329 5175 Et
1360 5120 1547 5174 Latini
1582 5123 1757 5177 medii
1791 5139 2021 5194 quoque
2051 5139 2144 5186 pa-

487 5199 733 5265 ralorem
766 5195 1153 5265 appellabant,
1194 5209 1368 5265 quem
1405 5208 1511 5248 nos
1542 5198 1868 5263 sartorem;
1902 5195 2018 5249 vid.
2053 5194 2142 5250 Du

489 5263 682 5330 Gange
709 5279 762 5316 v.
791 5263 1040 5320 Parator.

561 5328 676 5405 (83)
733 5334 974 5390 Perinde
1031 5341 1121 5390 est
1164 5335 1269 5400 sic,
1301 5334 1387 5390 vel
1446 5328 1748 5390 Χοσϐαῖται
1807 5337 2056 5405 scribas,
2085 5345 2145 5391 ut

490 5404 840 5478 plerumque
870 5407 1016 5478 soluet
1044 5407 1288 5461 exarari.
1317 5408 1400 5461 lta
1423 5414 1514 5462 est
1535 5409 1590 5461 in
1623 5408 1848 5463 Glossis
1875 5427 1887 5464 :
1911 5404 2144 5463 XoaBa’i-

489 5475 590 5546 της
641 5477 669 5531 6
717 5475 1080 5550 βεστιαρίτης.
1143 5478 1459 5533 Vcstiaritae
1517 5479 1694 5546 igitur
1749 5487 1912 5534 erant
1963 5481 2142 5535 Chos-

491 5551 660 5606 baitas
718 5565 961 5614 omnes;
996 5555 1054 5601 at
1085 5564 1197 5602 non
1257 5551 1515 5604 vicissim
1577 5567 1783 5605 omnes
1840 5553 2143 5606 vestiaritw

492 5629 660 5677 erant
704 5621 1048 5677 Chosbaitae.
1081 5619 1260 5672 Erant
1289 5628 1483 5676 autem
1529 5622 1586 5676 bi
1636 5639 1763 5679 mea
1794 5627 2080 5678 sententia
2112 5641 2145 5678 a

493 5695 705 5749 calceis
737 5701 792 5748 et
823 5691 1126 5748 tibialibus
1181 5695 1441 5759 Augusti,
1474 5699 1531 5748 et
1561 5695 1645 5749 sic
1697 5695 1833 5748 dicti
1869 5697 1942 5749 ab
1973 5696 2139 5761 hnsis,

494 5767 650 5837 quod
698 5765 961 5820 horarum
1009 5763 1165 5837 bayri,
1203 5762 1491 5837 ti_bialium
1537 5770 1593 5820 et
1635 5781 1932 5822 ocrearum
1981 5767 2144 5837 pueri

491 5833 582 5890 vel
636 5837 785 5891 servi
845 5839 1060 5892 essent.
1088 5833 1259 5898 ’Quod
1311 5839 1377 5889 ut
1429 5836 1840 5904 demonstrem,
1885 5833 2140 5909 primum

2234 3266 2480 3323 rendum
2531 3267 2659 3321 erit.
2699 3266 2781 3319 Ad
2830 3261 3005 3332 hanc,
3040 3261 3215 3335 quam
3271 3263 3568 3333 proposui,
3611 3261 3888 3335 etymolo-

2233 3341 2388 3411 giam
2449 3355 2626 3411 manu
2688 3353 2780 3411 me
2838 3338 3005 3411 duxit
3062 3333 3173 3411 vox
3235 3335 3498 3411 Marepqi,
3551 3333 3888 3411 ῌᾳνξραὴίε,

2232 3405 2538 3481 Βανερακὶις
2591 3414 2648 3464 et
2705 3409 3031 3481 Marepuagirs.
3077 3406 3294 3481 Omnes
3337 3406 3534 3481 _en_im_
3565 3406 3620 3460 bi
3655 3405 3888 3481 _diversi

2234 3477 2391 3538 sunt'
2422 3481 2581 3536 modi
2631 3477 3127 3552 pronuntiationis
3157 3485 3213 3533 et
3241 3477 3572 3552 scriptionis
3607 3477 3883 3552 ejusdem

2231 3555 2414 3619 vocis,
2441 3569 2568 3623 quae
2603 3549 2842 3622 puerum
2875 3567 3183 3621 equorum,
3207 3549 3546 3618 equisonem
3571 3549 3884 3618 signiﬁcat.

2233 3626 2566 3696 Composita
2597 3623 2698 3679 illa
2731 3630 2816 3678 est
2850 3639 2918 3676 ex
2949 3638 3094 3696 voce_
3114 3638 3290 3696 mare,
3312 3637 3474 3696 equa,
3494 3628 3553 3696 et
3579 3635 3687 3696 pay
3725 3636 3886 3689 puer.

2237 3692 2487 3753 Manavit
2537 3697 2658 3751 haec
2703 3711 2808 3750 vox
2852 3711 2960 3764 pay
3009 3693 3098 3747 vel
3148 3694 3250 3763 bay
3303 3693 3501 3764 plures
3539 3694 3598 3746 in
3632 3692 3892 3762 linguas.

2235 3768 2407 3838 Angli
2457 3767 2593 3822 inde
2647 3767 2745 3836 boy
2797 3763 3176 3820 retinuerunt.
3211 3766 3324 3819 Nos
3369 3763 3524 3838 bube,
3558 3765 3894 3838 bufe,_un_de

2237 3833 2578 3894 Francicam
2633 3833 2850 3909 boaﬂon
2903 3846 2956 3892 et
3005 3838 3378 3906 bou/‘onnerie,
3421 3835 3686 3909 Bt‘tberey.
3719 3833 3896 3890 Dein—

2239 3927 2375 3979 ceps
2425 3908 2860 3975 demonstrabo,
2893 3925 2925 3979 y
2953 3914 3010 3962 et
3037 3927 3069 3975 g
3102 3915 3157 3960 et
3187 3915 3207 3974 Ι
3239 3911 3296 3979 et
3323 3925 3370 3962 w
3403 3923 3551 3976 saepe
3581 3908 3732 3960 vices
3769 3923 3895 3975 per-

2239 3977 2467 4037 mutare
2515 3982 2667 4034 inter
2697 3997 2778 4034 se.
2812 3977 2925 4034 Nos
2963 3995 3196 4050 quoque
3236 3977 3527 4050 Germani,
3553 3994 3746 4032 vocem
3781 3979 3891 4050 bag

2241 4053 2619 4115 retmuimus,
2652 4059 2708 4106 et
2740 4050 2945 4106 Franci
2991 4049 3163 4121 atque
3204 4050 3326 4104 Itali
3358 4049 3536 4121 medii
3563 4050 3667 4103 aevi
3700 4049 3893 4104 nobis-

2239 4141 2374 4181 cum
2435 4139 2627 4194 pagus,
2683 4139 2872 4192 vagus,
2931 4139 3032 4192 pro
3073 4120 3451 4177 adolescente
3519 4120 3774 4175 formoso
3807 4126 3891 4194 iet

2241 4203 2480 4251 strenuo
2512 4194 2878 4260 adhibentes,
2906 4194 3060 4248 unde
3091 4200 3289 4247 natum
3325 4195 3476 4261 pazis
3495 4198 3550 4246 et
3565 4209 3703 4263 page
3725 4212 3739 4260 ;
3764 4193 3886 4248 vid.

2241 4269 2518 4323 Murator.
2573 4269 2706 4322 Ant.
2758 4265 2884 4321 Ital.
2922 4272 2960 4320 t.
2998 4265 3068 4328 Il,
3103 4282 3158 4335 p.
3195 4265 3351 4319 1325.
3391 4266 3696 4319 Germanis
3745 4263 3890 4318 olim

2243 4338 2629 4394 terminabant
2651 4338 2998 4392 diminutiva
3019 4337 3075 4391 in
3105 4337 3176 4402 el,
3193 4353 3365 4407 quam
3392 4335 3890 4402 terminationem,

2243 4417 2309 4467 ut
2340 4411 2572 4479 reliquae
2613 4414 2812 4480 gentes
2853 4409 3210 4464 Germanicae
3261 4424 3411 4480 pene
3458 4407 3900 4480 oblitterarunt,

2241 4483 2323 4538 ita
2355 4483 2524 4538 Silesi
2555 4491 2627 4547 et,
2657 4482 2703 4534 si
2739 4481 2885 4536 bene
2919 4480 3182 4544 memini,
3220 4479 3508 4535 Austriaci
3545 4486 3664 4534 tam
3698 4483 3904 4534 terunt

2243 4554 2455 4619 adhuc,
2489 4559 2552 4608 ut
2589 4553 2755 4607 nimii
2814 4551 2872 4606 in
2931 4568 2997 4606 eo
3061 4552 3178 4606 sint
3231 4557 3290 4605 et
3345 4552 3540 4606 omnia
3593 4566 3739 4621 pene
3799 4565 3902 4605 vo-

2247 4626 2455 4681 cabula
2484 4626 2542 4678 in
2568 4625 2617 4679 el
2647 4624 2982 4679 terminent.
3013 4623 3340 4694 Supersunt
3369 4629 3564 4677 tamen
3595 4621 3784 4694 adhuc
3818 4628 3906 4675 ta-

2248 4697 2325 4751 lia
2355 4698 2413 4750 in
2448 4702 2645 4751 nostro
2676 4710 2908 4765 quoque
2938 4692 3226 4760 sermone,
3251 4696 3348 4748 sed
3381 4711 3581 4765 pauca,
3605 4692 3902 4748 utSchen-

2250 4768 2356 4833 Iret,
2382 4767 2602 4828 chkel,
2628 4767 2816 4834 Enkel,
2839 4772 2896 4820 et
2920 4769 3155 4820 nomina
3175 4766 3437 4836 quadam
3465 4765 3698 4835 prapria
3719 4768 3904 4820 Fren-

2245 4840 2331 4894 kcl
2358 4845 2415 4894 et
2442 4839 2688 4906 Frenzel,
2719 4837 3062 4904 Franculus,
3105 4837 3414 4906 Schwabel,
3446 4836 3746 4904 Suevelus,
3779 4841 3898 4890 etc.

2245 4914 2536 4975 Quorsum
2587 4910 2708 4965 haec
2753 4909 3065 4979 spectant?
3097 4908 3216 4963 Huc
3263 4925 3490 4978 nempe.
3525 4914 3570 4963 A
3603 4910 3727 4977 bag,
3755 4923 3906 4978 puer

2245 4984 2331 5037 vel
2391 4982 2723 5040 adolescens.
2757 4981 3028 5035 dicebant
3083 4985 3307 5035 veteres
3367 4981 3542 5050 bagel,
3575 4980 3902 5034 adolescen-

2247 5055 2416 5110 tulus.
2450 5053 2597 5108 Hinc
2645 5051 2958 5122 bagelarius
2989 5061 3040 5106 ct
3081 5051 3412 5122 corruptius
3462 5051 3654 5107 adhuc
3705 5051 3904 5105 bacca-

2251 5126 2475 5180 laureus
2524 5141 2624 5193 pro
2673 5121 2879 5190 tirone,
2912 5129 3028 5177 tam
3072 5121 3334 5192 militari,
3368 5138 3541 5194 quam
3592 5121 3904 5194 litterario,

2251 5197 2351 5268 qui
2383 5197 2644 5252 nondum
2701 5195 2871 5250 miles
2901 5203 3002 5268 aut
3034 5195 3318 5266 magister
3347 5193 3560 5268 artium
3592 5200 3695 5249 est.
3730 5193 3905 5248 Conf.

2254 5267 2338 5324 Du
2386 5268 2580 5336 Gange
2627 5283 2681 5320 v.
2727 5267 3152 5321 Baccalaureus.
3206 5267 3535 5322 Baccalarz'a
3581 5281 3738 5335 vero,
3770 5281 3906 5334 quae

2249 5344 2336 5395 est
2367 5340 2550 5410 predii
2599 5338 2798 5393 rustici
2843 5339 3085 5407 species,
3121 5341 3185 5393 ut
3213 5337 3323 5392 hoc
3355 5337 3523 5393 liceat
3553 5337 3612 5410 in
3647 5337 3911 5410 transitu

2250 5408 2557 5483 attingere,
2591 5418 2682 5464 est
2712 5415 2985 5483 corrupta
3017 5410 3414 5483 pronuntiatio
3452 5408 3607 5464 vocis
3652 5408 3911 5483 bucella—

2249 5485 2358 5546 νέα,
2394 5478 2676 5552 praedium
2720 5481 2896 5536 alicui
2943 5478 3028 5536 in,
3057 5481 3340 5537 bucellam
3385 5484 3606 5552 datum,
3641 5480 3798 5536 unde
3833 5478 3918 5534 vi-

2249 5551 2406 5610 ctum
2489 5555 2716 5608 habeat.
2773 5553 2893 5607 Vox
2960 5553 3230 5624 bajulart's
3298 5554 3452 5624 apud
3527 5551 3910 5624 Ugutionem,

2249 5628 2348 5696 qui
2413 5627 2664 5691 juvenem
2733 5623 3350 5696 [orlemrsiuniﬁcare’
3391 5625 3641 5696 ait,7est
3699 5623 3912 5678 eadem

2248 5694 2426 5770 atque
2513 5694 2830 5752 bacalart'us
2887 5695 2973 5752 vel
3047 5694 3484 5770 baccalaureatu.
3518 5694 3639 5749 Vox
3706 5701 3914 5770 autem

2248 5766 2483 5840 bagulus
2516 5786 2618 5840 pro
2663 5777 2950 5837 curatore,
2986 5769 3151 5840 unde
3181 5766 3390 5834 bailtii,
3424 5772 3653 5840 natum,
3685 5767 3732 5820 si
3768 5769 3921 5840 quis

2247 5837 2461 5897 ab'hoc
2492 5837 2596 5908 b'ay
2626 5845 2683 5897 et
2709 5842 2837 5911 ejus
2867 5837 3228 5896 deminutivo
3261 5840 3417 5913 bayal
3450 5838 3710 5896 derivare
3740 5837 3915 5906 velit,
