4124 6416
339 407 498 468 1333

1200 407 1300 467 DE
1344 403 1795 469 CERIMONIIS
1841 405 2078 466 AULZE
2120 405 2595 466 BYZANTINAE
2638 405 2790 465 LIB.
2841 407 2922 464 II.

3617 405 3772 466 i334

341 539 461 594 οἷον
513 537 728 608 ὕπατοι,
778 537 1122 613 βεστήτορες,
1189 539 1566 617 σιλεντιάριοι,
1614 540 1967 616 ἄποεπάρχον

2117 555 2363 596 novem:
2396 537 2865 612 protonotarius;
2911 537 3122 594 notarii
3166 535 3542 608 imperiales;
3587 552 3762 593 cura-

337 649 454 698 τες,
485 626 871 706 συγκλητικοί.

341 722 598 777 rustici:
659 722 849 790 major
906 720 1107 792 palatii
1168 724 1238 779 de
1300 724 1633 779 Eleutherio
1694 722 2024 789 nominati;

2111 635 2266 686 tores
2311 630 2697 700 palatiorum;
2730 633 3030 684 curatores
3072 627 3418 699 praediorum
3449 631 3507 684 et
3539 626 3765 696 pecoris

2082 721 2462 776 xenodochus
2519 719 2802 792 Sangari;
2863 719 3242 776 xenodochus
3301 720 3615 792 Pylarum;
3675 735 3770 774 xe-

343 811 647 867 nodochus
702 811 1076 881 Nicomediae,
1143 819 1199 868 et
1255 815 1494 869 curiosi.
1557 813 1817 869 Guratori
1887 827 2312 883 manganorum
2384 809 2610 882 [palatii
2682 810 2887 864 urbani
2949 811 3033 864 sic
3091 809 3253 882 dicti]
3313 810 3514 864 eadem
3577 808 3772 863 ofﬁcia

341 901 618 968 subsunt,
651 917 778 972 quae
822 917 1034 972 magno
1084 903 1336 958 curatori
1389 909 1598 974 praeter
1644 904 2029 958 xenodochos.
2065 900 2551 972 Orphanotropho
2606 901 2855 955 subsunt
2903 899 3096 956 ofticia
3145 906 3435 971 quatuor:
3470 899 3770 954 chartula-

339 991 411 1047 rii
445 991 1074 1058 domus;chartularii
1135 993 1514 1049 sanctimonii
1575 994 1685 1065 [vel
1738 1010 1915 1066 opum
1966 993 2026 1048 in
2075 993 2201 1063 pios
2251 1009 2396 1046 usus
2428 995 2484 1046 et
2523 991 2930 1047 educationem
2990 991 3261 1047 orborum
3319 990 3762 1062 depositurum;

338 1080 600 1138 arcarius
651 1085 709 1136 et
766 1086 1085 1138 curatores.
1123 1080 1447 1154 Unicuique
1505 1083 1813 1138 amborum
1874 1082 2318 1138 demarchorum
2381 1081 2690 1152 subjacent
2749 1081 2866 1136 hac
2924 1080 2985 1136 in
3045 1081 3293 1136 factione
3346 1096 3594 1153 quaeque
3652 1095 3762 1136 sua

338 1168 570 1225 ofﬁcia:
604 1169 990 1226 secundicerii
1019 1185 1032 1236 ;
1067 1169 1462 1227 chartularius
1491 1189 1503 1238 ;
1553 1176 1720 1243 poeta
1752 1189 1768 1241 ;
1803 1170 2112 1226 archontes
2146 1188 2160 1236 ;
2213 1169 2590 1241 gitoniarchaa
2648 1168 2736 1224 vel
2794 1168 3126 1225 insularum
3186 1169 3454 1241 magistri
3491 1186 3504 1236 ;
3555 1173 3756 1225 canto-

332 1271 461 1325 res;
505 1258 717 1315 notarii
779 1258 1151 1325 factionum;
1195 1260 1434 1332 aurigae,
1494 1260 1755 1331 primarii
1815 1260 1886 1314 de
1943 1259 2194 1314 factione
2247 1257 2352 1312 viri
2411 1263 2468 1313 et
2525 1258 2793 1314 factionis
2850 1258 3096 1315 tribules
3152 1257 3381 1330 plebeii.
3445 1257 3598 1314 418
3660 1259 3762 1314 Ce-

327 1345 704 1403 rimoniarius
737 1349 976 1404 tandem
1037 1349 1142 1404 sub
1192 1365 1254 1405 se
1284 1349 1462 1405 habet
1505 1349 1698 1405 ofﬁcia
1743 1349 2044 1420 quinque:
2081 1348 2322 1420 hypatos
2371 1364 2473 1403 seu
2525 1347 2812 1419 consules,
2845 1347 3168 1419 vestitores,
3201 1347 3576 1417 silentiarios,
3609 1347 3765 1404 viros

323 1438 686 1507 praefectales
717 1442 773 1494 et
807 1437 1162 1510 syncleticos
1195 1456 1298 1495 seu
1331 1441 1676 1496 senatorios.

327 1533 466 1608 Ηερὶ
517 1541 620 1609 τεῆς
665 1537 774 1609 τῶν
836 1535 1118 1609 εὐνούχων
1155 1537 1364 1609 ,τάξεως
1420 1535 1512 1609 καὶ
1566 1542 1666 1604 τῆς
1701 1538 1824 1609 ,τῶν
1870 1533 1994 1603 ἀξι-

406 1605 646 1681 ωμάτων
706 1605 882 1681 αὐτῶν
952 1605 1352 1681 κυριοκλησίας
1413 1607 1503 1662 καὶ
1574 1607 1815 1677 ποσότης
1886 1610 1995 1660 τῶν

406 1677 707 1748 συνηθειῶν
741 1677 922 1732 αὐτῶν
937 1699 950 1712 ·

405 1769 475 1825 Αἱ
515 1765 572 1822 δὲ
615 1772 724 1822 τῶν
779 1766 1056 1844 εὖνούχῶν
1127 1767 1270 1840 ἀξίαι
1329 1767 1418 1822 καὶ
1467 1768 1621 1824 αὗται
1671 1769 1765 1842 μὲν
1819 1763 1990 1842 διχῶς

337 1853 599 1913 δίδονται.
659 1855 758 1911 Καὶ
806 1858 907 1932 γὰρ
958 1856 1013 1911 αἱ
1073 1857 1168 1930 μὲν
1213 1855 1265 1926 ἐξ
1315 1857 1496 1912 αὐτῶν
1539 1855 1680 1932 ἔργῳ
1734 1859 1846 1928 (94)
1897 1854 1992 1916 τὰς

329 1943 482 2016 ἀξίας
531 1945 780 2018 νομίμως
837 1940 1231 2018 λαμϐάνουσιν·
1293 1947 1348 2000 αἱ
1384 1943 1441 2000 δὲ
1482 1944 1637 2021 λόγῳ
1669 1950 1785 2008 τοῖς
1817 1944 1993 2018 ἀξίοις

332 2034 742 2111 προσγίνονται,
782 2034 953 2090 αἶ’καὶ
1014 2033 1214 2110 ῥᾳδίως
1265 2035 1326 2090 ἐκ
1372 2037 1681 2110 προσώπων
1722 2036 1798 2097 εἷς
1829 2034 1994 2109 πρόσ-

331 2146 455 2180 ωπα
505 2123 654 2198 λόγῳ
697 2123 965 2199 βασιλέως
1003 2126 1385 2202 μετέρχονται.
1431 2125 1558 2182 Εἰσὶ
1610 2123 1668 2180 δὲ
1717 2127 1857 2198 ὁμοῦ
1886 2127 1990 2179 πᾶ-

332 2236 418 2269 σαι
449 2216 501 2270 αἱ
536 2211 626 2270 διὰ
670 2209 945 2289 βραϐείων
994 2214 1179 2277 αὐτοῖς
1212 2215 1707 2290 παρεχόμεναιτόν
1757 2215 1989 2289 ἀριθμὸν

327 2303 494 2360 ὀκτώ.
545 2303 654 2362 Καὶ
707 2305 904 2379 πρώτη
952 2305 1044 2378 μὲν
1106 2305 1158 2358 ἰν
1215 2303 1399 2366 αὐτοῖς
1464 2307 1500 2374 ἡ
1550 2309 1658 2359 τῶν
1726 2307 1992 2378 νιψιστισ-

328 2394 460 2469 ρίων
503 2396 612 2468 (95)
673 2393 793 2464 ἀξία
843 2394 1191 2468 γνωρίζεται,
1251 2394 1320 2463 ἦς
1407 2390 1663 2469 βραϐεῖον
1731 2394 1986 2467 καμῖσιον

325 2483 511 2540 λινοῦν
570 2479 1069 2557 ὑποϐλαττωμὲνον
1115 2486 1225 2558 (96)
1276 2485 1523 2560 σχήματι
1576 2484 1798 2557 φιαλίου
1849 2487 1986 2558 (97),

325 2573 418 2627 καὶ
471 2570 642 2649 λόγος
703 2571 974 2646 βασιλέως
1038 2573 1490 2650 προσγινόμενος.
1553 2573 1783 2630 Δίδωσιν
1861 2595 1982 2628 συν-

322 2664 510 2732 ἡθειαν
539 2667 656 2725 τοῖς
691 2665 1078 2737 πραιποσίτοις
1115 2664 1204 2737 ιβ’,
1229 2668 1308 2736 τῷ
1338 2661 1572 2738 δευτέρῳ
1591 2667 1658 2740 γ’,
1683 2669 1761 2737 τῷ
1792 2685 1986 2740 πριμι-

319 2753 505 2826 κηρίῳ
550 2750 715 2808 αὐτοῦ
758 2753 820 2827 β’,
891 2751 1118 2828 Δευτέρα
1175 2750 1230 2807 δὲ
1273 2755 1306 2821 ἡ
1366 2757 1462 2808 τοῦ
1520 2749 1984 2829 κουϐικουλαρίου

324 2841 465 2910 ἀξία,
506 2841 574 2911 ἧς
612 2835 864 2917 βραϐεῖον
922 2841 956 2908 ἡ
1008 2841 1272 2920 ἀμφίασις
1320 2847 1417 2896 τοῦ
1473 2838 1978 2917 περιϐλαττομὲνου

319 2928 586 3002 καμισίου
632 2927 724 2984 καὶ
773 2931 808 2999 ἡ
864 2933 963 2984 τοῦ
1010 2928 1312 3005 λεγομένου
1362 2925 1734 3005 παραγαϐδίου
1781 2931 1976 3003 στολὴ,

329 3018 364 3088 ἢ
398 3016 488 3072 καὶ
522 3015 612 3072 διὰ
640 3019 740 3088 τῆς
780 3023 890 3073 τῶν
951 3019 1322 3094 πραιποσίτων
1369 3020 1664 3094 παρουσίας
1710 3022 1979 3098 γνωρίζε-

320 3127 435 3165 ται.
478 3104 712 3162 Δίδωσιν
767 3109 1052 3178 συνήθειαν
1102 3113 1218 3171 τοῖς
1277 3109 1660 3182 πραιποσίτοις
1685 3132 1734 3167 ν.
1772 3111 1863 3182 ιβ’,
1895 3113 1975 3182 τῷ

2107 1534 2184 1588 De
2231 1533 2423 1590 ordine
2478 1533 2878 1604 cunuchorum,
2927 1535 3199 1605 quomodo
3256 1535 3578 1605 dignilales,
3630 1549 3764 1606 quas

2175 1622 2365 1676 gerere
2421 1608 2614 1674 solent,
2666 1607 3035 1676 appellentur,
3087 1617 3137 1662 el
3191 1611 3428 1678 quantas
3483 1607 3616 1662 dare
3665 1623 3762 1678 pro

2176 1693 2393 1748 quoque
2418 1679 2636 1732 soleant
2665 1680 3106 1734 consuemdines.
3221 1679 3224 1681 Α

2175 1765 2496 1837 Dignitates
2545 1767 2952 1822 eunuchorum
3006 1772 3148 1822 sunt
3197 1767 3453 1839 duplicis
3500 1767 3757 1840 generis.

2101 1854 2349 1918 Quidam
2373 1873 2471 1910 eas
2497 1872 2699 1927 reapse
2730 1855 2990 1927 legitime
3022 1863 3487 1927 consequuntur,
3510 1857 3637 1912 alias
3661 1871 3762 1926 per

2101 1947 2349 2016 simplex
2369 1948 2625 2002 edictum
2652 1948 2848 2019 dignis
2875 1947 3187 2020 obtingunt
3215 1967 3230 2016 ;
3257 1964 3384 2019 qua
3408 1951 3758 2018 posteriores

2102 2035 2278 2091 etiam
2330 2036 2515 2104 facile,
2560 2045 2730 2108 prout
2773 2037 3045 2092 dominus
3084 2037 3352 2107 jusserit,
3397 2038 3468 2092 ab
3516 2054 3630 2093 uno
3681 2037 3756 2093 ad

2097 2125 2346 2181 alterum
2401 2130 2724 2182 transeunt.
2777 2131 2924 2180 Sunt
2978 2131 3174 2181 autem
3231 2125 3572 2198 dignitates,
3622 2143 3751 2198 qua

2099 2216 2384 2271 eunuchis
2426 2231 2560 2272 cum
2595 2215 2824 2271 brabeis
2865 2216 3038 2271 tribui
3078 2217 3290 2283 solent,
3323 2215 3379 2270 in
3418 2216 3749 2272 universum

2099 2311 2248 2362 octo.
2281 2307 2350 2360 Et
2381 2307 2566 2377 prima
2597 2307 2831 2378 quidem
2870 2307 3392 2374 malluviariorurn,
3425 2307 3594 2378 cujus
3626 2309 3757 2364 bra-

2100 2395 2272 2450 beum
2305 2400 2393 2450 est
2423 2396 2733 2450 camisium
2766 2395 2854 2452 vel
2887 2396 3186 2451 indusium
3225 2395 3468 2463 lineum,
3502 2397 3754 2452 sericum

2097 2485 2251 2540 velut
2281 2484 2578 2541 cucullum
2615 2485 2856 2551 habens,
2880 2491 2937 2540 et
2958 2485 3130 2540 simul
3162 2486 3457 2541 sententia
3487 2487 3749 2558 impera-

2099 2574 2243 2630 toris
2265 2590 2360 2630 ore
2381 2575 2702 2641 enuntiata,
2728 2573 3190 2645 dignitatemque
3210 2573 3372 2629 illam
3396 2574 3745 2632 attribuens.

2095 2668 2202 2719 Dat
2241 2658 2727 2720 consuetudinem
2772 2662 3100 2734 praepositis
3139 2661 3358 2719 solidos
3391 2665 3480 2730 12,
3511 2665 3748 2723 deutero

2091 2756 2144 2825 3,
2171 2755 2498 2826 primicerio
2520 2771 2623 2811 suo
2647 2755 2815 2826 [puta
2839 2754 3452 2826 malluviariorum],2.
3477 2755 3746 2813 Secunda

2091 2845 2344 2917 dignitas
2383 2853 2468 2900 est
2503 2844 2870 2913 cubicularii,
2902 2846 3075 2915 cujus
3113 2844 3345 2915 insigne
3375 2849 3462 2900 est
3498 2845 3744 2916 gestatio

2089 2935 2316 2990 camisii
2345 2933 2579 2990 blalteis
2612 2935 2952 3004 praetextati,
2984 2943 3035 2988 et
3068 2933 3153 2989 sic
3184 2933 3323 2988 dicti
3356 2935 3740 3006 paragaudii;

2090 3029 2190 3080 aut
2240 3024 2410 3079 etiam
2451 3043 2484 3078 a
2525 3024 2830 3094 praesentia
2884 3023 3324 3094 praepositorum
3378 3023 3740 3093 agnoscitur.

2087 3119 2197 3169 Dat
2239 3112 2564 3184 praepositis
2605 3111 3084 3169 consuetudinem
3116 3112 3337 3168 solidos
3379 3113 3465 3180 l2,
3497 3116 3734 3170 deutero

330 3194 619 3270 δευτέρων.
654 3194 803 3270 δ’,τῷ
832 3198 1184 3273 πριμικηρίῳ
1218 3220 1266 3254 ν.
1306 3197 1551 3272 β’.Τρίτη
1582 3200 1728 3266 ἡτοῠ
1762 3210 1970 3262 σπαθα-

2089 3203 2140 3270 4,
2157 3203 2486 3274 primicerio
2506 3203 2560 3256 ‘2.
2578 3201 2769 3257 Tertia
2791 3205 2880 3256 est
2902 3200 3524 3272 spatharocubicularii
3549 3203 3740 3274 digni-

320 3281 856 3362 ροκουϐικουλαρίου
922 3287 1062 3360 ἀξία,
1123 3287 1192 3355 ἦς
1241 3283 1516 3358 βραϐεῖον,
1565 3289 1790 3342 σπαϐίον
1832 3308 1972 3363 χρυ-

321 3374 570 3444 σόκανον,
595 3375 806 3450 ὁμοίως
827 3381 942 3439 τοῖς
977 3375 1296 3451 σπαθαρίοις
1331 3374 1418 3430 διὰ
1460 3377 1751 3452 βασιλικῆς
1781 3378 1969 3452 χειρὸς

313 3461 642 3520 ἐπιδίδοται.
679 3462 870 3520 διδωσι
904 3468 1191 3535 συνήθειαν
1221 3471 1340 3528 τοῖς
1370 3465 1754 3540 πραιποσίτοις
1794 3489 1843 3522 ν.
1874 3467 1966 3538 ιη’,

313 3558 396 3626 τῷ
425 3554 602 3627 παπίᾳ
629 3553 719 3610 καὶ
769 3559 846 3627 τῷ
878 3553 1112 3629 δευτέρῳ
1150 3577 1199 3610 ν.
1240 3557 1306 3631 β’,
1336 3561 1417 3628 τῷ
1445 3555 1794 3630 πριμικηρίῳ
1820 3579 1868 3615 ν.
1903 3555 1966 3614 δ’.

319 3643 566 3718 Τετάρτη
600 3646 635 3714 ἡ
684 3665 792 3700 των
841 3641 1132 3720 ὀστὶαρίων
1184 3643 1325 3716 ἀξία,
1357 3647 1424 3714 ἧς
1467 3641 1742 3720 βραϐεῖον,
1787 3651 1963 3720 χρυσῆ

316 3727 518 3809 ῥάϐδος
569 3731 629 3788 ἐκ
659 3732 827 3788 λίθων
869 3735 1073 3806 τιμίων
1127 3733 1554 3810 περικεφαλαίαν
1586 3738 1694 3808 (98)
1742 3729 1965 3810 ἔχουσα,

313 3821 405 3876 διὰ
453 3822 642 3897 χειρὸς
702 3821 974 3898 βασιλέως
1031 3819 1353 3881 ἐπιδίδοται.
1391 3821 1533 3878 Δίδει
1579 3826 1858 3894 συνήθειαν
1887 3829 1967 3897 τῷ

308 3911 488 3982 παπίᾳ
515 3913 604 3966 καὶ
646 3916 726 3983 τῷ
759 3909 996 3986 δευτέρῳ
1025 3934 1072 3970 ν.
1115 3915 1179 3985 ς“,
1211 3919 1327 3975 τοῖς
1371 3914 1754 3988 πραιποσίτοις
1778 3937 1826 3972 ν.
1861 3913 1966 3986 κδ’,

307 4002 385 4070 τῷ
415 3997 767 4074 πριμικηρίῷ
795 4003 892 4054 τοῦ
920 3995 1315 4056 κουϐουκλείου
1346 4021 1394 4059 ν.
1428 3998 1491 4057 δ’.
1524 4001 1755 4075 ΙΙέμπτη
1786 4005 1822 4072 ἡ
1857 4007 1964 4057 τῶν

305 4085 690 4160 πριμικηρίων
731 4086 871 4158 ἀξία,
913 4090 979 4157 ἧς
1024 4084 1305 4164 βραϐεῖον,
1336 4091 1508 4166 χιτὼν
1547 4089 1738 4154 λευκὸς
1761 4092 1856 4146 σὺν
1879 4092 1969 4147 ἐπ-

303 4173 508 4247 ωμίοις
537 4177 646 4248 (99)
677 4177 766 4231 καὶ
807 4175 1020 4240 πώλοις
1052 4181 1127 4252 (1)
1177 4179 1640 4257 χρυσοϋφάντοις,
1693 4180 1963 4256 λαμπρῶς

2084 3299 2196 3357 tas,
2229 3294 2399 3363 cujus
2448 3293 2675 3361 insigne
2726 3291 2932 3361 spatha
2980 3308 3112 3346 cum
3173 3307 3349 3346 aureo
3398 3293 3734 3362 manubrio,

2081 3383 2293 3454 pariter
2341 3387 2517 3453 atque
2566 3381 2881 3450 spathariis
2924 3386 3035 3446 est,
3069 3381 3230 3453 regia
3275 3397 3450 3436 manu
3502 3383 3732 3437 tradita.

2087 3474 2190 3526 Dat
2226 3470 2710 3525 consuetudinem
2753 3469 3080 3540 praepositis
3123 3485 3394 3525 nummos
3427 3469 3514 3535 18,
3547 3471 3733 3541 ρορὶω

2079 3567 2137 3616 et
2175 3561 2414 3614 deutero
2443 3559 2500 3628 2,
2539 3559 2868 3631 primicerio
2910 3558 3734 3632 [spatharocubiculariorum]

2079 3652 2130 3705 4.
2164 3653 2380 3716 Quarta
2411 3660 2496 3706 est
2537 3650 2935 3718 ostiariorum,
2963 3651 3135 3721 cujus
3177 3649 3452 3706 brabeum
3491 3656 3582 3706 est
3619 3667 3734 3707 au-

2081 3757 2215 3795 reus
2266 3740 2510 3794 baculus
2549 3740 2634 3794 vel
2678 3740 2842 3810 virga
2881 3755 3144 3810 gemmeo
3196 3745 3400 3794 ornata
3439 3741 3732 3810 capitello,

2079 3830 2238 3902 regia
2285 3845 2459 3885 manu
2492 3830 2728 3884 tradita.
2763 3829 2873 3884 Dat
2921 3829 3408 3883 consuetudinem
3463 3827 3646 3899 papias
3676 3830 3735 3883 et

2079 3920 2315 3975 deutero
2362 3920 2417 3987 6,
2459 3918 2791 3990 praepositis
2840 3919 2930 3983 24,
2983 3916 3317 3987 primicerio
3371 3916 3626 3972 cubiculi
3674 3915 3728 3972 4.

2076 4008 2291 4072 Quinta
2319 4008 2577 4079 dignitas
2604 4013 2693 4062 est
2726 4005 3216 4077 primiceriorum,
3249 4006 3417 4076 cujus
3446 4005 3731 4063 brabeum

2073 4098 2273 4152 tunica
2306 4096 2561 4152 candida
2590 4113 2722 4152 cum
2750 4095 3160 4167 scapularibus
3181 4100 3238 4150 et
3266 4095 3417 4166 polis
3447 4111 3546 4152 seu
3582 4098 3732 4170 ligu-

2074 4186 2156 4242 ris
2187 4203 2472 4258 equorum
2507 4203 2647 4244 auro
2687 4187 2944 4253 intextis,
2977 4185 3218 4244 solenne
3256 4203 3469 4258 pompa
3498 4188 3728 4247 induta.

1347 4298 1547 4355 JOAN.
1587 4301 1732 4354 JAC.
1777 4301 2042 4360 REISKII
2083 4302 2662 4360 COMMENTARIUS.

375 4402 495 4474 (94)
525 4403 1013 4478 Εείλίᾲθίωᾼυοὰ
1046 4422 1224 4477 supra
1252 4405 1574 4464 habuimus
1605 4416 1656 4464 et
1691 4410 1958 4478 protinus

297 4470 580 4550 recurret,
611 4470 705 4550 διὰ
738 4470 1025 4550 ppassim

2065 4407 2238 4486 Κορῆ,
2262 4413 2318 4468 id
2352 4415 2440 4468 est
2471 4416 2665 4486 caput,
2691 4411 2924 4486 videtur
2954 4429 3186 4484 quoque
3209 4431 3241 4470 a
3262 4431 3404 4486 cupa
3432 4430 3534 4471 seu
3567 4433 3726 4486 cym-

1985 4487 2032 4552 D
2065 4485 2164 4539 bio
2219 4500 2505 4540 manasse.
2555 4484 2813 4539 Tunicae
2863 4501 2997 4539 cum
3051 4484 3726 4557 caputiisappellabant

370 4546 485 4626 (95)
517 4548 621 4626 Qui
657 4546 1000 4626 mal'luvium
1038 4549 1375 4626 imperatori
1407 4553 1612 4626 tenent
1645 4556 1746 4608 aut
1774 4569 1956 4626 appo-
1985 4546 2024 4552 —
2066 4557 2282 4611 tunicas
2334 4557 2660 4626 palliolatus
2691 4561 2749 4611 et
2777 4557 2900 4625 ipsa
2930 4546 3158 4626 caputia
3198 4546 3477 4625 palliol'a':
3508 4575 3558 4612 ν.
3593 4558 3726 4614 Sal-

296 4623 447 4672 nunt
494 4621 1038 4696 suntvulmym’rpipi.
1075 4621 1414 4696 Malluvium
1468 4623 1623 4677 enim
1678 4629 1766 4678 est
1812 4621 1958 4696 νὶψί·

297 4706 449 4765 στιον
470 4705 493 4765 _;
526 4707 558 4765 ᾳ
585 4687 758 4765 νίπτω
794 4693 857 4746 ﬁt
894 4687 1066 4765 νίψις,
1097 4693 1233 4765 hinc
1261 4692 1490 4765 νιψίζειν
1542 4697 1790 4750 formant
1821 4687 1952 4752 novi

298 4761 507 4848 Graeci,
530 4761 676 4848 'hinc
706 4761 1048 4836 νιψιστήςόι
1082 4761 1376 4836 νιψίστιον,
1398 4761 1466 4820 et
1497 4768 1735 4822 tandem
1790 4767 1952 4824 illinc

301 4851 688 4896 νιψιστιαριος.

359 4832 688 4976 inscriptae.
775 4832 784 4836 “
916 4832 922 4834 “
1151 4832 1160 4836 ⁷

393 4905 484 4977 96)
516 4906 607 4961 Sic
635 4907 860 4980 placuit
900 4906 1141 4964 librario
1185 4924 1422 4980 exarare
1453 4925 1557 4980 pro
1601 4902 1952 4964 ὑποϐλαττω-

295 4971 477 5046 μένον,
500 4971 658 5048 quod
681 4979 835 5052 idem
866 4984 955 5035 est
984 4971 1782 5052 atqueﬁrwbaGka-rt‘twpévov,
1809 4984 1953 5038 blat-

291 5053 406 5126 tea_
439 5064 538 5104 seu
599 5050 783 5126 serica
819 5050 1139 5126 praetexta,
1172 5051 1266 5106 hic
1308 5051 1435 5126 loci
1481 5050 1638 5123 (quia
1693 5055 1952 5126 sequitur

293 5117 546 5192 σχήματι
590 5117 1096 5204 φιαλίουγὺιοῐῐεο
1127 5117 1385 5180 ὀυουιιο
1444 5117 1622 5195 super
1678 5117 1950 5199 scapulas

298 5192 665 5260 dependente
695 5199 1070 5250 instructum.

453 5209 665 5249 [1081]ιο
695 5209 1070 5249 instructum.

366 5261 483 5334 (97)
514 5263 711 5320 Phiala
740 5265 954 5321 Graecis
987 5267 1140 5320 inter
1170 5265 1284 5321 alia
1327 5265 1626 5323 cucullum
1671 5273 1818 5326 vesti
1851 5288 1948 5326 as-

293 5342 496 5388 sutum
520 5341 582 5390 et
601 5354 714 5412 quo
737 5353 970 5412 sursum
997 5343 1238 5392 attracto
1257 5345 1429 5406 caput
1453 5340 1696 5406 velatur,
1724 5349 1950 5412 regesto

293 5421 446 5476 pone
478 5410 755 5464 cervicem
789 5411 1066 5471 nudatur,
1099 5412 1238 5464 item
1277 5412 1615 5466 almutziam
1649 5412 1734 5466 vel
1769 5410 1950 5468 bone-

294 5485 423 5554 tum
457 5485 558 5554 aut
591 5480 859 5535 biretnm.
883 5481 1150 5535 Nominis
1182 5484 1324 5554 ratio
1349 5483 1467 5537 hac
1490 5489 1600 5548 est,
1626 5484 1779 5554 quod
1816 5485 1950 5540 talia

296 5550 528 5626 capitis
559 5554 812 5626 tegmina
860 5554 1146 5626 referrent
1193 5552 1385 5626 philas
1432 5554 1518 5608 vel
1571 5550 1802 5626 cymbia
1851 5562 1953 5612 aut

299 5621 590 5698 cymbala,
615 5621 826 5698 quibus
859 5623 968 5691 lac,
994 5621 1258 5698 calida—et
1280 5624 1392 5698 alia
1423 5621 1795 5698 hauriuntur.
1820 5628 1949 5698 Cop-

298 5707 429 5764 pam
458 5693 651 5751 adhuc
679 5693 850 5769 hodie
879 5695 1174 5769 appellant
1205 5695 1334 5769 Itali
1365 5699 1615 5768 occiput,
1657 5697 1816 5768 quia,
1848 5693 1951 5755 cu-

306 5779 443 5836 pam
490 5770 592 5822 aut
634 5765 1180 5838 cuppolam'refert.
1221 5765 1509 5823 Nostrum
1540 5765 1948 5826 Germanicum

2061 4645 2210 4682 mas.
2262 4629 2403 4702 t.,_I[
2450 4629 2658 4699 Script.
2695 4628 2843 4702 Hist.
2881 4636 3028 4698 Aug.
3064 4645 3118 4698 p.
3150 4629 3274 4683 771.
3312 4629 3537 4686 Casulas
3570 4647 3723 4702 quo-

2065 4715 2176 4774 que
2200 4699 2388 4774 medio
2410 4716 2528 4774 aevo
2554 4699 2927 4774 appellabant
2949 4706 3137 4774 vestes
3159 4715 3291 4754 cum
3321 4707 3518 4757 assuto
3549 4699 3723 4774 capu-

2063 4772 2142 4826 tio
2173 4771 2260 4825 vel
2311 4771 2557 4825 cucullo.
2587 4772 2840 4826 Isidorus
2867 4787 2879 4823 :
2903 4772 3090 4825 casula
3113 4783 3190 4826 est
3211 4777 3373 4826 vestis
3401 4771 3718 4840 cucullala;

2062 4857 2115 4896 v.
2149 4843 2219 4895 ad
2256 4858 2309 4912 p.
2343 4842 2443 4897 271
2481 4843 2652 4914 dicta,
2685 4852 2738 4897 et
2771 4841 3048 4898 Murator.
3081 4843 3313 4914 Antiqu.
3347 4845 3528 4900 Italic.
3567 4850 3610 4899 t.
3645 4845 3717 4912 Il,

2065 4930 2115 4967 ο.
2149 4914 2256 4967 425
2287 4929 2413 4967 sua.

2103 4956 2115 4968 .
2149 4925 2256 4967 425
2287 4929 2413 4970 SOU.

2062 4930 2115 4983 p.
2149 4929 2256 4967 tuo
2287 4929 2413 4984 sqq.

2133 4986 2242 5056 (98)
2273 4983 2402 5056 Yid.
2437 4985 2590 5040 dicta
2622 4985 2692 5039 de
2724 4984 2992 5056 phengiis
3023 4985 3092 5040 ad
3127 5001 3184 5055 p.
3219 4985 3342 5042 340.

2134 5054 2260 5182 (99)1
2277 5054 2447 5112 Verte
2477 5054 3317 5128 scapularibus.Procul’dubio
3349 5057 3505 5114 enim
3537 5057 3717 5115 libra-

2134 5144 2185 5182 is
2270 5129 2321 5182 ic
2351 5148 2378 5180 ο
2415 5145 2516 5182 nro
2547 5147 2590 5180 ω
2624 5130 2822 5182 nosuit
2867 5145 3030 5182 more
3078 5145 3205 5182 suo.
3237 5128 3338 5182 Est
3367 5145 3504 5182 ergo
3555 5131 3714 5182 idem

2061 5127 2185 5183 rius
2227 5127 2321 5182 hic
2348 5148 2378 5202 ρ
2415 5145 2516 5198 pro
2547 5127 2590 5180 ω
2624 5130 2822 5202 posuit
2867 5145 3030 5184 more
3078 5145 3205 5184 suo.
3237 5128 3338 5202 Est
3367 5145 3504 5202 ergo
3555 5131 3714 5188 idem

2061 5203 2233 5276 atque
2262 5195 2449 5276 φιάλίν
2482 5204 2583 5256 aut
2612 5195 2801 5276 simile
2830 5201 2991 5272 quid.
3017 5203 3180 5276 Forte
3212 5198 3400 5275 φιάλιν
3433 5195 3714 5276 amplius,

2061 5270 2234 5345 latius
2258 5270 2356 5345 est
2386 5277 2444 5326 et
2474 5277 2650 5342 caput
2682 5270 3175 5344 tegitfscapulare
3203 5270 3381 5345 caput
3410 5270 3714 5344 non‘item,

2059 5343 2344 5416 sedgsolas
2377 5345 2641 5414 scapulas
2670 5343 2831 5416 tegit.

2133 5413 2405 5488 (1)7Verti
2444 5411 2619 5485 acuis.
2651 5411 2817 5471 Certe
2862 5411 3053 5475 πῶλος
3088 5415 3265 5470 etiam
3299 5431 3518 5488 equum
3552 5417 3716 5472 novis

2060 5486 2272 5540 Graecis
2305 5491 2482 5558 notat,
2509 5488 2850 5558 plerumque
2872 5493 3064 5542 tamen
3091 5494 3315 5556 ponunt
3344 5486 3471 5542 eam
3508 5504 3708 5544 vocem

2061 5574 2164 5627 pro
2189 5561 2374 5613 asino.
2392 5556 2499 5612 Sed
2520 5556 2825 5628 indignum
2852 5559 3157 5614 videbatur
3172 5575 3472 5630 procerum
3490 5559 3712 5630 Byzan-

2061 5630 2315 5684 tinorum
2349 5645 2668 5700 eorumque
2717 5646 2946 5701 semper
2988 5632 3143 5686 circa
3174 5631 3315 5700 imp.
3348 5631 3706 5687 versantium

2061 5707 2207 5758 vesti
2236 5701 2578 5770 honorarius,
2611 5717 2735 5772 quae
2766 5701 3030 5758 investiri
3062 5701 3350 5761 solebant.
3383 5701 3578 5758 asinos
3608 5703 3706 5760 in-

2064 5776 2272 5829 texere.
2303 5772 2609 5844 PrOpterea
2637 5789 2818 5843 equos
2851 5772 3049 5829 malui.
