4124 6384
369 403 526 463 1335

1447 393 1970 458 CONSTANTINI
2020 387 2708 454 PORPHYROGENITI

3635 389 3795 452 1336

364 539 480 591 Dat
510 531 994 590 consuetudinem
1019 530 1345 602 prapositis
1371 546 1646 584 nummos
1668 529 1758 594 36,
1784 529 2020 583 deutero

2145 524 2487 601 Ξιμφιάζεται.
2521 519 2664 577 Δίδει
2697 522 2984 590 συνήθειαν
3028 526 3145 583 τοῖς
3189 519 3570 596 πραιποσίτοις
3603 545 3652 578 ν.
3689 521 3795 593 λς’,

366 627 454 695 12,
507 623 556 678 si
605 623 752 679 forte
804 622 916 692 ipsi
968 618 1384 676 indumentum
1444 618 1748 690 imperiale
1805 618 2022 682 tradat,

366 711 695 785 primicerio
727 726 844 765 sex.
881 709 1047 764 Sexta
1087 709 1345 780 dignitas
1395 713 1479 763 est
1522 706 2026 780 protospathario-

366 823 498 862 rum
550 802 1035 867 eunuchicorum,
1088 802 1257 872 cujus
1305 801 1583 855 brabeum
1635 807 1864 869 torques
1912 815 2024 853 au-

361 911 500 952 reus
560 894 814 965 gemmis
862 897 917 947 ct
969 890 1300 963 margaritis
1358 890 1608 958 obsitus,
1670 905 1843 960 quem
1903 887 2026 959 ipse

368 985 686 1058 imperator
701 982 825 1039 suis
842 981 1114 1038 manibus
1137 981 1478 1053 impositum
1503 979 1827 1036 cervicibus
1851 977 2027 1034 bono-

369 1073 482 1130 rati
531 1071 844 1130 concludit.
893 1071 1198 1142 Accipiunt
1245 1078 1520 1142 praterea
1548 1073 1605 1125 et
1635 1066 1746 1140 ipsi
1797 1083 2026 1139 quoque

368 1163 623 1219 tunicam
672 1161 982 1218 candidam
1036 1176 1177 1216 auro
1229 1160 1614 1216 incrustatam
1665 1159 1738 1214 ad
1791 1157 2025 1213 modum

371 1251 638 1319 dibitisii,
672 1257 727 1306 et
770 1250 1032 1322 diploida
1078 1249 1411 1306 coccineam
1454 1265 1585 1304 cum
1635 1247 1835 1303 tabliis
1884 1263 2026 1302 auro

372 1341 680 1398 contextis.
735 1341 841 1395 Dat
898 1338 1385 1394 consuetudinem
1444 1337 1772 1410 praepositis
1821 1341 1878 1391 et
1928 1353 2027 1406 pa-

370 1431 555 1487 triciis
593 1428 880 1486 eunuchis
921 1429 1073 1484 419
1117 1433 1172 1484 et
1218 1427 1696 1500 protospathariis
1738 1424 2026 1481 eunuchis

365 1521 458 1587 72,
520 1520 706 1591 papiaa
776 1527 828 1574 et
888 1520 1127 1574 deutero
1183 1519 1234 1571 6.
1296 1517 1555 1589 Septima
1621 1517 1877 1588 dignitas
1945 1520 2029 1570 est

367 1610 910 1667 illustrissimorum
927 1609 1397 1681 prapositorum,
1414 1609 1582 1678 cujus
1600 1607 1878 1663 brabeum
1893 1613 2027 1660 sunt

368 1701 583 1756 tabulas
643 1699 1010 1772 patriciatus,
1067 1699 1286 1769 absque
1345 1705 1541 1753 tamen
1602 1697 1910 1764 codicillis,
1967 1695 2027 1750 in

370 1792 739 1862 processione
757 1789 812 1842 in
829 1787 1363 1860 chrysotriclinium
1390 1787 1549 1857 regia
1578 1803 1755 1841 manu
1780 1784 2023 1840 traditae.

368 1885 473 1936 Dat
521 1879 1030 1944 consuetudinem,
1067 1876 1115 1932 si
1148 1876 1326 1932 simul
1370 1877 1878 1947 protospatharius
1929 1875 2028 1929 de-

372 1968 647 2038 claretur,
670 1968 862 2022 litram
898 1983 1074 2021 unam
1099 1971 1155 2020 et
1175 1966 1416 2021 deutero
1439 1982 1540 2038 pro
1563 1967 1780 2020 tabulis
1810 1964 2030 2020 solidos

373 2060 465 2114 24.
528 2057 728 2129 Neque
786 2056 944 2112 enim
1008 2073 1124 2111 non
1180 2055 1540 2127 permittitur
1591 2055 1916 2126 prmpositis
1970 2055 2030 2108 in

376 2147 588 2204 ofﬁciis
635 2145 911 2203 eminere.
945 2145 1140 2202 Potest
1186 2145 1426 2200 omnino
1477 2146 1824 2216 praepositus
1855 2143 2032 2199 simul

377 2242 551 2294 etiam
586 2236 852 2290 ofﬁcialis
886 2234 1314 2306 qualiscunque
1346 2235 1578 2289 tandem
1627 2251 1780 2290 esse.
1811 2233 1870 2289 Si
1901 2250 2034 2289 vero

379 2325 556 2383 simul
582 2341 816 2397 quoque
839 2323 1123 2396 patricius
1147 2324 1539 2390 renuntietur,
1564 2323 1764 2394 pendit
1788 2328 2040 2378 tantum-

379 2417 513 2471 dem
554 2419 730 2485 atque
770 2413 1012 2483 patricii.
1048 2413 1259 2468 Octava
1290 2417 1376 2468 est
1418 2413 1818 2484 patriciorum,
1849 2429 2038 2468 eunu-

381 2507 682 2561 cbicorum
735 2518 964 2574 nempe,
1017 2504 1294 2572 dignitas,
1344 2504 1515 2573 cujus
1566 2504 1845 2558 brabeum
1897 2505 2040 2557 sunt

388 2595 604 2650 tabulae
635 2595 904 2648 eburneae
953 2607 1081 2646 cum
1133 2591 1441 2657 codicillis,
1477 2593 1628 2646 baud
1662 2608 1835 2647 secus
1867 2597 2042 2662 atque

388 2688 530 2740 sunt
558 2683 807 2738 aliorum
843 2681 1220 2752 patriciorum
1265 2682 1662 2737 barbatorum.
1699 2683 1914 2737 Horum
1948 2698 2041 2738 ve-

388 2774 560 2830 stitus
591 2790 625 2828 a
654 2771 867 2827 vestitu
902 2769 1508 2842 protospathariorum
1542 2787 1656 2825 non
1699 2771 1892 2824 diﬁ'ert
1933 2770 2044 2825 nisi

386 2861 528 2919 loris
585 2865 838 2927 tantum,
883 2860 931 2915 si
985 2859 1159 2914 simul
1217 2860 1389 2914 etiam
1451 2860 2043 2931 protospathariorum

393 2950 740 3023 dignitatem
792 2957 1022 3021 gerunt.
1055 2947 1290 3004 Patricii
1325 2949 1576 3004 eunuchi
1623 2950 1763 3003 dant
1806 2967 2048 3006 consuc-

390 3042 654 3096 tudincm
687 3041 975 3102 eamdem,
1000 3055 1178 3109 quam
1209 3038 1455 3094 barbati.
1481 3038 1720 3094 Obtinet
1742 3047 1960 3108 autem,
1983 3046 2046 3094 ut

385 3133 456 3185 ab
484 3129 761 3186 omnibus
805 3130 875 3184 ad
907 3128 1099 3184 ofﬁcia
1133 3128 1410 3200 promotis
1444 3131 1810 3200 praepositus,
1843 3135 2045 3201 utpote

385 3219 876 3292 signiﬁcationem
948 3219 1327 3289 promotionis
1377 3234 1446 3273 ex
1494 3235 1744 3290 persona
1806 3224 1863 3274 et
1920 3220 2043 3274 loco

2136 619 2215 686 τῷ
2246 611 2484 689 δευτέρῳ
2516 635 2561 668 ν.
2592 614 2684 688 ιβ’,
2708 611 2797 667 ἐὰν
2830 610 2931 686 ἄρα
2964 607 3124 667 δώσει
3156 611 3315 667 αὐτὸν
3349 613 3630 687 βασιλικὸν
3663 613 3799 686 ἱμά-

2138 726 2271 773 τιον,
2304 707 2383 776 τῷ
2415 704 2773 778 πριμικηρίῳ
2795 725 2842 757 ν.
2871 703 2931 764 ς’.
2957 703 3123 773 Ἐκτη
3149 704 3183 772 ἡ
3208 707 3311 757 τῶν
3346 701 3397 756 ἐν
3428 703 3618 766 αὐτοῖς
3649 725 3803 778 πρω-

2135 793 2518 868 τοσπαοαρίων
2571 793 2714 866 ἀξία,
2764 796 2830 862 ἧς
2882 788 3156 868 βραϐεῖον,
3207 798 3444 868 χρυσοῦν
3510 796 3801 868 μανιάκιον

2137 883 2197 938 ἐκ
2259 883 2429 948 λίθων
2487 882 2688 956 τιμίων
2747 881 2837 937 καί
2901 887 3276 960 μαργαριτῶν,
3325 882 3412 938 ἐπὶ
3440 889 3536 939 τοῦ
3566 884 3802 962 αὐχένος

2138 970 2226 1028 διὰ
2272 975 2460 1050 χειρὸς
2517 973 2790 1047 βασιλέως
2847 969 3304 1046 ἐπισυγκλείεται.
3356 974 3534 1028 Χιτὼν
3597 970 3654 1028 δὲ
3710 973 3801 1028 καὶ

2138 1061 2319 1123 αὐτοῖς
2367 1060 2561 1124 λευκὸς
2612 1059 3070 1137 χρυσοκόλλητος
3123 1057 3532 1132 διϐητισοειδὴς
3583 1063 3673 1116 καὶ
3717 1061 3808 1118 δι-

2136 1150 2316 1223 πλόης
2345 1153 2597 1214 κόκκινος
2647 1151 2742 1206 σὺν
2791 1146 3044 1214 ταῦλίοις
3087 1151 3547 1230 χρυσοΰφάντοις.
3599 1151 3802 1208 Δίδωσι

2138 1247 2422 1313 συνήθειαν
2470 1249 2584 1305 τοῖς
2634 1242 3018 1315 πραιποσίτοις
3082 1241 3171 1296 καὶ
3241 1242 3549 1316 πατρικίοις
3609 1243 3802 1298 εὐνού-

2137 1350 2263 1406 χοις
2293 1334 2380 1386 καί
2413 1332 2928 1408 πρωτοσπαθαρίοις
2978 1329 3268 1407 εὐνούχοις
3299 1354 3348 1388 ν.
3381 1333 3487 1407 οβ’,
3517 1337 3596 1404 τῷ
3624 1331 3803 1404 παπίᾳ

2137 1422 2223 1475 καὶ
2258 1422 2336 1494 τῷ
2372 1421 2605 1496 δευτέρῳ
2637 1444 2684 1476 ν.
2723 1422 2780 1483 ς’.
2813 1417 3058 1494 Ἑϐδόμη
3097 1417 3153 1475 δὲ
3183 1422 3416 1501 πέφυκεν
3450 1424 3484 1491 ἡ
3517 1426 3625 1477 τῶν
3656 1421 3804 1496 λαμ-

2138 1515 2422 1588 προτάτων
2487 1534 2864 1588 πραιποσιτων
2918 1513 3058 1585 ἀξία,
3125 1515 3191 1582 ἧς
3251 1509 3525 1588 βραϐεῖον,
3594 1511 3804 1577 πλάκες

2138 1604 2582 1677 πατρικιότητος,
2618 1602 2742 1658 ἄνευ
2781 1602 2877 1676 μὲν
2909 1599 3267 1657 κωδικελλῶν
3300 1600 3391 1658 ἐπὶ
3423 1601 3802 1678 προελεύσεως

2139 1690 2603 1768 χρυσοτρικλίνου
2677 1693 2823 1768 χειρὶ
2897 1691 3170 1766 βασιλέως
3239 1689 3594 1748 ἐπιδίδονταιο
3663 1690 3804 1749 δίδει

2139 1787 2448 1854 συνήθειαν,
2519 1783 2564 1839 εἰ
2635 1783 2737 1860 ἄρα
2801 1787 3016 1858 τιμηθῇ
3079 1785 3575 1859 πρωτοσπαθάριος
3614 1783 3666 1839 ἐν
3722 1789 3806 1857 τῷ

2141 1876 2273 1947 ἅμα,
2307 1875 2362 1932 λ.
2398 1875 2462 1944 α’,
2496 1873 2586 1929 καὶ
2617 1879 2697 1946 τῷ
2734 1872 2969 1950 δευτέρῳ
3012 1875 3142 1932 ὑπὲρ
3190 1879 3297 1929 τῶν
3331 1874 3556 1930 πλακῶν
3598 1896 3646 1932 ν.
3697 1871 3800 1933 κδ’.

2142 1960 2409 2020 E’6‘Ei
2594 1963 3054 2019 ῖο”“ἐ
3274 1969 3300 1979 ⁴
3486 1961 3694 2018 θ’δί“

2191 1985 2205 2017 ι
2271 2006 2292 2018 .
2320 1986 2411 2019 κα.
2445 1985 2726 2038 autparte,
2759 1985 2786 2019 ο
2822 1985 2984 2025 αυτος
3060 1988 3084 2018 ν
3133 1985 3313 2037 ταυτῳ
3342 1986 3478 2037 τιμῃ
3518 1988 3576 2039 ῃ,
3668 1979 3801 2020 οωσι

2142 2055 2421 2124 συνήθειαν
2469 2054 2544 2117 ὡς
2593 2054 2644 2108 οἱ
2693 2054 2992 2125 πατρίκιοι.
3040 2050 3244 2128 Ὀγδόη
3295 2055 3330 2122 ἡ
3382 2057 3490 2108 τῶν
3533 2051 3584 2107 ἐν
3618 2054 3798 2115 αὐτοῖς

2140 2143 2440 2216 πατρικίων
2507 2143 2644 2216 ἀξία,
2713 2145 2778 2211 ἧς
2845 2137 3122 2217 βραϐεῖον,
3179 2140 3406 2214 πλάκες,
3450 2143 3658 2216 ὁμοίως
3705 2143 3795 2197 σὺν

2141 2228 2505 2292 κωδικὲλλοις
2567 2232 2643 2293 ὼς
2698 2235 2829 2286 πᾶσι
2886 2237 3004 2292 τοῖς
3061 2232 3370 2304 πατρικίοις
3425 2228 3685 2288 δίδονται.
3732 2230 3808 2285 Οὐ

2145 2319 2540 2377 διαλλάττουσι
2592 2319 2648 2376 δὲ
2680 2319 2730 2375 ἐν
2759 2327 2878 2382 ταῖς
2913 2320 3090 2376 αὐτῶν
3125 2319 3348 2384 στολαῖς
3380 2328 3480 2391 τῆς
3510 2326 3615 2376 τῶν
3644 2341 3810 2394 πρω-

2149 2411 2530 2487 τοσπαθαρίων
2585 2409 2901 2490 ἆμφιάσεως
2952 2409 3098 2477 πλὴν
3151 2410 3358 2486 λώροις
3406 2411 3496 2466 καὶ
3545 2411 3731 2485 μόνον,
3765 2411 3815 2466 εἰ

2145 2501 2247 2575 ἄρα
2304 2502 2391 2555 καὶ
2453 2503 2488 2570 ἡ
2549 2505 2656 2554 τῶν
2715 2498 3222 2576 ποωτοσπαθαρίων
3299 2500 3487 2562 αὐτοῖς
3553 2499 3815 2576 ἐφέπεται

2149 2587 2296 2662 δόξα,
2368 2587 2496 2644 οὐδὲ
2561 2588 2870 2645 κωλύονται
2923 2591 2974 2644 οἱ
3024 2589 3378 2665 πραιπόσιτοι
3432 2588 3484 2644 ἐν
3535 2589 3819 2669 ὀφφικίοις

2149 2677 2490 2753 διαπρέπειν,
2558 2681 2676 2734 οἷον
2747 2681 2806 2734 ἄν
2872 2678 3016 2734 ἐστιν
3085 2679 3359 2756 ὀφφίκιον,
3409 2684 3505 2734 τοῦ
3548 2679 3818 2734 εἶναικαὶ

2147 2765 2507 2842 πραιπόσιτος
2577 2769 2665 2823 καὶ
2733 2768 3106 2848 ὀφφικιάλιος.
3179 2768 3521 2844 Ηαρέχουσιν
3580 2765 3637 2824 δὲ
3685 2790 3815 2823 συν-

2147 2861 2338 2929 ήθειαν
2371 2859 2422 2913 οἱ
2453 2858 2726 2932 πατρίκιοι
2761 2858 3017 2934 εὐνοῦχοι
3047 2858 3223 2919 καθὼς
3274 2858 3364 2912 καὶ
3416 2859 3468 2912 οἱ
3521 2853 3812 2933 βαρϐάτοι,

2153 2949 2306 3022 Παρὰ
2338 2945 2394 3002 δὲ
2422 2953 2529 3002 τῶν
2562 2948 2638 3010 εἰς
2691 2947 2918 3027 ὁφφίκια
2965 2943 3442 3022 προϐαλλομένων
3473 2949 3684 3003 πάντων
3720 2947 3810 3003 ἐκ·

2151 3039 2519 3111 κομιζομένου
2567 3043 2663 3092 τοῦ
2712 3038 3098 3111 πραιποσίτου,
3145 3037 3220 3100 ὡς
3272 3036 3331 3091 ἐκ
3379 3038 3676 3111 προσώπου
3714 3040 3811 3092 τοῦ

2157 3126 2451 3204 βασιλέως,
2482 3128 2581 3196 τήν
2612 3127 2900 3202 ἀπόκρισιν
2947 3135 3049 3196 τῆς
3098 3121 3483 3202 προϐλήσεως,
3516 3122 3813 3200 λαμϐάνειν

2149 3219 2240 3273 τὸν
2271 3218 2428 3273 αὐτὸν
2461 3220 2820 3292 πραιπόσιτον
2868 3219 2985 3282 καθ’
3027 3215 3252 3272 ἕκαστον
3307 3214 3657 3296 ὀφφικιάλιον
3693 3238 3818 3271 συν-

383 3282 754 3380 imperatoris
783 3310 986 3375 edens,
1019 3308 1266 3379 accipiat
1296 3307 1367 3362 ab
1401 3324 1753 3378 unoquoque
1793 3307 2036 3364 olﬁciale

2151 3311 2335 3378 τεθειαν
2361 3330 2409 3364 ν.
2445 3304 2543 3365 κδ’.
2580 3305 2791 3378 Μηδεὶς
2813 3307 2994 3362 τοίνυν
3019 3303 3399 3380 παραϐαινὲτω
3424 3309 3524 3377 τήν
3555 3305 3816 3378 τοιαύτην

385 3414 491 3468 pro
521 3397 950 3454 consuetudine
982 3413 1259 3452 nummos
1289 3412 1497 3452 aureos
1524 3398 1730 3469 viginti
1763 3403 2036 3468 quatuor.

383 3489 569 3544 Nemo
616 3487 810 3556 itaque
843 3487 999 3542 hunc
1031 3488 1390 3559 dignitatum
1442 3487 1726 3543 hactenus
1755 3490 2039 3561 exposita-

385 3593 517 3633 rum
549 3577 813 3632 ordinem
844 3581 1020 3648 atque
1051 3577 1528 3632 constitutionem
1555 3579 2038 3650 transgrediatur,

385 3667 570 3722 aliove
617 3665 792 3722 modo
824 3683 920 3722 eas
968 3667 1202 3722 ambeat
1232 3671 1289 3722 et
1321 3665 1578 3722 obtineat
1628 3674 1834 3738 praeter
1883 3669 2040 3726 solos

384 3758 650 3825 clericos,
685 3757 786 3829 qui
821 3756 947 3814 solo
979 3758 1171 3813 edicto
1203 3757 1519 3827 dignitates
1552 3760 1866 3830 accipiunt.
1902 3760 2041 3816 Pro-

384 3847 729 3919 tospatharii
796 3848 1054 3918 dignitas
1123 3849 1507 3903 conﬁrmatur
1564 3853 1622 3904 et
1678 3849 2043 3919 signiﬁcatur

387 3937 797 4009 epirrhiptario
829 3953 926 3992 seu
961 3936 1212 4006 cucullo,
1241 3954 1415 4007 quem
1469 3937 1580 4009 ipsi
1625 3941 1782 4004 regia
1830 3956 2040 3995 manus

389 4026 686 4082 concludit
715 4027 836 4094 [seu
869 4028 938 4081 ad
968 4028 1246 4099 jugulum
1279 4027 1609 4098 adlibulat].
1643 4028 1884 4098 Oportet
1912 4047 2043 4086 con-

388 4123 658 4188 gregatas
692 4116 796 4171 has
827 4117 1279 4172 consuetudines
1322 4117 1674 4188 dignitatum
1710 4135 1744 4173 a
1776 4119 1945 4190 papia
1985 4126 2043 4175 et

389 4209 628 4262 deutero
651 4206 974 4274 tequalibus
1006 4208 1272 4278 partibus
1294 4206 1472 4261 dividi
1501 4216 1706 4277 preter
1736 4216 2044 4266 consuetu-

389 4298 554 4352 dines
586 4295 1054 4367 cbrysotriclinii,
1088 4313 1232 4366 quas
1258 4297 1463 4367 papias
1487 4297 1592 4352 soli
1619 4297 1728 4353 sibi
1763 4303 2040 4356 reservat.

389 4385 853 4442 Consuetudines
902 4391 1116 4452 autem,
1152 4401 1277 4456 qua:
1312 4402 1413 4456 pro
1464 4385 1673 4441 tabulis
1703 4387 1978 4443 eburneis
2010 4403 2044 4443 a

393 4475 710 4545 magistris,
743 4491 776 4528 a
810 4473 1155 4544 primiceriis
1190 4479 1246 4529 et
1287 4491 1319 4528 a
1349 4475 1725 4530 cubiculariis
1777 4477 2043 4547 pendun-

389 4569 507 4629 tur,
539 4563 648 4619 soli
680 4565 892 4619 cedunt
935 4567 1213 4632 deutero;
1250 4570 1420 4634 prout
1466 4566 1766 4636 superiora
1815 4567 2042 4622 docent.

2146 3398 2294 3470 τάξιν
2343 3418 2401 3452 τε
2446 3397 2536 3452 καὶ
2600 3397 2781 3452 στάσιν
2837 3401 2945 3452 τῶν
3006 3395 3364 3470 ἐκτιθεμένων
3398 3396 3743 3470 ἀξιωμάτων,
3777 3395 3813 3466 ἢ

2149 3486 2338 3549 ἄλλως
2371 3507 2489 3548 πως
2522 3485 2721 3549 ταύτας
2756 3487 3128 3562 μετερχέσθω,
3178 3487 3327 3557 πλὴν
3379 3492 3487 3540 τῶν
3529 3483 3814 3562 κληρικῶν

2148 3579 2238 3633 καὶ
2285 3573 2474 3650 μόνον.
2527 3578 2694 3635 Οὗτοι
2744 3577 2847 3652 γὰρ
2900 3575 3054 3651 λόγῳ
3107 3577 3260 3651 μόνῳ
3311 3571 3671 3652 μετέρχονται
3717 3576 3819 3640 τὰς

2151 3666 2321 3738 ἀξίας.
2358 3667 2420 3723 Ἠ
2455 3663 2512 3721 δὲ
2544 3671 2652 3722 τῶν
2683 3665 3190 3741 πρωτοσπαθαρίων
3241 3666 3360 3737 ἀξία
3398 3663 3486 3722 διὰ
3522 3665 3818 3742 βασιλικῆς

2149 3758 2336 3834 χειρὸς
2395 3757 2529 3830 μετὰ
2578 3755 2963 3833 ἐπιριπταρίου
3015 3755 3306 3831 βασιλικοῦ
3356 3755 3818 3833 ἐπισυγκλείεται.

2151 3845 2364 3909 Ταύτας
2407 3842 2464 3900 δὲ
2511 3845 2605 3907 τὰς
2657 3846 3028 3920 συναγομένας
3077 3844 3357 3915 συνηθείας
3409 3846 3518 3900 τῶν
3575 3845 3820 3919 ἀξιωμά-

2150 3957 2256 3990 των
2307 3934 2454 4009 παρὰ
2500 3938 2597 3989 τοῦ
2646 3934 2852 3988 παπίου
2900 3935 2987 3990 καὶ
3044 3938 3140 3989 τοῦ
3192 3931 3442 4011 δευτέρου
3500 3935 3816 4012 μερίζεσθαι

2151 4025 2336 4085 αὐτοῖς
2385 4025 2468 4078 ἐπ’
2516 4021 2636 4093 ἴσης
2684 4023 2730 4057 87
2781 4025 2904 4078 ἄνευ
2949 4031 3047 4092 τῆς
3093 4022 3374 4092 συνηθείας
3403 4028 3499 4078 τυῦ
3523 4045 3822 4103 χρυσοτρι-

2149 4113 2358 4181 κλίνου,
2392 4114 2475 4166 ὃτι
2513 4116 2836 4187 μονομερῶς
2883 4116 2980 4167 τοῦ
3029 4112 3201 4168 παπία
3252 4112 3382 4168 ἐστί.
3431 4117 3550 4170 Τῶν
3585 4112 3641 4169 δὲ
3671 4114 3820 4169 πλα-

2149 4208 2261 4258 κῶν
2312 4204 2400 4257 καὶ
2453 4207 2560 4257 τῶν
2614 4201 2926 4278 μαγίστρων
2971 4203 3060 4256 καὶ
3125 4208 3233 4257 τῶν
3299 4203 3674 4278 πριμικηρίων
3725 4205 3818 4259 καὶ

2150 4297 2258 4349 τῶν
2333 4287 2806 4364 κουϐικουλαρίων
2881 4297 3203 4366 μονομερῶς
3268 4288 3532 4366 λαμϐάνει
3603 4293 3737 4349 αὐτᾶ
3789 4296 3820 4349 6

2155 4380 2428 4458 δεύτερος,
2472 4382 2654 4445 καθὼς
2691 4381 2944 4455 ἀνωτέρω
2992 4379 3296 4456 διαγορεύει
3348 4386 3446 4456 (2).
3486 4385 3598 4440 Τοῦ
3639 4381 3697 4438 δὶ
3733 4405 3821 4439 τι·

2158 4473 2286 4545 μίου
2330 4475 2563 4547 σταυροῦ
2606 4475 2686 4542 τῷ
2736 4470 3038 4545 Αὐγούστῳ
3075 4473 3204 4546 μηνί
3236 4470 3511 4548 ἐξέρχεται
3542 4475 3618 4547 (3)
3653 4474 3680 4528 ὁ
3712 4495 3820 4528 πα-

2153 4563 2303 4630 πίας,
2335 4562 2425 4616 καὶ
2476 4563 2528 4616 εἷ’
2570 4583 2624 4617 τι
2672 4560 2731 4616 ἂν
2779 4564 3104 4632 ἐπισυνάξει,
3151 4559 3268 4638 ἔχει
3318 4563 3473 4635 αὐτὰ,
3522 4566 3609 4619 καὶ
3645 4563 3694 4638 ἐξ
3725 4563 3823 4619 αὖ·

392 4653 457 4708 In
491 4654 636 4708 festo
660 4653 1043 4708 Exaltationis
1076 4658 1292 4708 sanctis
1322 4653 1515 4708 crucis
1550 4670 1748 4725 mense
1780 4660 2036 4726 Augusto

2157 4655 2264 4705 τῶν
2298 4648 2518 4706 δίδωσιν
2552 4649 2642 4705 καὶ
2674 4655 2753 4722 τῷ
2785 4648 3020 4725 δευτέρῳ
3072 4651 3235 4725 μέρος
3283 4672 3355 4708 τι.
3392 4651 3458 4707 Εἴ
3497 4649 3554 4706 δὲ
3586 4649 3654 4707 δι’
3685 4649 3823 4707 ἀδυ-

392 4741 507 4799 exit
529 4743 684 4815 [cum
708 4759 878 4798 cruce
908 4743 1149 4813 obitque
1182 4741 1458 4812 palatium
1484 4743 1784 4814 eturbem]
1821 4744 2043 4816 papias,

394 4837 451 4888 et
475 4832 764 4904 quidquid
789 4832 1106 4903 collegerit,
1126 4831 1297 4888 habet
1313 4831 1446 4898 sibi,
1463 4836 1622 4903 parte
1641 4837 1834 4888 tamen
1851 4833 2048 4906 aliqua

395 4921 632 4978 deutero
664 4922 918 4978 indulta.
943 4921 1004 4977 Si
1023 4937 1160 4978 vero
1181 4925 1287 4978 aut
1312 4921 1533 4978 morbis
1555 4926 1659 4978 aut
1689 4921 1821 4979 aliis
1852 4923 2046 4980 causis

2155 4740 2351 4813 ναμίαν
2401 4739 2508 4795 εἴτε
2555 4741 2709 4794 νόσον
2757 4740 2858 4794 οὐκ
2912 4736 3186 4814 ἐξέρχεται
3219 4741 3246 4794 6
3279 4740 3506 4810 παπίας,
3536 4740 3819 4817 ἒξὲρχεται

2159 4831 2186 4884 6
2218 4828 2490 4906 δεύτερος,
2532 4830 2620 4884 καὶ
2660 4828 2712 4884 εἷ’
2751 4850 2804 4883 τι
2858 4828 2916 4882 ἓν
2967 4828 3286 4901 ἐπισυνάξει,
3340 4831 3651 4906 μερίζονται
3682 4831 3818 4887 αὐτὰ

2157 4922 2186 4975 δ
2226 4941 2284 4976 τε
2322 4920 2523 4981 παπίας
2552 4919 2642 4974 καὶ
2684 4920 2712 4973 ὁ
2762 4916 3010 4995 δεύτερος
3057 4919 3108 4991 ἐξ
3159 4918 3302 4992 ἴσης.
3336 4922 3559 4996 Ἐπὲχει
3592 4925 3669 4996 (4)
3701 4920 3757 4977 δὲ
3788 4922 3818 4976 6

1759 5047 2005 5104 vanus
2046 5021 2459 5105 LECTIONES.

463 5130 506 5166 ⁸⁷
538 5129 762 5207 ἔφισσης
792 5137 917 5194 cod.
951 5145 1004 5194 et
1037 5139 1128 5196 ed.

1386 5253 1591 5312 JOAN.
1631 5253 1775 5311 JAC.
1820 5254 2075 5310 REISKII
2116 5251 2716 5310 COMMENTARIUS.

466 5339 554 5426 (2)‘
579 5337 796 5422 Nempe
825 5339 852 5391 6
883 5336 1223 5426 sta‘top‘e'Swv'
1266 5345 1352 5400 vel
1408 5355 1630 5426 auctor.
1684 5346 1876 5426 Possit
1909 5364 2054 5426 quo-

397 5429 510 5483 que
540 5412 797 5489 ἀνωτέρω
834 5428 935 5489 pro
964 5412 1314 5489 τὰανωτὲρω
1360 5417 1564 5488 accipi,
1599 5412 2058 5489 quemadmodum

395 5487 687 5555 superiora
707 5483 950 5538 edicunt.

469 5560 546 5627 (3)
599 5559 748 5627 Ante
793 5557 902 5611 hoc
954 5556 1188 5627 verbum
1242 5559 1468 5615 videtur
1500 5560 1573 5615 ob
1606 5559 2056 5616 similitudinem

401 5625 689 5702 excidisse
733 5625 1116 5702 ἐξερχομὲνου.
1153 5629 1315 5684 Cont'.
1349 5649 1406 5702 p.
1439 5634 1561 5686 311.
1597 5631 1672 5686 Μ.
1709 5641 1899 5688 tamen
1933 5633 2057 5686 edi-

401 5700 482 5753 tis
516 5701 684 5768 plura
718 5700 830 5756 non
866 5700 1102 5754 habent.

475 5770 553 5843 (Ii)
603 5769 762 5826 Verti
811 5773 997 5837 curat,
1029 5770 1084 5823 id
1121 5773 1210 5824 est
1239 5768 1414 5827 habet
1461 5773 1886 5844 inspectionem
1935 5779 2056 5832 tam

2175 5346 2504 5410 hominum,
2559 5349 2617 5398 ut
2667 5342 3082 5413 diaetariorum,
3129 5346 3633 5419 candelaptarum,
3683 5353 3818 5419 etc.,

2171 5432 2571 5493 quam_rerum
2595 5432 2720 5493 non
2753 5428 3161 5493 animatarum,
3198 5426 3259 5493 ut
3291 5420 3422 5493 olei,
3457 5436 3574 5490 quo
3610 5437 3820 5493 nempe

2167 5488 2545 5566 illi_ofﬁciun‘.
2588 5488 2826 5566 faciant,
2861 5489 2967 5544 hoc
2988 5505 3070 5566 ne
3101 5491 3268 5566 desit.
3305 5488 3552 5566 Ἐπέχῖειν
3585 5488 3817 5566 nvi‘e'st

2167 5562 2423 5615 eminere
2455 5575 2631 5629 super
2670 5561 2949 5630 aliquem,
2984 5563 3308 5631 imminere,
3343 5561 3668 5631 invigilare,
3708 5563 3814 5621 ha-

2167 5632 2616 5708 bereuoculuin
2653 5648 2828 5708 super
2883 5633 3033 5708 ipso,
3075 5635 3382 5708 imperare.
3439 5631 3814 5708 Thucydides

2167 5721 2223 5775 p.
2256 5705 2362 5758 572
2393 5705 3164 5775 ηανρελιαοεάιεωοοὶοιευηι
3199 5706 3443 5763 navibus
3474 5705 3684 5762 Atticis
3713 5710 3812 5765 iu-

2167 5771 2408 5842 stantes,
2451 5771 2612 5846 vigili
2660 5775 2828 5831 oculo
2878 5777 3271 5847 observantes,
3304 5794 3376 5836 ne
3417 5779 3809 5851 elaberentur,
