4124 6400
289 370 445 432 1339
1352 358 1884 422 CONSTANTINI
1930 359 2637 424 PORPHYROGENITI
3534 352 3696 416 1340

273 502 646 577 [palatiorum
664 498 829 573 puta]
859 496 1125 563 dietarii,
1151 499 1210 553 et
1238 500 1444 569 gerant
1464 496 1522 552 in
1539 495 1927 569 processioni-

2061 514 2140 549 ταν
2190 494 2339 569 μίαν,
2389 495 2480 551 καὶ
2524 495 2618 551 τὸν
2662 490 2909 568 δεύτερον
2950 486 3142 546 πίσσαν
3197 486 3349 563 μίαν.
3400 492 3581 546 Ταῦτα
3629 487 3690 545 δὲ

276 595 389 649 bus
418 591 652 648 tabulas
680 587 1087 663 imperialibus
1120 586 1448 643 mutatoriis
1480 591 1754 654 onustas;
1789 587 1925 642 item

2061 587 2213 641 πάντα
2267 584 2654 664 φυλάττεσθαι,
2714 581 2998 659 τηρεῖσθαί
3070 600 3130 637 τε
3194 580 3285 637 καὶ
3361 579 3697 655 πράττεσθαι

272 691 335 739 ut
389 681 793 755 processiones
836 682 1163 750 sequantur
1210 681 1444 734 sutores
1486 676 1820 748 imperiales
1875 679 1932 731 et

2061 671 2457 751 ὶπαρασάλευτα
2514 675 2607 731 καὶ
2657 672 2929 748 διαμένειν
2984 667 3198 748 βέϐαια,
3251 671 3435 735 καθὼς
3466 673 3501 740 ἡ
3537 670 3699 726 εὗσε-

274 770 700 829 auroclavarios
729 773 786 826 et
814 767 1162 825 aurifabros.
1214 765 1489 821 Ofﬁcium
1521 781 1757 837 quoque
1786 766 1929 821 deu-

2061 758 2145 832 ἶής
2180 764 2271 818 καὶ
2320 760 2500 829 ἔνθεος
2563 760 2815 839 βασιλεία
2871 764 3031 832 ἡμῶν
3090 759 3321 831 ἐξεθετο,
3377 760 3452 823 ὡς
3500 760 3590 814 καὶ
3643 760 3698 832 ἐξ

274 866 535 919 tororum
567 864 679 930 est,
713 867 773 915 ut
803 858 1041 931 spathas
1063 855 1393 926 imperiales
1424 856 1647 927 vaginis
1679 855 1800 910 suis
1839 871 1929 912 re-

2061 854 2288 929 ἱρχαίων
2317 860 2426 910 τῶν
2472 855 2692 935 χρόνων
2741 853 2887 930 παρᾶ
2926 857 3036 908 τῶν
3076 852 3182 927 πρὸ
3234 853 3396 925 ἡμῶν
3457 846 3697 915 εὐσεϐῶς

274 951 544 1010 conditas
572 952 808 1023 gerant,
834 952 892 1004 et
921 964 954 1003 a
984 946 1231 1003 barbaro
1256 944 1385 1017 [seu
1421 944 1722 1017 capitaneo
1752 944 1931 1000 beta-

2061 943 2486 1001 Ξασιλελσάντων
2516 942 2742 1006 δικαίως
2781 941 3017 1017 ἐξετέθη.

275 1041 398 1114 riae]
430 1042 748 1113 majumam
782 1038 1018 1096 nomine
1049 1037 1489 1110 processionum
1548 1035 1857 1106 accipiant.
1915 1034 2093 1092 Debet
2148 1037 2317 1093 etiam
2347 1038 2551 1111 papias
2602 1037 2829 1110 lignum
2858 1032 2922 1091 in
2954 1035 3284 1108 septimana
3312 1034 3436 1091 vice
3494 1051 3609 1090 una
3640 1037 3701 1091 et

271 1133 543 1189 deuterus
573 1147 805 1203 quoque
824 1130 947 1186 vice
978 1128 1391 1199 unaaccipere.
1424 1126 1555 1183 Hec
1599 1126 1795 1183 omnia
1850 1127 2158 1195 custodiri,
2192 1128 2490 1185 observari
2538 1132 2595 1185 et
2652 1128 2850 1200 peragi
2899 1131 3150 1199 oportet,
3210 1142 3401 1199 neque
3447 1126 3697 1193 turbari,

273 1223 375 1279 sed
409 1222 573 1278 ﬁrma
591 1228 652 1277 et
672 1222 915 1277 immota
943 1233 1201 1288 manere,
1232 1217 1730 1289 quemadmodum
1761 1216 1857 1290 pia
1886 1221 1945 1273 et
1970 1216 2088 1274 Deo
2120 1217 2291 1290 plena
2332 1220 2612 1291 majestas
2672 1223 2872 1275 nostra
2919 1216 3245 1282 constituit,
3296 1218 3551 1290 itemque
3597 1233 3703 1272 an-

275 1309 460 1383 tiquis
490 1309 855 1382 temporibus
876 1308 977 1379 qui
1009 1311 1142 1363 ante
1174 1323 1281 1362 nos
1313 1306 1405 1378 pie
1426 1309 1768 1378 regnarunt,
1804 1321 1920 1377 qua
1959 1322 2065 1377 par
2092 1313 2234 1375 erat,
2267 1307 2630 1365 ordinarunt.

382 1402 456 1458 De
473 1399 841 1473 dignitatibus
859 1415 1019 1473 quas
1057 1396 1300 1453 eunuchi
1328 1397 1442 1453 solo
1472 1395 1825 1468 imperatori:

778 1470 954 1528 edicto
1002 1477 1432 1540 consequuntur.

318 1528 565 1618 .Novem
598 1561 832 1633 proprie
863 1564 921 1617 et
950 1560 1147 1615 stricte
1172 1528 1337 1614 .sunt
1374 1556 1522 1614 tales
1579 1556 1890 1630 dignitates
1915 1573 1929 1613 :

277 1651 501 1709 domini
559 1664 1106 1722 paracoemomenus
1153 1664 1257 1704 seu
1316 1646 1660 1713 accubitor;
1705 1645 1928 1702 domini

2061 1644 2197 1701 ιῦται
2251 1647 2347 1701 τὸν
2404 1648 2637 1722 ἀριθμὸν
2713 1646 2915 1722 κυρίως

274 1738 784 1813 protovestiarius;
819 1738 1124 1809 praefectus
1155 1751 1372 1792 mensa
1419 1734 1641 1790 domini
1675 1752 1690 1802 ;
1727 1734 1930 1806 praefe-

2041 1395 2195 1451 Ὀσαι
2254 1394 2345 1452 διὰ
2403 1394 2694 1473 βασιλικοῦ
2762 1395 2935 1473 λόγου
3017 1397 3405 1472 προσγίνονται
3479 1395 3700 1457 τούτοις

2859 1469 2953 1528 ίαι.

2404 1468 2414 1473 ’
2848 1468 2953 1528 ήίαι.
3062 1468 3070 1472 ⁷
3174 1468 3185 1472 ’

2115 1558 2183 1614 Αἱ
2215 1553 2271 1612 δὲ
2304 1556 2461 1633 λόγῳ
2509 1468 2933 1633 προηινόέξναι
2985 1558 3203 1621 τούτοις
3253 1558 3398 1628 ἀξίαι
3454 1555 3556 1613 εἶσὶ
3603 1555 3696 1611 καὶ

2995 1649 3057 1702 θ’·
3119 1647 3147 1702 6
3203 1646 3535 1723 παρακοιμώ
3542 1666 3699 1719 μενος

2039 1738 2136 1789 τοῦ
2193 1731 2486 1794 δεσπότου.
2549 1737 2577 1790 ὁ
2634 1731 3135 1811 πρωτοϐεστιάριος
3174 1741 3272 1792 τοῦ
3332 1733 3619 1805 δεσπότου,
3670 1735 3700 1790 6

274 1837 403 1885 ctus
435 1844 651 1885 mensa
672 1824 1061 1899 imperatricis
1079 1842 1093 1894 ;
1113 1824 1316 1897 papias
1333 1822 1738 1896 magnipalatii
1768 1825 1938 1892 ;deu-

2061 1822 2263 1893 ὲπὶτῆς
2306 1824 2581 1899 τραπέζης
2618 1828 2716 1882 τοῦ
2767 1821 3054 1893 δεσπότου,
3088 1827 3115 1880 6
3146 1824 3235 1881 ἐπὶ
3280 1832 3380 1895 τῆς
3428 1824 3702 1900 τραπέζης

277 1923 434 1975 terna
490 1917 688 1989 magni
747 1914 984 1987 palatii;
1049 1914 1328 1986 pincerna
1374 1918 1648 1986 Augustas
1681 1933 1695 1983 ;
1729 1913 1933 1985 papias

282 2022 617 2080 magnaursa
666 2010 724 2062 et
772 2005 973 2078 papias
1022 2004 1319 2076 Daphnes.
1371 2008 1622 2060 Possunt
1653 2004 1933 2060 tamenin

280 2097 618 2157 universum
643 2094 1231 2165 eunuchidignitates
1254 2110 1460 2150 omnes
1482 2093 1765 2165 obtinere,
1791 2111 1937 2165 quas

275 2185 527 2253 barbati,
562 2190 770 2256 prater
794 2184 1030 2257 eparchi
1066 2199 1169 2241 seu
1205 2182 1458 2254 praefecti
1492 2182 1659 2239 urbis
1688 2186 1747 2238 et
1776 2198 1939 2254 quae-

278 2274 451 2336 storis
484 2277 545 2331 et
577 2273 1037 2331 domesticorum
1062 2272 1401 2346 dignitates.

883 2540 1034 2599 421
1063 2542 1248 2613 Caput
1268 2538 1342 2597 II.

368 2630 479 2690 Bas
505 2632 684 2706 igitur
707 2647 915 2690 omnes
960 2631 1274 2703 dignitates
1326 2630 1633 2703 utriusque
1689 2629 1941 2701 generis,

290 2726 414 2779 tam
446 2737 508 2777 re
536 2725 593 2778 et
607 2719 968 2778 solemnibus
996 2735 1131 2775 cum
1165 2718 1545 2787 caeremoniis,
1560 2735 1733 2792 quam
1746 2718 1942 2775 verbis

289 2812 601 2869 attributas
660 2827 792 2867 cum
843 2810 1189 2866 studeamus
1235 2808 1515 2865 distincto
1548 2809 1942 2881 perpiouoque

290 2904 628 2958 etaccurato
645 2916 915 2957 sermone
932 2897 1223 2973 persequi,
1246 2913 1484 2970 aequum
1509 2914 1622 2954 non
1640 2901 1940 2970 putamus,

290 3008 324 3048 ο
346 2992 540 3062 amici,
572 3007 709 3051 cum
742 2989 919 3046 dictis
948 2988 1275 3045 tractationi
1295 2988 1470 3044 ﬁnem
1495 2987 1817 3059 imponere,
1840 2988 1944 3044 sed

293 3082 491 3154 potius
525 3096 769 3138 necesse
821 3080 1069 3146 videtur,
1118 3083 1205 3147 ut,
1261 3079 1442 3150 (quod
1490 3067 1737 3134 maxime
1773 3076 1942 3134 nobis

287 3172 689 3245 indagandum
708 3175 766 3226 et
794 3168 1217 3225 declarandum
1249 3171 1395 3237 erat,
1427 3170 1485 3223 et
1534 3183 1636 3223 vos
1667 3184 1702 3223 a
1731 3182 1826 3223 me
1849 3184 1941 3222 ro-

286 3260 516 3334 gastis),
548 3260 779 3333 plenam
803 3258 1080 3315 omnibus
1113 3258 1371 3313 numeris
1400 3255 1813 3328 perhibeamus
1842 3273 1939 3313 ex-

286 3351 640 3422 positionem
653 3350 723 3406 de
743 3346 1228 3420 praasessionibus
1241 3351 1297 3403 et
1322 3345 1724 3418 prmoedentiis
1738 3346 1944 3403 barum

289 3440 670 3511 dignitatum.
706 3437 1018 3511 Propterea
1039 3435 1339 3508 repetituri
1370 3441 1655 3509 tanquam
1683 3434 1741 3491 in
1783 3451 1946 3491 reca-

292 3529 642 3603 pitulatione
666 3528 790 3598 jam
805 3527 1089 3582 dictarum
1107 3526 1463 3598 dignitatum
1482 3526 1743 3592 nomina,
1776 3526 1946 3583 dabi-

292 3634 425 3674 mus
455 3633 611 3673 nunc
640 3631 902 3688 operam,
932 3615 1296 3686 utcujusque
1313 3614 1577 3671 ordinem
1599 3620 1657 3672 et
1686 3616 1947 3688 appella-

292 3707 506 3763 tionem
526 3710 583 3762 et
621 3704 917 3777 propriam
966 3704 1164 3759 sedem
1215 3702 1520 3775 perspicue
1576 3703 1943 3776 breviterque

295 3802 578 3869 tanquam
608 3793 669 3850 in
700 3809 923 3851 canone
953 3793 1205 3865 quodam
1237 3796 1341 3849 aut
1369 3791 1650 3848 laterculo
1682 3794 1943 3850 declare-

291 3902 449 3943 mus.
481 3885 717 3959 Oportet
748 3884 905 3941 enim
936 3882 1300 3952 artoclinam,
1323 3882 1488 3954 cujus
1509 3891 1595 3940 est
1626 3885 1945 3957 dignitates

293 3977 366 4032 ad
398 3992 625 4032 sacram
645 3990 912 4031 mensam
936 3989 1273 4031 assessuras
1302 3973 1457 4030 intro
1487 3990 1715 4045 vocare,
1747 3991 1947 4033 omnes

291 4083 391 4124 eas
422 4067 602 4140 probe
636 4083 832 4135 nosse,
864 4081 1287 4137 sacrorumque
1325 4063 1719 4137 imperialium
1749 4067 1944 4124 convi-

289 4156 517 4213 viorum
546 4154 924 4213 caremonias
962 4160 1020 4212 et
1068 4154 1451 4211 directionem
1499 4155 1735 4227 gemino
1774 4155 1947 4211 modo

2046 1920 2145 1982 τῆς
2178 1914 2526 1988 Αὖγούστης.
2562 1916 2589 1970 6
2621 1917 2827 1978 παπίας
2876 1919 2976 1971 τοῦ
3029 1916 3276 1990 μεγάλου
3325 1914 3622 1986 παλατίου,
3673 1915 3703 1969 6

2048 2000 2297 2077 δεύτερος
2358 2008 2455 2059 τοῦ
2516 2003 2762 2082 μεγάλου
2807 2003 3098 2071 παλατίου,
3150 2006 3178 2059 6
3236 2002 3556 2082 ἐπιγκέρνης
3605 2006 3705 2059 τοῦ

2048 2089 2336 2164 δεσπότου,
2371 2094 2399 2148 6
2439 2096 2735 2170 πιγκὲρνης
2782 2101 2881 2165 τῆς
2928 2092 3265 2170 Αὐγούστης,
3299 2094 3328 2149 6
3357 2094 3562 2156 παπίας
3603 2100 3705 2163 τῆς

2052 2182 2384 2257 μανναόρας,
2419 2184 2446 2237 6
2477 2183 2680 2245 παπίας
2728 2190 2831 2254 τῆς
2874 2185 3110 2261 Δάφνης.
3147 2182 3293 2239 ἄλλα
3348 2185 3459 2257 μὴν
3507 2183 3597 2238 καὶ
3645 2185 3704 2238 αἱ

2049 2270 2215 2327 ἄλλαι
2247 2276 2436 2341 πᾶσαι,
2469 2271 2589 2328 ὅσαι
2633 2272 2725 2327 καὶ
2771 2276 2890 2335 τοῖς
2942 2266 3241 2347 βαρϐάτοις
3291 2271 3700 2350 προσ-γίνονται,

2048 2360 2198 2430 πλὴν
2229 2370 2330 2432 τῆς
2368 2367 2466 2419 τοῦ
2515 2361 2768 2441 ἐπάρχου
2819 2362 2908 2418 καὶ
2954 2364 3261 2436 κυέστωρος
3306 2362 3397 2419 καὶ
3448 2361 3706 2438 δομεστί-

2050 2472 2162 2508 κων
2206 2451 2380 2522 ἀξίας·

2734 2541 2919 2615 Τόμος
2962 2543 3024 2600 B.

2122 2629 2327 2691 Ταύτας
2359 2626 2455 2684 οὖν
2486 2630 2699 2692 ἁπάσας
2727 2630 2824 2693 τὰς
2855 2624 2997 2708 ἔργῳ
3042 2631 3129 2686 καὶ
3187 2628 3343 2709 λόγῳ
3386 2633 3499 2706 (14)
3554 2627 3711 2687 διδο-

2057 2720 2218 2793 μένας
2292 2718 2447 2789 ἀξίας
2503 2724 2661 2799 σαφεῖ
2716 2720 2806 2775 καὶ
2881 2716 3101 2797 ἀκριϐεῖ
3156 2720 3308 2796 λόγῳ
3365 2727 3713 2797 παραστῆσαι

2053 2805 2477 2881 σπουδάσαντες,
2510 2809 2578 2867 οὗ
2612 2806 2823 2866 δίκαιον
2856 2809 3165 2885 ἐκρίναμεν,
3212 2809 3257 2865 ὧ
3307 2810 3486 2887 φίλοι,
3544 2809 3716 2886 μέχρι

2053 2898 2261 2955 τούτων
2286 2902 2628 2953 καταπαῦσαι
2670 2899 2763 2954 τὸν
2810 2896 3003 2974 λόγον,
3054 2897 3203 2955 ἀλλὰ
3254 2899 3369 2971 καὶ,
3410 2900 3440 2955 6'
3472 2898 3725 2973 μάλιστα

2057 2990 2183 3064 ὑμῖν
2244 2984 2539 3059 ζητητέον,
2597 2995 2697 3058 τῆς
2756 2987 2879 3063 περὶ
2928 2993 3037 3044 τῶν
3094 2986 3372 3053 καθεδλῶν
3433 2980 3717 3065 ἂκριῦείας

2052 3080 2397 3152 καθάψασθαι
2462 3077 2553 3133 καὶ
2616 3079 2718 3146 τὴν
2786 3078 3032 3133 ὑπόθεσιν
3099 3078 3176 3141 εἷς
3232 3078 3419 3155 ,πέρας
3492 3078 3716 3155 ἀγάγαι,

2052 3169 2193 3224 καθά
2222 3167 2575 3242 ἐξῃτήσασθε.
2630 3158 2744 3221 Καῖ
2790 3168 2894 3244 γὰρ
2952 3167 3121 3224 πάλιν
3177 3168 3250 3231 ὡς
3308 3166 3394 3225 ἐπ’
3438 3166 3717 3243 ἀναλήψει

2052 3263 2173 3320 ταῖς
2242 3256 2554 3332 λεχθείσαις
2620 3255 2853 3319 ἀπάσαις
2913 3258 3259 3332 χρησάμενοι
3314 3258 3416 3328 τὴν
3479 3256 3716 3329 ἑκάστης

2055 3347 2206 3415 τάξιν
2250 3346 2341 3401 καὶ
2390 3345 2591 3415 κλῆσιν
2657 3344 2746 3401 καὶ
2808 3344 3010 3400 οἰκείαν
3068 3343 3328 3421 καθέδραν
3390 3344 3717 3423 σαφέστερον

2060 3436 2188 3508 ὑμῖν
2244 3440 2538 3505 κανονῆσαι
2601 3433 2952 3512 ἐπήχθημεν.
3002 3440 3094 3490 Δεῖ
3141 3434 3245 3511 γὰρ
3292 3434 3386 3490 τὸν
3442 3434 3712 3491 καλέοντα

2058 3523 2376 3600 ἂρτικλίνην
2434 3524 2632 3586 ταύτας
2686 3525 2781 3596 μὲν
2831 3524 3040 3587 ἁπάσας
3085 3520 3326 3600 ἀκριϐῶς
3365 3521 3586 3593 εἰδέναι,
3638 3526 3715 3587 ὡς

2059 3611 2285 3692 ἔφαμεν,
2334 3614 2424 3669 καὶ
2474 3614 2576 3682 τὴν
2632 3617 2741 3669 τῶν
2798 3614 2961 3689 ἱερῶν
3020 3613 3321 3691 βασιλικῶν
3375 3615 3711 3690 κλητωρίων

2058 3704 2383 3759 κατάστασιν
2443 3700 2639 3765 διττῶς
2697 3705 2969 3759 ποιεῖσθαι
3012 3704 3096 3765 εἰς
3154 3704 3445 3778 κόσμησιν,
3493 3704 3584 3759 καὶ
3631 3708 3714 3778 τῷ

2064 3795 2158 3869 μὶν
2189 3793 2340 3871 λόγῳ
2369 3795 2472 3863 τήν
2502 3793 2703 3859 κλῆσιν
2742 3800 2845 3865 τῆς
2895 3793 3124 3849 ἑκάστου
3172 3793 3324 3868 ἀξίας
3374 3794 3577 3858 οἰκείας
3624 3793 3718 3850 ὲκ-

2059 3885 2263 3962 φὲρειν,
2294 3886 2364 3957 τῇ
2396 3879 2455 3937 δὲ
2504 3880 2649 3953 δεξιᾷ
2705 3883 2851 3958 χειρὶ
2915 3879 3005 3937 διὰ
3051 3887 3149 3937 τοῦ
3199 3883 3489 3959 σχήματος
3542 3903 3718 3960 προσ-

2060 3970 2320 4028 δεικνίειν
2350 3972 2443 4027 τὸν
2493 3972 2691 4046 ἑκάστῃ
2722 3972 3050 4047 ,ἁρμόζοντα
3094 3971 3290 4039 τόπον,
3338 3974 3429 4027 καὶ
3474 3973 3565 4029 τὸν
3616 3974 3716 4046 μὲν

2056 4060 2456 4137 πρωτόκλητον
2492 4060 2654 4138 φίλον
2682 4061 2823 4135 πρὸς
2870 4063 2934 4117 τὸ
2984 4062 3269 4135 εὐώνυμον
3313 4063 3717 4136 προτρέπεσθαι

2064 4155 2228 4229 μέρος
2258 4154 2393 4227 (15),
2425 4152 2577 4214 ’ὁπως
2608 4153 2644 4221 ἠ
2677 4158 2780 4221 τῆς
2826 4149 3121 4228 βασιλικῆς
3167 4152 3319 4222 ἀξίας
3366 4156 3482 4226 (16)
3528 4150 3722 4208 ἒπίδο-

1353 4245 1550 4300 ιοΑΝ.
1591 4245 1733 4303 JAC.
1777 4245 2039 4303 REISKII
2080 4244 2658 4302 COMMENTARIUS.

296 4337 567 4412 analogia
580 4338 677 4395 hic
689 4338 914 4395 obtinet
931 4336 1344 4412 vocabulorum
1367 4336 1427 4391 in
1458 4341 1656 4412 nostro
1679 4337 1953 4412 frequen-

294 4408 792 4475 tiumfhicanatu:
830 4410 1137 4477 accubitus,
1175 4414 1312 4465 etc..
1349 4425 1453 4481 pro
1484 4408 1756 4481 praefecto
1791 4408 1951 4465 hica-

295 4489 589 4548 natorum,
610 4482 1040 4547 excubitorum,
1072 4480 1473 4537 barbarus’hic
1502 4480 1616 4536 erit
1649 4480 1953 4551 praefectus

296 4554 682 4610 barbarorum
744 4570 841 4610 seu
896 4553 1164 4609 hetaerias.
1201 4556 1509 4624 Nunquam
1560 4556 1760 4608 tamen
1808 4551 1957 4608 alias

295 4626 356 4684 in
374 4631 604 4709 [nostra
622 4626 821 4709 codice
844 4625 1305 4709 sic'appellatur:

367 4699 481 4769 (14)
506 4699 702 4754 Potest
747 4696 872 4754 haec
911 4694 1089 4753 dictio
1146 4695 1482 4769 signiﬁcare
1528 4699 1586 4760 et
1628 4694 1957 4769 honoratos

295 4765 415 4826 tam
451 4765 548 4839 per
571 4769 875 4838 brabeum,
925 4784 1041 4840 qua
1080 4783 1239 4823 mero
1293 4768 1469 4840 effata
1524 4765 1703 4839 regio,
1752 4771 1809 4822 et
1851 4767 1958 4822 bo-

296 4847 537 4914 noratos
568 4845 689 4914 tam
719 4841 779 4896 in
813 4840 1106 4914 ips_o_act_u
1139 4839 1509 4910 constitutos,
1542 4855 1717 4910 quam
1750 4853 1959 4894 vacan-

290 4909 786 4996 ιθεεέμεράῖῖρυς
817 4908 909 4996 is“
940 4908 1271 4996 ᾇπράττοιῖς·

366 4980 480 5052 (1ὃὶ
509 4980 733 5041 Similis
765 4986 901 5041 huic
941 4980 1104 5040 locus
1135 4989 1224 5052 est
1250 4998 1307 5052 p.
1330 4983 1424 5052 55,
1447 4981 1557 5052 ubi
1607 4981 1864 5038 dicitur:
1897 4980 1959 5037 Ὀ

366 4998 480 5052 tm)
509 4998 733 5041 51mins
765 4998 901 5041 nuto
941 4998 1104 5040 locus
1135 4998 1215 5039 est
1295 5024 1307 5038 .
1330 4998 1424 5052 oo,
1447 4998 1546 5038 um
1607 4998 1825 5038 mettur
1851 4998 1864 5036 :
1902 4998 1959 5037 U

294 5052 647 5127 πατριάρχην
676 5054 958 5124 καθέζεται
1002 5052 1091 5109 ἐπὶ
1153 4998 1381 5109 σελλίου
1437 5052 1489 5123 ἐξ
1536 5051 1823 5127 ἀριστερᾶς
1859 5054 1960 5107 τοῦ

304 5120 599 5197 pegasea.
624 5127 783 5197 _Ergo
810 5130 975 5184 locus
997 5127 1334 5183 honoratior
1352 5132 1480 5182 erat
1509 5126 1770 5182 sinistra.
1807 5126 1960 5182 Sane

304 5141 599 5197 βασιλεως.
638 5141 783 5199 ιιι-8ο
810 5141 975 5184 locus
998 5141 1334 5183 nonorauor
1352 5141 1480 5182 erat
1509 5141 1770 5182 sinistra.
1807 5141 1962 5182 bane

300 5194 496 5281 adhuc
526 5194 819 5281 hodienest
840 5200 989 5281 ap_ud
1014 5197 1787 5281 Turcas._Aniquuert.i,_ait
1815 5197 1958 5281 Bus-

300 5267 530 5348 bekius,
574 5282 632 5338 p.
774 5267 921 5348 apud
958 5286 1071 5348 ⁸ςοιε
1098 5270 1409 5348 digniorem
1438 5269 1631 5348 haberi
1680 5270 1959 5348 locum_st-

296 5340 565 5413 uiarum,
595 5339 713 5392 nisi
761 5339 897 5409 quid
915 5339 1071 5396 aliud
1099 5339 1360 5410 obstaret,
1420 5340 1563 5413 quod
1592 5355 1714 5396 eam
1741 5343 1963 5413 partem

294 5408 794 5485 gladius/1611635162}
823 5415 875 5485 et
901 5413 998 5481 qui
1052 5415 1121 5485 ait
1145 5416 1205 5469 in
1233 5408 1393 5485 parte
1421 5408 1659 5469 dextera
1692 5408 1961 5485 quodam-

299 5480 458 5540 modo
486 5481 743 5555 gladium,
762 5480 959 5536 habent
986 5480 1271 5540 submanu
1297 5486 1437 5554 ejus,
1468 5480 1960 5555 quisiniatrumla-

300 5561 387 5627 tua
415 5554 647 5621 claudit,
680 5554 777 5610 ille
806 5567 935 5609 vero
956 5567 1077 5627 eum
1106 5554 1535 5627 gestetliberum
1560 5558 1611 5612 et
1626 5554 1964 5627 expeditum.

301 5625 723 5683 Observaverat
751 5639 986 5699 quoque
1016 5622 1131 5699 cl._'
1149 5625 1411 5699 Leichius
1463 5628 1523 5683 in
1578 5622 1965 5699 Adversariis,

304 5703 602 5754 notaverat
634 5713 665 5754 ο
716 5695 1022 5754 memeriis
1087 5696 1441 5753 Trevoltinis
1488 5700 1642 5755 Ann.
1687 5697 1844 5752 1707.
1906 5714 1964 5755 n.

300 5769 430 5836 822,
474 5768 763 5825 Abbatem
810 5766 1017 5824 Batelli
1080 5766 1139 5821 id
1190 5765 1388 5822 libello
1438 5767 1631 5824 Roma;
1675 5770 1744 5825 A.
1805 5765 1965 5839 1705,

2061 4337 2217 4394 edito
2284 4335 2773 4408 deSarcophago
2822 4351 3153 4392 marmoreo
3205 4334 3374 4392 Probi
3419 4334 3609 4408 Anicii
3659 4340 3721 4408 et

2062 4410 2262 4465 Probae
2294 4406 3150 4479 Falconim'multadisputasse
3164 4409 3236 4463 de
3267 4424 3427 4464 more
3457 4408 3518 4464 S.
3552 4406 3719 4463 Pauli

1982 4450 2031 4513 D
2063 4480 2382 4553 imaginem
2412 4497 2445 4534 a
2477 4480 2679 4553 dextra
2700 4484 2756 4553 et
2784 4478 2845 4535 S.
2868 4450 3018 4553 Petri
3052 4479 3340 4553 asinistra
3369 4479 3719 4553 collocandi,

2057 4557 2115 4609 et
2143 4550 2612 4608 demonstratum
2644 4550 2839 4618 ivisse,
2864 4551 3164 4607 sinistram
3182 4550 3721 4608 fuissehonoratim

2058 4640 2201 4680 rem.
2236 4628 2357 4680 Non
2389 4629 2583 4695 tamen
2628 4623 2785 4694 apud
2836 4622 3067 4695 Graecos
3123 4638 3354 4695 quoque
3411 4623 3716 4680 sinistram

2059 4696 2239 4752 fuisse
2260 4694 2719 4760 honoratiorem,
2776 4694 2961 4750 evinci
2994 4694 3203 4751 idoneo
3235 4699 3577 4766 argumento
3612 4711 3717 4766 po-

2058 4773 2194 4835 test,
2226 4783 2362 4822 cum
2396 4765 3369 4838 potiusmultasint,quaedextram
3397 4765 3517 4838 illis
3538 4765 3718 4838 habi-

2061 4847 2173 4896 tam
2198 4838 2375 4895 fuisse
2397 4836 2802 4894 honestiorem
2860 4836 3015 4893 clare
3056 4840 3364 4894 testentur.
3400 4836 3554 4894 Sane
3587 4836 3718 4893 ubi-

2060 4926 2293 4982 cunque
2312 4910 2631 4983 imperator
2660 4925 2791 4983 cugm
2826 4908 3154 4983 patriarcha
3171 4909 3529 4983 procederet,
3563 4925 3720 4983 sem-

2060 4999 2161 5055 per
2191 4980 2454 5055 dextrain
2506 4980 2849 5055 occupabat}
2912 4980 3072 5037 Inter
3102 4980 3466 5055 conditiones
3506 4981 3721 5055 quibus

2058 5051 2429 5111 Justinianus
2458 5055 2531 5107 Μ.
2564 5051 3051 5125 ΔΤιιιιοιίιιὶιιιιιιιιι
3098 5053 3159 5108 in
3194 5068 3374 5125 regno
3395 5053 3716 5125 Gothorum

2064 5125 2263 5182 ltalico
2278 5123 2680 5192 conﬁrmabat,
2705 5128 2849 5195 erat,
2877 5123 3313 5195 testeProcopio
3334 5142 3389 5194 p.
3415 5123 3538 5191 173,
3556 5123 3712 5194 init.,

2062 5204 2120 5255 et
2140 5197 2281 5266 haec,
2317 5203 2379 5252 ut
2409 5196 3137 5267 Theodahatognunquam
3177 5200 3491 5267 poneretur
3519 5200 3715 5252 statua

2064 5269 2197 5351 soli,
2230 5268 2331 5325 sed
2365 5284 2595 5351 semper
2622 5285 2756 5351 cum
2788 5266 3259 5351 Justin’ianoLet‘
3298 5266 3400 5322 sic.
3449 5271 3514 5322 ut
3539 5269 3710 5351 imp.

2063 5342 2352 5407 dextram,
2374 5338 2509 5412 ipse
2532 5339 2831 5412 sinistram
2864 5344 3104 5396 teneret.
3121 5338 3644 5412 Multapossenttal
3655 5338 3712 5395 ia

2064 5411 2333 5484 exempla
2360 5411 2616 5483 cengeri.
2649 5412 2767 5484 Sed
2787 5428 2961 5484 parco
2990 5413 3049 5467 in
3073 5428 3135 5466 re
3167 5411 3496 5467 manifesta.

2134 5480 2253 5555 (16)
2309 5480 2545 5554 Accipio
2600 5501 2702 5554 pro
2746 5480 3019 5553 ἀξιώσεως
3074 5498 3339 5555 munere,
3409 5499 3524 5554 quo
3582 5481 3716 5554 quis

2064 5554 2312 5627 alterum
2371 5555 2617 5627 dignum
2655 5561 2864 5627 censet
2891 5560 2951 5611 et
2997 5556 3196 5612 donat.
3255 5554 3534 5627 Caeterum
3592 5570 3713 5627 non

2063 5625 2253 5696 video,
2284 5627 2388 5699 qui
2419 5625 2602 5699 possit
2634 5626 2833 5683 discus
2882 5626 3074 5699 epulis
3123 5631 3375 5699 onustus
3426 5625 3498 5682 ad
3556 5625 3712 5699 εἰσί-τ

2066 5702 2245 5825 ξιτὲξι]
2262 5695 2489 5756 sedenti
2508 5699 2877 5757 commodius
2892 5695 3072 5771 quam
3096 5698 3169 5757 ad
3192 5699 3453 5756 dextram
3485 5695 3714 5755 sedenti

2089 5786 2153 5825 ra
2197 5787 2236 5825 ι.

2067 5778 2236 5827 tradi.
