4124 6402
301 405 454 468 1341

1149 405 1249 468 DE
1291 404 1746 471 CERIMONIIS
1793 407 2038 473 AUL/E
2078 407 2558 470 BYZANTINIE
2602 405 2752 469 LIB.
2798 408 2880 470 II.

3569 399 3723 466 1342

299 561 382 602 σις
436 538 670 613 εύχερής
710 543 789 610 τῷ
838 535 1225 612 πρωτοκλήτῳ
1273 539 1496 614 γένηται
1540 539 1710 620 φίλῳ,
1767 543 1857 598 τὸν
1901 539 1956 598 δὲ

2075 542 2514 612 facere,scilicet
2544 558 2682 599 voce
2712 539 3014 614 dignitatis
3043 539 3257 612 cuique
3286 537 3571 608 singulari
3601 539 3725 594 viro

296 629 392 684 ἀπ’
449 628 615 682 αὐτοῦ
673 624 919 701 δεύτερον
972 625 1024 681 ἐν
1077 632 1194 689 τοῖς
1245 624 1439 698 δεξιοῖς
1509 629 1956 704 προσκαλεῖσθαι,

294 719 392 774 καὶ
450 717 652 796 λέγειν·
717 742 744 769 α
784 719 846 775 Ὁ
903 717 1250 796 πατριάρχης
1301 722 1958 793 Κωνσταντινουπύλεως,

297 811 327 865 6
360 813 575 883 καῖσαρ,
610 808 638 863 6
687 803 1097 880 νωϐελήσιμος,
1149 809 1176 862 6
1226 807 1676 884 κουροπαλάτης,
1730 813 1758 865 6
1801 813 1956 886 βασι-

299 895 615 972 λεοπάτωρ,
661 898 696 966 ἡ
733 898 910 966 ζωστή
963 897 1242 972 πατρικία.
1277 922 1305 950 ››
1354 897 1566 954 Εἰδέναι
1617 898 1673 955 δὲ
1718 897 1818 971 δεῖ,
1874 899 1958 956 ὅτι

297 988 355 1042 αἱ
411 984 466 1057 ἓξ
527 985 684 1040 αὗται
742 986 902 1058 μόναι
954 985 1095 1056 ἀξίαι
1155 985 1205 1041 ἐν
1259 991 1328 1061 τῇ
1386 988 1674 1064 ἀποκοπτῇ
1714 991 1956 1064 τραπέζῇ

294 1078 683 1130 συνεστιῶνται
730 1080 846 1136 τοῖς
897 1072 1210 1148 βασιλεῦσιν
1257 1077 1393 1147 (17),
1440 1079 1493 1131 αἱ
1543 1075 1600 1132 δὲ
1631 1077 1820 1134 λοιπαὶ
1853 1083 1960 1134 πᾶ-

292 1185 384 1219 σαι
433 1170 533 1234 τῆς
583 1161 834 1239 δευτέρας
884 1164 1192 1241 ὑπάρχουσι
1245 1165 1443 1235 τάξεως
1475 1170 1610 1240 (18),
1651 1170 1764 1223 οἷον
1799 1170 1826 1223 ὁ
1861 1169 1960 1242 μά-

285 1273 536 1329 γιστρος,
571 1253 598 1308 6
634 1253 933 1328 μάγιστρος
962 1256 1091 1326 (19).
1144 1254 1207 1310 Εἰ
1253 1251 1310 1309 δέ
1360 1277 1444 1320 τις
1472 1256 1678 1312 τούτων
1709 1257 1959 1336 ὁφφίκιον

286 1343 582 1416 τετίμηται
634 1345 770 1415 (20),
826 1344 1176 1418 προκρίνεται
1226 1349 1326 1399 τοῦ
1389 1343 1624 1422 ἑταίρου,
1675 1347 1769 1401 κᾶν
1815 1346 1958 1423 τάχα

285 1431 524 1507 ἔσχατος
645 1431 800 1500 Εἶτα,
825 1433 852 1486 6
881 1432 1142 1508 ῥαίκτωρ,
1179 1435 1205 1488 6
1236 1433 1538 1510 σύγκελλος
1568 1437 1790 1509 Ῥώμης
1822 1438 1958 1510 (21),

285 1522 316 1575 6
351 1519 652 1596 σύγκελλος
712 1522 1365 1586 Κωνσταντινουπόλεως,
1417 1524 1481 1579 Εἰ
1514 1522 1572 1579 δὲ
1601 1525 1692 1579 καὶ
1721 1531 1828 1579 τῶν
1858 1531 1959 1594 τῆς

285 1607 603 1680 Ἀνατολῆς
636 1615 997 1686 πατριαρχῶν
1037 1609 1257 1686 τύχοιεν
1299 1615 1345 1649 ⁸9
1391 1611 1705 1687 σύγκελλοι,
1738 1613 1962 1694 προκρίς

293 1719 482 1754 νονται
527 1698 734 1754 τούτων
789 1700 924 1754 κατὰ
968 1699 1035 1754 τὰ
1079 1698 1194 1756 ἴδια
1243 1703 1421 1757 αὐτῶν
1459 1703 1818 1782 πατριαρχία,
1861 1704 1940 1758 εἶο

295 1783 483 1850 οὕτως
541 1789 568 1842 6
629 1788 1064 1863 ἀρχιεπίσκοπος
1121 1788 1483 1867 Βουλγαρίας,
1543 1794 1821 1868 πατρίκιοι
1869 1794 1960 1848 εύ-

285 1881 512 1952 νοῦχοι.
546 1878 606 1935 Ὀ
639 1875 697 1932 δὲ
743 1875 816 1930 ὢν
870 1877 920 1948 ἐξ
970 1879 1148 1934 αὐτῶν
1205 1878 1256 1933 ἐν
1318 1879 1559 1958 ὀφφικίῳ
1607 1883 1956 1956 προκρίνεται
1984 1919 2034 1986 Β

354 1971 382 1982 ν
427 1968 442 1986 ι
495 1967 505 1984 ι
675 1969 735 1986 οη
808 1968 822 1986 9
869 1969 924 1986 ,ι
1291 1969 1302 1986 ι
1565 1971 1579 1986 ε
1897 1973 1910 1986 .

283 1971 385 2022 τοῦ
427 1967 631 2042 ἑτέρου.
675 1969 737 2026 Ὁ
797 1968 1100 2032 ἀνθύπατος
1141 1969 1427 2044 πατρίκιος
1490 1971 1581 2025 καὶ
1647 1973 1952 2049 στρατηγὸς

283 2061 396 2112 τῶν
430 2054 820 2112 Ἀνατολικῶψ
874 2059 902 2112 6
953 2057 1256 2122 ἀνθύπατος
1300 2058 1586 2133 πατρίκιος
1629 2062 1720 2114 καὶ
1785 2058 1949 2136 δομὲ-

289 2167 476 2208 στικος
507 2152 615 2202 τῶν
647 2146 893 2223 σχολῶψ
930 2147 957 2201 6
991 2146 1291 2211 ἀνθύπατος
1321 2147 1606 2222 πατρίκιος
1636 2149 1724 2203 καὶ
1757 2170 1951 2225 στρατ-

289 2235 421 2310 ηγὸς
467 2240 576 2290 τῶν
631 2237 1025 2311 Ἀρμενιακῶν
1079 2237 1107 2290 6
1158 2237 1461 2301 ἀνθύπατος
1529 2238 1816 2314 πατρίκιος
1861 2247 1952 2300 καὶ

288 2328 589 2401 στρατηγὸς
645 2332 754 2384 τῶν
820 2330 1167 2404 Θρᾳκησίων·
1222 2330 1249 2384 6
1297 2329 1598 2395 ἀνθύπατος
1669 2333 1955 2407 πατρίκιος

281 2417 374 2471 καὶ
424 2417 605 2490 κόμης
657 2421 756 2473 τοῦ
808 2418 1049 2491 ὀψικίου·
1105 2420 1132 2474 6
1180 2417 1486 2484 ἀνθύπατος
1550 2421 1837 2496 πατρίκιος
1865 2422 1957 2477 καὶ

298 2506 611 2583 στρατηγὸς
668 2511 776 2562 τῶν
829 2505 1273 2582 βουκελλαπίων⁶
1333 2511 1362 2564 6
1410 2509 1713 2574 ἀνθύπατος
1768 2511 1960 2584 πατρί-

281 2617 408 2660 κιος
451 2597 542 2652 καὶ
593 2599 896 2675 στρατηγὸς
956 2597 1362 2663 Καππαδοκίας·
1422 2601 1450 2654 6
1509 2601 1816 2665 ἀνθύπατος
1857 2623 1962 2658 πα-

2069 633 2314 705 propriaa
2349 631 2794 705 appellationem
2828 629 3291 702 pronuntiare,et
3317 628 3486 684 simul
3520 627 3724 683 dextra

2071 739 2246 778 manu
2280 731 2560 795 gestuque
2610 723 2817 778 decoro
2862 719 2921 776 et
2968 724 3246 776 consueto
3295 722 3720 790 competentem

2069 812 2280 883 cuique
2313 829 2489 868 suum
2515 813 2706 868 locum
2731 809 3034 883 assignare
3060 827 3074 876 ;
3098 809 3475 880 amicumque
3496 806 3720 863 domini

2069 903 2338 974 eum,qui
2372 902 2597 973 primus
2630 901 3046 967 introvocatur,
3064 899 3136 954 ad
3169 897 3465 954 sinistram
3497 894 3722 951 domini

2070 1007 2310 1048 manum
2335 991 2749 1064 ablegare,quo
2774 1004 2983 1059 nempe
3005 1005 3109 1044 sua
3129 987 3397 1058 majestas
3421 984 3504 1040 illi
3529 984 3720 1056 primo

2069 1086 2268 1136 vocato
2308 1097 2374 1136 eo
2407 1080 2637 1136 facilius
2686 1077 3171 1149 commodiusque
3201 1077 3378 1148 dapes
3426 1075 3720 1147 porrigere

2070 1170 2275 1243 possit.
2332 1170 2600 1227 Secundo
2645 1173 2840 1226 autem
2871 1168 3003 1225 loco
3034 1171 3302 1224 vocatum
3331 1165 3402 1221 ad
3449 1167 3714 1222 dextram

2069 1258 2378 1330 ablegare;
2413 1264 2470 1314 et
2522 1259 2886 1329 proclamare
2933 1256 3041 1312 hoc
3088 1263 3286 1313 tenore
3314 1271 3334 1310 :
3386 1253 3718 1309 Patriarche

2071 1349 2657 1420 Constantinopoleos;
2691 1347 2872 1404 Cmsar
2888 1366 2912 1414 ;
2963 1345 3350 1407 Nebilissime;
3382 1343 3720 1415 Curopalata

2069 1438 2487 1508 Basileopator;
2516 1438 2669 1493 Zoste
2715 1437 2973 1509 patricia.
3021 1437 3113 1490 liae
3145 1448 3354 1504 nempe
3394 1449 3494 1489 sex
3525 1433 3718 1503 digni-

2068 1529 2217 1582 tates
2241 1526 2375 1582 solaa
2401 1527 2580 1582 simul
2603 1543 2736 1581 cum
2765 1527 3116 1596 imperatore
3136 1523 3195 1578 in
3218 1539 3419 1579 mensa
3438 1531 3721 1594 apocopta

2069 1632 2168 1673 seu
2202 1617 2431 1688 privata
2451 1620 2506 1672 et
2536 1633 2570 1671 a
2600 1617 2825 1671 ceteris
2847 1618 3110 1686 separata
3125 1612 3720 1684 epulanturl’teliquas

2070 1713 2260 1761 autem
2313 1721 2518 1761 omnes
2551 1709 2688 1760 sunt
2737 1704 2983 1761 secundi
3033 1703 3278 1771 ordinis,
3329 1705 3394 1757 ut
3441 1702 3722 1772 magister

2071 1793 2360 1866 [primus],
2397 1794 2673 1866 magister
2703 1793 3043 1864 [secundus]
3075 1801 3128 1848 et
3160 1793 3245 1848 sic
3275 1807 3464 1864 porro.
3502 1791 3718 1849 [lorum

2067 1883 2482 1939 honoratorum
2511 1881 2560 1938 si
2610 1883 2744 1954 quis
2792 1881 2985 1937 ofﬁcio
3017 1885 3295 1953 praeterea
3341 1883 3572 1937 mactus
3604 1882 3716 1949 est,

2065 1971 2437 2044 praahabetur
2466 1971 2633 2028 alteri
2665 1972 2928 2042 ejusdem
2962 1971 3197 2042 quidem
3231 1969 3542 2042 dignitatis
3570 1969 3715 2038 viro,

2062 2063 2159 2117 sed
2192 2061 2383 2117 ofﬁcio
2414 2077 2596 2127 casso,
2641 2059 2873 2116 etiamsi
2916 2060 3041 2132 ipse
3075 2064 3406 2132 postremus
3437 2074 3541 2116 seu
3592 2073 3719 2130 pro-

2063 2151 2340 2208 motionis
2370 2155 2632 2221 tempore
2662 2149 3106 2206 recentissimus
3132 2149 3230 2205 sit.
3263 2148 3484 2204 Deinde
3516 2163 3717 2204 evoca-

2062 2246 2160 2297 tur
2215 2245 2440 2309 rector;
2475 2239 2768 2312 syncellus
2815 2240 3045 2308 Romae;
3097 2238 3394 2311 syncellus
3442 2237 3713 2294 CPoleos.

2063 2333 2401 2407 Syncelli,si
2434 2333 2534 2406 qui
2562 2334 2798 2403 adsunt,
2823 2332 3285 2405 patriarcharum
3316 2331 3716 2399 orientalium,

2067 2424 2407 2496 praecedunt
2456 2428 2514 2478 et
2545 2429 2878 2495 sequuntur
2924 2423 3147 2492 ordine,
3182 2438 3354 2495 quem
3403 2422 3464 2478 in
3511 2422 3716 2478 ordine

2069 2512 2458 2570 ecclesiastico
2487 2517 2648 2568 tenet
2679 2529 2825 2568 suus
2871 2514 3158 2584 cujusque
3188 2510 3540 2584 patriarcha.
3575 2509 3715 2568 Dein

2071 2602 2544 2674 archiepiscopus
2573 2601 2854 2674 Bulgaria
2878 2619 2893 2669 ;
2918 2606 3043 2658 tum
3068 2601 3297 2672 patricii
3326 2599 3716 2658 eunuchi.Ho-

1633 2701 1879 2759 VARle
1931 2701 2348 2760 LECTIONES.

355 2797 405 2833 8⁸
431 2796 656 2873 τοίχυεν
689 2799 816 2856 cod.
850 2804 909 2856 et
938 2799 1030 2855 ed.

1319 2889 1520 2946 JOAN.
1561 2892 1713 2949 JAC.
1757 2893 2024 2949 REISKII
2064 2891 2656 2949 COMMENTARIUS.

356 2987 472 3058 (17)
503 2987 695 3062 Potest
724 2989 797 3045 de
828 2989 1050 3062 collega
1082 2989 1316 3062 imperii
1356 2991 1560 3060 accipi,
1597 2992 1789 3062 qualis
1819 2997 1944 3049 erat

291 3059 633 3134 Alexander,
667 3061 844 3117 frater
875 3059 1102 3134 Leonis,
1136 3059 1242 3134 sub
1287 3079 1403 3134 quo
1436 3059 1717 3134 regnante
1754 3063 1942 3120 Cleto-

292 3132 583 3202 rologium
617 3134 726 3188 hoc
758 3133 1170 3188 concinnatum
1205 3132 1330 3188 fuit“.
1359 3132 1525 3189 Cum
1558 3139 1750 3190 tamen
1799 3137 1944 3192 alias

280 3202 333 3255 οἱ
403 3200 647 3274 βασιλεῖς
702 3203 821 3259 sint
878 3210 1190 3277 Augustus,
1224 3209 1284 3260 et
1338 3208 1620 3277 Augusta,
1680 3212 1736 3262 et
1795 3208 1946 3262 inter

290 3289 511 3329 mensae
542 3284 820 3345 separatis
868 3277 1132 3333 membra
1164 3275 1628 3334 Patriciai’Zoste
1678 3282 1946 3335 nomine-

285 3351 564 3430 turhquaa
594 3317 718 3430 erat
753 3347 810 3430 in
840 3347 970 3430 aula
993 3349 1607 3430 Augustaepraacipuae
1639 3351 1944 3430 dignitatis
1975 3317 2017 3383 C

289 3417 508 3472 femina
555 3421 613 3473 et
659 3423 791 3489 post
833 3417 1160 3490 Augustam
1255 3417 1424 3487 rima,
1475 3417 1533 3474 et
1581 3417 1824 3492 prorsus
1873 3424 1944 3477 ad

293 3488 550 3545 ofﬁcium
584 3490 837 3545 Augusti
879 3491 1023 3545 nihil
1073 3437 1340 3545 iaciegat.
1375 3493 1772 3545 dicunturaue
1804 3511 1944 3545 oras-

293 3488 550 3564 ofﬁcium
584 3488 837 3560 Augusti
864 3488 1044 3564 nihil,
1073 3488 1340 3557 iaciebat,
1375 3488 1772 3564 dicunturque
1804 3511 1947 3563 prea-

296 3563 477 3635 ter-ea,
525 3563 787 3635 Augusta
821 3562 920 3635 ubi
952 3562 1112 3618 nulla
1143 3567 1330 3635 esset,
1358 3562 1634 3618 celebrari
1675 3562 1818 3619 non,
1843 3581 1947 3635 po-

297 3630 482 3707 tuisse
516 3630 778 3707 convivia
810 3633 902 3688 xix
956 3634 1348 3701 accubituum,
1382 3635 1698 3690 admodum
1733 3630 1950 3707 proha—

301 3702 416 3757 bile
445 3707 553 3777 est,
584 3705 914 3775 Augustum
947 3710 1004 3760 et
1052 3707 1378 3777 Augustam
1433 3702 1799 3777 praesedisse,
1833 3724 1946 3777 quo

302 3775 544 3849 accedit,
577 3791 675 3830 sex
725 3781 950 3831 tantum
984 3775 1300 3849 dignitates
1352 3775 1449 3832 hic
1477 3781 1788 3844 recenseri,
1823 3775 1945 3849 qua:

297 3845 369 3899 ad
422 3861 685 3901 mensam
744 3845 1075 3916 separatam
1119 3849 1608 3916 admitterentur;
1641 3856 1698 3906 et
1745 3845 1946 3907 tamen

299 3917 520 3988 ubique
552 3934 653 3988 per
682 3918 791 3973 hoc
822 3919 1268 3990 Cletorologium
1309 3919 1585 3991 leguntur
1614 3922 1699 3976 illi
1729 3938 1947 3979 mensa

296 3995 509 4066 praeter
555 3993 877 4060 Augustum
926 3993 1228 4066 duodecim
1279 3993 1585 4066 assedisse.
1623 3994 1788 4050 Forte
1834 3995 1946 4066 igi-

293 4065 390 4137 tur
419 4061 659 4137 aderant
690 4077 1049 4137 summorum
1099 4063 1330 4137 illorum
1367 4065 1702 4137 principum
1736 4061 1944 4122 uxores

289 4135 348 4185 et
377 4132 623 4188 maritus
653 4133 914 4189 Patriciae
958 4137 1152 4191 Zostre.
1189 4135 1316 4190 Non
1366 4132 1579 4192 ausim'
1609 4142 1801 4192 tamen
1834 4137 1943 4193 hoc

290 4202 604 4266 afﬁrmare,
663 4205 988 4274 recogitans
1047 4223 1350 4262 summum
1405 4212 1507 4263 aut
1573 4208 1784 4262 fastum
1845 4213 1944 4264 aut

293 4275 703 4350 verecundiam
743 4278 1166 4350 Augustarum,
1208 4295 1336 4349 quas
1365 4278 1578 4350 Oppido
1627 4295 1756 4334 raro
1807 4295 1942 4349 pro-

288 4346 522 4401 ceribus
579 4363 642 4403 se
696 4346 1021 4418 spectatum
1082 4346 1320 4404 dabant.
1372 4346 1460 4404 Et'
1497 4355 1773 4418 praeterea
1807 4346 1938 4406 'non

289 4433 520 4490 semper
550 4419 792 4475 aderant
825 4418 1310 4490 Basileopatores,
1346 4436 1534 4488 neque
1565 4421 1939 4478 nobilissimi.

356 4488 422 4562 Et
455 4491 611 4559 quod
664 4491 1023 4562 praecipuum
1057 4488 1164 4557 est,
1199 4493 1470 4562 Augustae
1501 4491 1704 4547 eodem
1741 4495 1935 4550 modo.

286 4563 347 4634 et
373 4559 583 4634 iisdem
630 4559 1015 4633 temporibus,
1063 4578 1178 4633 quo
1227 4559 1498 4634 Augusti,
1533 4563 1812 4620 conviviis
1845 4581 1940 4620 so-

286 4629 582 4688 lemnibus
639 4629 1008 4706 excipiebant
1078 4629 1547 4706 uxores—eorum
1607 4651 1936 4706 procerum,

2056 2993 2240 3048 fuisse
2291 2992 2634 3048 admissam.
2684 2992 2864 3064 Atqui
2908 2995 3102 3048 tamen
3151 2990 3506 3049 contrarium
3539 2991 3711 3050 toties

2057 3064 2334 3134 deinceps
2366 3067 2751 3120 asseveratur.

2125 3136 2237 3210 (19)
2272 3133 2604 3210 Credebam
2639 3135 2949 3210 aliquando
2989 3136 3312 3210 secundum
3347 3133 3374 3188 6
3410 3133 3710 3210 μάγιστρος

2055 3206 2263 3262 vitiose
2295 3209 2560 3262 iteratum
2611 3206 2756 3264 esse}
2791 3207 2954 3278 Certe
2987 3223 3042 3278 p.
3075 3208 3200 3273 423,
3249 3212 3480 3262 tantum
3502 3206 3708 3264 'semel

2059 3279 2402 3350 nominatur
2447 3278 2741 3350 magister.
2791 3277 3002 3334 Verum
3052 3283 3237 3350 polest
3289 3278 3566 3334 librarius
3614 3282 3708 3336 de-

2060 3349 2238 3404 fendi.
2287 3355 2431 3405 Nam
2477 3359 2530 3405 et
2587 3349 2724 3404 alibi
2785 3350 2966 3405 nostri
3026 3349 3254 3406 Codicis
3303 3355 3708 3406 memorantur

2059 3422 2170 3476 duo
2203 3421 2491 3492 magistri,
2543 3437 2784 3492 quorum
2819 3438 2974 3476 unus
3031 3422 3262 3476 videtur
3302 3422 3357 3476 in
3395 3426 3554 3492 parte
3596 3425 3711 3477 Au-

2055 3492 2209 3564 gusti
2244 3492 2508 3564 majoris,
2543 3493 2689 3548 alter
2738 3493 2796 3547 in
2849 3498 3016 3564 parte
3064 3494 3327 3561 minoris,
3360 3498 3462 3548 aut
3510 3495 3705 3564 potius

2058 3581 2210 3619 unus
2261 3566 2317 3620 in
2370 3573 2532 3636 parte
2581 3565 2853 3635 Augusti,
2901 3565 3049 3620 alter
3101 3566 3163 3620 in
3222 3571 3383 3636 parte
3431 3570 3706 3637 Augustae

2057 3637 2259 3708 fuisse.
2309 3637 2664 3706 Luitprando
2715 3637 2784 3691 ad
2835 3652 2967 3690 xxiv
3014 3637 3245 3691 diversa
3292 3637 3484 3708 ofﬁcia
3532 3637 3708 3708 primi

2055 3707 2277 3763 ordinis
2326 3708 2472 3763 aulas
2518 3708 2842 3779 Byzantines
2895 3724 3028 3762 cum
3081 3707 3388 3779 praeposito
3441 3707 3705 3778 magistri

2057 3779 2292 3835 nomine
2311 3781 2633 3835 recensenti
2655 3780 2714 3834 in
2740 3779 2988 3834 Historia
3005 3779 3282 3848 derogare
3305 3779 3475 3833 ﬁdem
3497 3779 3699 3835 nolim.

2129 3851 2297 3906 Forte
2329 3851 2428 3906 illa
2475 3857 2662 3915 aetate,
2697 3867 2813 3922 qua
2843 3851 2970 3922 CPli
3022 3850 3118 3903 ille
3145 3854 3272 3904 erat
3320 3850 3698 3922 prima_vice,

2055 3921 2206 3978 circa
2255 3925 2321 3978 A.
2371 3925 2434 3978 C.
2482 3923 2607 3985 947,
2663 3920 2924 3991 magistri
2977 3935 3186 3976 nomen
3241 3920 3702 3987 praemittebatur

2056 3994 2352 4064 primariis
2383 3993 2712 4064 quibusque
2744 3992 3144 4064 dignitatibus.
3173 3994 3233 4046 In
3269 3997 3467 4064 nostro
3500 3996 3700 4049 tamen

2054 4062 2250 4119 codice
2301 4062 2530 4135 semper
2548 4062 2656 4135 hic
2698 4068 2865 4118 tenor
2908 4063 3128 4117 obtinet
3173 4062 3448 4135 patricius
3495 4069 3552 4118 et
3597 4080 3704 4118 an-

2051 4136 2312 4206 thypatus
2351 4133 2448 4190 ille
2478 4133 2564 4191 vel
2597 4135 2714 4206 ille.
2752 4135 3035 4206 Tempore
3082 4138 3216 4206 post
3245 4134 3456 4189 titulus
3489 4135 3701 4204 probe-

2051 4205 2138 4260 dri
2170 4207 2229 4260 in
2263 4221 2433 4261 usum
2481 4205 2766 4273 veniebat,
2797 4205 3102 4276 prohedrus
3129 4209 3181 4261 et
3223 4205 3700 4277 protovcstiarius,

2044 4277 2356 4348 prohedrus
2385 4287 2440 4333 et
2467 4278 2767 4346 coniciens,
2798 4283 2858 4332 et
2886 4278 2972 4333 sic
3003 4293 3195 4348 porro.

2122 4349 2233 4419 (20)
2272 4349 2445 4422 Atqui
2476 4350 2756 4422 magister
2784 4349 3110 4406 ofﬁciorum
3163 4365 3279 4405 non
3315 4365 3474 4422 mera
3503 4348 3700 4422 digni-

2050 4427 2159 4492 tas,
2193 4421 2290 4476 sed
2345 4421 2506 4490 ipum
2540 4421 2796 4476 ofﬁcium
2841 4438 3022 4476 unum
3070 4423 3142 4476 de
3194 4421 3501 4492 praecipuis
3549 4421 3690 4477 erat.

2049 4491 2273 4547 Τούτων
2303 4492 2498 4564 itaque
2547 4509 2660 4547 non
2693 4493 2764 4548 de
2797 4492 3112 4564 magistris,
3145 4491 3237 4564 de,
3262 4491 3480 4562 quibus
3511 4494 3698 4564 proxi-

2050 4579 2142 4618 me
2175 4559 2472 4634 praacessit
2519 4579 2736 4628 sermo,
2769 4565 2868 4619 sed
2898 4559 2991 4619 'de
3045 4559 3166 4622 ταῖς
3225 4559 3446 4623 λοιπαῖς
3489 4559 3695 4632 τάξεσιν

2049 4636 2610 4718 αρσίρῇοηάμῃιμσυω
2641 4636 2916 4718 deinceps
2946 4636 3330 4718 nominantur
3361 4652 3380 4690 :
3415 4641 3479 4691 ut
3511 4637 3696 4718 patri-

286 4718 436 4778 quos
466 4700 791 4778 Augustius:
811 4722 989 4778 penes
1039 4722 1101 4778 se
1151 4705 1421 4762 convivas
1464 4700 1728 4775 habe-ret,
1759 4725 1810 4761 v.
1864 4700 1934 4764 ad
1970 4700 2015 4764 D
2046 4700 2265 4762 cius'in
2302 4700 2899 4773 ofﬁcio—constitutus,
2934 4706 3165 4762 etiamsi
3216 4721 3414 4763 recens
3442 4700 3692 4778 creatus,

280 4790 338 4849 p.
377 4777 479 4849 172
508 4780 565 4832 et
595 4792 649 4846 p.
683 4777 809 4849 227.
846 4777 1037 4832 Etiam
1072 4777 1130 4832 in
1173 4778 1434 4833 convivio
1467 4779 1750 4849 principis
1797 4778 1939 4836 Mol-

281 4846 482 4921 davig,
534 4863 651 4920 quo
689 4846 917 4921 clerum
970 4855 1027 4905 et
1079 4865 1340 4918 proceres
1397 4846 1536 4904 suos
1595 4846 1828 4921 exeipit,
1883 4855 1940 4907 et

275 4919 433 4994 quod
469 4918 783 4974 in‘multis
834 4937 968 4994 cum
1021 4921 1381 4994 solemnibus
1437 4918 1934 4994 veterum—impp.

274 4990 635 5046 CPtanorum
689 4993 971 5046 conviviis
1037 4993 1326 5062 convenit,
1378 4998 1444 5047 ut
1501 4994 1688 5061 possit
1732 4990 1931 5050 eorum

275 5062 464 5134 imago
499 5062 700 5118 merito
731 5063 866 5134 dici,
910 5064 1264 5134 principissa
1312 5080 1425 5118 non
1459 5065 1645 5119 adest.
1698 5063 1929 5121 Descri-

279 5132 369 5206 bit
400 5133 542 5206 illud
570 5132 927 5206 convivium
969 5136 1041 5191 La
1087 5132 1254 5191 Croix
1298 5135 1358 5190 in
1391 5134 1556 5190 l’Elat
1603 5140 1820 5206 present
1865 5136 1931 5192 de

279 5203 511 5278 l’Eglise
549 5205 813 5278 Grecque,
864 5206 902 5260 Ι.
938 5223 975 5271 r,
1027 5222 1076 5262 c.
1133 5208 1219 5274 15,
1261 5223 1433 5278 quem
1484 5203 1668 5263 totum
1716 5207 1930 5275 locum,

276 5289 419 5344 quia
449 5275 1042 5350 Cletorologiumrhoc
1073 5275 1337 5334 nostrum
1383 5280 1613 5350 egregie
1648 5279 1928 5348 illustrat,

278 5361 396 5423 non
457 5349 1069 5423 pigebit‘conlulisse.
1126 5350 1378 5423 Colligas
1436 5349 1673 5422 quidem
1721 5368 1751 5408 e
1803 5352 1930 5408 loco

274 5416 491 5494 Nicetaa
519 5416 596 5491 'p.
652 5419 778 5486 232,
834 5422 1082 5494 feminas
1133 5416 1361 5493 quoq'ue
1419 5416 1566 5494 regii
1623 5425 1929 5494 sanguinis

276 5505 409 5564 cum
461 5491 812 5564 imperatore
856 5493 1116 5564 epulatas
1151 5491 1350 5548 fuisse.
1412 5491 1521 5549 Sed
1577 5493 1674 5548 ille
1732 5495 1810 5549 ibi
1857 5495 1928 5550 de

281 5562 520 5641 privatis
546 5564 758 5634 epulis,
789 5562 907 5619 non
936 5565 1007 5620 de
1051 5564 1299 5635 publicis
1347 5567 1513 5621 statis
1543 5565 1818 5621 conviviis
1849 5565 1930 5622 lo-

268 5639 491 5702 quitur.

348 5703 792 5782 (l8)S_atis_h¢ec
843 5708 1017 5782 verba
1065 5707 1344 5782 indicant,
1392 5708 1750 5782 reliquarum
1801 5725 1925 5765 om-

276 5775 451 5832 nium
503 5777 853 5848 dignitatum
897 5779 1122 5837 nullam
1182 5781 1252 5836 ad
1304 5775 1634 5852 separatam
1663 5796 1927 5838 mensam

2050 4778 2325 4851 praecedit
2391 4779 2628 4851 patricio
2687 4779 2940 4835 ofﬁcium
3009 4795 3124 4834 non
3175 4779 3411 4849 gerenti,
3462 4779 3694 4835 etiamsi

2047 4849 2244 4905 veteri.

2121 4923 2230 4992 (21)
2262 4921 2540 4984 Quamvis
2592 4921 2804 4978 saeculo
2833 4938 2869 4976 x
2901 4921 3091 4977 rarius
3119 4921 3286 4977 CPlin
3314 4921 3468 4976 irent
3510 4921 3691 4993 legati

2045 4994 2341 5065 pontiﬁcis
2355 4993 2810 5065 Romani,quam
2835 5010 3002 5049 saec.v
3020 4997 3078 5049 et
3099 5010 3154 5049 v1
3175 5009 3305 5048 cum
3329 4993 3522 5048 adhuc
3541 4993 3688 5065 imp.

2042 5065 2267 5120 CPtano
2301 5064 2485 5121 Roma
2535 5064 2780 5136 pareret,
2820 5081 3245 5136 nonnunquam
3298 5065 3545 5136 negotiis
3589 5064 3690 5121 ei-

2041 5136 2354 5206 pediundis
2379 5136 2569 5208 Roma
2616 5136 2757 5191 illuc
2785 5137 2964 5208 legati,
3009 5138 3414 5203 mittebantur,
3448 5137 3693 5208 syncelli

2043 5223 2136 5262 seu
2214 5207 2413 5263 vicarii
2489 5207 2867 5263 Pontificum,
2913 5207 3279 5279 plerumque.
3351 5207 3690 5266 Cardinales

2042 5281 2197 5352 enim
2226 5285 2353 5335 tum
2385 5279 2647 5335 nondum
2678 5281 2848 5335 valde
2893 5280 3227 5350 frequentes
3262 5287 3445 5347 erant,
3479 5297 3686 5352 quam-

2038 5351 2125 5423 vis
2172 5354 2292 5407 noti
2335 5353 2459 5422 jam
2513 5360 2729 5413 essent,
2781 5356 2842 5407 ut
2898 5357 3117 5422 patete
3174 5352 3381 5409 Nostro
3441 5351 3509 5423 p.’
3553 5353 3681 5407 428.

2040 5422 2251 5494 Barius
2299 5423 2535 5494 quidem
2567 5424 2782 5494 legitur
2820 5439 3029 5494 nomen
3081 5422 3475 5494 syncellorum
3527 5424 3683 5479 sedis

2039 5493 2568 5566 Romanm’ﬂuisse
2600 5493 2796 5566 tamen
2829 5493 2910 5548 illi
2940 5493 3173 5566 quoque
3202 5511 3336 5552 suos
3368 5495 3679 5566 syncellos,

2037 5572 2094 5621 et
2124 5582 2193 5620 ex
2225 5567 2332 5621 hoc
2361 5565 2486 5620 loco
2517 5571 2574 5621 et
2621 5582 2688 5621 ex
2722 5565 2852 5620 aliis
2881 5573 3055 5637 patet,
3081 5565 3217 5637 quae
3266 5567 3352 5622 Du
3403 5565 3591 5637 Qange
3620 5582 3678 5621 ν.

2032 5639 2324 5709 Syncellus
2353 5637 2604 5710 collegit.
2657 5643 2834 5693 Docet
2869 5635 3121 5710 quoque
3149 5636 3372 5710 Noster,
3406 5635 3678 5710 Romana:

2035 5706 2190 5767 sedis
2219 5711 2441 5766 clerum
2472 5706 2696 5764 CPtano
2729 5706 3136 5780 pra-habitum,
3161 5709 3423 5763 ordinem
3456 5706 3680 5766 scilicet

2035 5797 2330 5854 quemque
2358 5797 2462 5840 suo
2494 5781 2640 5854 pari,
2674 5781 2875 5838 fuisse.
