4124 6388
389 357 545 420 1343

1418 355 1916 418 CONSTANTIN
1925 357 1950 414 Ι
1992 352 2690 416 PORPllYltOGENlTI

3645 355 3807 418 13M-

388 506 517 546 rum
549 487 822 559 quisquis
851 487 1041 544 ofﬁcio
1073 487 1388 544 honoratus
1409 488 1833 558 est,praiertur
1865 485 2030 543 alteri

2156 483 2350 559 τρίκιος
2409 485 2499 539 καὶ
2548 484 2852 563 στρατηγὸς
2900 489 2996 541 τοῦ
3045 487 3378 562 Χαρσιανοῦ·
3413 487 3441 541 6
3499 485 3809 550 ἀνθύπατος

387 579 528 650 [non
559 578 841 634 honorato
872 577 985 634 alia
1035 583 1242 650 prater
1291 579 1663 650 patriciatum
1699 576 2035 650 dignitate].

385 669 534 726 Tum
558 672 892 740 sequuntur
913 668 1019 723 hoc
1040 668 1242 725 ordine
1275 684 1288 723 :
1322 667 1643 724 Proconsul
1683 667 1960 740 patricius
1983 672 2040 722 et

388 764 682 831 strategus
695 759 1136 816 Anatolicorum
1150 775 1252 814 seu
1266 756 1670 824 Orientalium;
1687 756 2040 828 pronconsul

388 849 672 922 patricius
703 852 760 904 et
788 848 1149 905 domesticus
1180 847 1515 903 scholarum
1546 865 1560 909 ;
1594 845 1904 918 proconsul
1937 863 2040 916 pa-

387 938 594 995 tricius
625 941 682 994 et
712 941 1004 1009 strategus
1031 937 1512 994 Armeniacorum
1539 955 1552 998 ;
1589 935 1900 1008 proconsul
1932 951 2038 1006 pa-

389 1026 594 1084 tricius
670 1033 723 1082 et
799 1029 1095 1099 strategus
1161 1025 1599 1082 Thracesiorum
1654 1042 1669 1093 ;
1729 1021 2041 1096 proconsul

390 1116 672 1188 patricius
701 1121 760 1171 et
804 1131 998 1171 comes
1028 1115 1236 1188 opsicii
1263 1133 1278 1178 ;
1332 1114 1644 1188 proconsul
1675 1114 1954 1187 patricius
1987 1117 2042 1168 et

391 1209 677 1277 strategus
730 1204 1186 1262 Bucellariorum
1228 1224 1242 1266 ;
1295 1204 1609 1275 proconsul
1662 1203 1939 1276 patricius
1987 1210 2043 1259 et

389 1299 672 1365 strategus
705 1295 1081 1367 Cappadocia
1107 1314 1122 1358 ;
1156 1296 1465 1368 proconsul
1499 1295 1788 1367 patricius
1819 1299 1875 1350 et
1901 1297 2046 1349 stra-

391 1393 557 1457 tegus
588 1385 927 1446 Charsiani;
963 1385 1278 1457 proconsul
1319 1385 1600 1457 patricius
1647 1389 1706 1440 et
1753 1387 2046 1454 strategus

389 1473 677 1536 Colonia;
710 1473 1022 1546 proconsul
1071 1474 1350 1546 patricius
1383 1479 1440 1530 et
1470 1479 1763 1544 strategus
1795 1471 2048 1544 Paphla-

393 1565 619 1635 gonia;
652 1563 966 1635 proconsul
999 1563 1278 1634 patricius
1311 1569 1368 1620 et
1417 1569 1709 1634 strategus
1741 1563 2003 1619 Thracia
2029 1581 2042 1624 ;

394 1651 708 1725 proconsul
739 1654 893 1709 422
925 1653 1212 1725 patricius
1242 1659 1300 1709 et
1328 1658 1622 1726 strategus
1653 1653 2042 1720 Macedonia;

395 1742 707 1814 proconsul
740 1742 1021 1813 patricius
1053 1747 1110 1799 et
1141 1747 1440 1816 strategus
1471 1743 1720 1799 Cbaldia
1748 1763 1760 1804 ;
1796 1759 2045 1815 procon-

2151 575 2434 650 πατρίκιος
2490 575 2579 631 καὶ
2649 576 2953 652 στρατηγὸς
3026 574 3357 636 Κολωνείας·
3421 577 3448 630 6
3505 574 3812 640 ἀνθύπατος

2149 666 2438 739 πατρίκιος
2495 666 2582 720 καὶ
2640 666 2944 741 στρατηγὸς
3003 665 3422 743 Παφλαγωνίας·
3489 667 3517 721 6
3576 666 3816 721 ἀνθύπα-

2149 775 2242 816 τος
2279 754 2564 828 πατρίκιος
2603 755 2694 810 καὶ
2741 755 3045 829 στρατηγὸς
3091 761 3190 824 τῆς
3241 755 3482 828 Θρᾴκης·
3513 757 3541 811 6
3572 755 3814 820 ἀνθύπα-

2149 866 2241 908 τος
2287 845 2573 918 πατρίκιος
2621 846 2714 901 καὶ
2762 848 3066 920 στρατηγὸς
3116 842 3478 909 Μακεδονίας·
3512 846 3539 900 6
3571 845 3812 912 ἀνθύπα-

2150 956 2242 998 τος
2275 934 2565 1011 πατρίκιος
2617 935 2708 991 καὶ
2766 935 3068 1012 στρατηγὸς
3123 932 3382 999 Χαλδίας·
3437 935 3464 990 6
3510 936 3811 999 ἀνθύπατος

2151 1026 2442 1098 πατρίκιος
2473 1027 2564 1082 καὶ
2598 1026 2897 1103 στρατηγὸς
2950 1025 3040 1080 καὶ
3091 1022 3412 1099 δομέσεικος
3452 1029 3557 1081 τῶν
3592 1024 3810 1096 έξσκου-

2153 1109 2406 1189 ϐιτόρων·
2441 1115 2469 1168 6
2497 1113 2798 1176 ἀνθύπατος
2828 1112 3114 1187 πατρίκιος
3160 1111 3249 1168 καὶ
3299 1111 3540 1188 ἔπαρχος
3571 1119 3671 1183 τῆς
3706 1112 3809 1168 πό-

2153 1203 2315 1268 λεως·
2368 1205 2396 1258 6
2446 1202 2746 1265 ἀνθύπατος
2797 1202 3082 1277 πατρίκιος
3149 1203 3237 1258 καὶ
3285 1204 3583 1279 στρατηγὸς
3631 1201 3815 1259 Πελο-

2152 1295 2449 1364 ποννήσου·
2519 1293 2547 1347 6
2621 1292 2923 1357 ἀνθύπατος
3001 1293 3286 1368 πατρίκιος
3347 1293 3438 1347 καὶ
3506 1293 3812 1368 στρατηγὸς

2155 1379 2532 1443 Νικοπόλεως.
2575 1381 2604 1435 6
2643 1381 2954 1446 ἀνθύπατος
3000 1379 3284 1456 πατρίκιος
3349 1379 3439 1434 καὶ
3506 1380 3816 1454 στρατηγὸς

2153 1477 2262 1527 τῶν
2329 1466 2773 1546 Κιϐυρῥαιωτῶν·
2853 1472 2880 1525 6
2957 1470 3267 1532 ἀνθύπατος
3357 1469 3640 1543 πατρίκιος
3719 1469 3814 1524 καὶ

2157 1561 2464 1637 στρατηγὸς
2543 1559 2828 1622 Ἑλλάδος·
2901 1561 2929 1614 6
2999 1559 3306 1624 ἀνθύπατος
3373 1559 3662 1632 πατρίκιος
3722 1559 3817 1613 καὶ

2158 1651 2456 1727 στρατηγὸς
2527 1647 2836 1714 Σικελλίας·
2910 1651 2938 1704 6
3004 1649 3312 1714 ἀνθύπατος
3380 1647 3664 1722 πατρίκιος
3722 1647 3818 1703 καὶ

2155 1742 2456 1818 στρατηγὸς
2522 1744 2872 1814 Στρυμῶνος·
2937 1739 2964 1794 6
3023 1739 3324 1803 ἀνθύπατος
3385 1737 3669 1815 πατρίκιος
3727 1738 3820 1792 καὶ

392 1832 486 1888 sul
519 1832 800 1904 patricius
831 1836 889 1887 et
937 1837 1230 1904 strategus
1260 1839 1318 1889 et
1352 1833 1712 1890 domesticus
1759 1833 2048 1888 excubito-

2162 1832 2470 1908 στρατηγὸς
2527 1828 2894 1901 Κεφαληνίας·
2955 1831 2982 1884 6
3041 1830 3344 1892 ἀνθύπατος
3391 1830 3679 1905 πατρίκιος
3727 1828 3817 1884 καὶ

395 1938 524 1978 rum
551 1940 566 1984 ;
603 1921 915 1994 proconsul
939 1922 1218 1994 patricius
1237 1927 1294 1978 et
1313 1922 1602 1995 eparchus
1624 1939 1723 1979 seu
1743 1923 2047 1994 prafectus

397 2011 610 2080 Urbis;
647 2011 965 2084 proconsul
993 2013 1278 2082 patricius
1321 2017 1378 2068 et
1418 2016 1714 2085 strategus
1759 2012 2045 2084 Pelopon-

395 2101 520 2156 nesi
549 2117 564 2168 ;
598 2101 911 2173 proconsul
946 2101 1230 2172 patricius
1255 2107 1310 2157 et
1342 2106 1634 2173 strategus
1665 2100 2044 2173 Nicopoleos;

393 2189 708 2262 proconsul
741 2190 1026 2263 patricius
1055 2198 1109 2246 et
1152 2196 1444 2263 strategus
1476 2191 2002 2263 Cibyrrhaotarum
2029 2209 2043 2250 ;

394 2279 705 2352 proconsul
737 2281 1012 2353 patricius
1041 2283 1098 2336 et
1118 2285 1411 2353 strategus
1439 2281 1708 2350 Gracia;
1737 2278 2047 2353 proconsul

399 2369 684 2443 patricius
712 2374 771 2426 et
801 2376 1088 2444 strategus
1118 2371 1326 2429 Sicilia
1351 2388 1365 2440 ;
1399 2372 1712 2444 proconsul
1764 2372 2044 2445 patricius

397 2465 454 2516 et
511 2464 806 2533 strategus
862 2460 1241 2531 Strymonis;
1291 2462 1602 2533 proconsul
1662 2461 1943 2533 patricius
1991 2466 2048 2517 et

399 2554 688 2621 strategus
777 2549 1108 2622 Strymonis
1168 2568 1182 2620 ;
1266 2551 1578 2622 proconsul
1648 2553 1930 2622 patricius
1993 2555 2049 2606 et

397 2643 695 2711 strategus
726 2639 1092 2712 Cephalenia
1118 2659 1132 2708 ;
1167 2641 1475 2711 proconsul
1512 2641 1790 2713 patricius
1821 2651 1875 2697 et
1905 2644 2047 2696 stra-

396 2733 567 2799 tegus
597 2728 1023 2785 Thessalonica
1050 2747 1064 2796 ;
1097 2730 1413 2800 proconsul
1447 2730 1726 2803 patricius
1756 2735 1814 2786 et
1843 2735 2047 2786 strate-

393 2834 499 2888 gus
561 2817 900 2888 Dyrrachii;
946 2818 1262 2890 proconsul
1321 2820 1601 2892 patricius
1649 2825 1708 2876 et
1754 2824 2047 2890 strategus

393 2906 549 2962 Sami
581 2921 594 2975 ;
630 2906 939 2979 proconsul
971 2908 1248 2980 patricius
1277 2914 1335 2965 et
1365 2914 1662 2981 strategus
1712 2909 1888 2980 Egai
1920 2924 2048 2963 ma-

396 2995 516 3065 ris,
572 2996 886 3067 proconsul
935 2997 1218 3068 patricius
1268 3002 1325 3054 et
1364 3002 1657 3071 strategus
1705 2997 2043 3065 Dalmatia;

399 3086 709 3157 proconsul
735 3087 1013 3158 patricius
1034 3092 1090 3143 et
1111 3092 1408 3162 strategus
1430 3089 1742 3146 Chersonis
1763 3107 1776 3158 ;
1803 3107 2044 3161 procon-

2155 1922 2458 1998 στρατηγὸς
2526 1918 2950 1989 Θεσσαλονίκης·
3034 1919 3062 1973 6
3144 1918 3448 1984 ἀνθύπατος
3526 1918 3818 1990 πατρίκιος

2151 2013 2243 2068 καὶ
2276 2013 2579 2087 στρατηγὸς
2640 2015 2736 2066 τοῦ
2798 2009 3127 2086 Δυρραχίου·
3185 2012 3212 2065 6
3271 2009 3578 2075 ἀνθύπατος
3619 2009 3819 2084 πατρί-

2153 2123 2272 2166 κιος
2314 2102 2403 2156 καὶ
2453 2103 2755 2176 στρατηγὸς
2797 2107 2896 2171 τῆς
2950 2101 3159 2174 Σάμου·
3212 2101 3238 2154 6
3291 2099 3590 2165 ἀνθύπατος
3620 2099 3812 2173 πατρί-

2154 2213 2272 2257 κιος
2320 2190 2412 2246 καὶ
2456 2191 2760 2266 στρατηγὸς
2824 2194 2926 2246 τοῦ
2973 2189 3205 2264 Αἰγαίου
3271 2188 3570 2264 πελάγους·
3623 2190 3650 2242 ὁ
3690 2187 3820 2242 ἀνθ-

2159 2282 2361 2345 ύπατος
2408 2281 2690 2356 πατρίκιος
2737 2281 2827 2336 καὶ
2876 2281 3178 2356 στρατηγὸς
3231 2277 3566 2353 Δαλματίας·
3619 2279 3647 2332 6
3686 2278 3820 2342 ἀνθ⁹

2159 2371 2358 2432 ύπατος
2390 2369 2675 2442 πατρίκιος
2703 2371 2792 2425 καὶ
2825 2370 3128 2446 στρατηγὸς
3183 2370 3486 2445 Χερσῶνος·
3521 2369 3548 2424 ὁ
3579 2367 3822 2431 ἀνθύπα-

2157 2484 2248 2524 τος
2281 2463 2570 2537 πατρίκιος
2600 2463 2690 2516 καὶ
2723 2458 3102 2536 σακελλάριος·
3135 2461 3164 2514 6
3195 2459 3501 2521 ἀνθύπατος
3535 2457 3824 2533 πατρίκιος

2154 2553 2244 2608 καὶ
2295 2552 2510 2629 γενικὸς
2567 2550 2887 2625 λογοθέτης·
2944 2551 2972 2605 6
3017 2548 3320 2614 ἀνθύπατος
3380 2547 3662 2623 πατρίκιος
3725 2547 3823 2602 καὶ

2155 2643 2419 2717 κυέστωρ·
2472 2641 2500 2695 6
2551 2639 2853 2702 ἀνθύπατος
2903 2639 3190 2716 πατρίκιος
3238 2639 3330 2694 καὶ
3384 2636 3682 2715 λογεθέτης
3713 2639 3816 2691 τοῦ

2156 2735 2569 2807 στρατιωτικοῦ·
2618 2730 2645 2783 6
2690 2729 2995 2793 ἀνθύπατος
3047 2728 3334 2804 πατρίκιος
3401 2728 3492 2783 καὶ
3544 2724 3825 2802 δρουγγά-

2159 2841 2272 2897 ριος
2319 2828 2418 2892 τῆς
2471 2819 2695 2896 βίγλης·
2745 2821 2773 2874 6
2819 2818 3119 2882 ἀνθύπατος
3171 2817 3454 2894 πατρίκιος
3483 2818 3574 2872 καὶ
3611 2813 3824 2893 δρουγ-

2154 2913 2348 2987 γάριος
2413 2915 2519 2965 τῶν
2580 2909 2858 2982 πλοΐμων·
2931 2910 2958 2964 6
3016 2908 3322 2973 ἀνθύπατος
3382 2907 3668 2982 πατρίκιος
3723 2906 3826 3000 καί

2155 3001 2458 3078 λογοθέτης
2505 3002 2602 3053 τοῦ
2654 2995 2882 3072 δρόμου·
2932 2999 2959 3052 6
3009 2996 3313 3062 ἀνθύπατος
3383 2995 3672 3071 πατρίκιος
3722 2995 3824 3048 καί

2154 3089 2457 3166 λογοθέτης
2509 3092 2616 3144 τῶν
2674 3085 2908 3162 ἀγελῶν·
2966 3087 2993 3141 6
3037 3086 3339 3152 ἀνθύπατος
3387 3084 3673 3159 πατρίκιος
3720 3083 3814 3138 καὶ

395 3175 482 3232 sul
517 3175 793 3247 patricius
822 3181 879 3233 et
909 3177 1282 3246 sacellarius;
1317 3179 1628 3251 proconsul
1680 3180 1962 3250 patricius
1985 3185 2044 3237 et

2160 3179 2487 3254 δομέστικος
2550 3183 2661 3234 τῶν
2726 3177 3015 3232 ἱκανάτων·
3075 3179 3103 3232 6
3168 3177 3474 3242 ἀνθύπατος
3526 3173 3815 3248 πατρίκιος

394 3266 525 3338 geni
534 3282 634 3322 cus
648 3265 972 3340 logothetes
985 3267 1076 3324 vel
1088 3269 1379 3340 generalis
1394 3269 1693 3326 rationalis
1710 3271 2042 3340 ;proconsul

393 3355 676 3427 patricius
708 3361 766 3412 et
795 3361 1084 3430 quaestor:
1121 3357 1438 3428 proconsul
1487 3359 1768 3430 patricius
1798 3365 1856 3416 et
1886 3359 2042 3432 logo-

392 3445 584 3501 thetes
615 3445 700 3501 rei
731 3446 1046 3516 militaris;
1098 3448 1409 3518 proconsul
1453 3449 1735 3521 patricius
1779 3454 1837 3506 et
1865 3451 2044 3506 drun-

395 3534 595 3607 garius
624 3535 879 3609 vigilia;
932 3538 1244 3610 proconsul
1276 3539 1560 3611 patricius
1591 3546 1647 3597 et
1694 3541 2048 3615 drungarius

396 3625 480 3682 rei
515 3625 864 3695 maritima;
914 3627 1228 3699 proconsul
1288 3627 1571 3700 patricius
1629 3633 1686 3686 et
1728 3631 2049 3702 logothetes

395 3732 636 3784 cursus;
672 3715 981 3788 proconsul
1015 3717 1299 3788 patricius
1322 3721 1379 3774 et
1406 3717 1727 3789 logothetes
1758 3735 2001 3793 gregum
2031 3738 2044 3789 ;

399 3805 721 3878 proconsul
770 3805 1054 3879 patricius
1084 3811 1142 3863 et
1189 3807 1550 3865 domesticus
1600 3808 2046 3878 hicanatorum;

395 3894 709 3967 proconsul
769 3896 1054 3967 patricius
1112 3901 1170 3954 et
1217 3898 1580 3955 domesticus
1625 3915 2049 3966 numerorum;

397 3983 706 4057 proconsul
729 3985 1010 4057 patricius
1036 3989 1092 4042 et
1113 3986 1464 4044 domesticus
1488 3989 1841 4059 optimatum
1868 4005 1884 4058 ;
1920 4007 2049 4062 pro-

397 4072 606 4129 consul
654 4074 934 4143 palricius
981 4079 1037 4130 et
1094 4091 1289 4131 comes
1339 4081 1703 4145 castrorum;
1738 4078 2052 4149 proconsul

395 4162 674 4234 patricius
707 4167 767 4219 et
795 4162 1191 4220 chartularius
1229 4164 1489 4234 sacellii;
1525 4167 1838 4237 proconsul
1871 4167 2055 4239 patri-

399 4253 527 4310 cius
557 4256 615 4309 et
663 4253 1056 4311 chartularius
1096 4255 1397 4326 vestiarii;
1433 4258 1743 4330 proconsul
1776 4259 2054 4330 patricius

397 4347 456 4400 et
511 4342 908 4401 chartularius
957 4344 1232 4414 caniclii;
1294 4348 1613 4418 proconsul
1665 4349 1947 4421 patricius
2003 4357 2058 4405 et

409 4437 796 4505 protostrator
816 4451 831 4503 ;
865 4435 1179 4507 proconsul
1213 4437 1495 4509 patricius
1527 4442 1582 4494 et
1613 4439 2054 4510 protasecretis;

408 4523 723 4595 proconsul
771 4525 1052 4596 patricius
1091 4529 1150 4581 et
1197 4542 1392 4583 comes
1438 4526 1691 4596 stabuli;
1744 4527 2056 4599 proconsul

409 4613 691 4684 patricius
721 4621 773 4671 et
793 4617 1102 4687 prafectus
1135 4615 1271 4672 idici
1292 4615 1381 4672 vel
1405 4616 1487 4671 rei
1512 4618 1749 4688 privata
1775 4635 1788 4686 ;
1822 4634 2058 4689 procon-

409 4703 502 4760 sul
533 4703 812 4778 patricius
842 4710 898 4760 et
929 4721 1180 4778 magnus
1233 4711 1503 4773 curator;
1538 4709 1848 4778 proconsul
1879 4709 2055 4779 patri-

407 4795 528 4851 cius
574 4799 633 4852 et
681 4799 919 4851 curator
967 4795 1168 4866 palatii
1220 4812 1688 4868 manganorum;
1741 4797 2056 4869 proconsul

406 4884 683 4956 patricius
730 4889 787 4942 et
834 4885 1116 4957 magister
1157 4884 1690 4958 supplicationum;
1743 4886 2056 4958 proconsul

407 4971 685 5044 patricius
743 4983 797 5031 et
855 4975 1163 5047 prafectus
1209 4974 1886 5046 orphsnotrOpheorum;
1920 4993 2056 5049 pro-

407 5060 611 5117 consul
645 5063 923 5135 patricius
947 5069 1002 5121 et
1022 5065 1373 5122 demarchus
1392 5064 1744 5122 Venetorum
1773 5083 1786 5135 ;
1813 5083 2057 5139 procon-

407 5148 502 5206 sul
533 5151 814 5221 patricius
846 5157 904 5211 et
925 5153 1276 5212 demarchus
1300 5155 1861 5214 Prasinorum.428
1894 5156 2057 5221 Quod

408 5239 458 5295 si
488 5241 707 5306 autem,
739 5241 839 5310 qui
869 5241 992 5298 hac
1021 5244 1216 5301 ofﬁcia
1245 5251 1477 5315 gerunt,
1501 5261 1616 5302 non
1647 5261 1850 5302 omnes
1879 5245 2056 5302 simul

408 5325 786 5400 proconsules
816 5345 1046 5401 quoque
1077 5333 1314 5401 fuerint,
1333 5335 1434 5390 sed
1466 5334 1526 5389 in
1559 5335 1716 5390 nudo
1748 5335 2057 5407 patriciatu

407 5435 574 5476 suam
609 5416 790 5489 aliqui
822 5418 1188 5491 dignitatem,
1219 5423 1339 5478 sive
1391 5423 1652 5495 strategi,
1686 5425 1808 5479 sive
1856 5425 2058 5483 dome-

407 5509 559 5578 stici,
591 5508 708 5565 sive
737 5506 1004 5565 oftlcialis
1029 5508 1293 5579 alterius,
1323 5512 1820 5580 adierint,talibus
1854 5517 2058 5584 prafe-

2087 4572 2135 4638 D

2148 3273 2238 3330 καὶ
2273 3268 2596 3343 δομέστικος
2621 3271 2733 3323 τῶν
2763 3267 3068 3342 νουμέρων·
3126 3268 3154 3321 6
3199 3266 3503 3326 ἀνθύπατος
3532 3264 3821 3338 πατρίκιος

2149 3364 2240 3419 καὶ
2291 3357 2614 3433 δομέστικος
2663 3361 2770 3412 τῶν
2821 3355 3177 3430 ὀπτημάτων·
3211 3357 3238 3410 6
3269 3355 3576 3416 ἀνθύπατος
3624 3351 3816 3428 πατρί-

2150 3472 2268 3514 κιος
2297 3452 2387 3506 καὶ
2419 3449 2600 3522 κόμης
2638 3452 2745 3503 τῶν
2794 3446 3040 3523 τειχέων·
3091 3447 3119 3500 6
3168 3445 3473 3506 ἀνθύπατος
3522 3442 3813 3518 πατρίκιος

2151 3542 2242 3596 καὶ
2275 3536 2684 3617 χαρτουλάριος
2713 3540 2810 3592 τοῦ
2842 3535 3158 3592 σακελλίου·
3212 3537 3240 3590 6
3289 3535 3594 3593 ἀνθύπατος
3624 3529 3821 3604 πατρί-

2150 3651 2272 3692 κιος
2318 3628 2410 3685 καὶ
2464 3625 2874 3704 χαρτουλάριος
2923 3630 3025 3681 τοῦ
3077 3624 3406 3701 βεστιαρίου·
3451 3625 3480 3679 6
3509 3622 3818 3687 ἀνθύπατος

2152 3718 2442 3795 πατρίκιος
2493 3716 2583 3772 καὶ
2635 3713 3044 3792 χαρτουλάριος
3093 3718 3190 3770 τοῦ
3237 3710 3570 3768 κανικλείου·
3623 3711 3650 3765 6
3687 3710 3822 3764 ἀνθ-

2155 3809 2360 3870 ύπατος
2419 3805 2706 3880 πατρίκιος
2761 3805 2850 3860 καὶ
2912 3803 3372 3880 πρωτοστράτωρ·
3430 3803 3458 3857 6
3515 3796 3821 3862 ἀνθύπατος

2154 3898 2443 3975 πατρίκιος
2511 3895 2602 3951 καὶ
2664 3896 3206 3970 πρωτοασηκρήτης·
3265 3897 3294 3948 6
3343 3890 3645 3956 ἀνθύπατος
3711 3910 3824 3943 πα-

2153 3989 2362 4064 τρίκιος
2408 3986 2500 4041 καὶ
2543 3985 2726 4058 κόμης
2758 3983 2858 4040 τοῦ
2891 3979 3153 4038 στάϐλου·
3206 3984 3232 4037 6
3281 3980 3585 4036 ἀνθύπατος
3624 3978 3826 4050 πατρίς

2155 4102 2280 4142 κιος
2337 4079 2429 4134 καὶ
2479 4076 2539 4132 έκ
2596 4075 2893 4151 προσώπου
2951 4077 3058 4127 τῶν
3117 4071 3387 4146 θεμάτων·
3439 4072 3467 4126 6
3517 4069 3825 4134 ἀνθύπατος

2157 4172 2446 4247 πατρίκιος
2490 4167 2581 4224 καὶ
2631 4166 2718 4223 ἐπὶ
2771 4170 2868 4222 τοῦ
2917 4161 3143 4221 εἰδικοῦ·
3197 4165 3225 4218 ὁ
3273 4164 3572 4228 ἀνθύπατος
3628 4159 3823 4234 πατρί-

2159 4283 2276 4325 κιος
2333 4261 2425 4316 καὶ
2488 4258 2656 4334 μέγας
2713 4258 3022 4332 κουράτωρ·
3083 4257 3110 4310 6
3168 4254 3474 4319 ἀνθύπατος
3530 4250 3823 4326 πατρίκιος

2159 4351 2249 4408 καὶ
2301 4350 2589 4426 κουράτωρ
2645 4351 2753 4403 τῶν
2818 4346 3130 4422 μαγγάνων·
3193 4345 3220 4399 6
3280 4343 3586 4408 ἀνθύπατος
3633 4341 3826 4413 πατρί-

2159 4463 2280 4504 κιος
2331 4438 2422 4495 καί
2471 4437 2559 4494 έπί
2622 4441 2730 4492 τῶν
2792 4432 3047 4506 δεήσεων·
3108 4436 3135 4491 6
3184 4432 3486 4495 ἀνθύπατος
3536 4429 3823 4506 πατρίκιος

2163 4534 2255 4589 καὶ
2306 4525 2736 4606 όρφανοτρόφος·
2788 4526 2816 4580 6
2861 4523 3166 4586 ἀνθύπατος
3214 4523 3497 4594 πατρίκιος
3547 4522 3636 4576 καὶ
3684 4518 3829 4592 δήμ-

2167 4643 2340 4700 αρχος
2392 4617 2652 4677 Βενέτων·
2707 4618 2736 4672 6
2787 4613 3086 4676 ἀνθύπατος
3153 4612 3439 4685 πατρίκιος
3483 4610 3573 4666 καὶ
3618 4607 3830 4682 δήμαρ-

2168 4698 2270 4789 χος
2302 4707 2606 4786 Ιιρασίνων.
2642 4707 2705 4762 Εἰ
2746 4702 2804 4760 δὲ
2854 4706 2930 4777 μὴ
2983 4704 3087 4759 εἶεν
3137 4703 3336 4767 πάντες
3368 4702 3658 4756 ἀνθύπατοι
3688 4700 3743 4753 οἱ
3773 4698 3825 4754 έν

2165 4807 2282 4862 τοῖς
2314 4798 2590 4880 ὀφφικίοις
2640 4794 2980 4871 τεταγμένοι,
3035 4793 3162 4849 ἀλλ’
3212 4791 3261 4880 έν
3308 4793 3449 4880 μόνῃ
3481 4796 3548 4864 τῇ
3580 4795 3686 4880 τῶν
3719 4810 3830 4880 παῖ

2165 4877 2554 4965 τρικίωνγάξίᾳ
2599 4885 2666 4940 τὰ
2715 4884 3059 4961 στρατηγάτα
3102 4883 3150 4918 ⁹⁰
3193 4878 3229 4950 ἤ
3278 4881 3345 4936 τὰ
3395 4877 3760 4954 δομεστικάτα
3790 4877 3824 4945 ἤ

2166 4981 2231 5036 τὸ
2267 4980 2496 5057 ὀφφίκια
2521 4969 2954 5050 προσελάϐοντο.
2988 4973 3041 5027 οἳ
3094 4972 3189 5046 μὶν
3220 4970 3365 5026 λιτοὶ
3393 4968 3690 5025 ἀνθύπατοι
3719 4973 3829 5026 τῶν

2169 5070 2223 5125 έν
2287 5073 2405 5130 τοῖς
2474 5064 2748 5146 ὀφφικίοις
2805 5061 3143 5139 τεταγμένων
3223 5058 3526 5136 πατρικίων
3592 5057 3646 5113 έν
3707 5063 3828 5119 ταῖς

2168 5154 2456 5234 καθέδραις
2513 5153 2921 5229 προκρίνονται,
3015 5149 3276 5222 δηλονότι
3354 5148 3581 5210 ’ἕκαστος
3648 5149 3826 5203 αὐτῶν

2171 5248 2308 5306 κατά
2335 5247 2435 5315 τὴν
2486 5241 2728 5300 ἐπίδοσιν
2777 5246 2874 5298 τοῦ
2922 5238 3272 5297 κωδικέλλου
3321 5239 3488 5294 αὐτοῦ
3517 5239 3596 5309 τῷ
3632 5238 3832 5312 βαθμῷ

2170 5336 2615 5413 προτιμώμενος,
2646 5331 2794 5403 πλὴν
2839 5336 2936 5387 τοῦ
2980 5334 3288 5406 στρατηγοῦ
3316 5334 3426 5384 τῶν
3459 5327 3830 5384 ’Δνατολικῶν

2168 5428 2258 5483 καὶ
2316 5429 2414 5481 τοῦ
2461 5422 2788 5496 δομεστίκου
2835 5425 2943 5476 τῶν
2988 5420 3233 5495 σχολῶν·
3287 5419 3437 5474 οὗτοι
3486 5417 3586 5492 γὰρ
3651 5416 3834 5489 μόνοι,

2169 5517 2262 5572 καὶ
2301 5517 2377 5589 μὴ
2421 5510 2572 5578 ὅντες
2605 5511 2926 5583 ἀνθύπατοί,
2971 5509 3022 5566 ἐν
3071 5513 3140 5584 τῇ
3185 5506 3418 5584 καθέδρᾳ
3453 5511 3561 5562 τῶν
3593 5506 3841 5560 ἀνθυπά-

1769 5631 2016 5690 VARl/E
2059 5634 2478 5694 LECTlONES.

478 5748 525 5783 9°
553 5745 903 5820 στρατηγάτα
930 5760 1043 5800 em.
1075 5745 1167 5811 Β..
1200 5749 1632 5822 στρατηγήματα
1657 5751 1785 5808 cod.
1817 5757 1876 5809 et
1903 5755 1996 5814 ed.
