4124 6412
327 489 352 550 Ι
366 491 482 552 345

1179 489 1281 549 DE
1325 487 1777 549 CEBIMONIIS
1820 490 2057 554 AUL/E
2099 493 2575 557 ΒΥΖΑΝΤΙΝᾸΞ
2619 494 2765 555 LIB.
2815 495 2896 555 ΙΙ.

3594 497 3748 559 1346

321 647 432 682 των
475 621 834 698 ὑπερὲχουσιν
867 620 1122 680 ἅπαντας.
1162 618 1222 674 Et
1262 615 1320 672 δὲ
1358 639 1494 681 τινες
1527 618 1576 688 ἐξ
1608 617 1808 689 αὐτῶν,
1861 619 1971 678 εἴτε

2103 633 2294 685 ~uutur
2322 628 2510 700 quoad
2544 627 2872 684 sessionem
2904 626 3203 700 simplices
3223 629 3629 700 proconsules,
3662 630 3746 686 ita

321 713 384 771 ἔκ
409 717 520 768 τῶν
553 711 895 778 ἀνθυπάτων,
936 705 1045 763 εἷ’τε
1090 706 1151 762 ἔκ
1195 711 1302 762 τῶν
1347 707 1513 763 λιτῶν
1559 708 1886 781 πατρικίων,
1936 711 1970 780 ἤ

318 807 402 867 εἷς
434 803 782 879 πρατηγάτα
810 799 1155 873 ἀνήχθησαν,
1197 796 1307 854 εἷ’τε
1353 796 1404 852 ἐν
1442 796 1602 870 ἄλλῳ
1644 820 1723 872 τῳ
1755 797 1842 854 διὰ
1888 797 1981 856 λό-

316 915 423 972 γου
483 888 901 968 προσγινομένῳ
967 889 1260 961 ἀξιώματι,
1319 884 1546 949 ἕκαστος
1605 888 1780 944 αὐτῶν
1841 889 1979 945 κατὰ

317 989 424 1056 τὴν
470 988 568 1041 τοῦ
631 982 892 1057 όφφικίου
942 979 1144 1034 οἰκείαν
1188 976 1342 1052 δόξαν
1398 979 1490 1034 καὶ
1551 987 1652 1050 τῆς
1710 979 1975 1056 καθέδρας

321 1074 616 1133 ἀπολαύει.
660 1072 737 1130 Οὐ
782 1073 891 1146 μὴν
924 1067 982 1124 δὲ
1032 1068 1170 1124 κατὰ
1195 1071 1295 1139 τήν
1333 1068 1478 1140 τάξιν
1506 1073 1602 1124 τοῦ
1633 1070 1848 1144 βαθμοῦ
1876 1078 1977 1140 τῆς

320 1161 618 1222 ἐπιδόσεως
647 1162 746 1214 τοῦ
775 1155 1121 1214 κωδικέλλου
1153 1154 1250 1212 κᾶν
1280 1158 1426 1232 τάχα
1475 1155 1622 1231 τύχῃ
1675 1158 1702 1211 6
1744 1153 1975 1233 ἔσχατος

322 1257 404 1326 τῷ
440 1253 638 1328 βαθμῷ
665 1249 1029 1325 προκριθῆναι
1066 1251 1168 1302 τοῦ
1198 1248 1420 1322 πρώτου
1453 1245 1504 1301 ἐν
1539 1244 1852 1320 οἱῳδήποτε
1885 1249 1982 1328 ὀφ-

322 1341 491 1420 φικίῳ
530 1340 608 1414 τῷ
639 1337 729 1394 διὰ
759 1337 932 1413 λόγου
975 1336 1413 1412 προσγινομένῳ.
1459 1335 1529 1394 Εἴ
1578 1334 1634 1392 δὲ
1679 1337 1770 1392 καὶ
1800 1358 1979 1414 παγα-

319 1456 407 1490 νοι
442 1433 661 1511 τύχοιεν
710 1429 888 1507 χωρὶς
941 1427 1209 1506 ὀφφικίων
1260 1429 1563 1504 πατρίκιοι,
1608 1429 1978 1484 ὑποπίπτουσι

319 1529 439 1586 τοῖς
466 1523 534 1578 τὰ
573 1520 800 1598 ὀφφίκια
825 1513 1019 1597 ἔχουσι
1057 1518 1391 1590 πατρικίοις.
1446 1516 1511 1573 Ei’
1539 1513 1598 1572 δέ
1632 1538 1716 1580 τις
1763 1517 1823 1572 ἐκ
1868 1522 1976 1572 τῶν

324 1613 632 1693 Λεχθέντων
665 1610 934 1686 ὀφωικίων
969 1605 1260 1682 διαδεχθῇ,
1293 1607 1431 1662 κατᾶ
1475 1608 1567 1662 τὸν
1619 1611 1844 1683 πρῶτον
1881 1609 1980 1682 βα-

323 1705 463 1777 θμὸν
495 1703 593 1770 τῆς
623 1700 825 1769 τάξεως
853 1701 952 1752 τοῦ
979 1693 1328 1752 κωδικέλλου
1359 1697 1528 1752 αὐτοῦ
1570 1697 1979 1775 ἀναστραφησο-

321 1813 412 1848 ται
452 1789 504 1845 ἐν
539 1794 608 1864 τῇ
638 1786 858 1858 κλήσει·
899 1785 1356 1862 Κλητωρεόονται
1407 1783 1464 1840 δὲ
1497 1787 1726 1848 ἅπαντες
1777 1786 1976 1850 οὕτως’

2087 734 2313 790 nempe,
2347 727 2404 773 ut
2435 718 2685 789 gradum
2732 717 2791 772 hi
2849 722 3084 773 teneant
3129 719 3453 774 secundum
3503 724 3741 791 tempus

2089 809 2438 863 traditorum
2454 806 2563 862 sibi
2588 806 2994 863 codicillorum
3020 806 3305 878 ;exceptis
3325 807 3466 863 solis
3491 813 3743 880 stratego

2086 897 2526 953 Anatolicorum
2576 901 2635 952 et
2672 896 2995 953 domestico
3057 896 3414 954 scholarum.
3466 897 3536 953 Hi
3585 900 3741 969 enim

2089 987 2219 1056 soli,
2251 986 2478 1041 etiamsi
2514 984 2896 1058 proconsules
2939 1001 3055 1042 non
3100 985 3338 1056 fuerint,
3369 987 3626 1044 sessione
3654 993 3742 1044 ta-

2090 1092 2220 1133 men
2255 1075 2668 1147 praehabentur
2698 1075 3152 1147 proconsulibus
3175 1077 3466 1132 omnibus.
3501 1076 3562 1133 Si
3611 1077 3740 1150 quis

2087 1172 2306 1234 autem,
2346 1181 2573 1233 eorum,
2625 1166 3041 1235 proconulum
3094 1170 3233 1236 puta
3299 1165 3745 1235 patrioiorumve

2088 1255 2473 1327 simplicium,
2505 1255 2576 1310 ad
2610 1254 2850 1326 strategi
2881 1254 3224 1324 dignitatem
3259 1253 3519 1312 ullumve
3567 1255 3729 1312 aliud

2088 1361 2286 1402 eorum
2328 1344 2655 1400 ofﬁciorum
2696 1349 3121 1416 promoveatur,
3177 1361 3307 1416 quae
3357 1346 3481 1402 solo
3521 1346 3741 1404 domini

2089 1435 2274 1490 edicto
2305 1434 2700 1504 impetrantur
2724 1449 2737 1489 ε
2773 1442 2907 1490 tunc
2924 1436 3088 1490 sedet
3108 1450 3306 1490 eorum
3331 1436 3742 1508 unusquisque

2090 1523 2300 1579 inloco
2331 1539 2446 1578 non
2474 1539 2564 1590 eo,
2597 1539 2776 1594 quem
2807 1527 2870 1579 ut
2908 1523 3220 1595 proconsul
3253 1524 3608 1594 patrioiusve
3638 1526 3743 1582 ob-

2086 1613 2320 1681 tineret,
2353 1611 2457 1668 sed
2486 1627 2553 1669 eo
2584 1628 2761 1684 quem
2799 1612 2979 1669 ofﬁcii
3011 1613 3102 1668 sui
3123 1611 3313 1684 gloria
3347 1620 3402 1670 et
3431 1615 3746 1671 auctoritas

2088 1702 2392 1774 deposcit;
2427 1717 2543 1758 non
2581 1707 2778 1757 tamen
2829 1703 3158 1758 secundum
3210 1702 3477 1760 ordinem
3527 1704 3746 1776 gradus

2086 1791 2438 1846 traditurum
2472 1790 2896 1848 codicillorum.
2928 1792 3244 1864 Contingat
3272 1794 3432 1848 enim
3481 1809 3744 1864 quocun-

325 1897 440 1958 que
471 1883 700 1937 tandem
724 1879 915 1935 ofﬁcio
945 1893 1169 1942 eorum,
1201 1893 1331 1949 quia
1363 1894 1464 1949 per
1495 1879 1835 1934 mandatum
1866 1879 2310 1950 impertiuntur,
2343 1886 2408 1936 ut
2438 1883 2536 1952 qui
2560 1881 2734 1952 juxta
2763 1885 3002 1952 tempus
3055 1881 3441 1952 promotionis
3495 1882 3747 1939 ultimus

323 1973 560 2029 deberet
584 1985 734 2037 esse,
765 1969 1233 2040 precedateum,
1266 1969 1367 2038 qui
1408 1974 1803 2038 promotorum
1867 1969 2320 2042 antiquissimus
2376 1980 2483 2026 est.
2518 1971 2578 2026 Si
2635 1971 2735 2042 qui
2790 1976 2990 2026 autem
3047 1971 3259 2044 pagani
3317 1972 3460 2042 sint,
3493 1973 3601 2030 hoc
3656 1976 3747 2030 est

320 2061 534 2122 ofﬁciis
555 2059 726 2123 cassi,
760 2057 1010 2131 patricii,
1043 2058 1255 2115 cedunt
1287 2058 1471 2130 gradu
1505 2057 1764 2130 patriciis
1793 2059 1986 2115 ofﬁcia
2028 2061 2391 2132 gerentibus.
2416 2060 2478 2116 Si
2523 2060 2658 2132 quis
2705 2060 2765 2116 in
2815 2060 3106 2117 dictorum
3150 2061 3482 2118 ofﬁciorum
3542 2062 3742 2136 aliquo

320 2165 717 2211 successorem
747 2156 955 2206 nactus
987 2150 1178 2216 fuerit,
1214 2149 1556 2220 procedetur
1592 2165 1725 2205 cum
1770 2165 1837 2206 eo
1885 2151 1944 2204 in
1987 2151 2320 2208 evocatione
2366 2152 2694 2208 secundum
2743 2152 2991 2225 gradum
3032 2152 3135 2224 qui
3181 2157 3354 2209 antea
3409 2153 3522 2226 ipsi
3579 2169 3741 2210 com-

324 2243 556 2317 petebat
581 2256 650 2296 ex
681 2239 884 2296 ordine
915 2238 1169 2295 codicilli
1199 2237 1308 2293 sui.
1335 2237 1554 2295 Omnes
1585 2244 1783 2296 autem
1817 2239 2263 2296 introvocantur
2290 2241 2400 2298 hoc
2432 2243 2631 2298 modo.

319 2357 509 2433 Τόμος
577 2357 652 2413 Γ’.
721 2387 789 2398 -
847 2356 987 2444 Tiiq‘
1032 2355 1093 2444 ’ξ’
1143 2352 1597 2444 τῶνῌξιαφόρων
1659 2353 1983 2428 ἂξιωμόἰτων

2103 2357 2280 2431 Caput
2307 2358 2403 2414 Ill.
2435 2389 2504 2400 -
2532 2359 2606 2415 De
2633 2359 2870 2415 sessione
2907 2359 3247 2431 dignitatum
3290 2376 3351 2416 ιη
3395 2362 3741 2416 universum.

826 2423 1128 2496 καθολικῆς
1168 2423 1464 2502 καθέδρας·

400 2521 459 2574 '0
494 2521 811 2597 μάγιστρος*
865 2518 894 2572 6
943 2516 1204 2593 ῥαίκτωρο
1257 2519 1285 2572 6
1336 2515 1656 2591 σόγκελλος·
1707 2518 1735 2572 6
1782 2515 1990 2591 πατρί-

331 2631 452 2674 κιος
487 2609 578 2664 καὶ
631 2606 1016 2683 πραιπόσιτοςυ
1075 2607 1130 2662 οἱ
1171 2606 1450 2680 πατρίκιοι
1501 2607 1552 2661 οἱ
1601 2607 1880 2683 εὐνοῦχοι·
1939 2607 1991 2661 οἱ

325 2699 626 2764 ἀνθύπατοι
675 2696 954 2773 πατρίκιοι
995 2696 1084 2750 καὶ
1136 2696 1438 2772 στρατηγοὶ
1496 2696 1633 2752 κατὰ
1679 2697 1744 2752 τὰ
1793 2717 1993 2771 στρατ-

323 2789 502 2866 ηγάτα
555 2789 590 2857 ἤ
648 2788 716 2842 τὰ
784 2785 1009 2863 όφφίκια
1075 2786 1277 2840 αὐτῶν·
1347 2786 1655 2841 ἀνθύπατοι
1715 2785 1999 2861 πατρίκιοι

328 2877 478 2936 λιτοὶ
511 2879 650 2933 κατᾶ
678 2875 805 2939 τοὺς
835 2872 1211 2936 κωδικέλλους
1247 2874 1450 2930 αὐτῶν·
1489 2874 1768 2949 πατρίκιοι
1801 2895 1998 2947 στρατ-

321 2968 454 3042 ηγοὶ
487 2967 623 3022 κατὰ
652 2966 719 3020 τὰ
769 2964 1118 3040 στρατηγοίτα
1164 2965 1350 3020 αὐτῶν
1413 2965 1448 3034 ἤ
1497 2965 1564 3019 τὰ
1627 2964 1853 3042 όφφίκια
1904 2965 1999 3019 αὖ·

339 3061 471 3114 τῶν·
523 3058 552 3111 6
600 3055 963 3131 πραιπόσιτος
1015 3055 1090 3127 μή
1141 3051 1216 3108 ὢν
1266 3055 1552 3128 πατρίκιος
1597 3053 1667 3127 (εί
1718 3052 1774 3110 δὲ
1820 3055 1908 3108 καὶ
1941 3052 1995 3108 ἒν

343 3145 585 3224 ὀφφικίῳ
612 3143 926 3217 τετίμηται,
986 3142 1337 3218 προκρίνεται
1383 3147 1480 3198 τοῦ
1511 3141 1738 3217 ἑτέρου).
1774 3144 1802 3197 6
1832 3163 1992 3218 πρω-

335 3235 704 3310 τοσπαθάριος
777 3233 868 3288 καὶ
946 3234 1254 3308 στρατηγὸς
1329 3237 1436 3287 τῶν
1497 3231 1888 3290 Ἀνατολικὼν.
1967 3233 1996 3287 ὁ

335 3323 830 3401 πρωτοσπαθάριος
897 3320 986 3376 καὶ
1054 3319 1378 3396 δομέστικος
1438 3325 1548 3375 τῶν
1615 3319 1861 3397 σχολῶν·
1944 3322 1996 3374 οἱ

339 3416 826 3491 πρωτοσπαθάριοι
884 3413 1181 3489 στρατηγοὶ
1237 3417 1346 3467 τῶν
1401 3411 1767 3470 Ἀνατολικῶν
1821 3413 1998 3486 θεμά-

340 3526 449 3561 των
477 3504 612 3559 κατα
641 3503 738 3564 τὰς
786 3502 1123 3579 στρατηγίας
1174 3501 1374 3557 αὐτῶν
1427 3503 1455 3556 6
1503 3503 1996 3577 πρωτοσπαθάριος

339 3593 429 3649 καὶ
464 3589 786 3666 δομὲστικος
811 3595 920 3645 τῶν
953 3585 1369 3664 ἐξκουϐιτόρωψ
1423 3592 1452 3646 6
1501 3591 1994 3665 πρωτοσπαθάριος

2171 2522 2407 2578 Primus
2439 2522 2603 2578 sedet
2633 2522 2934 2594 magister,
2961 2525 3088 2578 tum
3112 2526 3326 2594 rector,
3357 2523 3490 2580 dein
3523 2523 3752 2596 syncel-

2100 2611 2234 2682 lus;
2269 2611 2551 2684 patricius
2573 2612 3004 2684 etpraspositus
3044 2612 3230 2679 idem;
3284 2612 3516 2685 patricii
3560 2629 3751 2669 eunu-

2097 2702 2230 2771 chi;
2292 2703 2698 2773 proconsules‘
2733 2701 2962 2773 patricii
3023 2709 3078 2758 et
3131 2703 3367 2775 strategi
3423 2704 3746 2758 secundum

2098 2797 2436 2861 strategata,
2468 2792 2524 2846 id
2579 2795 2685 2858 est,
2731 2795 3018 2863 praturas
3066 2795 3169 2846 aut
3221 2791 3550 2862 provincias
3608 2808 3751 2848 suas

2100 2883 2202 2934 aut
2233 2877 2424 2933 ofﬁcia
2455 2895 2605 2948 sua;
2636 2877 3017 2950 proconsules
3050 2877 3278 2947 patricii
3309 2876 3610 2949 simplices
3660 2893 3750 2933 se-

2100 2971 2354 3026 cundum
2389 2985 2562 3024 ieram
2596 2969 2996 3026 codicillorum
3030 2984 3311 3037 suorum;
3345 2968 3572 3038 patricii
3602 2975 3752 3024 stra-

2101 3060 2239 3132 tegii
2271 3061 2351 3132 [et
2382 3057 2684 3127 ofﬁciales,
2707 3059 2810 3130 qui
2842 3074 2956 3114 non
2989 3067 3126 3114 sunt
3149 3057 3324 3114 simul
3349 3059 3750 3131 proconsules]

2101 3149 2429 3206 secundum
2447 3153 2755 3214 strategata
2767 3165 2874 3204 sua
2895 3153 2994 3203 aut
3015 3147 3210 3203 ofﬁcia
3231 3163 3334 3203 sua
3357 3167 3372 3216 ;
3400 3149 3748 3220 praepositus

2103 3239 2200 3310 qui
2235 3254 2350 3295 non
2382 3243 2471 3293 est
2502 3237 2819 3309 patricius;
2845 3236 2896 3292 si
2919 3243 3112 3292 autem
3142 3236 3321 3292 simul
3343 3236 3538 3292 ofﬁcio
3560 3236 3750 3309 fungi-

2102 3330 2218 3392 tur,
2253 3327 2419 3398 praelt
2450 3326 2613 3382 alteri
2638 3327 2816 3400 [idem
2844 3326 3104 3382 ofﬁcium
3128 3325 3376 3398 gerenti]
3402 3350 3417 3394 ;
3451 3329 3750 3397 protospa-

2104 3416 2336 3472 tharius
2355 3420 2410 3471 et
2431 3420 2723 3488 strategus
2742 3414 3178 3471 Anatolicorum
3206 3431 3220 3482 ;
3247 3414 3750 3487 protospatharius

2101 3514 2156 3562 et
2187 3505 2546 3562 domesticus
2571 3504 2904 3561 scholarum
2932 3503 3421 3575 ;protospatharii
3444 3511 3496 3560 et
3512 3503 3753 3574 strategi

2101 3594 2477 3668 peculiarium
2495 3611 2593 3665 per
2604 3594 3220 3650 Orientemthematum
3233 3593 3319 3649 vel
3335 3593 3760 3664 provinciarum

335 3683 428 3738 καὶ
459 3675 705 3757 ἔπαρχος
753 3683 854 3745 τῆς
913 3677 1154 3741 πόλεως·
1227 3681 1280 3734 οἱ
1348 3682 1835 3755 πρωτοσπαθάριοι
1902 3680 1992 3735 καὶ

2104 3683 2431 3741 secundum
2446 3684 2712 3740 ordinem
2729 3700 2966 3740 suorum
2983 3688 3430 3755 strategatorum
3442 3687 3760 3754 ;protospa-

340 3775 635 3851 στρατη·ίοί
673 3777 779 3827 τῶν
815 3772 1062 3845 θεμάτων
1104 3779 1204 3842 τῆς
1258 3773 1471 3836 Δῦσεως
1521 3775 1659 3828 κατὰ
1697 3777 1763 3829 τὰ
1815 3795 1992 3847 στρατ·

2114 3773 2342 3830 tharius
2358 3775 2786 3830 etdomesticus
2799 3774 3204 3828 excubitorum
3229 3771 3758 3843 ;protospa|harius

342 3866 521 3941 ηγάτα
577 3862 771 3918 αὐτῶν·
833 3863 885 3916 οἱ
946 3861 1374 3936 μητροπολῖται·
1441 3863 1492 3917 οἱ
1572 3863 2002 3942 ἀρχιεπίσκοποι

344 3954 482 4009 κατὰ
535 3951 669 4014 τοὺς
719 3950 947 4026 θρόνους
1005 3949 1200 4005 αὐτῶν·
1266 3952 1294 4006 6
1351 3953 1847 4028 πρωτοσπαθάριος
1911 3951 2002 4008 καὶ

345 4040 732 4117 σακελλάριος·
786 4040 839 4095 οἱ
890 4039 1174 4095 ἐπίσκοποι
1231 4042 1282 4095 οἱ
1336 4041 1689 4121 ἐπεχόμενοι·
1736 4043 2001 4116 πριμικής

346 4153 455 4208 ριοι
513 4130 767 4205 εὐνοῦχοι
815 4133 913 4185 τοῦ
973 4126 1376 4187 κουϐουκλείου
1426 4131 1495 4205 (εἰ
1543 4129 1602 4186 δὲ
1643 4131 1733 4186 καὶ
1778 4152 2002 4206 πρωτο-

349 4219 638 4296 παθάριοί
708 4219 866 4288 εἰσιν,
925 4219 1312 4294 προκρίνονται
1365 4225 1472 4275 τῶν
1517 4220 1684 4276 λιτῶν
1735 4241 2002 4295 πριμικη·

348 4310 502 4387 ρίωνο
536 4309 582 4365 εἰ
615 4307 672 4365 δὲ
701 4309 792 4364 καὶ
824 4310 1055 4387 ὀφφίκια
1083 4305 1517 4386 προσελάϐοντο,
1549 4311 1638 4364 καὶ
1679 4309 1780 4364 εἴθ’
1829 4308 2004 4370 οὕτως

348 4399 727 4476 προκρίνονται
784 4404 893 4453 τῶν
952 4397 1206 4471 λοιπῶν)·
1267 4400 1296 4453 6
1354 4399 1848 4474 πρωτοσπαθάριος
1910 4397 2001 4452 καὶ

352 4489 650 4568 λογοθὲτης
679 4493 774 4544 τοῦ
795 4493 1025 4565 γενικοῦ·
1063 4489 1113 4543 οἱ
1147 4487 1413 4562 ὀστιάριοι
1451 4492 1550 4543 τοῦ
1580 4483 2001 4542 κουϐουκλείου’

348 4581 420 4655 (εἰ
461 4579 518 4636 δὲ
544 4581 634 4635 καὶ
689 4580 918 4659 όφφίκια
965 4573 1171 4654 ἔχοιεν,
1220 4579 1602 4653 προκρίνονται
1652 4581 1760 4632 τῶν
1812 4576 2002 4652 ὁμοτί-

353 4675 519 4746 μων)·
578 4670 606 4725 6
661 4672 905 4741 κυὲστωρ
968 4670 1055 4724 καὶ
1129 4669 1207 4742 μὴ
1271 4665 1344 4722 ὢν
1405 4668 1916 4743 πρωτοσπαθάριος’
1976 4668 2005 4722 6

349 4758 846 4835 πρωτοσπαθάριος
908 4759 1000 4813 καὶ
1067 4757 1370 4835 λογοθέτης
1424 4762 1522 4814 τοῦ
1588 4760 2003 4834 στρατιωτικοῦ’

353 4854 382 4908 6
411 4852 902 4928 πρωτοσπαθάριος
931 4852 1023 4906 καὶ
1055 4848 1416 4928 δρουγγάριος
1443 4857 1545 4920 τῆς
1590 4847 1814 4925 βίγλης·
1848 4849 1876 4904 6
1917 4848 2006 4902 οἱ·

352 4943 588 5018 κονόμος
618 4948 685 5012 τῆ
719 4939 988 5016 Μεγάλης
1021 4940 1378 5014 Ἐκκλησίας,
1410 4941 1546 4996 καθὰ
1575 4941 1641 4997 τὰ
1678 4944 1771 4992 νῦν
1819 4939 2008 5012 ἐτιμή-

356 5047 448 5106 θηο
477 5035 505 5089 6
537 5032 1026 5110 πρωτοσπαθάριος
1068 5032 1158 5087 καὶ
1207 5030 1518 5109 λογοθὲτης
1563 5034 1660 5087 τοῦ
1713 5027 1943 5104 δρόμου⁶
1978 5029 2006 5083 6

2106 3868 2166 3920 et
2195 3863 2502 3935 praefectus
2517 3862 2686 3919 Urbis
2708 3883 2723 3929 ;
2744 3861 3190 3934 protospatharii
3205 3859 3505 3932 etstrategi
3529 3859 3758 3915 thema-

2108 3959 2236 4010 tum
2268 3952 2601 4009 Occidentis
2633 3968 2699 4007 ex
2733 3952 2936 4005 ordine
2985 3965 3221 4005 suorum
3255 3953 3753 4020 strategatorum;

2117 4041 2548 4112 metrOpolitani
2575 4039 3372 4110 ;arcbiepiscopisecundum
3396 4038 3638 4094 thronos
3668 4037 3757 4093 vel

2110 4133 2432 4186 sedessuas
2458 4127 3062 4200 ;protospathariuset
3087 4127 3466 4196 sacellarius;
3502 4127 3759 4199 episcOpi

2115 4219 2225 4274 sub
2257 4219 2620 4290 inspectione
2652 4217 3027 4287 superiorum
3055 4216 3401 4289 pontiﬁcum
3417 4216 3758 4274 constituti:

2111 4308 2428 4383 primicerii
2452 4307 2706 4363 eunuchi
2728 4307 2985 4363 cubiculi
3011 4325 3026 4377 ;
3059 4309 3215 4365 424
3238 4307 3339 4380 qui
3362 4306 3597 4364 sisimul
3620 4310 3763 4362 sunt

2112 4395 2974 4469 protospatharii,praeferuntur
2986 4395 3360 4467 simplicibus
3384 4393 3761 4466 primiceriis,

2113 4489 2385 4558 idemque
2411 4486 2633 4542 obtinet
2661 4487 2732 4541 de
2761 4485 2857 4557 iis,
2883 4485 2982 4559 qui
3013 4485 3127 4541 alia
3150 4491 3426 4557 praeterea
3446 4486 3638 4542 ofﬁcia
3667 4502 3762 4558 ge-

2115 4580 2290 4642 runt;
2320 4575 2830 4647 protospatharius
2861 4580 2917 4629 et
2947 4573 3271 4645 logothetes
3287 4573 3477 4645 genici
3499 4592 3511 4642 ;
3537 4574 3762 4630 ostiarii

2114 4663 2562 4736 cubiculi,quisi
2577 4663 2752 4718 simul
2766 4663 2977 4720 ofﬁciis
2992 4665 3334 4735 fungantur,
3351 4663 3764 4734 praebebantur

2114 4755 2353 4827 collegis
2378 4755 2538 4823 suis;
2563 4761 2838 4828 quaestor,
2861 4753 3092 4810 etiamsi
3115 4753 3620 4826 protopatharius
3644 4770 3759 4810 non

2117 4847 2234 4913 sit;
2271 4845 2782 4917 protospatharius
2812 4848 2871 4900 et
2922 4843 3246 4916 logothetes
3278 4843 3406 4899 ﬁsci
3450 4842 3760 4912 militaris;

2118 4935 2621 5007 protospatharius
2653 4938 2709 4990 et
2739 4934 3094 5006 drungarius
3141 4933 3390 5006 vigiliae;
3423 4948 3762 4990 mconomus

2118 5026 2341 5098 Magnae
2364 5023 2656 5092 Ecclesiae,
2671 5027 2736 5079 ut
2756 5023 3138 5095 hoctempore
3157 5023 3405 5096 gradum
3419 5027 3614 5093 tenet;
3636 5039 3766 5096 pro-

349 5123 843 5200 πρωτοσπαθάριος
899 5123 991 5177 καὶ
1051 5119 1418 5198 δρουγγάριος
1474 5123 1587 5177 τῶν
1648 5118 1932 5195 πλοΐμωνο
1979 5120 1992 5174 ί

2113 5115 2517 5187 tospatharius
2539 5121 2593 5170 et
2625 5113 2954 5184 logothetes
2971 5129 3183 5168 cursus
3209 5129 3224 5180 ;
3255 5111 3763 5185 protospatharius

346 5213 840 5291 πρωτοσπαθάριος
888 5212 979 5266 καὶ
1029 5209 1328 5286 λογοθέτης
1373 5216 1480 5266 τῶν
1513 5211 1742 5287 ἀγελῶνο
1787 5211 1816 5265 6
1843 5229 1998 5285 πρω-

340 5303 713 5376 τοσπαθαριος
752 5301 842 5356 καὶ
894 5298 1000 5368 ἐπὶ,
1039 5304 1146 5355 τῶν
1208 5298 1530 5376 βασιλικῶν·
1592 5301 1620 5355 6
1670 5317 1997 5377 πρωτοσπα-

343 5394 533 5467 θᾶριος
565 5391 652 5446 καὶ
703 5387 1026 5462 δομὲστικος
1069 5394 1175 5445 τῶν
1233 5389 1521 5445 ἱκανάτωψ
1585 5390 1612 5443 6
1665 5407 1996 5454 πρωτοσπα-

343 5480 538 5553 θάριος
567 5479 656 5534 καὶ
707 5474 1030 5551 ὃομὲστικος
1075 5483 1184 5533 τῶν
1230 5479 1536 5552 νουμέρωνο
1588 5477 1616 5532 6
1665 5494 1999 5551 πρωτοσπα-

342 5569 533 5646 θάριος
589 5569 679 5623 καὶ
720 5565 1044 5641 δομέστικος
1103 5569 1212 5623 τῶν
1272 5566 1632 5640 ὀπημάτωνο
1694 5567 1722 5620 6
1779 5583 1998 5641 πρωτο-

2104 5207 2164 5261 et
2193 5203 2542 5274 drungarius
2556 5218 2762 5259 cursus
2787 5201 3320 5276 ;protospatharius
3337 5206 3396 5257 et
3412 5201 3766 5274 drungarius

2105 5292 2475 5349 classiarioru
2489 5291 3088 5364 m;protospatharius
3105 5294 3162 5347 et
3177 5289 3498 5363 logothetes
3511 5305 3766 5364 gregum;

2107 5380 2609 5456 protospatharius
2630 5386 2686 5436 et
2710 5383 3018 5454 praefectus
3035 5379 3346 5436 hominum
3365 5378 3762 5449 imperialium

2107 5489 2208 5530 seu
2262 5471 2684 5540 basilicorum;
2736 5469 3249 5543 protospatharius
3303 5475 3359 5525 et
3404 5467 3763 5524 domesticus

2113 5563 2516 5618 hicanatorum
2543 5577 2557 5630 ;
2581 5560 3088 5634 protospatharius
3109 5558 3535 5616 etdomestieus
3558 5571 3763 5612 nume-

1696 5720 1944 5777 VARIE
1993 5714 2407 5774 LECTIONES.

420 5873 464 5910 ἰ
493 5869 618 5945 περὶ
649 5875 753 5928 aut
783 5866 872 5924 διὰ
903 5875 1036 5929 ante
1063 5875 1164 5939 τῆς
1194 5869 1478 5928 excidisse
1507 5874 1672 5944 putat
1702 5870 1768 5927 R.
