4124 6392
409 457 560 518 134⁸1

1493 447 2026 513 CONSTANTINI
2072 445 2767 510 POBPHYROGENITI

3678 450 3850 516 1348

398 611 632 664 rorum;
669 591 1173 667 protospatbarius
1196 594 1253 646 et
1270 587 1630 646 domesticus
1652 589 2006 659 optimatum
2033 602 2047 650 ;

2177 582 2479 656 σπαθάριος
2508 583 2599 637 καὶ
2629 583 2810 656 κόμης
2843 585 2950 637 τῶν
2983 581 3234 661 τειχέωνο
3276 585 3305 638 6
3335 587 3836 660 πρωτοσπαθάριος

398 683 914 758 protospatharius
943 686 1001 737 et
1029 697 1221 737 comes
1243 684 1572 735 castrorum
1599 695 1613 745 ;
1645 674 2052 748 protospatha-

400 774 528 831 rius
583 778 641 830 et
691 771 1075 829 cbartularius
1123 767 1318 826 sacelli
1362 786 1376 836 ;
1428 763 1929 838 protospatharius
1993 769 2049 817 et

399 863 794 920 chartularius
816 860 1075 916 vastiarii
1106 877 1120 926 ;
1156 858 1662 929 protospatbarius
1681 860 1738 911 et
1756 853 2047 910 chartula-

396 953 520 1009 rius
553 951 782 1008 caniclii
807 948 1340 1020 ;protospatharius
1363 952 1420 1002 et
1447 949 1832 1018 protostrator
1851 961 1872 1005 ,ο
1905 958 2038 1014 pro-

397 1040 800 1111 tospatbarius
829 1045 887 1094 et
933 1035 1406 1110 protoaseoretis;
1469 1032 1925 1106 protospatharii
1983 1048 2053 1087 ex

402 1146 672 1204 persona,
706 1128 762 1182 id
795 1132 882 1183 est
923 1129 1434 1197 repraesentantes,
1478 1123 1825 1188 thematum,
1863 1135 2047 1175 unus-

401 1216 983 1291 quisquesecundum
1005 1214 1267 1270 ordinem
1289 1215 1378 1269 sui
1406 1211 1682 1268 thematis
1707 1228 1722 1278 ;
1752 1217 2050 1281 protospa-

400 1307 628 1364 tbarius
654 1310 712 1362 et
743 1320 940 1361 comes
972 1302 1221 1370 stabuli;
1256 1300 1762 1373 protospatbarius
1782 1303 1838 1354 et
1861 1297 2059 1369 praefe-

399 1401 528 1452 ctus
558 1395 698 1451 idici
730 1393 845 1466 logi
878 1409 978 1448 seu
1001 1392 1295 1447 rationum
1321 1389 1672 1462 privatarum
1699 1406 1713 1456 ;
1742 1391 2045 1458 protospa-

401 1485 629 1542 tbarius
660 1489 718 1540 et
746 1497 994 1554 magnus
1023 1484 1295 1547 curator;
1319 1477 1828 1550 protospatharius
1856 1480 1913 1531 et
1940 1492 2046 1530 cu-

408 1579 568 1633 rator
599 1588 1066 1645 manganorum;
1114 1568 1623 1642 protospatharius
1671 1571 1728 1622 et
1782 1565 2058 1637 magister

406 1663 740 1720 libellorum
761 1661 1133 1733 supplicum;
1163 1658 1674 1732 protospatbarius
1694 1665 1747 1711 et
1769 1656 2058 1726 orphano-

401 1754 650 1822 trophus
679 1767 693 1817 ;
727 1748 1180 1822 protospatbarii
1211 1753 1268 1804 et
1311 1746 1716 1803 cleisurarcbaa
1747 1746 1874 1817 [seu
1910 1761 2054 1816 pres-

401 1841 540 1897 fecti
569 1840 848 1908 limitum,
879 1839 966 1894 vel
997 1843 1053 1895 et
1084 1838 1404 1902 minorum,
1437 1852 1611 1907 quam
1661 1843 1797 1890 sunt
1852 1837 2057 1890 strate-

400 1935 557 2002 gata,
577 1947 689 2002 pre
699 1931 981 1986 fecturaru
993 1927 1069 2000 m]
1087 1925 1537 1998 ;protospathari
1549 1941 1614 1980 us
1627 1929 1685 1979 et
1698 1922 2054 1979 demarchus

400 2019 748 2076 Venetorum
777 2039 793 2087 ;
828 2016 1337 2089 protospatbarius
1381 2023 1436 2070 et
1486 2013 1838 2070 demarchus
1867 2012 2058 2090 Prasi-

400 2124 651 2175 norum;
676 2105 1189 2179 protospatharius
1221 2109 1279 2159 et
1307 2101 1792 2160 ceremoniarius
1821 2119 1834 2170 ;
1873 2106 2065 2173 proto-

398 2197 740 2269 spatbarius
772 2201 828 2251 et
857 2198 1222 2265 exstrategus
1252 2193 1692 2248 Anatolicorum
1721 2209 1734 2247 :
1761 2197 2060 2262 protospa-

402 2287 637 2342 tbarius
668 2290 726 2341 et
747 2284 1179 2341 exdomestious
1202 2281 1538 2336 scholarum
1561 2299 1575 2348 ;
1602 2280 2065 2352 protospatbarii

405 2381 462 2431 et
493 2373 807 2445 exstrategi
840 2372 1207 2443 singulorum
1252 2370 1580 2425 thematum
1631 2368 2013 2425 Orientalium
2047 2387 2060 2436 ;

409 2462 913 2536 protospatbarius
935 2466 990 2517 et
1011 2459 1445 2517 exdomesticus
1466 2459 1906 2528 excubitorum;
1935 2475 2063 2530 pro-

405 2551 750 2626 tospalharii
782 2555 839 2606 et
868 2549 1190 2622 exprefecti
1216 2567 1231 2618 ;
1279 2548 1728 2620 protospatharii
1761 2553 1817 2603 et
1847 2554 2063 2604 exstra-

405 2642 523 2715 tegi
553 2642 918 2698 tbematbum
952 2638 1444 2708 occidentalium;
1503 2637 1956 2709 protospatharii
2007 2643 2064 2693 et

403 2736 836 2804 exquaestores;
886 2729 1342 2801 protospatharii
1415 2727 1915 2799 chrysotriclinii;
1963 2727 2061 2797 qui

403 2827 600 2880 tamen
631 2821 773 2877 olim
799 2820 1258 2892 praeferebantur
1296 2818 1644 2889 exstrategis
1674 2821 1734 2871 et
1782 2819 2061 2888 exprmte-

403 2912 517 2969 ctis
542 2936 557 2979 ;
591 2909 1041 2982 protospatharii
1057 2908 1288 2979 judices
1312 2927 1326 2976 ;
1355 2905 1807 2978 protospatbarii
1830 2907 1899 2960 de
1917 2922 2059 2961 con-

408 3001 680 3056 tubernio
716 2998 1165 3069 inaglabitarum
1189 3002 1246 3052 et
1267 2996 1567 3062 articlinze,
1605 2995 2058 3067 protospatbarii

401 3095 462 3146 et
493 3089 803 3146 archontes
833 3088 1204 3144 stabulorum
1237 3103 1251 3152 ;
1285 3083 1735 3157 protospatharii
1769 3089 1826 3140 et
1856 3085 2056 3140 exoiﬁ-

403 3180 604 3249 ciales,
636 3179 846 3235 sedum
880 3177 1099 3245 ofﬁcia,
1130 3193 1260 3248 qua:
1292 3175 1431 3231 olim
1462 3180 1819 3243 tenuerunt;
1861 3180 2056 3246 proto-

400 3268 684 3341 spatbarii
717 3272 774 3324 et
809 3265 1038 3323 basilici
1073 3267 1399 3322 secundum
1452 3265 1846 3335 promotiones
1877 3280 2052 3333 suas;

2167 671 2259 724 xui
2292 671 2696 746 χαρτουλάριος
2743 676 2841 727 τοῦ
2891 670 3205 726 σακελλίου·
3258 674 3286 727 6
3335 677 3835 748 πρωτοσπαθάριος

2172 759 2262 813 καὶ
2296 760 2700 835 χαρτουλάριος
2758 767 2855 817 τοῦ
2911 761 3238 836 βεστιαρίουσ
3279 762 3308 816 6
3339 767 3838 839 πρωτοσπαθάριος

2169 850 2260 904 καὶ
2322 852 2726 926 χαρτουλάριος
2792 856 2889 906 τοῦ
2953 851 3286 906 κανικλείου³
3343 854 3371 908 6
3428 858 3837 928 πρωτοσπαθά-

2173 957 2288 1012 ριος
2361 939 2448 993 καὶ
2524 941 2988 1014 πρωτοστρπὶτωξν
3068 941 3096 994 6
3171 943 3659 1017 πρωτοσπαθάριος
3731 946 3829 1000 καὶ

2168 1032 2700 1101 πρωτοασηκρήτηςο
2761 1031 2814 1084 οἱ
2867 1035 3355 1106 πρωτοσπαθάριοι
3407 1033 3466 1087 ἐκ
3526 1037 3831 1108 προσώπου

2162 1123 2270 1173 τῶν
2305 1120 2553 1191 θεμάτων
2604 1119 2740 1174 κατὰ
2796 1120 2856 1173 τὸ
2895 1117 3038 1174 ’ἰδιον
3084 1120 3310 1175 ἑκάστου
3370 1124 3528 1195 θέμιν
3587 1126 3615 1180 6
3666 1147 3828 1202 πρω-

2163 1209 2531 1280 τοσπαθάριος
2591 1210 2682 1264 xui
2729 1208 2914 1282 κόμης
2959 1214 3057 1264 τοῦ
3115 1205 3377 1266 στάϐλου·
3421 1214 3450 1267 ὁ
3480 1234 3824 1287 πρωτοσπα-

2167 1296 2352 1370 Θάριος
2382 1297 2473 1350 καὶ
2507 1296 2596 1352 ἐπὶ
2638 1299 2734 1351 τοῦ
2786 1293 2992 1352 εἰδικοῦ
3043 1294 3231 1371 λόγου·
3270 1300 3297 1354 6
3330 1303 3827 1378 πρωτοσπαθάριος

2165 1384 2254 1438 καὶ
2309 1385 2475 1459 μὲγας
2516 1385 2821 1461 κουράτωρ⁶
2870 1387 2897 1440 6
2949 1387 3442 1464 πρωτοσπαθάριος
3490 1391 3580 1446 καὶ
3624 1393 3824 1467 κουρά-

2164 1493 2278 1548 τωρ
2325 1479 2435 1530 τῶν
2483 1475 2798 1550 μαγγάνων·
2833 1476 2861 1530 6
2900 1479 3391 1553 πρωτοσπαθάριος
3439 1479 3530 1534 καὶ
3581 1479 3668 1537 ἐπὶ
3713 1487 3826 1537 τῶν

2172 1560 2432 1634 δεήσεων·
2497 1567 2525 1619 6
2593 1567 3091 1640 πρωτοσπαθάριος
3147 1569 3234 1622 καὶ
3292 1569 3723 1648 ὀρφανοτρόφος·
3777 1574 3833 1627 οἳ

2165 1656 2661 1728 πρωτοσπαθάριοι
2702 1655 2792 1710 καὶ
2841 1655 3293 1733 κλεισουρείρχιιι⁹
3352 1659 3380 1714 6
3428 1662 3836 1734 πρωτοσπαθά-

2169 1762 2287 1818 ριος
2335 1744 2426 1797 καὶ
2468 1741 2766 1819 δήμαρχος
2815 1749 2923 1800 τῶν
2960 1747 3216 1802 Βενὲτων·
3269 1747 3297 1801 6
3336 1751 3833 1824 πρωτοσπαθάριος

2165 1832 2254 1886 καὶ
2301 1831 2594 1908 δημαργος
2643 1839 2750 1889 τῶν
2796 1834 3098 1908 Πρασίνων·
3134 1837 3162 1890 6
3193 1838 3685 1912 πρωτοσπαθάριος
3735 1842 3826 1895 xui

2169 1921 2254 1976 ἐπὶ
2315 1929 2419 1992 τῆς
2477 1925 2877 1986 καταστάσεως·
2937 1927 2964 1980 6
3021 1923 3526 2003 πρωτδσπαθάριος
3580 1928 3672 1984 καὶ
3724 1931 3832 1986 ἀπὸ

2178 2018 2498 2088 στρατηγῶν
2573 2019 2682 2068 τῶν
2777 2014 3169 2072 Ἀνατολικῶν·
3241 2019 3268 2072 6
3333 2021 3825 2094 πρωτοσπαϐάριος

2176 2103 2265 2158 καὶ
2300 2103 2403 2157 ἀπὸ
2439 2100 2774 2176 δομεστίκων
2825 2111 2934 2160 τῶν
2985 2107 3225 2180 σχολῶν·
3261 2109 3312 2162 οἱ
3343 2111 3822 2183 πρωτοσπαθάριοι

2179 2191 2264 2246 καὶ
2335 2194 2439 2247 ἀπὸ
2500 2198 2818 2268 στρατηγῶν
2878 2200 2985 2249 τῶν
3048 2195 3415 2252 ’Δνατολικῶν
3475 2199 3748 2272 θεμάτων·
3805 2200 3831 2254 6

2174 2281 2668 2357 πρωτοσπαθάριος
2698 2282 2788 2336 καὶ
2836 2283 2940 2336 ἀπὸ
2991 2279 3330 2355 δομεστίκων
3369 2289 3479 2340 τῶν
3539 2283 3833 2355 ἐξσκουϐι-

2172 2370 2371 2443 τόρων·
2443 2371 2494 2425 oi
2560 2373 3046 2446 πρωτοσπαθάριοι
3103 2373 3190 2427 καὶ
3254 2374 3360 2428 ἀπὸ
3428 2373 3706 2450 ἐπάρχωνο
3781 2376 3834 2430 οἷ

2171 2460 2656 2534 πρωτοσπαθάριοι
2711 2462 2798 2514 xui
2851 2460 2957 2515 ἀπὸ
3007 2468 3326 2538 στρατηγῶν
3360 2471 3460 2533 τῆς
3506 2461 3733 2527 δύσεως·
3781 2467 3835 2520 o't

2173 2551 2656 2623 πρωτοσπαθαριοι
2705 2550 2794 2604 xui
2845 2550 2951 2606 ἀπὸ
3000 2555 3306 2625 κυεστόρων
3369 2555 3445 2625 (oi
3496 2573 3835 2627 πρωτοσπα-

2173 2640 2352 2712 θάριοι
2409 2644 2507 2694 τοῦ
2577 2641 3040 2714 χρυσοτρικλίνου
3107 2645 3508 2718 προεκρίθησαν
3565 2642 3743 2700 πάλαι
3787 2647 3836 2683 ⁸⁸

2169 2735 2277 2784 τῶν
2311 2729 2417 2784 ἀπὸ
2449 2735 2766 2804 στρατηγῶν
2792 2731 2881 2785 καὶ
2913 2731 3018 2786 ἀπὸ
3061 2731 3361 2807 ἐπάρχων)’
3397 2735 3448 2788 οἱ
3496 2755 3829 2805 πρωτοστα-

2171 2819 2352 2892 θάριοι
2411 2818 2498 2872 καὶ
2556 2819 2758 2893 κριταί’
2823 2821 2873 2874 oi
2931 2824 3421 2896 πρωτοσπαθάριοι
3460 2827 3557 2877 τοῦ
3623 2823 3832 2900 μαγλα-

2170 2903 2291 2961 ϐίου
2351 2905 2442 2961 καὶ
2497 2907 2822 2981 ἀρτικλῖναι·
2895 2911 2944 2964 oi
3013 2913 3495 2986 πρωτοσπαθάριοι
3563 2913 3651 2966 xui
3728 2911 3826 2985 ἄρ-

2169 3015 2362 3071 χοντες
2400 3001 2508 3051 τῶν
2570 2993 2844 3053 στάϐλων·
2907 3000 2960 3053 o't
3027 3001 3510 3075 πρωτοσπαθάριοι
3565 3001 3656 3056 καὶ
3719 3002 3824 3057 ἀπὸ

2166 3085 2438 3163 ἀφφικίων
2469 3086 2603 3140 κατὰ
2649 3089 2716 3140 τὰ
2761 3108 2895 3143 ποτε
2941 3086 3170 3165 ὀφφίκια
3224 3089 3418 3144 αὗτῶψ
3487 3091 3539 3144 οἱ
3602 3111 3821 3164 πρωτοο

2168 3173 2454 3249 σπαθάριοι
2483 3175 2571 3230 xui
2607 3175 2885 3249 βασιλικοὶ
2930 3179 3069 3233 κατὰ
3122 3178 3238 3245 τὰς,
3290 3175 3572 3252 προϐολὰς
3622 3178 3821 3234 αὐτῶν·

2165 3265 2217 3320 οἱ
2257 3267 2742 3339 πρωτοσπαθάριοι
2790 3267 2877 3322 xui
2933 3267 3264 3341 ἀσηκρῆται·
3320 3269 3373 3322 οἱ
3429 3269 3827 3341 πρῶτοσπαθά-

403 3336 939 3432 protospatbariist
960 3357 1278 3424 asecretis;
1316 3354 1775 3427 protospatbarii
1809 3353 2053 3415 urbani,-

2167 3376 2274 3430 ριοι
2311 3357 2361 3410 οἱ
2395 3353 2483 3410 διὰ
2514 3355 2752 3417 πόλεως’
2801 3357 2853 3411 oi
2902 3357 3390 3432 πλωτοσπαθάριοι
3452 3360 3503 3413 oi
3553 3357 3828 3429 ἐξωτικοί.

405 3446 860 3521 protospatbarii
898 3446 1107 3502 exotici
1139 3445 1226 3501 vel
1259 3445 1586 3501 suburbani
1619 3449 1720 3500 aut
1743 3452 1797 3501 et
1827 3444 2060 3515 provin-

403 3536 601 3593 ciales.
634 3537 797 3600 Quod
833 3537 882 3590 si
915 3539 1110 3590 autem
1144 3551 1260 3589 non
1292 3550 1496 3590 omnes
1542 3533 1626 3588 illi
1680 3534 1896 3589 fuerint
1926 3549 2062 3605 pro-

404 3624 771 3696 tospatbarii,
812 3624 911 3695 qui
957 3624 1272 3695 dignitates
1330 3639 1432 3693 per
1468 3623 1806 3677 mandatum
1862 3623 2061 3678 obtin—

401 3719 605 3785 gentes
637 3721 860 3779 tenent,
893 3717 1182 3784 quantum
1215 3710 1449 3782 quidem
1481 3713 1550 3766 ad
1583 3717 1904 3782 strategum
1936 3729 2060 3782 pro-

397 3803 724 3861 vinciarum
753 3802 1139 3859 Orientalium
1173 3811 1225 3856 et
1251 3800 1710 3858 Occidentalium
1725 3803 1952 3870 attinet,
1974 3801 2056 3871 hi,

401 3893 883 3966 quandoquidem
917 3893 1067 3949 425
1095 3892 1393 3963 dignitate
1423 3893 1704 3962 gaudent,
1741 3890 1870 3946 ideo
1903 3893 2055 3962 quod

403 3999 540 4042 cum
572 3999 640 4040 ea
663 3985 945 4040 brabeum
982 3982 1160 4038 simul
1189 3998 1304 4036 non
1329 3983 1678 4052 acceperint,
1705 3998 1818 4036 non
1843 3983 2060 4037 cedunt

403 4074 542 4129 sede
572 4077 630 4127 et
661 4073 1049 4144 praecedentia
1101 4072 1224 4126 suis
1275 4070 1584 4140 provinciis
1637 4071 2056 4140 conveniente;

403 4163 504 4218 sed
538 4178 666 4218 eam
700 4162 898 4218 sedem
931 4161 1224 4226 obtinent,
1252 4175 1375 4229 quas
1406 4160 1533 4215 suis
1565 4159 1880 4230 provinciis
1903 4162 2056 4215 assi-

399 4258 574 4323 gnate
623 4257 730 4306 est.
778 4253 1092 4305 Praefectus
1137 4249 1301 4304 urbis
1346 4253 1402 4303 et
1460 4253 1714 4320 quaestor
1762 4249 1888 4319 pari
1928 4251 2058 4318 jure

399 4341 695 4397 fruuntur.
729 4338 958 4410 Reliqui
983 4341 1178 4393 autem
1199 4353 1403 4392 omnes
1430 4337 1782 4407 dignitatum
1807 4337 2056 4410 insigni-

395 4430 507 4487 bus
538 4427 722 4486 simul
753 4433 810 4484 et
839 4428 1052 4484 officiis
1085 4426 1358 4484 honorati
1391 4443 1622 4497 semper
1657 4425 1774 4482 illis
1829 4427 2054 4498 prehe-

400 4518 632 4587 bentur,
667 4518 767 4588 qui
799 4533 998 4574 secum
1023 4517 1226 4573 eadem
1255 4515 1516 4583 insignia
1544 4515 1918 4586 dignitatum,
1952 4517 2054 4572 sed

403 4607 629 4679 absque
659 4607 987 4664 ofﬁciorum
1040 4605 1404 4674 muneribus,
1437 4603 1819 4660 obtinuerint.
1858 4605 1919 4660 In
1959 4623 2062 4661 or-

2164 3443 2229 3501 Ei
2267 3441 2323 3498 δὲ
2373 3446 2449 3517 μή
2504 3444 2604 3500 εἶεν
2647 3445 2843 3506 πάντες
2893 3447 3401 3521 πρωτοσπαθάριοι,
3450 3447 3541 3502 xui
3575 3445 3668 3507 τὰς
3702 3445 3828 3502 δια-

2167 3531 2338 3608 λόγου
2370 3533 2805 3610 προσγινομένας
2840 3533 2988 3604 ἀξίας
3019 3536 3367 3610 κατέχουσιν,
3402 3537 3455 3590 οἱ
3491 3541 3580 3590 νῦν
3626 3555 3830 3611 στράτ-

2167 3623 2318 3696 ηγοὶ,
2355 3630 2456 3692 τῆς
2482 3643 2541 3677 τε
2569 3622 2876 3693 Ἀνατολῆς
2908 3623 2999 3678 καὶ
3048 3631 3143 3692 τῆς
3197 3623 3409 3687 Δύσεως
3459 3625 3574 3700 οὐχ
3623 3626 3826 3681 ὑποπί-

2164 3733 2393 3766 πτουσιν
2425 3719 2524 3781 τῆς
2557 3710 2665 3781 ἤδη
2701 3710 2986 3790 λαχούσης
3027 3713 3202 3768 αὐτῶν
3251 3719 3358 3770 τῶν
3409 3717 3655 3788 Θεμάτων
3691 3729 3832 3779 καθ-

2166 3799 2322 3874 έδρας
2356 3799 2444 3856 διὰ
2474 3803 2572 3869 τήν
2605 3801 2903 3856 ἐλάττωσιν
2946 3806 3043 3857 τοῦ
3093 3798 3348 3879 βραϐείου
3397 3804 3595 3874 αὐτῶν,
3645 3805 3829 3880 ὑπάρ-

2165 3911 2366 3968 χοντος
2421 3891 2754 3964 ἀξιώματος,
2811 3891 2936 3946 ἀλλ’
2997 3891 3048 3946 ἐν
3098 3895 3166 3964 τῇ
3215 3894 3379 3963 τάξει,
3491 3893 3826 3969 ἐτάχθησαν,

2165 3981 2298 4034 κατὰ
2327 3981 2390 4035 τὸ
2440 3980 2642 4035 οἰκεῖον
2695 3980 2832 4053 Θέμα
2881 3981 3216 4051 καθέζονται.
3267 3984 3541 4046 Ὡσαύτως
3593 3983 3684 4038 οὖν
3733 3987 3825 4039 xui

2164 4071 2192 4124 6
2233 4066 2478 4143 ἔπαρχος
2525 4069 2742 4132 πόλεως
2799 4071 2890 4124 xui
2951 4072 2978 4126 6
3039 4072 3333 4147 κυαίστωρ.
3385 4074 3452 4131 Οἱ
3511 4070 3568 4128 δὲ
3627 4072 3823 4128 λοιποὶ

2163 4159 2352 4220 πάντες
2380 4159 2724 4238 ὀφφικιάλιοι
2757 4159 2807 4214 ἐν
2864 4167 2982 4222 τοῖς
3044 4161 3339 4235 ὁμοτίμοις
3389 4167 3497 4217 τῶν
3545 4159 3634 4217 διὰ
3687 4164 3826 4238 βρα-

2163 4244 2324 4303 ϐείων
2377 4246 2680 4323 διδομένων
2752 4249 3080 4323 ἀξιωμάτων
3137 4251 3584 4326 προτετίμηνται.
3637 4255 3724 4308 Ἐν
3769 4250 3828 4306 δὲ

2161 4342 2230 4411 τῇ
2271 4339 2412 4408 τάξει
2471 4344 2578 4393 τῶν
2631 4339 2901 4417 ὀφφικίων
2951 4336 3179 4402 ἕκαστος
3241 4338 3414 4396 αὐτῶν
3469 4341 3568 4410 τήν
3621 4340 3822 4396 οἰκείαν

2161 4429 2307 4498 τάξιν
2352 4423 2643 4501 λαμϐάνει.
2699 4430 2851 4486 Μετὰ
2903 4426 2961 4484 δὲ
3008 4437 3108 4498 τῆς
3156 4434 3262 4484 τῶν
3311 4430 3817 4502 πρωτοσπαθαρίων

2160 4524 2332 4591 τιμῆς
2378 4515 2606 4594 δευτέρα
2655 4520 2688 4589 ἡ
2739 4523 2847 4574 τῶν
2907 4517 3493 4596 σπαθαροκανδιδάτων
3550 4519 3824 4593 εἰσάγεται

2162 4606 2334 4677 τάξις,
2364 4609 2482 4661 οἷον
2547 4605 3102 4682 σπαθαροκανδιδάτοι
3151 4608 3241 4664 καὶ
3292 4607 3635 4688 ὁφφικιάλιοι
3685 4609 3825 4664 κατὰ

407 4697 544 4753 dine
573 4701 769 4753 autem
783 4695 1110 4753 ofﬁciorum
1127 4697 1378 4768 quisque
1403 4695 1592 4750 locum
1616 4695 1728 4750 sibi
1757 4696 2056 4766 proprium

2169 4698 2236 4752 τὰ
2302 4696 2528 4775 ὀφφίκια
2595 4696 2788 4752 αὐτῶνθ
2861 4699 2913 4753 oi
2981 4693 3677 4774 σπαθαροκουϐικουλάριοι
3725 4703 3824 4753 τοῦ

403 4794 670 4857 occupat.
706 4785 844 4842 Post
873 4784 1476 4856 protospatbariorum
1509 4783 1753 4838 classem
1787 4785 2055 4840 introdu-

397 4875 546 4930 citur
576 4875 858 4946 secunda,
910 4890 1120 4946 nempe
1174 4872 1892 4944 spatharocandidatorum
1927 4874 2054 4946 [seu

403 4965 841 5035 spatbariorum
873 4970 932 5022 et
963 4963 1456 5035 candidatorum],
1492 4967 1556 5019 ut
1587 4964 1687 5035 qui
1711 4963 1888 5020 simul
1920 4981 2056 5037 spa-

2171 4785 2460 4862 βασιλικοῦ
2489 4793 2772 4852 κοιτῶνος·
2823 4784 3518 4864 σπαθαροκουόικουλάριοι
3563 4793 3659 4844 τοῦ
3699 4809 3822 4842 κου-

2167 4870 2478 4932 ϐουκλείοο·
2533 4873 2887 4952 πρεσϐύτεροι
2941 4880 3052 4952 (22)
3105 4880 3156 4934 οἱ
3220 4879 3520 4954 βασιλικοί·
3601 4879 3652 4934 oi
3698 4899 3831 4953 πρε-

2166 4960 2419 5042 σϐύτεροι
2451 4967 2543 5023 xui
2574 4966 2872 5044 ἡγούμενοι
2920 4969 3009 5024 xui
3056 4963 3412 5043 πρεσϐύτεροι
3471 4976 3570 5038 τῆς
3616 4965 3820 5037 ἐκκλη-

1777 5081 2019 5140 VARUE
2059 5084 2360 5142 LECTION
2367 5086 2448 5142 ES

479 5201 524 5237 ’°
553 5199 722 5257 πάλαι
752 5206 939 5263 eﬂ'ecit
967 5207 1034 5264 R.
1066 5223 1135 5265 ex
1165 5206 1387 5263 incerto
1419 5204 1545 5260 cod.
1579 5205 1882 5276 compend.

1463 5320 1665 5377 JOAN.
1706 5322 1850 5378 JAC.
1894 5321 2154 5380 REISKII
2196 5323 2777 5383 COMMENTARIUS.

482 5445 598 5518 (22)
629 5445 751 5501 Vox
783 5444 919 5522 haec
971 5445 1061 5501 bis
1103 5449 1197 5505 hic
1263 5449 1495 5522 legitur,
1528 5451 1594 5522 ut
1621 5450 1809 5522 puto,
1861 5445 2062 5522 otiose.

412 5519 549 5583 Quae
580 5518 841 5574 secundo
886 5517 1012 5573 loco
1061 5525 1171 5586 est,
1203 5517 1348 5575 eam'
1393 5525 1496 5575 aut
1541 5517 1874 5585 delendam,
1907 5519 2069 5574 nullo

414 5592 552 5646 dato
585 5605 947 5654 successore,
980 5595 1082 5644 aut
1114 5592 1343 5660 si‘cum
1393 5592 1507 5646 alia
1538 5589 1856 5660 permutari
1878 5591 2070 5656 debet,

415 5678 519 5732 pro
551 5677 618 5716 ea
649 5661 1063 5732 sufﬁciendum
1119 5655 1373 5732 ἀϐϐᾴδες,
1421 5655 1699 5724 monachi,
1751 5666 1970 5732 putem.
2006 5655 2076 5717 Et

417 5729 808 5804 preterearﬁc
825 5729 1082 5804 Μεγάλης
1101 5729 1559 5804 Ἐκκλησίαςιεε.
1576 5729 1837 5787 Attamen
1865 5749 1921 5802 p.
1949 5733 2074 5804 625,

417 5800 654 5873 quoque
712 5800 931 5873 legitur
981 5801 1077 5866 τῆς
1145 5800 1461 5871 ἐκκλησίας,
1507 5800 1744 5876 tabeque
1805 5800 2072 5875 μεγάλης,

2181 5449 2279 5532 ubi
2309 5450 2472 5532 nulla
2502 5451 2836 5532 alia,__quam
2870 5455 3076 5526 Magna
3101 5452 3488 5532 Ecclesiaseu
3521 5454 3580 5510 S.
3615 5455 3835 5532 Sephia

2182 5521 2558 5597 intelligitur.
2620 5521 2744 5597 Huc
2804 5521 3035 5597 quoqne
3093 5526 3277 5597 refero
3352 5526 3665 5597 dictionem
3696 5521 3828 5580 ’τῶν

2184 5589 2349 5671 θ’ίκων
2378 5589 2599 5671 ᾖτὲςΗ-Ἱ)
2636 5595 2746 5671 _ubi
2799 5589 3068 5671 dubium,
3120 5594 3443 5671 βασιλικῶν,
3496 5615 3568 5653 an
3619 5595 3828 5671 εὐαγῶν

2184 5664 2436 5747 subintel
2449 5665 2543 5736 ligi
2560 5667 2787 5747 debeat.
2807 5664 3202 5747 monachos'ad
3219 5669 3488 5740 Magnam
3508 5664 3825 5747 Ecclesiam

2186 5739 2540 5807 pertinuisse
2570 5745 2814 5795 constat.
2853 5741 2958 5796 Ubi
3011 5749 3205 5796 autem
3252 5739 3391 5796 sunt
3425 5740 3714 5806 monachi,
3747 5742 3826 5799 ibi

2186 5824 2418 5882 quoque
2449 5811 2771 5883 presbyteri
2802 5818 2862 5870 et
2882 5812 3198 5886 begumeni
3229 5812 3421 5870 locum
3454 5813 3694 5872 habent.
