4124 6392
403 469 556 534 1349

1244 474 1344 534 DE
1389 471 1844 534 CERIMONIIS
1888 469 2124 531 AULE
2168 469 2648 532 ΒΥΖΑΝΤΙΝιΕ
2695 471 2842 532 LIB.
2890 473 2971 533 II.

3662 483 3818 542 1350

398 613 539 675 σίας·
591 612 644 666 οἱ
693 607 1250 684 σπαθαροκανδιδάτοι
1298 608 1388 663 καὶ
1437 609 1542 662 ἀπὸ
1607 610 1944 682 στρατηγῶν·
1993 607 2045 660 οἱ

2179 603 2627 661 .harocandidati
2676 611 2732 662 et
2779 607 3063 664 ofﬁciales
3114 615 3271 679 sunt,
3302 627 3367 667 eo
3399 611 3817 670 introduccndi

403 699 958 778 σπαθαροκανδιδάτοι
1010 705 1107 756 τοῦ
1155 699 1634 776 χρυσοτρικλίνου·
1687 701 1738 754 oi
1788 701 2058 768 σπαθαρο-

401 790 715 850 κανδιδάτοι
768 793 818 847 οἱ
869 792 1133 846 οἱκειακοί
1181 791 1272 846 καὶ
1335 790 1534 866 κριταί·
1588 791 1639 844 οἱ
1690 790 2057 863 σπαθαροκαν-

403 881 615 939 διδάτοι
659 883 749 936 καὶ
803 876 1135 957 μαγλαϐῖται
1185 880 1274 935 καὶ
1324 879 1652 955 ἀρτικλῖναι’
1705 879 1756 934 οἱ
1790 879 2059 952 σπαθαρο-

401 968 713 1029 κανδιδάτοι
747 972 799 1026 οἱ
832 971 936 1026 ἀπὸ
967 969 1260 1048 ὂφιρικίων,
1303 970 1360 1023 οἱ
1410 965 1973 1042 σπαθαροκανδιδάτοι
2004 968 2058 1021 οἱ

404 1062 671 1119 οἷκειακοὶ
718 1067 816 1118 τοῦ
865 1059 1182 1116 λαυσιακοῦ·
1235 1061 1288 1115 οἱ
1346 1055 1910 1133 σπαθαροκανδιδάτοι
1966 1055 2056 1111 καὶ

405 1152 732 1227 ἄσηκρῆται·
795 1153 846 1206 οἱ
913 1147 1476 1218 σπαθαροκανδιόάτοι
1543 1148 1634 1203 καὶ
1706 1145 2059 1222 κλεισουράρ-

404 1258 525 1316 χαι·
560 1241 612 1295 οἱ
644 1236 1201 1314 σπαθαροκανδιδάτοι
1249 1237 1340 1291 καὶ
1381 1235 1733 1312 τουρμάρχαι
1761 1239 1867 1289 τῶν
1904 1229 2057 1307 6:65-

406 1330 583 1407 ράτων
645 1331 775 1402 (23)·
837 1329 890 1383 οἱ
947 1323 1506 1402 σπαθαροκανὸιδάτοι
1563 1325 1652 1380 καὶ
1709 1323 2058 1398 τουρμάρχαι

404 1418 709 1480 Λυκαονίας
771 1419 862 1472 καὶ
933 1414 1278 1495 Παμφυλίας·
1369 1415 1421 1469 οἱ
1505 1408 2060 1486 σπαθαροκανδιδάτοι

405 1509 495 1563 καὶ
543 1508 916 1582 τοποτηρηταὶ
965 1527 1072 1560 των
1103 1508 1348 1579 σχολῶν·
1401 1505 1452 1558 οἱ
1504 1497 2060 1573 σπαθαροκανδιδάτοι

405 1598 496 1653 καὶ
524 1597 876 1670 τουρμάρχαι
905 1599 1013 1651 τῶν
1047 1601 1148 1664 τῆς
1199 1590 1507 1661 Ἀνατολῆς
1552 1589 1800 1664 θεμάτων
1832 1588 1967 1644 κατὰ
1996 1589 2062 1643 τὰ

410 1686 614 1760 θέματα
672 1685 874 1740 αὐτῶν·
940 1686 969 1739 6
1037 1679 1600 1756 σπαθαροκανδιδάτος
1663 1679 1752 1734 καὶ
1819 1699 2064 1749 τοποτη-

415 1777 584 1849 ρητής
613 1777 722 1830 τῶν
770 1767 1220 1846 ἐξσκουϐιτόρων·
1274 1771 1325 1826 οἱ
1382 1764 1941 1844 σπαθαροκανδιδάτοι
1970 1766 2061 1820 καὶ

409 1865 758 1939 τουρμάρχαι
805 1867 912 1917 τῶν
966 1859 1212 1934 θεμάτων
1275 1867 1375 1930 τῆς
1427 1859 1658 1921 Δῦσεως·
1711 1859 1740 1912 6
1789 1857 2061 1930 σπαθαρο-

408 1951 730 2010 κανὸιδάτος
778 1952 870 2007 καὶ
916 1951 1304 2025 τοποτηρητὴς
1338 1952 1436 2004 τοῦ
1479 1947 1740 2023 ἀριθμοῦ·
1775 1947 1828 2001 οἱ
1857 1947 2064 2002 σπαθα-

409 2039 790 2117 ροκανδιδάτοι
838 2043 928 2096 καὶ
985 2040 1341 2116 τουρμάρχαι
1392 2043 1500 2095 τῶν
1547 2036 1829 2110 πλοῖμωνο
1864 2037 1891 2090 ὁ
1925 2055 2063 2090 σπα-

411 2127 869 2206 θαροκανδιδάτος
934 2131 1020 2185 καὶ
1088 2129 1482 2202 τοποτηρητής
1543 2130 1641 2182 τοῦ
1707 2123 1976 2198 πλοΐμου·
2037 2126 2065 2179 6

410 2218 973 2298 σπαθαροκανδιόάτος
1032 2221 1122 2274 καὶ
1165 2219 1558 2292 τοποτηρητὴς
1620 2221 1727 2270 τῶν
1779 2214 2064 2270 ἱκανάτων·

416 2310 445 2365 6
496 2305 1068 2384 σπαθαροκανδιὸάτος
1116 2309 1206 2364 καὶ
1254 2306 1644 2377 τοποτηρητής
1704 2309 1810 2359 τῶν
1867 2302 2068 2377 νουμὲ-

419 2417 546 2474 ρων·
619 2401 647 2456 6
716 2395 1284 2474 σπαθαροκανδιδάτος
1352 2397 1441 2450 καὶ
1495 2394 1892 2469 τοποτηρητὴς
1957 2397 2064 2448 τῶν

412 2489 771 2563 ὀπτημάτων·
843 2489 870 2543 6
939 2482 1505 2560 σπαθαροκανὸιδάτος
1562 2482 2070 2556 καὶτοποτηρητὴς

412 2585 520 2636 τῶν
567 2580 820 2654 τειχὲων·
885 2579 936 2632 οἱ
995 2571 1556 2649 σπαθαροκανὸιὸάτοι
1617 2575 1669 2628 οἳ.
1729 2571 1817 2628 διὰ
1851 2572 2068 2634 πόλεως

409 2669 497 2724 καὶ
554 2668 605 2723 οἱ
647 2671 759 2722 τῶν
809 2663 1096 2741 σεκρέτων·
1149 2666 1200 2720 οἱ
1251 2662 1536 2719 δισύπατοι
1593 2664 1728 2718 κατὰ
1768 2663 1864 2724 τὰς
1895 2663 2069 2732 τάξεις

411 2759 612 2814 αὐτῶν.
650 2757 712 2814 Εἰ
745 2754 801 2811 δὲ
852 2759 927 2830 μή
981 2756 1088 2811 εἶεν
1140 2757 1292 2809 οὗτοι
1342 2750 1921 2823 σπαθαροκανδιδάτοι,
1953 2757 2072 2815 ταῖς

411 2848 507 2922 μὲν
563 2843 653 2902 διὰ
706 2844 973 2920 βραδείων
1031 2844 1201 2915 ἀξίαις
1261 2841 1734 2912 ὑποπιπτέτωσαν,
1768 2842 1818 2897 ἐν
1869 2839 1926 2896 δὲ
1953 2847 2070 2903 τοῖς

406 2941 506 2992 τοῦ
542 2937 756 3010 βαθμοῦ
787 2933 963 2989 αὐτῶν
1017 2933 1292 3011 ὁφφικῖοις
1345 2929 1666 2995 ἀκολούθως
1695 2933 2069 3004 τιμάσθωσαν.

411 3023 527 3082 Εἶθ’
579 3022 752 3086 οὕτως
805 3027 913 3077 τῶν
974 3021 1284 3093 σπαθαρίων
1332 3019 1600 3093 εἰσάγεται
1648 3018 1818 3090 τάξις,
1865 3020 1984 3073 οἷον
2019 3020 2070 3073 oi

407 3108 860 3186 κουῦικουλάριοι
913 3115 1010 3167 τοῦ
1073 3109 1364 3184 βασιλικοῦ
1430 3113 1714 3172 κοιτῶνος·
1776 3110 1828 3162 οἱ
1883 3103 2072 3164 κουϐι-

407 3201 697 3278 κουλάριοι
745 3206 842 3258 τοῦ
908 3196 1322 3256 κουϐουκλείου·
1373 3200 1426 3254 οἱ
1473 3193 1926 3274 κουϐικουλάριοι
1973 3203 2070 3254 τοῦ

409 3291 776 3368 πατριάρχου*
813 3291 839 3346 6
872 3289 1161 3362 οἰκονόμος
1208 3296 1306 3358 τῆς
1339 3287 1603 3366 Μεγάλης
1637 3287 1985 3358 Ἐκκλησίας·
2019 3288 2070 3343 οῖ

414 3379 658 3436 διάκονοι
708 3381 760 3435 οἱ
811 3379 1109 3455 βασιλικοί·
1159 3380 1211 3433 οἱ
1257 3376 1502 3434 διάκονοι
1552 3381 1650 3443 τῆς
1677 3375 1988 3446 ἐκκλησίας·
2019 3379 2071 3432 οἱ

416 3473 706 3547 σπαθάριοι
775 3477 874 3527 τοῦ
939 3469 1418 3550 χρυσοτρικλίνου·
1508 3471 1559 3525 oi
1635 3470 1922 3543 σπαθάριοι
1986 3469 2078 3524 καὶ

418 3561 624 3637 κριταί·
669 3562 720 3616 οἱ
750 3562 1040 3635 σπαθάριοι
1091 3555 1430 3634 μαγλαϐῖται
1492 3559 1582 3614 καὶ
1634 3557 1962 3633 ἀρσικλίναι·
2026 3562 2076 3614 οἱ

425 3650 716 3725 σπαθάριοι
775 3649 864 3704 καὶ
917 3649 1268 3724 τουρμάρχαι
1317 3647 1454 3702 κατά
1499 3648 1564 3701 τὰ
1619 3647 1823 3718 θέματα
1873 3646 2074 3700 αὐτῶν·

417 3741 471 3798 οἱ
503 3741 797 3814 σπαθάριοι
841 3739 930 3792 καὶ
981 3737 1358 3812 τοποτηρηταὶ
1407 3738 1543 3791 κατά
1589 3737 1655 3790 τὰ
1701 3736 1948 3811 τάγματα
1979 3735 2078 3789 αὐ-

416 3831 543 3885 τῶν·
599 3831 649 3883 οἱ
699 3829 988 3902 σπαθάριοι
1027 3829 1118 3883 καὶ
1167 3829 1474 3902 ἀσηκρῆται
1521 3826 1612 3882 καὶ
1658 3829 1686 3881 6
1729 3826 2075 3901 πρωτονοτά-

420 3939 537 3995 ριος
584 3915 686 3973 τοῖ’)
735 3915 964 3992 δρόμου·
1020 3919 1070 3972 οἱ
1120 3917 1410 3991 σπαθάριοι
1459 3921 1556 3970 τοῦ
1607 3914 1983 3990 σπαθαρικῑου·
2027 3915 2078 3970 οἱ

422 4010 712 4084 σπαθάριοι
741 4007 832 4062 καὶ
863 4009 1107 4081 κάμητες
1151 4013 1250 4075 τῆς
1300 4005 1504 4082 κόρτης
1550 4009 1660 4060 τῶν
1694 4003 2076 4063 Ἀνατολικῶν·

417 4103 472 4156 οἶ
502 4100 794 4174 σπαθάριοι
826 4100 912 4154 καὶ
955 4099 1200 4172 κόμητες
1247 4104 1356 4155 τῶν
1396 4096 1643 4173 σχολῶν·
1695 4099 1747 4152 οἱ
1791 4099 2078 4173 σπαθάριοι

420 4190 512 4246 καὶ
566 4190 809 4264 κόμητες
865 4196 967 4258 τῆς
1025 4189 1229 4264 κὸρτης
1279 4193 1388 4243 τῶν
1448 4187 1781 4242 ἀνατολικῶν
1833 4188 2080 4258 θεμάτων

418 4279 557 4334 κατὰ
604 4280 671 4334 τὰ
719 4277 926 4352 θέματα
972 4277 1172 4333 αὐτῶν·
1221 4278 1251 4332 6
1302 4276 1599 4350 σπαθάριος
1651 4276 1742 4330 καὶ
1804 4275 2078 4348 σύμπονος

418 4373 518 4424 τοῦ
567 4367 835 4443 ἐπάρχου·
870 4368 898 4422 6
932 4366 1230 4441 σπαθάριος
1278 4365 1366 4419 καὶ
1419 4365 1720 4439 λογοθέτης
1767 4369 1873 4418 τῶν
1915 4386 2082 4438 πραι-

419 4458 661 4534 τωρίων·
713 4460 765 4513 οἱ
812 4460 1102 4531 σπαθάριοι
1151 4456 1241 4511 καὶ
1287 4457 1524 4528 κόμη-τες
1576 4461 1674 4523 τῆς
1721 4455 1925 4527 κόρτης
1974 4458 2080 4509 τῶν

423 4545 671 4621 θεμάτων
703 4553 803 4617 τῆς
837 4545 1046 4608 Δῦσεως
1079 4545 1219 4600 κατὰ
1266 4545 1335 4599 τὰ
1383 4544 1592 4618 θέματα
1622 4541 1820 4597 αὐτῶν·
1859 4543 1911 4597 οἱ
1941 4563 2082 4597 σπα-

425 4637 604 4712 θάριοι
642 4637 732 4692 καὶ
789 4635 1190 4714 χαρτουλάριοι
1244 4633 1338 4689 τοῦ
1396 4638 1615 4712 γενικοῦ
1677 4631 1992 4708 λογοθὲτου·
2030 4634 2080 4686 οἱ

2165 693 2387 761 ordine,
2422 709 2597 766 quem
2630 694 2890 752 ofﬁcium
2931 697 3205 769 quodque
3239 700 3512 756 sortitum
3545 709 3650 757 est.
3675 703 3823 774 Spa-

2163 784 2676 841 tharocubicularii
2707 788 2857 843 sacri
2884 789 3126 844 cmtonis
3150 809 3165 858 ;
3191 791 3819 862 spatharocubicularii

2163 872 2453 943 cubiculi;
2490 875 2808 947 presbyteri
2849 877 3127 948 palatini;
3165 881 3481 952 presbyteri
3513 882 3813 954 iidemque

2163 962 2474 1033 hegumeni
2508 964 3085 1038 [monasteriorum];
3113 969 3432 1041 presbyteri
3465 970 3688 1042 Magna:
3719 971 3823 1026 Ec-

2163 1053 2352 1110 clesiae
2379 1071 2392 1121 ;
2421 1055 2995 1125 spatharocandidati
3028 1061 3338 1131 exstrategi
3365 1078 3379 1128 ;
3414 1061 3822 1131 spatharocan-

2165 1142 2340 1198 didati
2374 1143 2822 1216 chrysotriclinii
2849 1164 2865 1216 ;
2896 1146 3472 1218 spatharoeandidati
3518 1149 3821 1205 domestici

2158 1233 2389 1303 judices
2417 1251 2432 1300 ;
2465 1235 3038 1305 spatharocandidati
3075 1236 3407 1309 maglabita
3441 1239 3618 1294 simul
3655 1243 3711 1294 et
3741 1257 3827 1295 ar-

2169 1321 2382 1377 ticlinm
2413 1322 2626 1385 iidem;
2659 1325 3227 1394 spatharocandidati
3268 1326 3614 1383 exofﬁciales
3641 1345 3654 1394 ;
3689 1345 3828 1399 spa-

2167 1410 2636 1467 tharocandidati
2677 1413 2981 1468 domestici
3025 1413 3302 1482 lausiaci;
3339 1416 3819 1487 spatharocandi-

2167 1499 2288 1555 dati
2359 1501 2689 1570 asecretis;
2762 1501 3336 1572 apatharocandidati
3401 1511 3460 1560 et
3525 1504 3827 1561 cleisurar-

2168 1591 2320 1658 chas;
2340 1589 2917 1662 spatharocandidati
2939 1595 2995 1647 et
3017 1592 3364 1649 turmarchre
3389 1594 3819 1661 fmderatorum;

2167 1680 2742 1751 spatharocandidati
2763 1686 2821 1736 et
2851 1682 3201 1738 turmarchae
3239 1683 3536 1755 Lycaonire
3569 1689 3626 1740 et
3656 1685 3826 1740 Pam-

2168 1769 2408 1842 phylize;
2428 1769 3006 1841 spatharocandidati
3021 1776 3422 1842 ettopoteretaa
3445 1773 3784 1829 scholarum
3813 1790 3826 1840 ;

2169 1858 2740 1929 spatharocandidati
2776 1866 2833 1914 et
2862 1860 3208 1915 turmarcha
3239 1860 3534 1933 legionum
3566 1861 3826 1918 Orienta-

2173 1947 2316 2004 lium
2351 1949 2675 2004 secundum
2708 1965 2907 2005 earum
2940 1950 3205 2006 ordinem
3233 1968 3247 2019 ;
3279 1951 3830 2022 spatharocandida-

2175 2044 2269 2095 tus
2301 2045 2356 2095 et
2386 2045 2736 2110 topoteretes
2775 2041 3216 2111 excubitorum;
3249 2043 3825 2113 spatharocandidati

2173 2139 2228 2186 et
2257 2131 2609 2187 turmarcha
2641 2131 2937 2203 legionum
2979 2132 3478 2201 Occidentalium;
3514 2134 3827 2204 spatharo-

2175 2219 2524 2275 candidatus
2553 2225 2611 2276 et
2641 2225 2987 2292 t0poteretes
3027 2221 3303 2290 arithmi;
3340 2222 3828 2294 spatharocandi-

2174 2309 2294 2365 dati
2315 2314 2373 2365 et
2396 2309 2739 2366 turmarchaa
2769 2309 3207 2367 classiariorum
3235 2330 3249 2380 ;
3275 2311 3830 2382 spatharocandida—

2175 2411 2272 2455 tus
2298 2403 2354 2455 et
2381 2403 2736 2470 topoteretes
2778 2401 2860 2455 rei
2901 2400 3166 2466 navalis;
3200 2402 3829 2473 spatharocandidatus

2175 2494 2232 2544 et
2289 2494 2639 2561 topoteretes
2697 2488 3143 2561 hicanatorum;
3198 2491 3829 2561 spatharocandidatus

2174 2583 2232 2636 et
2295 2583 2646 2650 topoteretes
2719 2594 3147 2648 numerorum;
3207 2581 3831 2650 spatharocandidatus

2174 2675 2230 2725 et
2277 2673 2624 2739 topoteretes
2682 2669 3066 2740 optimatum;
3100 2669 3721 2741 spatharocandidatus
3773 2675 3832 2726 et

2176 2762 2525 2829 topoteretes
2564 2763 2894 2813 castrorum
2928 2776 2941 2826 ;
2972 2758 3547 2830 Spatharocandidati
3582 2759 3784 2814 urbani
3812 2780 3827 2829 ;

2175 2847 2754 2919 spatharocandidati
2813 2851 3188 2914 secretorum,
3231 2865 3262 2904 e
3303 2850 3541 2903 tandem
3601 2849 3834 2904 biscon-

2176 2937 2334 2993 sules
2365 2937 2686 2992 secundum
2719 2953 2860 2992 suos
2890 2937 3148 2992 ordines.
3181 2937 3400 2993 Horum
3427 2937 3691 2994 omnium
3727 2938 3830 3011 qui

2177 3026 2748 3098 spatharocandidati
2804 3026 2983 3082 simul
3042 3043 3158 3083 non
3219 3027 3454 3092 fuerint,
3507 3028 3864 3082 succedunt

2178 3116 2414 3188 quidem
2461 3115 2576 3171 illis
2626 3115 2719 3171 sui
2768 3115 3015 3182 ordinis,
3047 3117 3147 3187 qui
3177 3115 3514 3188 insignibus
3547 3117 3831 3172 honorum

2178 3207 2365 3264 ornati
2398 3206 2636 3276 fuerint,
2667 3206 2723 3261 id
2775 3212 2865 3262 est
2913 3206 3014 3279 qui
3059 3206 3640 3278 spatharocandidati
3685 3206 3827 3270 sint,

2102 3333 2146 3400 Ο
2182 3297 2402 3353 honore
2449 3301 2646 3352 tamen
2697 3297 2906 3352 ofﬁciis
2937 3297 3028 3351 sui
3061 3301 3273 3368 gradus
3303 3297 3500 3352 debito
3533 3301 3663 3368 post
3693 3295 3828 3351 illos

2184 3386 2462 3458 gaudent,
2494 3385 2600 3458 [ita
2633 3389 2695 3441 ut
2725 3385 3341 3455 spatharocandidatos
3371 3385 3664 3442 inferioris
3696 3401 3834 3457 gra-

2183 3478 2293 3532 dus
2349 3477 2716 3548 pracedant].
2757 3477 2907 3532 Tum
2959 3477 3350 3532 introducitur
3399 3477 3831 3548 spathariorum

2183 3566 2413 3633 classis,
2452 3572 2516 3621 ut
2547 3566 2832 3638 spatharii
2870 3566 3215 3622 cubicularii
3245 3566 3395 3623 sacri
3425 3567 3706 3634 ccetonis;
3741 3583 3838 3622 cu-

2184 3654 2450 3710 bicularii
2481 3655 2736 3710 cubiculi
2764 3680 2777 3723 ;
2810 3655 3150 3711 cubicularii
3185 3657 3569 3728 patriarchae;
3605 3671 3834 3710 oecono-

2185 3761 2317 3799 mus
2366 3748 2586 3815 Magne
2637 3744 2946 3809 Ecclesiae;
2986 3745 3214 3800 diaconi
3269 3744 3554 3815 palatini;
3603 3744 3836 3800 diaconi

2184 3834 2402 3904 Magnas
2437 3831 2703 3888 Ecclesiae
2730 3855 2744 3899 ;
2777 3833 3056 3904 spatharii
3089 3833 3508 3904 chysotriclinii
3538 3851 3551 3901 ;
3588 3833 3832 3904 spatha-

2184 3923 2255 3978 rii
2281 3925 2511 3993 judices
2537 3941 2552 3989 ;
2576 3924 2731 3980 426
2757 3923 3041 3995 spatharii
3074 3922 3408 3994 maglabitaa
3433 3928 3489 3979 ct
3520 3922 3836 3990 articlinze;

2186 4012 2469 4082 spatharii
2501 4014 2853 4070 turmarchae
2880 4013 3202 4070 secundum
3238 4012 3494 4084 legiones
3525 4029 3662 4069 suas
3683 4029 3696 4080 ;
3720 4029 3843 4085 spa-

2186 4100 2364 4156 tharii
2398 4106 2731 4172 topoteretee
2774 4106 3096 4159 secundum
3129 4107 3390 4173 tagmata
3420 4119 3564 4169 sua;
3598 4102 3842 4174 spatha-

2187 4191 2256 4245 rii
2279 4198 2333 4244 et
2355 4198 2627 4247 asecretaa
2652 4209 2665 4259 ;
2693 4193 3128 4263 protonotarius
3159 4191 3344 4246 dromi
3373 4208 3386 4257 ;
3413 4192 3691 4262 spatharii
3713 4208 3843 4262 spa-

2187 4279 2418 4334 tharicii
2444 4301 2459 4346 ;
2491 4282 2776 4352 spatharii
2807 4287 2864 4337 et
2891 4282 3136 4336 comites
3167 4281 3344 4336 cortis
3375 4279 3839 4348 Anatolicorutn;

2187 4365 2471 4436 spatharii
2490 4371 2546 4421 et
2568 4367 2807 4422 comites
2829 4369 3165 4424 scholarum
3187 4370 3500 4442 ;spatharii
3523 4374 3578 4425 et
3599 4370 3843 4425 comites

2189 4453 2367 4509 cortis
2389 4453 2773 4510 Orientalium
2799 4455 3095 4528 legionum
3119 4460 3446 4514 secundum
3474 4475 3673 4514 earum
3698 4459 3850 4513 ordi-

2191 4559 2358 4610 nem;
2386 4543 2722 4614 spatharius
2745 4548 2802 4599 et
2821 4562 3088 4602 assessor
3109 4548 3364 4619 praefecti
3388 4548 3581 4616 urbis;
3611 4547 3845 4617 spatha-

2192 4632 2316 4686 rius
2351 4637 2408 4687 et
2438 4630 2739 4687 rationalis
2795 4637 3196 4704 pratoriorum
3225 4655 3238 4706 ;
3272 4636 3555 4708 spatharii
3602 4637 3846 4693 comites

424 4701 1242 4802 Gnaeiptorxa‘l-dvrwp'acpﬁc
1291 4701 1790 4798 τοῦοιυαίστωρος·
1845 4723 1896 4776 οἳ
1942 4743 2071 4776 σπα-

2190 4722 2365 4776 cortis
2409 4720 2707 4793 legionum
2758 4721 3217 4781 Occidentalium
3269 4728 3594 4783 secundum
3642 4743 3843 4783 earum

425 4817 604 4891 θάριοι
634 4814 723 4870 καὶ
757 4811 1156 4890 χαρτουλάριοι
1207 4818 1304 4868 τοῦ
1337 4816 1732 4887 στρατιωτικοῦ
1765 4809 2084 4886 λογοθὲτουο

429 4905 457 4959 6
489 4905 786 4979 σπαθάριος
817 4903 908 4957 καὶ
941 4902 1346 4978 χαρτουλάριος
1389 4902 1620 4974 θὲματος
1650 4904 1694 4939 9³
1724 4905 1832 4956 τῶν
1867 4902 2088 4958 Ἀνατο-

429 4992 617 5050 λικῶν·
673 4995 701 5048 6
749 4992 1046 5068 σπαθάριος
1101 4993 1194 5047 καὶ
1251 4989 1658 5067 χαρτουλάριος
1688 4994 1784 5046 τοῦ
1813 4991 2090 5066 τάγματος

429 5087 538 5140 τῶν
594 5083 835 5159 σχολῶν·
900 5085 927 5138 6
988 5085 1282 5159 σπαθάριος
1334 5083 1424 5138 καὶ
1481 5082 1828 5158 ἀκτουάριος·
1875 5083 1925 5136 οἱ
1959 5103 2092 5137 σπα-

433 5175 614 5249 θάριοι
671 5175 762 5229 καὶ
819 5171 1217 5249 γαρτουλάριοι
1275 5176 1382 5226 τῶν
1438 5171 1775 5228 ἀνατολικῶν
1822 5171 2092 5244 θεμάτων·

432 5263 460 5317 6
513 5264 814 5339 σπαθάριος
850 5264 941 5318 καὶ
983 5260 1393 5341 χαρτουλάριος
1442 5265 1549 5316 τῶν
1602 5257 1984 5330 ἐξσκουϐίτων·
2043 5263 2096 5316 οἱ

435 5352 728 5428 σπαθάριοι
774 5351 866 5407 καὶ
927 5349 1322 5428 χαρτουλάριοι
1378 5353 1486 5405 τῶν
1543 5347 1775 5405 δυτικῶν
1827 5349 2093 5422 θεμάτων·

2195 4810 2460 4868 ordinem
2487 4827 2500 4877 ;
2528 4810 2811 4882 spatharii
2834 4816 2892 4866 et
2912 4811 3254 4869 chartularii
3282 4814 3570 4886 generalis
3597 4814 3854 4886 logothe~

2197 4907 2297 4969 tae;
2319 4901 2605 4971 spatharii
2626 4905 2682 4958 et
2703 4902 2971 4973 magistri
2995 4903 3345 4961 scriniorum
3371 4907 3702 4977 quaestoris;
3727 4923 3856 4976 spa-

2200 4992 2374 5048 tharii
2408 4997 2464 5048 et
2493 4991 2829 5048 chartularii
2881 4992 3186 5049 rationalis
3214 4993 3338 5052 ﬁsci
3371 4996 3645 5053 militaris
3673 5014 3686 5064 ;
3720 5013 3857 5069 spa-

2200 5082 2428 5138 tharius
2458 5080 2852 5138 chartularius
2876 5081 3155 5138 thematis
3175 5083 3456 5139 Anatoliaa
3479 5105 3495 5154 ;
3520 5087 3855 5157 spatharius

2202 5170 2590 5228 chartularius
2622 5172 2902 5243 tagmatis
2933 5171 3269 5227 scholarum
3297 5189 3310 5241 ;
3335 5173 3669 5243 spatharius
3693 5182 3747 5233 et
3765 5193 3859 5232 ac-

2202 5263 2430 5319 tuarius
2457 5280 2470 5331 ;
2503 5263 2787 5334 epatharii
2817 5268 2875 5319 et
2904 5261 3254 5319 chartularii
3282 5261 3666 5334 peculiarium
3706 5283 3854 5338 qua-

2203 5367 2453 5424 rumque
2481 5351 2778 5423 legionum
2810 5351 3196 5410 Orientalium
3225 5372 3240 5424 ;
3266 5351 3594 5426 spatharius
3613 5359 3670 5410 et
3689 5355 3855 5413 char.

1788 5449 2030 5507 νΑιιιιΕ
2072 5451 2486 5510 LECTlONES.

507 5551 557 5592 9³
587 5551 825 5626 θέματως
857 5569 973 5609 om.
1007 5551 1099 5621 8.,
1131 5549 1380 5624 θεμάτων
1412 5550 1545 5608 cod.

1462 5647 1664 5706 JOAN.
1707 5646 1849 5704 JAC.
1881 5646 2144 5704 REISKII
2183 5647 2778 5708 COMMENTARIUS.

513 5759 629 5833 (23)
687 5761 776 5817 Ita
833 5759 1112 5833 scribitur
1169 5757 1456 5833 interdum
1516 5753 2091 5833 your/educturum,

444 5827 548 5891 sed
580 5827 802 5891 rectius
855 5829 1224 5909 φοιδεράτων.
1260 5829 1408 5888 Male
1436 5828 1594 5888 enim
1626 5827 1937 5900 distinguit
1989 5827 2094 5884 hos

2205 5754 2277 5830 ab
2300 5753 2463 5830 _illis_
2481 5755 2651 5810 Goar.
2671 5759 2741 5830 ad
2772 5759 3018 5815 Cedren.
3036 5723 3238 5830 p.487;
3265 5758 3389 5814 Non
3437 5757 3620 5813 habeo
3643 5774 3771 5829 quas
3793 5759 3863 5817 dc

2205 5824 2500 5884 {ederetis
2526 5837 2655 5901 post
2687 5829 2773 5886 Du
2806 5824 3088 5902 Cangiuin
3122 5832 3182 5889 in
3213 5830 3467 5889 Glossar.
3491 5833 3589 5887 Gr.
3625 5824 3858 5888 addam.
