4124 6388
340 440 489 502 1351

1411 425 1710 489 CONS'I‘A
1723 425 1938 486 NTINI
1987 423 2683 493 PORPHYROGENITI

3589 427 3745 492 1352

338 573 580 630 tularius
601 567 1001 626 excubitorum
1028 584 1044 635 ;
1067 563 1345 636 spatharii
1368 567 1426 618 et
1448 560 1789 618 chartularii
1807 559 1980 631 legio-

2106 560 2150 614 οἱ
2194 563 2484 639 σπαθάριοι
2537 564 2627 619 καὶ
2675 563 2954 640 βασιλικοὶ
2998 561 3240 636 νοτάριοι
3295 563 3396 632 τῆς
3454 559 3751 632 σακὲλλης·

337 681 475 720 num
497 658 956 718 Occidentalium
982 677 997 720 ;
1022 654 1304 728 spatharii
1327 657 1384 709 et
1403 652 1740 724 imperiales
1771 650 1979 706 notarii

332 752 592 819 sacellii;
626 748 908 822 spatbarii
939 754 996 802 et
1037 743 1368 815 imperiales
1413 742 1624 798 notarii
1674 739 1934 796 vestiarii
1964 755 1978 807 ;

327 843 609 916 spatharii
639 845 696 896 et
726 835 1054 909 imperiales
1105 833 1315 890 notarii
1358 832 1492 887 idici
1534 847 1634 887 seu
1669 831 1752 885 rei
1789 831 1977 899 priva-

326 937 439 1001 te;
473 929 761 1003 spatharii
792 938 845 984 et
877 924 1086 982 notarii
1116 923 1452 978 arcularum
1503 920 1718 992 publici
1752 920 1935 974 aerarii
1963 937 1976 987 ;

329 1021 610 1095 spatharii
656 1025 714 1076 et
763 1013 1139 1090 protonotarii
1194 1011 1392 1084 magni
1442 1009 1979 1081 curatoricii;spa-

328 1110 506 1168 tharii
537 1114 594 1165 et
624 1111 1072 1164 deuterenoutes
1102 1119 1204 1158 seu
1230 1100 1615 1158 secundicerii
1648 1100 1983 1155 demarcho-

329 1217 462 1257 rum
487 1217 501 1268 ;
525 1198 878 1270 spatbarius,
898 1195 997 1266 qui
1020 1192 1238 1266 predia
1261 1189 1588 1262 imperialia
1619 1195 1783 1244 curat
1809 1206 1822 1257 ;
1848 1206 1980 1261 spa-

327 1289 557 1346 tbarius
577 1292 634 1345 et
653 1285 1014 1343 domesticus
1038 1281 1353 1338 ministerii
1376 1278 1688 1336 triclinaris
1713 1296 1726 1345 ;
1751 1281 1984 1350 spatha-

329 1381 454 1436 rius
482 1384 540 1436 et
561 1381 886 1451 zygostates
915 1390 1018 1430 seu
1046 1373 1332 1442 libripens
1358 1389 1374 1439 ;
1399 1368 1737 1440 spatharius
1771 1368 1983 1422 aurita-

327 1470 433 1526 ber
456 1487 471 1537 ;
495 1466 833 1540 spatharius
856 1469 913 1520 et
933 1463 1148 1520 archon
1171 1460 1518 1516 armamenti
1555 1474 1656 1514 seu
1690 1458 1982 1529 apothecae

331 1573 630 1614 armorum
655 1575 670 1625 ;
694 1553 980 1627 spatbarii
1010 1561 1064 1608 et
1093 1549 1416 1608 xenodochi
1443 1567 1458 1616 ;
1486 1547 1769 1620 spatharii
1801 1551 1859 1602 et
1889 1563 1982 1617 ge-

333 1645 554 1704 rocomi
581 1664 594 1714 ;
619 1643 902 1718 spatbarii
933 1646 992 1698 et
1021 1638 1402 1711 protonotarii
1430 1638 1752 1693 thematum
1779 1653 1984 1692 secun-

331 1739 469 1793 dum
503 1752 704 1792 eorum
745 1732 1006 1789 ordinem
1035 1749 1050 1798 ;
1083 1729 1416 1802 spatharius
1447 1734 1505 1782 et
1534 1726 1824 1783 cecisticus
1859 1727 1983 1798 [seu

332 1826 608 1900 magister
656 1820 1172 1891 architectorum];
1206 1817 1486 1890 spatharii
1520 1816 1729 1872 urbani
1761 1820 1818 1870 et
1848 1832 1985 1887 spa-

331 1916 506 1973 tharii
537 1913 741 1972 exotici
765 1911 853 1967 vel
877 1908 1199 1966 suburbani
1224 1907 1308 1963 vel
1333 1905 1736 1974 provinciales.
1763 1905 1981 1960 Horum

332 2006 596 2062 omnium
637 2001 997 2069 ofﬁcialium,
1030 2000 1127 2072 qui
1163 2013 1380 2053 munus
1423 1995 1660 2066 aliquod
1695 1995 1866 2066 gerit,
1900 1993 1984 2048 sic

334 2099 549 2164 tamen,
578 2100 636 2148 ut
666 2092 836 2148 simul
888 2107 1003 2147 non
1052 2089 1132 2144 sit
1177 2085 1540 2158 spatharius,
1586 2084 1682 2140 ille
1730 2081 1994 2140 succedit

337 2187 574 2262 quidem
600 2183 717 2240 illis
740 2185 832 2238 sui
854 2179 1100 2248 ordinis,
1123 2177 1223 2250 qui
1247 2175 1566 2246 dignitates
1591 2190 1724 2229 cum
1749 2173 1991 2245 insigni-

335 2279 449 2334 bus
480 2277 854 2346 acceperunt,
879 2275 1138 2325 attamen
1163 2267 1408 2339 gradum
1442 2264 1619 2320 ofﬁcii
1653 2279 1772 2335 prae
1803 2263 1992 2318 hono-

335 2367 482 2423 ratis
506 2363 798 2420 interioris
820 2359 1044 2416 ordinis
1071 2356 1314 2412 obtinet.
1332 2353 1590 2410 Posthos
1606 2353 1995 2408 introducitur

337 2463 538 2528 quarta
561 2450 1147 2522 classis,bypatorum
1172 2461 1270 2502 seu
1294 2442 1632 2506 consulum,
1653 2447 1990 2513 stratorum,

338 2541 806 2607 candidatorum,
825 2537 1256 2602 mandatorum,
1270 2532 1642 2599 vestitorum,
1658 2539 1990 2601 apratorum

336 2651 440 2691 seu
464 2629 930 2694 honorariorum,
949 2629 1071 2680 tam
1095 2621 1537 2692 tagmaticorum
1560 2637 1663 2677 seu
1685 2622 1755 2676 de
1772 2620 1993 2676 ordini-

335 2724 448 2780 bus
480 2719 935 2790 urbanis,quam
967 2713 1416 2770 thematicorum
1451 2727 1552 2766 seu
1586 2709 1655 2765 de
1685 2709 1991 2766 ordinibus

335 2808 812 2885 provincialibus,
829 2805 884 2860 in
903 2804 1056 2858 hunc
1072 2803 1312 2857 modum
1333 2817 1345 2854 :
1363 2799 1632 2856 consules
1656 2797 1991 2869 imperiales

335 2905 393 2956 et
421 2896 757 2956 chartularii
781 2900 836 2950 et
859 2892 1070 2949 notarii
1101 2892 1390 2947 dictorum
1425 2905 1602 2959 supra
1631 2893 1990 2945 secretorum

340 3005 442 3045 seu
459 2987 808 3043 scriniorum
825 2984 1146 3040 secundum
1161 2981 1377 3051 gradus
1393 2994 1638 3034 suorum
1661 2978 1986 3033 ofﬁciorum

335 3077 777 3141 etscriniorum;
794 3071 1064 3129 consules
1082 3069 1292 3142 pagani
1306 3085 1406 3123 seu
1423 3068 1479 3122 fu
1490 3069 1720 3122 actione
1733 3072 1790 3121 et
1804 3075 1992 3122 aucto-

335 3169 506 3224 ritate
520 3166 665 3222 cassi
684 3183 699 3232 ;
716 3161 987 3220 senatorii
1006 3178 1019 3227 ;
1038 3158 1232 3215 clerici
1256 3156 1531 3229 palatini;
1550 3155 1743 3211 clerici
1765 3155 1990 3226 Magnas

335 3257 636 3322 Ecclesiae;
666 3259 968 3320 strator-es,
993 3251 1040 3306 si
1063 3249 1161 3321 qui
1184 3255 1306 3304 tum
1331 3248 1469 3313 sint,
1493 3244 1945 3318 chrysotriolinii
1968 3265 1991 3313 ,-

2092 650 2143 705 oi
2199 655 2485 730 σπαθάριοι
2543 656 2630 710 xui
2715 653 2996 730 βασιλικοὶ
3072 655 3319 728 νοτάριοι
3377 657 3473 708 τοῦ
3535 655 3755 728 βεστια·⁸

2093 742 2230 815 ρίου·
2284 745 2337 798 oi
2390 747 2682 821 σπαθάριοι
2737 745 2828 800 καὶ
2891 744 3168 820 βασιλικοὶ
3213 745 3458 820 νοτάριοι
3489 749 3586 799 τοῦ
3618 742 3761 799 εἷόι-

2090 836 2206 886 κοῦ·
2271 835 2322 887 oi
2384 835 2673 909 σπαθάριοι
2733 835 2823 889 xui
2881 833 3124 909 νοτάριοι
3182 840 3291 890 τῶν
3370 833 3588 909 ἀρκλῶν
3659 837 3759 890 τοῦ

2091 928 2330 999 γενικοῦ·
2374 926 2425 979 oi
2479 927 2768 1000 σπαθάριοι
2836 926 2927 982 xui
2983 928 3419 1001 πρωτονοτάριοι
3485 930 3583 982 τοῦ
3654 946 3762 999 με·

2089 1012 2262 1087 γάΛου
2290 1016 2729 1092 κουρατορικίου’
2781 1017 2833 1072 oi
2887 1017 3176 1092 σπαθάριοι
3221 1017 3312 1072 καὶ
3353 1014 3754 1090 δευτερεύοντες

2088 1107 2198 1158 τῶν
2231 1101 2560 1181 δημάρχων·
2614 1108 2642 1160 ὁ
2697 1108 2994 1180 σπαθάριος
3043 1106 3136 1162 καὶ
3187 1106 3276 1162 ἐπὶ
3324 1114 3425 1176 τῆς
3470 1127 3755 1183 κουρατω·

2093 1194 2210 1267 ρίας
2275 1199 2381 1249 τῶν
2452 1195 2750 1272 βασιλικῶν
2819 1196 2986 1252 οῖ’κων
3051 1200 3184 1269 (24)’
3228 1198 3256 1252 ὁ
3297 1196 3594 1270 σπαθάριος
3659 1197 3757 1252 καὶ

2092 1279 2412 1356 δομέστικος
2458 1292 2557 1353 τῆς
2609 1285 2924 1361 ὑπουργίσςο
2992 1287 3020 1341 6
3081 1287 3382 1360 σπαθάριος
3449 1285 3540 1340 καὶ
3593 1292 3759 1361 ζυγο-

2093 1371 2311 1442 στάτηςο
2359 1375 2387 1428 6
2437 1375 2734 1450 σπαθάριος
2774 1376 2864 1429 καὶ
2917 1379 3326 1450 χρυσοεψητῆς·
3379 1375 3408 1428 ὁ
3457 1373 3758 1450 σπαθάριος

2091 1461 2181 1514 καὶ
2245 1460 2432 1536 ἄρχων
2501 1468 2599 1518 τοῦ
2668 1462 2960 1537 ἀρμέντουσ
3031 1464 3082 1518 oi
3153 1463 3444 1537 σπαθάριοι
3511 1462 3599 1518 xui
3677 1464 3762 1534 ξε-

2092 1545 2340 1626 νοδόχοι·
2402 1552 2453 1605 οἱ
2508 1553 2798 1627 σπαθάριοι
2869 1552 2961 1607 xui
3033 1553 3368 1626 γηροκόμοιο
3433 1553 3488 1607 oi
3545 1553 3763 1607 σπαθᾶ-

2095 1656 2204 1710 ριοι
2266 1639 2356 1693 καὶ
2417 1640 2859 1716 πρωτονοτάριοι
2907 1646 3018 1696 τῶν
3076 1642 3328 1715 θεμάτων
3380 1642 3520 1696 κατὰ
3565 1642 3631 1696 τὰ
3669 1640 3762 1695 0i.-

2097 1747 2239 1799 ματα
2297 1729 2495 1784 αὐτῶνθ
2555 1731 2582 1784 6
2649 1730 2948 1804 σπαθάριος
3006 1731 3097 1785 xui
3160 1731 3459 1793 οἷκιστιχός
3513 1734 3644 1804 ('25)'
3710 1732 3764 1787 oi.

2093 1819 2384 1893 σπαθάριοι
2415 1821 2466 1875 οἱ
2491 1818 2580 1875 διά
2610 1820 2828 1884 πόλεως
2849 1824 2962 1892 (26)
2982 1823 3077 1876 xui
3107 1823 3160 1876 oi
3187 1820 3455 1891 ὲξωτικοί.
3493 1820 3556 1878 Εἰ
3592 1817 3650 1876 δὲ
3683 1824 3762 1894 μὴ

2103 1909 2208 1962 εἶεν
2235 1909 2321 1962 καὶ
2355 1911 2503 1964 οὗτοι
2550 1913 2862 1980 σπαθάριοι,
2913 1911 3009 1974 τὰς
3059 1912 3157 1984 μὶν
3189 1907 3278 1965 διὰ
3311 1905 3584 1984 βραϐείων
3618 1910 3770 1982 ἀξίας

2106 1999 2586 2067 ὑποπιπτέτωσαν,
2643 2001 2694 2055 ἐν
2753 1998 2810 2055 δὲ
2873 2006 2992 2063 τοῖς
3058 2002 3234 2056 αὐτῶν
3297 1999 3574 2078 ὀφφικίοις
3629 2001 3768 2056 κατᾶ

2103 2088 2251 2159 τάξιν
2288 2092 2662 2162 τιμάσθωσαν.
2715 2091 2868 2146 Μετὰ
2911 2090 3142 2151 τούτους
3191 2088 3490 2166 εἰσαγέσθω
3531 2090 3763 2164 τετάρτη

2102 2179 2271 2248 τάξις,
2321 2181 2355 2248 ἡ
2411 2183 2518 2233 τῶν
2571 2179 2812 2248 ὑπάτων,
2863 2180 3195 2252 στρατόρων,
3228 2175 3588 2249 κανδιδάτων,
3630 2200 3766 2252 μανι

2104 2265 2367 2340 δατόριον,
2448 2269 2815 2342 βεστητόρων,
2891 2267 3172 2342 ἀπράτων,
3246 2273 3596 2342 ταγματικῶν
3673 2267 3771 2323 xui

2104 2361 2409 2430 θεματικῶν
2459 2356 2656 2422 οὕτως’
2706 2359 2934 2413 Ὕπατοι
2986 2358 3266 2433 βασιλικοὶ
3313 2359 3404 2413 xui
3451 2357 3768 2434 χαρτουλάο

2103 2461 2217 2522 ριοι
2273 2447 2364 2501 καὶ
2434 2449 2677 2520 νοτάριοι
2752 2451 2857 2501 τῶν
2937 2445 3240 2522 λεχθέντων
3311 2448 3572 2522 σεκρέτων
3633 2449 3771 2503 κατᾶ
3840 2450 3849 2457 ’

2099 2537 2226 2598 τοὺς
2280 2535 2524 2611 βαθμοὺς
2582 2541 2690 2591 τῶν
2738 2538 2940 2592 ἑαυτῶν
2993 2537 3285 2615 ὀφιρικίωνο
3346 2537 3540 2594 ὕπατοι
3587 2558 3769 2614 παγα-

2100 2623 2180 2678 νοί
2228 2631 2326 2693 τῆς
2386 2625 2722 2700 συγκλήτου,
2770 2625 3032 2697 κληρικοὶ
3080 2630 3178 2681 τοῦ
3227 2625 3499 2682 παλατίου
3537 2626 3628 2682 καὶ
3659 2632 3763 2696 τῆς

2103 2715 2365 2790 Μεγάλης
2400 2714 2756 2785 Ἐκκλησίας,
2789 2718 3114 2792 στράτωρες,
3149 2716 3194 2772 εἰ
3225 2716 3470 2791 τύγοιεν,
3495 2722 3592 2774 τοῦ
3623 2737 3775 2796 χρυ-

2103 2802 2471 2878 σοτρικλίνου,
2542 2803 2846 2877 στράτωρες
2932 2804 3140 2878 ὁμοίως
3225 2809 3325 2860 τοῦ
3414 2799 3757 2881 μαγλαϐίου·

2102 2893 2410 2966 στράτωρες
2471 2891 2740 2947 οἱκειακοὶ
2792 2897 2890 2946 τοῦ
2949 2891 3248 2948 λαυσιακοῦ
3297 2893 3387 2948 xui
3431 2893 3761 2969 ἀσηκρῆται,

2101 2981 2407 3054 στράτωρες
2464 2985 2566 3035 τοῦ
2618 2979 2910 3055 βασιλικοῦ
2969 2983 3385 3056 στρατωρικίου⁶
3435 2985 3770 3056 στράτωρες,

2103 3065 2403 3144 expiato“:
2461 3072 2572 3142 (27)
2631 3071 2740 3126 τῶν
2799 3065 3158 3140 ἓξσκουϐίτων
3213 3072 3304 3126 καὶ
3359 3071 3760 3148 χαρτουλάριοι

2099 3164 2205 3214 τῶν
2241 3159 2508 3231 θεμάτων·
2545 3156 2862 3233 δομέστικοι
2913 3165 3010 3215 τοῦ
3056 3161 3335 3235 τάγματος
3375 3167 3483 3216 τῶν
3515 3161 3765 3237 σχολῶν·

2105 3246 2422 3322 δομέστικοι
2467 3253 2578 3303 τῶν
2625 3249 2874 3322 θεμάτων
2921 3255 3016 3318 τῆς
3063 3247 3372 3319 Ἀνατολῆς
3423 3251 3513 3306 καὶ
3557 3251 3773 3314 Δῦσεως

334 3318 936 3416 εινειοτεενωαειεὼὶἱ,
954 3318 1232 3410 -εἰριιιιίιθτ
1255 3338 1352 3409 qui
1378 3336 1496 3392 sint
1513 3353 1527 3403 ;
1545 3336 1694 3392 427
1722 3342 1993 3390 stratores

2106 3337 2243 3392 κατὰ
2305 3339 2373 3392 τὰ
2436 3339 2691 3412 τάγματα
2765 3337 2940 3392 αὐτῶν
3019 3340 3109 3393 καὶ
3184 3339 3280 3400 τὰς
3348 3338 3498 3408 ἀξίας
3567 3339 3770 3394 αὐτῶν·

335 3435 538 3506 privati
555 3431 798 3488 lausiaci
814 3435 870 3485 et
883 3433 1143 3485 asecretaa
1163 3433 1462 3493 ;stratores
1481 3425 1632 3481 sacri
1652 3423 1962 3480 stratoricii
1983 3439 1996 3491 ;

337 3528 649 3590 stratores;
668 3519 962 3577 scribones
976 3516 1085 3588 [vel
1100 3516 1383 3588 deputati]
1398 3515 1792 3570 excubitorum
1810 3536 1825 3582 ;
1840 3514 2003 3570 char-

339 3611 534 3669 tularii
559 3611 890 3667 thematum
908 3605 1214 3662 domestici
1237 3605 1510 3675 tagmatis
1525 3603 1856 3659 scholarum
1875 3603 2003 3669 ;do-

347 3701 574 3759 mestici
610 3699 932 3754 thematum
957 3693 1209 3751 Orientis
1232 3699 1288 3749 et
1317 3693 1651 3749 Occidentis
1679 3694 1999 3748 secundum

344 3793 564 3850 classes
586 3795 644 3844 et
665 3789 973 3857 dignitates
995 3801 1163 3851 suas;
1190 3788 1462 3840 asecretae
1486 3782 1812 3851 honorarii;
1837 3792 1999 3837 nota-

339 3881 408 3939 rii
427 3881 840 3937 asecretiarum
857 3875 1154 3932 honorarii
1174 3894 1188 3942 ;
1207 3873 1347 3945 regii
1364 3871 1661 3927 candidati
1675 3871 2006 3937 circi,man-

338 3972 590 4035 datores,
619 3968 952 4030 vestitores,
976 3962 1305 4030 silentiarii,
1339 3960 1639 4032 drungarii
1670 3959 1996 4015 thematum

337 4055 634 4115 honorarii
653 4055 978 4111 secundum
993 4051 1255 4107 themata
1269 4067 1376 4105 sua
1392 4051 1769 4120 drungosque
1781 4065 1880 4104 seu
1893 4065 2002 4104 ma-

340 4145 574 4219 nipulos
595 4161 765 4212 suos;
784 4142 1358 4198 comitesthematum
1379 4140 1581 4195 eodem
1607 4141 1776 4194 modo
1792 4159 1806 4207 ;
1822 4140 1998 4195 comi-

338 4247 426 4300 tes
443 4249 818 4293 numerorum
837 4230 1155 4299 honorarii;
1169 4228 1564 4285 chartularius
1577 4227 1807 4284 arithmi
1826 4229 2004 4284 hono-

344 4328 534 4385 rarius
561 4344 574 4396 ;
609 4325 850 4381 comites
883 4324 963 4379 rei
996 4322 1216 4378 navalis
1247 4321 1545 4378 honorarii
1574 4319 2001 4389 ;chartularius

340 4417 422 4475 rei
446 4414 667 4473 navalis
691 4432 705 4482 ;
729 4413 971 4470 comites
991 4411 1394 4468 hicanatorum
1418 4411 1714 4468 honorarii
1734 4427 1750 4477 ;
1773 4409 2004 4465 chartu-

339 4506 524 4564 larius
544 4505 949 4562 hicanatorum
966 4501 1319 4558 honorarius
1338 4518 1352 4568 ;
1369 4500 1762 4557 chartularius
1789 4499 2002 4555 stabuli

343 4595 730 4662 honorarius;
761 4594 977 4663 epictes
1002 4594 1136 4664 [seu
1168 4590 1526 4664 compulsor]
1558 4589 1773 4646 stabuli
1815 4589 1999 4645 bono-

2111 3428 2418 3502 ἆσηκρῆται
2453 3427 2705 3500 ἄπρατοι,
2731 3428 2977 3502 νοτάριοι
3024 3433 3134 3483 τῶν
3185 3428 3562 3502 ἀσηκρητειῶν
3597 3425 3777 3502 ἄπρα-

2107 3538 2215 3585 τοι,
2247 3514 2559 3572 κανδιδάτοι
2601 3516 2878 3592 βασιλικοὶ
2911 3522 3008 3573 τοῦ
3057 3515 3409 3593 ἱπποδρόμου
3440 3518 3530 3572 xui
3564 3515 3771 3590 μανδά-

2107 3627 2284 3681 τορες,
2359 3607 2707 3680 βεστήτορες,
2776 3607 3158 3681 σιλεντιάριοι,
3245 3605 3598 3682 δρουγγάριοι
3664 3612 3780 3661 τῶν

2110 3697 2358 3769 θεμάτων
2391 3693 2626 3770 ἄπρατοι
2655 3696 2792 3750 κατὰ
2838 3697 2906 3750 τά
2954 3697 3162 3768 θέματα
3200 3697 3290 3752 καὶ
3343 3699 3472 3759 τοὺς
3504 3694 3777 3773 δρόγγους

2109 3784 2307 3840 αὐτῶν·
2357 3784 2597 3858 κόμῃτες
2643 3791 2756 3840 τῶν
2807 3785 3058 3857 Θεμάτων
3111 3786 3342 3858 ὁμοίως·
3394 3786 3634 3860 κόμητες
3665 3791 3778 3840 τῶν

2110 3875 2356 3947 ἀριθμῶν
2431 3873 2688 3949 ἄπρατον
2767 3875 2794 3928 6
2870 3874 3279 3950 χαρτουλάριος
3364 3875 3460 3930 τοῦ
3537 3876 3777 3950 ἀριθμοῦ

2110 3962 2339 4035 ὁμοίως·
2373 3964 2613 4036 κόμητες
2661 3968 2759 4018 τοῦ
2812 3963 3121 4036 πλο“ἱματος
3169 3964 3400 4036 ὁμοίως·
3455 3965 3483 4018 6
3532 3983 3778 4039 χάρτου-

2109 4050 2303 4127 λάριος
2399 4055 2494 4106 τοῦ
2588 4050 2920 4124 πλοΐματος·
2999 4053 3241 4124 κὸμητες
3316 4056 3422 4108 τῶν
3501 4052 3775 4107 ἱκανάτων

2110 4143 2340 4214 ὁμοίωςο
2414 4143 2441 4196 6
2499 4138 2910 4217 χαρτουλάριος
2977 4145 3087 4198 τῶν
3158 4142 3425 4197 ἱκανάτων
3467 4142 3697 4215 ὁμοίως·
3748 4144 3778 4197 ὁ

2112 4229 2517 4307 χαρτουλάριος
2564 4236 2662 4286 τοῦ
2713 4226 2952 4287 στάϐλου
3022 4230 3250 4306 ὁμοίως·
3303 4233 3331 4288 6
3385 4231 3607 4302 ἐπίκτης
3673 4237 3778 4287 τοῦ

2111 4315 2351 4376 στάϐλου
2406 4319 2642 4393 ὁμοίωςο
2692 4315 2974 4395 τριὸοὖνοι
3020 4325 3130 4376 τῶν
3183 4319 3485 4395 νουμὲρων·
3541 4321 3570 4376 ὁ
3633 4339 3778 4395 χαρ-

2107 4409 2401 4485 τουλάριος
2428 4414 2536 4464 τῶν
2585 4409 2888 4486 νουμέιρων⁸
2952 4411 3003 4465 o't
3059 4411 3300 4484 κόμητες
3354 4414 3461 4465 τῶν
3522 4409 3780 4483 ὀπτημά-

2109 4521 2237 4556 των·
2288 4500 2317 4554 6
2348 4499 2752 4576 χαρτουλάριος
2798 4504 2906 4554 τῶν
2957 4501 3210 4574 τειχέων·
3265 4499 3316 4554 oi
3374 4497 3778 4573 δευτερεύοντες

2112 4595 2220 4647 τῶν
2254 4589 2583 4666 δημάρχων·
2639 4591 2690 4646 oi
2737 4585 3019 4665 τριϐοὖνοι
3067 4597 3176 4646 τῶν
3203 4591 3452 4666 τειχέων
3489 4592 3517 4645 ὁ
3549 4591 3787 4664 προεξη-

341 4685 568 4751 rarius;
599 4683 822 4738 tribuni
857 4697 1238 4736 numerorum
1269 4680 1706 4748 ;chartularius
1739 4693 1993 4735 numero-

2115 4701 2216 4756 μος
2245 4685 2353 4736 τῶν
2385 4679 2628 4756 σχολῶν
2665 4681 2717 4736 oi
2748 4681 3040 4759 κὲνταρχοι
3089 4684 3186 4734 τοῦ
3239 4679 3500 4753 ἀριθμοῦ·
3537 4681 3587 4734 oi
3619 4678 3780 4733 κέντ-

346 4793 477 4834 rum
495 4794 511 4846 ;
526 4777 773 4833 comites
795 4775 1145 4846 optimatum
1169 4771 1595 4840 ;chartularius
1614 4771 1996 4843 optimatum;

343 4866 731 4925 chartularius
745 4869 1072 4921 castrorum
1089 4882 1104 4932 ;
1121 4861 1507 4919 secundicerii
1523 4860 1995 4930 demarchorum;

343 4955 569 5012 tribuni
591 4960 916 5011 castrorum
942 4971 956 5022 ;
982 4953 1284 5025 proximus
1305 4949 1638 5007 scholarum
1663 4968 1681 5004 :
1702 4950 1998 5008 centarchi

346 5060 451 5102 seu
494 5048 865 5102 centuriones
903 5043 1183 5111 aritbmi;
1216 5040 1507 5099 centarchi
1549 5039 1996 5106 bicanatorum;

2110 4790 2276 4845 αρχοι
2333 4774 2439 4824 τῶν
2500 4770 2792 4824 ἱκανάτων·
2855 4770 2909 4824 oi
2962 4769 3321 4844 προτίκτορες
3369 4773 3478 4823 τῶν
3525 4769 3781 4844 σχολῶνο

2110 4861 2163 4914 oi
2198 4858 2438 4934 βικάριοι
2480 4863 2588 4913 τῶν
2636 4857 2944 4932 νουμέρων·
3000 4859 3052 4912 οἱ
3108 4859 3347 4932 βικάριοι
3377 4863 3487 4912 τῶν
3518 4858 3776 4933 τειχέων·

2110 4949 2163 5004 οἱ
2206 4946 2555 5024 δραγονάριοι
2605 4952 2712 5003 τῶν
2768 4943 3148 5018 ἐξσκουϐίτων*
3199 4949 3252 5003 οἱ
3301 4949 3775 5023 ἂποεπάρχοντεςο

2111 5039 2164 5094 οἱ
2193 5037 2583 5112 στρατηλάται·
2640 5038 2668 5092 ὁ
2724 5036 3026 5100 ἀκόλουθος
3084 5041 3180 5093 τοῦ
3238 5037 3496 5113 ἀριθμοῦι
3549 5039 3576 5092 6
3619 5058 3779 5112 πρω-

1396 5170 1600 5228 JOAN.
1641 5169 1770 5226 JAC
1810 5169 2075 5226 REISKII
2113 5168 2706 5226 COMMENTARIUS.

423 5299 534 5388 (24)
585 5299 833 5388 Tatuini
870 5303 1240 5388 urbm-quam
1274 5301 1334 5388 in
1366 5298 1671 5388 suburbiis
1701 5301 1760 5353 et
1788 5298 1846 5353 in
1879 5313 2010 5378 oras

352 5369 527 5432 Asiae'
552 5370 848 5427 maritima
889 5369 1054 5427 erant
1083 5369 1156 5428 ab
1189 5372 1641 5442 imperatoribus
1684 5369 2012 5425 successive

355 5444 590 5503 condita
641 5441 853 5516 palatia
882 5447 939 5496 et
968 5444 1204 5513 praedia,
1247 5441 1304 5499 in
1359 5459 1487 5514 quae
1539 5447 1642 5516 aut
1682 5442 2012 5516 ipsi_sece-

355 5519 576 5576 dobant
624 5512 996 5576 rusticatum',
1028 5519 1130 5569 aut
1161 5531 1289 5584 quis
1320 5512 1466 5569 bene
1499 5512 1724 5569 meritis
1748 5513 1838 5584 ad
1882 5512 2010 5566 dies

352 5591 482 5645 vita;
517 5590 760 5644 fruenda
788 5586 1011 5642 utenda
1041 5585 1474 5656 permittebant,
1500 5591 1566 5641 ut
1586 5601 1618 5642 e
1637 5583 1845 5656 Script.
1883 5585 2013 5654 post

353 5659 694 5732 Theophan.
728 5677 785 5732 p,
816 5659 875 5732 6ἶ
903 5661 1153 5732 constat.

431 5728 545 5801 (25—)
603 5732 689 5787 Ita
728 5728 912 5784 'claris
968 5729 1182 5801 litteris
1237 5728 1331 5783 hic
1373 5729 1501 5801 loci
1541 5728 1848 5801 scriptum
1908 5742 2010 5801 ex-

359 5795 562 5858 hibent
611 5801 966 5856 membranae
993 5815 1010 5866 ;
1040 5815 1097 5858 v.
1129 5799 1286 5856 dicta
1316 5800 1386 5854 ad
1419 5816 1476 5870 p.
1527 5799 1658 5854 416.
1687 5795 2007 5857 Ὀὶκιστικός

2121 5300 2210 5353 est
2231 5313 2344 5367 pro
2375 5293 2644 5367 οἰκιστής.
2678 5296 2771 5354 Sic
2803 5296 3196 5367 loquebantur
3244 5296 3435 5354 medio
3481 5313 3618 5366 evo,
3651 5317 3778 5350 vuu-

2121 5366 2272 5443 τυιᾷς
2327 5369 2414 5443 vel
2465 5366 2792 5443 πλευστικός
2843 5366 2947 5443 pro
2981 5372 3196 5443 nauta,
3231 5368 3623 5443 στρατιωτικός
3675 5385 3780 5442 pro

2121 5441 2322 5507 milite,
2361 5437 2659 5512 oixiu-uxéq
2690 5457 2792 5512 pro
2823 5437 3143 5512 architecto.

2195 5513 2308 5584 (26)
2344 5508 2565 5584 Ιιόλεων
2620 5508 2728 5568 ms.
2765 5511 2912 5582 Lego
2960 5509 3200 5576 πόλεως,
3244 5517 3308 5568 ut
3356 5513 3413 5568 in
3458 5512 3781 5584 superiori-

2121 5579 2232 5666 bus
2263 5579 2596 5666 aliquoties.
2622 5588 2780 5666 Nam.
2799 5579 3290 5666 opponitur'urbs
3323 5584 3474 5656 regia
3503 5579 3621 5645 τοῖς
3650 5579 3778 5653 ἔξω,

2121 5655 2444 5719 suburbiis,
2474 5655 2837 5727 municipiis,
2876 5655 3212 5726 provinciis.

2191 5726 2818 5808 (_27)-Fortejungendi
2852 5727 2911 5783 hi
2958 5731 3093 5782 sunt
3125 5743 3225 5799 per
3254 5728 3628 5784 intersertum
3661 5726 3775 5794 xui,

2121 5801 2186 5853 ut
2213 5799 2273 5856 in
2307 5798 2530 5855 Latinis
2558 5798 2688 5856 feci.
