4124 6402
346 417 502 484 1353

340 575 404 610 10
413 551 702 630 μανδάτωρ
793 558 892 611 τοῦ

339 649 450 700 τῶν
496 645 785 700 ἱκανάτων·
843 645 899 700 οἱ
947 637 1391 720 πρωτοκάραϐοι·
1455 643 1505 698 οἳ
1567 644 2005 719 πρωτονοτάριοι

341 733 451 791 τῶν
485 736 736 810 θεμάτων
769 736 858 790 καὶ
890 740 1000 790 τῶν
1033 733 1248 810 ἆγελῶν
1291 734 1342 787 οἱ
1393 730 1647 807 ἃπρατοι·
1703 734 1754 787 οἱ
1807 730 2005 809 βανδο-

344 825 508 903 φόροι
537 829 637 879 τοῦ
667 824 926 899 ἀριθμοῦ·
976 824 1028 880 οἱ
1083 820 1413 899 βανδοφόροι
1451 826 1558 877 τῶν
1606 823 1896 878 ἱκανάτῶν·
1951 823 2003 878 οἱ

342 913 716 992 εὖτυχοφόροι
746 919 854 970 τῶν
887 912 1133 989 σχολῶν·
1179 915 1230 968 oi
1271 913 1594 991 σκευοφόροι
1653 917 1760 969 τῶν
1815 912 2000 984 έξκου-

337 999 525 1060 ϐίτων·
575 1005 628 1060 οἱ
680 1000 1044 1078 λαϐουρήσιοι
1093 1007 1196 1058 τοῦ
1243 1003 1506 1078 ἀριθμοῦ·
1553 1004 1603 1058 οἱ
1645 1002 1999 1081 σκηπτροφό-

335 1113 427 1166 ροι
455 1097 566 1148 τῶν
597 1093 844 1173 σχολῶν·
887 1094 940 1147 οἱ
1000 1093 1322 1169 σιγνοτρόροι
1376 1097 1486 1147 τῶν
1548 1087 1890 1162 ἐξκουϐίτων·
1945 1092 1996 1146 οἱ

338 1182 706 1260 σημειοφόροι
745 1186 852 1237 τῶν
889 1186 988 1236 τοῦ
1039 1182 1297 1256 ἀριθμοῦ.
1359 1182 1409 1236 οἱ
1468 1182 1830 1259 σημειοφόροι
1884 1187 1992 1236 τῶν

328 1269 626 1326 ἱκανάτων·
662 1270 714 1324 oi
747 1269 1110 1343 ἆξιωματικοὶ
1133 1272 1240 1324 τῶν
1275 1267 1497 1345 σχολῶν
1696 1271 1747 1324 οἱ
1768 1269 1995 1324 σινάτω-

334 1381 424 1436 ρες
453 1365 562 1416 τῶν
607 1354 924 1414 ἐκουϐίτων·
986 1360 1038 1414 οἱ
1097 1355 1522 1435 δουκινιάτωρες
1577 1363 1674 1413 τοῦ
1730 1359 1991 1434 ἀριθμοῦ·

320 1453 378 1508 οἱ
416 1449 850 1526 δουκινιάτωρες
899 1454 1008 1506 τῶν
1055 1449 1345 1505 ἱκανάτων·
1394 1451 1445 1505 οἱ
1501 1449 1832 1524 μανδάτορες
1880 1459 1991 1508 τῶν

321 1547 570 1618 σχοΛῶν.
662 1542 718 1597 οἱ
793 1538 1376 1618 πρωτοκαγκελλᾶριοι
1451 1544 1558 1595 τῶν
1607 1539 1875 1614 θεμάτων·
1937 1538 1990 1596 οἱ

320 1633 568 1697 ὀπτῐονες
597 1635 718 1688 τῶν
772 1633 1094 1707 ταγμάτων·
1146 1632 1175 1686 6
1232 1629 1830 1706 πρωτοκαγκελλάριος
1892 1635 1991 1686 τοῦ

320 1727 538 1798 γενικοῦ
587 1720 908 1798 λογοθέτου·
970 1722 998 1776 ὁ
1047 1717 1644 1795 πρωτοκαγκελλάριος
1687 1723 1786 1774 τοῦ
1833 1721 1990 1774 κυαί-

330 1818 566 1887 στωρος⁶
607 1813 635 1868 6
683 1807 1168 1888 πρωτομανδᾶτωρ
1215 1814 1324 1865 τῶν
1373 1811 1674 1886 νουμέρων·
1708 1811 1735 1864 6
1775 1828 1988 1885 πρωτο-

1195 419 1298 480 DE
1341 418 1795 483 CERIMONIIS
1839 420 2077 482 AULE
2117 421 2608 484 BYZANTlN/E
2651 423 2798 485 LIB.
2846 425 2926 488 II.

988 550 1324 625 ἐξκουϐίτου·
1401 554 1431 610 6
1505 550 1987 629 πρωτομανδάτωρ

2111 559 2466 627 protectores
2486 557 2815 616 scholarum
2840 581 2856 631 ;
2884 563 3084 620 vicarii
3107 581 3490 624 numerorum
3515 583 3530 634 ;
3551 565 3757 621 vicarii

3602 426 3757 491 1354

2111 650 2436 702 castrorum
2463 664 2476 715 ;
2502 648 2825 704 draconarii
2844 653 3241 712 excubitorum
3262 675 3275 725 ;
3296 655 3752 729 exeparchontes

2107 734 2195 790 vel
2226 736 2550 807 expraefecti
2573 739 2998 808 provinciarum
3028 761 3042 810 ;
3067 747 3373 803 stratelatas
3399 765 3412 814 ;
3447 745 3753 802 acoluthus

2107 824 2371 894 arithmi;
2399 829 2876 898 protomandator
2890 833 3319 905 excubitorum;
3345 835 3753 908 protomanda-

2104 917 2191 970 tor
2221 914 2623 973 hicanatorum
2652 937 2664 987 ;
2699 923 3065 991 protocarabi
3098 940 3201 980 seu
3235 926 3528 995 naucleri;
3563 929 3753 997 proto-

2103 1004 2313 1060 notarii
2347 1004 2669 1062 thematum
2717 1016 2769 1063 et
2803 1026 3045 1082 gregum
3097 1013 3431 1083 honorarii;
3465 1013 3749 1069 bandiferi

2101 1093 2340 1149 aritbmi
2366 1111 2379 1162 ;
2406 1095 2693 1152 bandiferi
2710 1098 3111 1158 hicanatorum
3130 1120 3144 1171 ;
3163 1103 3600 1177 eutychiOphori
3624 1104 3748 1175 [seu

2098 1183 2471 1240 victoriarum
2493 1189 2838 1260 gestatores]
2873 1190 3207 1248 scholarum
3235 1210 3248 1261 ;
3275 1193 3615 1265 sceuophori
3643 1207 3747 1247 seu

2097 1272 2330 1328 vasiferi
2353 1275 2438 1329 vel
2461 1277 2784 1345 trotiaeoferi
2806 1280 3208 1336 excubitorum
3237 1300 3250 1349 ;
3276 1283 3611 1338 labarenses
3634 1281 3747 1336 ari-

2098 1361 2246 1416 thmi
2264 1384 2278 1428 ;
2299 1365 2616 1435 sceptriferi
2639 1366 2966 1424 scholarum
2989 1387 3002 1437 ;
3023 1371 3286 1442 signiferi
3301 1371 3706 1427 excubitorum
3730 1387 3744 1439 ;

2097 1449 2398 1506 vexilliferi
2431 1453 2667 1509 arithmi
2696 1471 2709 1522 ;
2741 1455 3044 1513 vexilliferi
3089 1459 3495 1516 hicanatorum
3522 1478 3536 1527 ;
3587 1460 3748 1515 axio-

2099 1541 2299 1597 matici
2323 1541 2412 1598 vel
2437 1544 2706 1600 honorati
2729 1545 3061 1603 scholarum
3088 1565 3103 1614 ;
3135 1555 3435 1607 senatores
3457 1549 3750 1606 excubito-

2096 1646 2224 1686 rum
2253 1647 2266 1698 ;
2308 1631 2702 1690 duciniatores
2734 1635 3142 1694 velducenarii
3174 1638 3410 1695 arithmi
3437 1657 3451 1708 ;
3485 1639 3747 1697 ducinia-

2094 1722 2248 1777 tores
2279 1720 2686 1780 hicanatorum
2713 1741 2728 1793 ;
2755 1727 3127 1783 mandatores
3149 1728 3484 1785 scholarum
3511 1744 3526 1796 ;
3550 1733 3748 1802 proto-

2090 1809 2423 1867 cancellarii
2454 1811 2821 1882 thematum;
2857 1815 3120 1886 optiones
3151 1821 3472 1889 tagmatum
3499 1835 3512 1885 ;
3547 1821 3745 1890 proto-

331 1899 622 1978 μανδάτωρ
677 1905 788 1957 τῶν
846 1898 1096 1976 τειχέων·
1150 1901 1178 1955 6
1226 1897 1820 1976 πρωτοκαγκελλάριος
1884 1904 1984 1954 τοῦ

2097 1900 2478 1958 cancellarius
2531 1901 2721 1974 genici
2781 1903 3138 1977 logothetm;
3190 1906 3745 1978 protocancellarius

329 1991 644 2048 σακελλίου·
690 1992 718 2046 6
775 1990 1076 2065 κένταρχος
1125 1993 1224 2044 τοῦ
1278 1987 1608 2065 βεστιαρίου·
1660 1989 1712 2043 οἱ
1759 2008 1980 2063 πρωτο-

329 2079 663 2157 μανδάτορες
738 2079 828 2135 καὶ
904 2077 1220 2155 λεγατάριοι
1294 2081 1404 2133 τῶν
1481 2072 1830 2147 έξκουϐίτων·
1931 2079 1983 2132 οἱ

329 2169 661 2244 μανδάτορες
709 2167 801 2225 καί
844 2168 1162 2247 λεγατάριοι
1201 2171 1298 2223 τοῦ
1355 2167 1612 2242 ἀριθμοῦ·
1677 2167 1729 2222 οἱ
1787 2165 1982 2236 ἐξκου-

325 2255 562 2337 ϐίτορες·
596 2261 647 2316 οἱ
679 2259 923 2336 θυρωροὶ
953 2263 1050 2314 τοῦ
1080 2257 1352 2314 παλατῖου
1392 2258 1482 2312 καὶ
1531 2261 1641 2312 τῶν
1693 2258 1982 2333 σεκρέτων·

323 2353 378 2406 οἱ
409 2347 790 2426 διατρέχοντες
821 2353 919 2405 τοῦ
953 2346 1184 2424 δρόμου.
1220 2348 1270 2402 οἱ
1327 2347 1722 2424 φακτιονάριοι.
1776 2347 1828 2401 οἱ
1875 2367 1986 2422 γει-

320 2441 632 2517 τονιάρχαι·
669 2441 720 2495 οἱ
765 2439 1009 2516 νοτάριοι
1055 2443 1165 2494 τῶν
1219 2441 1422 2512 μερῶν·
1484 2435 1535 2491 οἷ
1586 2433 1982 2514 χαρτουλάριοι

328 2533 440 2586 τῶν
489 2534 686 2605 μερῶν·
748 2531 798 2584 οἱ
853 2526 1082 2598 ποιηταὶ
1143 2526 1234 2582 καὶ
1299 2524 1551 2599 μελισταί
1608 2529 1715 2580 τῶν
1763 2521 1980 2597 δήμων.

328 2620 385 2675 οἱ
415 2619 644 2698 ἡνίοχοι
672 2622 782 2674 τῶν
821 2622 1025 2693 μερῶν·
1059 2618 1112 2672 0i
1146 2613 1481 2690 μανδάτορες
1520 2619 1630 2670 τῶν
1677 2614 1979 2688 νουμέρων·

327 2711 382 2766 οἱ
428 2707 757 2786 μανδάτορες
809 2713 919 2764 τῶν
977 2707 1227 2782 τειχέων·
1289 2707 1316 2760 6
1377 2704 1695 2780 λεγατάριος
1744 2709 1843 2760 τοῦ
1898 2704 1983 2780 βε-

325 2799 594 2875 στιαρίςυί
645 2801 697 2855 οἳ
747 2794 1043 2876 χοσϐαΐται
1100 2801 1196 2852 τοῦ
1240 2795 1482 2872 μεγάλου
1544 2793 1874 2869 βεστιαρίου·
1929 2794 1981 2847 οἱ

321 2889 616 2964 κένταρχοι
645 2892 754 2945 τῶν
785 2891 1102 2964 στρατηγῶν
1144 2890 1252 2942 τῶν
1301 2888 1628 2958 θεματικῶν·
1681 2885 1732 2938 οἱ
1786 2902 1980 2958 μικρο-

323 2984 576 3035 πανῖται·
643 2980 697 3034 οἱ
763 2976 1152 3055 παραφύλακες
1211 2981 1319 3031 τῶν
1395 2975 1643 3049 κάστρων
1723 2971 1976 3048 ἄπρατοι·

324 3069 379 3126 οἱ
409 3070 699 3144 κένταρχοι
730 3072 837 3122 τῶν
874 3065 1105 3144 βάνδων·
1143 3067 1194 3121 οἳ
1227 3062 1502 3138 δημῶται·
1539 3065 1589 3118 οἱ
1631 3060 1980 3138 δρουγγάριοι

321 3164 433 3216 τῶν
472 3163 672 3229 πεζῶν·
726 3160 779 3212 οἱ
836 3156 1230 3233 καγκελλάριοι
1277 3160 1384 3211 τῶν
1448 3154 1734 3230 σεκρέτων·
1787 3153 1839 3208 οἱ
1886 3173 1982 3207 το-

319 3249 638 3324 ποτηρηταὶ
667 3252 775 3303 τῶν
807 3253 991 3322 χορῶν
1025 3249 1152 3319 (29)·
1189 3246 1240 3300 o't
1272 3250 1597 3318 στρατιῶται
1626 3247 1734 3298 τῶν
1765 3241 1980 3317 ταγμάο

2094 1991 2402 2061 ῳιεεεῒοτὶε
2427 2009 2440 2057 ;
2467 1995 2946 2062 protomandator
2969 2009 3343 2051 numerorum
3368 2014 3382 2066 ;
3405 2000 3746 2068 protoman-

2093 2079 2261 2135 dator
2298 2084 2662 2150 castrorum;
2696 2082 3250 2154 protocancellarius
3298 2083 3743 2152 sacelli;centar-

2093 2168 2241 2224 chus
2271 2169 2565 2237 vestiarii;
2614 2171 3155 2242 protomandatores
3199 2178 3258 2229 et
3286 2173 3545 2243 legatarii
3580 2190 3746 2230 excuv

2093 2257 2348 2314 bitorum
2374 2276 2388 2326 ;
2415 2260 2788 2316 mandatores
2821 2264 2879 2316 et
2902 2261 3164 2332 legatarii
3196 2263 3433 2318 arithmi
3465 2280 3478 2331 ;
3513 2263 3746 2319 excubi-

2093 2354 2285 2415 tores;
2329 2348 2616 2417 janitores
2648 2349 2848 2420 palatii
2893 2355 2952 2406 et
3000 2358 3396 2418 secretorum;
3445 2352 3748 2408 vernaculi

2094 2453 2332 2504 cursus;
2373 2437 2698 2494 factionarii
2726 2456 2739 2505 ;
2771 2439 3040 2510 magistri
3071 2439 3334 2496 vicorum
3362 2457 3376 2509 ;
3427 2441 3635 2498 notarii
3668 2443 3748 2498 fa-

2093 2527 2356 2583 ctionum
2383 2543 2396 2593 ;
2431 2527 2768 2583 chartularii
2794 2528 3114 2584 factionum
3142 2548 3156 2597 ;
3180 2536 3361 2600 poetae
3382 2531 3700 2587 factionum
3726 2548 3741 2598 ;

2093 2616 2298 2672 musici
2331 2617 2686 2684 factionum;
2720 2617 2932 2690 aurigae
2979 2619 3295 2674 factionum
3323 2635 3336 2687 ;
3371 2621 3745 2676 mandatores

2095 2721 2471 2762 numerorum
2501 2723 2513 2773 ;
2549 2707 2700 2762 428
2727 2709 3102 2764 mandatores
3124 2717 3448 2766 castrorum
3475 2724 3488 2777 ;
3524 2709 3744 2782 legata-

2091 2797 2213 2854 rius
2244 2797 2500 2852 vestiarii
2531 2796 2884 2865 ;chosbaita3
2903 2798 3099 2872 magni
3121 2799 3380 2855 vestiarii
3405 2817 3418 2867 ;
3444 2799 3743 2857 centarchi

2091 2889 2483 2958 strategorum
2507 2885 2990 2958 thematicorum;
3015 2888 3414 2961 micrOpanitaa
3437 2890 3742 2958 ;custodes

2093 2978 2415 3031 castrorum
2438 2974 2734 3032 honorarii
2760 2992 2772 3043 ;
2799 2977 3094 3032 centarchi
3116 2977 3474 3044 bandorum;
3497 2978 3743 3035 demotis

2093 3080 2195 3119 seu
2225 3064 2533 3136 populares
2563 3069 2667 3120 aut
2692 3065 3030 3122 factionales
3056 3083 3070 3131 ;
3103 3066 3405 3136 drungarii
3437 3067 3699 3138 peditum
3727 3083 3740 3133 ;

2092 3153 2424 3209 cancellarii
2458 3160 2810 3210 secretorum
2838 3171 2852 3223 ;
2876 3159 3236 3226 torpoteretaa
3259 3156 3571 3213 chororum
3598 3176 3611 3226 ;
3646 3158 3746 3213 mi-

2092 3242 2222 3299 lites
2254 3250 2578 3316 tagmatum
2611 3254 2665 3302 et
2695 3245 2910 3302 milites
2940 3246 3290 3302 thematum.
3322 3251 3569 3314 Horum,
3593 3265 3743 3319 quos

317 3361 450 3396 των·
487 3340 538 3394 0i
597 3345 924 3414 στρατιῶται
970 3339 1079 3393 τῶν
1129 3337 1399 3411 θεμάτων.
1451 3335 1521 3393 Εἴ
1549 3333 1606 3390 δὲ
1651 3335 1712 3389 ἐκ
1761 3333 1975 3388 πάντων

2097 3333 2374 3400 diximus,
2405 3334 2664 3390 omnium
2711 3336 2760 3392 si
2811 3337 2944 3408 quis
2993 3337 3309 3408 dignitates
3361 3337 3536 3394 simul
3582 3342 3746 3395 tenet

319 3430 528 3487 τοῦτων
569 3434 677 3486 τῶν
709 3430 1020 3504 λεχθέντων
1051 3427 1193 3490 τινες
1226 3425 1410 3502 ἔχοιεν
1444 3425 1592 3496 ἀξίας
1619 3425 1716 3488 τὰς
1739 3421 1823 3478 διὸ
1849 3425 1980 3499 βρα-

326 3516 476 3577 ϐείου
503 3517 811 3594 διδομένας,
855 3516 1076 3580 ἕκαστος
1125 3518 1300 3572 αὐτῶν
1345 3519 1415 3590 τῇ
1464 3515 1585 3586 ἀξίᾳ
1637 3518 1735 3568 τοῦ
1785 3514 1982 3586 ὁμοτί-

333 3632 438 3685 μου
469 3610 560 3665 τὸν
597 3609 806 3684 βαθμὸν
833 3607 1216 3680 προτιμάσθω.
1260 3605 1324 3661 Εἰ
1366 3603 1425 3659 δὲ
1465 3601 1697 3678 παγανοὶ
1740 3601 1980 3669 πέλοιεν,

327 3699 382 3756 ἐν
427 3701 618 3775 μόνοις
655 3703 774 3759 τοῖς
824 3696 1104 3775 ὀφφικίοις
1151 3695 1513 3768 τιμάσθωσαν
1561 3693 1700 3748 κατά
1725 3693 1826 3761 τὴν
1872 3689 1982 3762 ἤδη

329 3787 632 3854 ἐκτεθεῖσαν
691 3787 840 3859 τάξιν
907 3783 1410 3861 κλητωρευόμενοι.
1485 3783 1553 3840 Ol.
1608 3781 1664 3836 δὲ
1717 3781 1766 3851 ἐξ
1821 3779 1986 3845 ἒθνῶν

325 3879 706 3956 εἷσερχόμενοι
761 3873 1016 3953 πρέσϐεις
1063 3877 1152 3931 καὶ
1201 3883 1301 3946 τῆς
1349 3873 1537 3948 τιμίας
1601 3872 1988 3935 συνεστιάσεως

322 3977 436 4028 τῶν
493 3968 764 4045 βασιλέων
825 3970 986 4039 ἡμῶν
1037 3965 1358 4038 ἀξιούμενοι
1405 3963 1848 4036 κλητωρεύονται
1895 3961 1988 4016 καὶ

325 4059 481 4115 αὐτοὶ
550 4054 748 4120 οὕτως.
818 4057 910 4132 [Ol
999 4055 1106 4112 ἀπὸ
1189 4056 1414 4128 Ῥώμης
1503 4055 1614 4127 (30)
1700 4051 1988 4107 ἐπίσκοποι

325 4150 723 4226 προεκρίθησαν
762 4153 870 4203 τῶν
922 4148 1036 4202 καθ’
1069 4148 1217 4220 ἡμᾶς
1265 4144 1577 4200 ἓπισκόπων
1629 4143 1722 4217 ⁹⁴.]
1771 4143 1838 4200 Οἱ
1893 4141 1986 4214 μὲν

326 4241 434 4296 ἀπὸ
463 4240 687 4312 Ῥώμης
739 4237 1052 4313 ἐρχόμενοι,
1107 4235 1196 4291 ἐάν
1243 4234 1377 4290 εἷ’σιν
1437 4232 1747 4302 ἐπίσκοποι,
1793 4246 1990 4306 προτι-

333 4339 540 4410 μῶνται
600 4337 712 4388 τῶν
781 4330 1096 4387 ἐπισκόπων
1153 4336 1254 4400 τῆς
1301 4329 1419 4392 καθ’
1468 4330 1616 4401 ἡμᾶς
1665 4324 1982 4395 ἐκκλησίας.

327 4424 375 4480 εἰ
443 4421 502 4480 δὲ
566 4417 932 4498 πρεσϐύτεροι
1025 4420 1148 4489 εἶεν,
1235 4417 1495 4478 ὡσαύτως
1582 4414 1990 4492 προκρίνονται.

321 4513 572 4588 Ὁμοίως
618 4514 709 4568 καὶ
761 4510 812 4567 ἔν
866 4505 1087 4566 ἕκαστον
1145 4509 1327 4585 τάγμα
1372 4513 1472 4576 τῆς
1529 4503 1833 4581 ἱερωσύνης
1889 4505 1992 4574 τὴν

323 4603 668 4679 προτίμησιν
745 4597 1075 4676 ἀναδέχεται
1152 4598 1292 4653 κατὰ
1362 4598 1462 4666 την
1538 4591 1801 4670 καθέδραν
1887 4595 1988 4664 τήν

2094 3440 2316 3488 earum,
2351 3442 2477 3497 quae
2509 3442 2642 3481 cum
2677 3426 2908 3482 brabeis
2949 3427 3075 3483 dari
3124 3429 3334 3495 solent,
3365 3427 3461 3485 ille
3491 3430 3740 3499 gradum

2095 3530 2210 3585 prae
2245 3513 2464 3584 collega
2494 3531 2600 3570 suo
2625 3515 2956 3586 insignibus
2981 3532 3097 3572 non
3119 3517 3259 3572 item
3293 3521 3496 3573 ornato
3526 3519 3742 3586 habet;

2093 3603 2141 3658 si
2173 3619 2304 3660 vero
2337 3603 2548 3675 pagani
2582 3605 2700 3659 sint
2731 3605 3012 3673 [muneris
3043 3605 3210 3661 titulo
3248 3609 3479 3662 tantum
3509 3607 3750 3679 conspi-

2096 3693 2441 3764 cui,absque
2472 3693 2816 3766 functione,]
2840 3697 3068 3750 tantum
3101 3695 3161 3750 in
3183 3695 3392 3751 ofﬁciis
3421 3697 3749 3753 secundum

2096 3781 2362 3839 ordinem
2384 3783 2510 3853 jam
2559 3785 2890 3855 expositum
2943 3789 3274 3841 evocantur.
3310 3785 3506 3854 Legati
3554 3793 3747 3840 autem

2100 3873 2541 3946 peregrinarum
2572 3873 2861 3944 gentium,
2896 3872 2955 3927 in
2999 3872 3190 3927 aulam
3223 3872 3400 3930 delati
3429 3881 3483 3929 et
3529 3873 3752 3930 honore

2099 3963 2171 4019 de
2202 3962 2564 4018 dominorum
2588 3965 2924 4016 nostrorum
2947 3961 3136 4032 epulis
3163 3961 3551 4034 participandi
3583 3962 3751 4034 digni

2098 4053 2306 4123 habiti,
2337 4057 2649 4109 evocantur
2698 4052 2757 4106 in
2791 4052 2944 4108 hunc
2995 4053 3256 4108 modum.
3292 4053 3584 4127 [Episcopi
3635 4053 3751 4109 Ro-

2099 4143 2263 4199 mani
2311 4141 2600 4213 episGOpis
2643 4141 2860 4196 nostris
2905 4140 3438 4214 praahabebanturJ
3487 4142 3750 4215 EpiscOpi

2101 4233 2298 4290 Romae
2330 4230 2376 4286 si
2409 4231 2508 4303 qui
2541 4231 2610 4286 ad
2655 4247 2763 4286 nos
2791 4230 3056 4299 veniunt,
3093 4231 3505 4304 praehabentur
3536 4231 3751 4288 nostris

2097 4320 2412 4394 episcopis.
2446 4320 2572 4376 Pari
2607 4319 2780 4376 modo
2808 4319 3150 4392 presbyteri,
3195 4324 3252 4377 et
3300 4321 3360 4376 in
3413 4321 3750 4377 universum

2099 4413 2294 4469 omnis
2326 4411 2468 4466 ordo
2498 4408 2934 4466 ecclesiasticus
2964 4410 3263 4466 Romanus
3306 4411 3484 4466 habet
3506 4412 3750 4482 gradum

2099 4520 2212 4576 prae
2247 4505 2446 4558 nostro
2470 4501 2799 4557 secundum
2824 4501 2994 4556 illum
3019 4500 3261 4558 sedendi
3283 4501 3754 4572 0rdinem,quem

2100 4594 2371 4665 superius
2401 4591 2773 4650 tradidimus.
2809 4592 2870 4647 Id
2921 4591 3074 4647 idem
3115 4607 3350 4664 quoque
3382 4596 3652 4648 teneatur
3681 4592 3752 4648 de

326 4693 614 4768 ἀνωτέρως
666 4693 944 4766 ῥηθεισαν.
997 4688 1076 4745 Τὸ
1127 4687 1258 4743 αὐτὸ
1308 4683 1366 4742 δὲ
1413 4685 1714 4760 κρατείσθω
1767 4684 1857 4738 καὶ
1905 4681 1987 4738 ἐπὶ

2104 4683 2294 4738 tribus
2327 4698 2428 4753 per
2457 4681 2753 4737 Orientem
2786 4679 3621 4752 patriarchis.Collocabantur
3651 4697 3757 4737 au-

327 4786 439 4837 τῶν
473 4780 526 4837 ἐν
561 4782 696 4855 Ἀτῇ
727 4779 936 4854 νατολῇ
980 4774 1152 4833 ὄντων
1199 4778 1366 4852 τριῶν
1415 4779 1791 4852 πατριαρχῶν.
1843 4774 1990 4829 Ἐτι-

335 4873 588 4947 μήθησαν
631 4869 688 4927 δὲ
743 4872 795 4926 οἱ
843 4869 950 4925 ἀπὸ
996 4868 1226 4942 Ῥώμης
1274 4865 1522 4932 ἐλθόντες
1571 4863 1659 4920 διὰ
1705 4865 1806 4933 τήν
1858 4861 1990 4917 ’ἑνω-

2100 4777 2216 4828 tem
2247 4770 2418 4840 legati
2452 4769 2720 4839 Romani,
2753 4769 2853 4842 qui
2885 4769 2994 4826 sub
3031 4769 3234 4838 Leone,
3271 4770 3365 4841 pio
3397 4769 3565 4842 imp.,
3587 4770 3756 4826 adve-

2105 4858 2344 4916 niebant
2373 4859 2753 4932 procurandae
2784 4859 3018 4916 unionis
3048 4858 3430 4916 ecclesiarum
3462 4857 3760 4932 gratia,ita

1691 4991 1936 5047 νΑΡιιιΕ
1975 4986 2370 5045 LECTIONES

411 5122 456 5159 ⁹⁴
483 5122 678 5182 Verba
709 5119 761 5176 oi
793 5149 858 5164 —
893 5115 1206 5174 ἐπισκόπων
1241 5119 1442 5173 notam
1474 5112 1859 5187 marginalem
1890 5126 2021 5169 esse
2049 5107 2282 5167 censuit
2311 5107 2562 5180 ideoque
2592 5107 2760 5163 uncis
2787 5105 3030 5163 inclusit
3059 5105 3126 5161 R.

1373 5237 1576 5295 JOAN.
1618 5236 1769 5294 JAC.
1813 5233 2085 5291 REISKII
2125 5229 2724 5288 COMMENTARIUS.

408 5373 521 5444 (28)
554 5373 706 5429 Sunt
735 5369 883 5444 forte
914 5381 1237 5444 assessores
1279 5363 1341 5419 in
1365 5361 1608 5444 judiciis
1641 5357 1998 5444 militaribus

339 5430 768 5500 crimi'nalibus.
795 5441 969 5497 Forte
998 5438 1148 5494 tales
1179 5430 1408 5509 quoque
1441 5437 1602 5490 erant
1634 5447 1810 5504 penes
1845 5430 2000 5486 hica-

337 5525 529 5581 natos,
563 5522 844 5571 senatores
879 5511 1038 5568 dicti.

406 5578 526 5659 (29)
574 5587 700 5646 Non
757 5581 1308 5659 dubito,__vitiosam
1365 5578 1519 5634 hanc
1577 5590 1777 5659 vocem
1825 5589 1996 5656 .esse.

339 5645 720 5716 Cu‘m'tameu
753 5657 868 5712 alia
901 5645 1109 5711 melior
1138 5668 1255 5708 non
1305 5652 1632 5718 succurrat,
1665 5645 1841 5704 debui
1873 5661 2000 5701 eam

337 5730 664 5805 inaLatiais
696 5743 933 5802 quoque
962 5725 1222 5805 τεάᾀθτθ·
1273 5793 1285 5805 .
1529 5793 1542 5805 .
1627 5792 1642 5805 .
1931 5788 1940 5805 ε

418 5803 537 5875 (30)
569 5789 787 5859 Ηεεοέῐ
817 5789 1122 5874 sequentia
1153 5793 1322 5852 uncis
1345 5811 1376 5850 a
1409 5809 1498 5851 me
1527 5792 1760 5849 inclusa
1794 5789 2003 5846 efﬁcie-

665 5931 934 5992 PATROL.
981 5926 1093 5988 Gn.
1139 5922 1324 5986 CXII.

2107 5356 2247 5411 bant
2277 5355 2337 5410 in
2389 5353 2731 5410 membrana
2762 5369 3244 5426 unumversum,
3277 5357 3335 5411 et
3380 5359 3546 5412 erant
3591 5356 3764 5426 paulo

2109 5427 2436 5498 majoribus
2466 5426 2698 5495 litteris,
2731 5424 3036 5499 (capitales
3071 5431 3172 5499 aut
3218 5428 3532 5498 quadratas
3563 5424 3766 5499 appel-

2107 5497 2275 5569 lant,)
2308 5499 2546 5569 scripta,
2578 5497 2859 5568 tanquam
2912 5497 2966 5553 si
2997 5497 3208 5554 titulus
3236 5497 3455 5554 essent.
3486 5501 3593 5554 Sed
3629 5497 3767 5555 sunt

2109 5571 2304 5642 potius
2338 5579 2472 5625 nota
2505 5569 3176 5642 marginalieramdem
3222 5571 3294 5625 ob
3325 5586 3562 5642 causam
3593 5570 3764 5642 paulo

2111 5638 2348 5725 quoque
2377 5645 2509 5712 post
2534 5638 2712 5725 καὶῖοὶ
2744 5640 2852 5725 διπρ
2885 5641 3250 5715 Ἀντιοχείας,
3275 5646 3412 5709 etc.,
3450 5638 3763 5711 majoribus

2111 5714 2324 5771 litteris
2357 5718 2588 5769 exarata
2618 5714 2869 5786 obscpsi.

3366 5913 3444 5973 43
