4124 6400
413 441 564 504 1357

1253 446 1353 506 DE
1397 445 1854 510 CERIMONIIS
1897 447 2130 509 AULAS
2171 446 2659 510 ΒΥΖΑΝΤΙΝᾹΞ
2702 449 2850 511 LIB.
2898 448 2978 511 ΙΙ.

3667 449 3821 512 1358

407 595 534 631 πτοι
586 574 640 630 ἐν
679 577 748 648 τῇ
817 573 1084 648 εὐωνύμῳ
1143 577 1283 631 θέσει
1342 576 1739 650 κληθήσονται,
1798 576 2060 649 δηλονότι

2174 581 2530 654 eosdemque
2562 587 2850 656 strategos
2871 581 3219 639 etomnesin
3233 580 3358 640 velo
3390 583 3519 656 [seu
3554 599 3793 657 corpore
3799 585 3818 656 J

408 665 804 726 ὑποπίπτοντες
835 664 924 718 καὶ
957 664 1110 719 αὐτοὶ
1143 670 1211 740 τῇ
1251 671 1361 721 τῶν
1408 667 1711 743 πατρικίων
1759 669 1847 722 καὶ
1898 688 2059 742 στρα-

403 760 586 830 τηγῶν
627 754 718 809 καὶ
762 755 979 809 πάντων
1022 759 1130 808 τῶν
1174 754 1228 809 ἐν
1276 761 1354 828 τῷ
1408 757 1568 831 βήλῳ
1615 757 1917 832 πατρικίων
1967 779 2058 814 τε-

402 846 688 921 ταγμένων
722 843 1027 918 ἀρχόντων,
1061 844 1428 910 ἀπολαύοντες
1457 849 1547 900 καὶ
1591 847 1743 902 αὐτοὶ
1791 848 1883 902 τὸν
1935 844 2057 902 δεύ-

401 956 556 1010 τερον
620 935 806 1007 μίνσον
846 940 946 1002 τῆς
999 934 1291 1008 βασιλικῆς
1343 936 1630 1011 τραπέζης.
1693 938 1782 992 Ἐν
1834 935 1890 991 δὲ
1940 943 2056 998 τοῖς

401 1033 467 1090 te‘
496 1029 604 1078 τῶν
637 1025 837 1098 ἑορτῶν
870 1018 1183 1086 ἀκουϐίτοις
1214 1025 1656 1099 κλητωρεύονται
1707 1024 1896 1101 ὅγδοοι
1941 1029 2056 1099 (36)

396 1116 489 1170 καὶ
548 1110 779 1171 ἕννατοι.
843 1110 1110 1183 δηλονότι
1179 1113 1573 1178 ὑποπίπτοντες
1636 1119 1704 1188 τῇ
1760 1116 1903 1185 τάξει
1959 1121 2055 1170 τοῖ’)

399 1199 803 1279 προλεχθέντος
837 1199 1039 1276 βήλου.
1074 1201 1140 1259 ΟΞ
1177 1199 1233 1257 δὲ
1265 1203 1323 1258 ἐκ
1355 1205 1622 1280 Φράγγων
1648 1207 1758 1277 (37)
1782 1200 2054 1279 πρέσϐεις.

401 1293 446 1348 εἷ
480 1293 577 1364 μὲν
608 1288 792 1366 ἔχοιεν
837 1289 1203 1365 χειροτονίας,
1251 1293 1386 1346 κατά
1416 1295 1611 1356 ταύτας
1661 1293 2053 1363 κληθησονται·

399 1383 446 1438 εἰ
480 1379 536 1436 δὲ
566 1379 798 1458 παγανοί
831 1381 985 1452 εἰσιν,
1015 1385 1084 1455 τῇ
1116 1385 1222 1435 τῶν
1272 1381 1642 1456 ὁφφικιαλίων
1691 1385 2056 1438 ὑποπίπτουσι

393 1473 559 1546 τάξει.
594 1474 657 1527 Οἱ
689 1470 746 1527 δὲ
800 1471 860 1527 ἐκ
905 1476 1012 1528 τῶν
1062 1472 1273 1528 λοιπῶν
1333 1473 1494 1529 ἐθνῶν
1555 1473 1850 1550 ἐρχόμενοι
1902 1473 2058 1552 φίλοι

394 1567 466 1637 τῇ
541 1567 649 1619 τῶν
729 1559 1313 1636 σπαθαροκανδιδάτων

404 1653 546 1726 ages.

1413 1563 1784 1619 ὑποπίπτουσι
1861 1566 2058 1626 πάντες

1080 1741 1261 1814 Τόμος
1303 1744 1376 1799 Δ’.

477 1829 694 1901 Ἐπειδὴ
773 1838 872 1900 τῆς
948 1835 1056 1885 τῶν
1131 1831 1459 1906 ἀρτικλινῶν
1513 1834 1823 1907 ἐπιστήμης
1877 1833 2058 1906 ίδικήν

399 1943 516 1977 τινα
572 1919 942 1995 πραγματείαν
1014 1921 1416 1996 συγγράψασθαι
1474 1920 1906 1998 ἐσπουδάσαμεν,
1966 1926 2054 1979 καὶ

397 2012 492 2074 τὰς
550 2015 647 2066 τοῦ
707 2009 916 2065 οἰκείου
973 2009 1382 2082 πολιτεύματος
1444 2011 1592 2080 ἀξίας
1653 2011 2058 2092 ἐκοαντορίκῶς

2169 671 2549 741 patriciorum
2584 675 2954 739 constitutos,
2989 677 3044 728 et
3071 674 3240 728 simul
3275 691 3409 729 cum
3454 674 3715 745 patriciis
3746 676 3817 730 ad

2167 762 2497 829 Augustum
2542 763 2772 818 admitti
2823 764 3026 818 solitos
3086 765 3592 834 magistratuszut
3639 765 3814 819 etiam

2167 850 2278 921 ipsi
2293 853 2549 907 secundo
2566 852 2747 907 missu
2771 868 2948 908 sacrae
2965 869 3180 909 mensas
3199 854 3490 908 fruantur.
3522 853 3583 908 In
3601 869 3819 908 noven-

2167 940 2356 995 decim
2389 941 2670 996 accubitis
2701 945 2917 1008 autem,
2954 941 3052 1014 qui
3090 941 3369 996 celebrari
3412 941 3619 997 diebus
3653 943 3812 998 festis

2166 1028 2376 1098 solent,
2409 1039 2723 1085 evocantur
2753 1031 2812 1085 bi
2846 1031 3029 1086 octavi
3063 1036 3167 1086 aut
3198 1030 3331 1085 noni
3363 1048 3376 1098 ;
3419 1030 3638 1087 scilicet
3684 1036 3818 1103 post

2165 1117 2354 1173 velum
2387 1134 2487 1175 seu
2503 1134 2715 1190 corpus
2730 1135 3038 1191 procerum
3068 1119 3429 1190 pradictum.
3465 1121 3818 1177 Francorum

2165 1209 2399 1263 tandem
2433 1208 2627 1279 legati,
2660 1210 2711 1266 si
2741 1209 2978 1281 quidem
3011 1209 3268 1265 investiti
3299 1213 3440 1265 sunt
3470 1211 3817 1267 muneribus

2165 1297 2350 1368 iisque
2373 1297 2719 1370 funguntur,
2760 1300 2912 1355 129
2969 1303 3285 1354 evocantur
3336 1300 3660 1355 secundum
3695 1301 3815 1368 illa,

2163 1387 2223 1442 Si
2255 1404 2388 1443 vero
2419 1396 2553 1444 sunt
2583 1390 2795 1461 pagani
2825 1405 2929 1446 seu
2977 1389 3128 1445 cassi
3166 1388 3574 1462 dignitatibus,
3616 1391 3818 1446 subse-

2163 1480 2428 1547 quuntur
2457 1476 2700 1533 classem
2749 1478 3110 1534 ofﬁcialium.
3149 1478 3410 1548 Reliquis
3456 1494 3487 1535 e
3541 1479 3816 1550 gentibus

2166 1565 2533 1622 advenientes
2566 1567 2739 1622 amici
2771 1568 3090 1623 succedunt
3113 1567 3186 1623 ad
3210 1583 3392 1623 unum
3419 1583 3623 1624 omnes
3643 1568 3820 1626 classi

2168 1655 2912 1726 spatharocandidatorum.

2838 1747 3024 1818 Caput
3053 1747 3144 1802 ιν.

2240 1833 2555 1905 Postquam
2591 1835 2767 1903 igitur
2809 1836 3063 1890 scientiae
3116 1834 3456 1890 articlinicas
3506 1837 3817 1906 specialem

2166 1925 2479 1993 quamdam
2513 1925 2918 1980 tractationem
2953 1924 3317 1980 conscribere
3349 1926 3673 1994 studentes,
3706 1927 3820 1981 im-

2168 2014 2312 2085 perii
2347 2013 2527 2070 nostri
2575 2013 2888 2085 dignitates
2917 2014 3372 2071 demonstrativo
3419 2016 3818 2089 distincteque

1431 2111 1632 2168 JOAN.
1673 2114 1821 2170 JAC.
1876 2114 2142 2170 REISKII
2189 2113 2784 2170 COMMENTARIUS.

402 2205 541 2262 vivii
569 2209 620 2260 et
651 2219 856 2275 panem
883 2207 935 2258 et
961 2206 1163 2275 partes,
1193 2207 1294 2258 aut
1331 2203 1544 2258 olerum
1583 2212 1680 2259 aut
1726 2208 1912 2260 carnis
1963 2209 2058 2261 aut

404 2273 750 2348 leguminum
777 2273 971 2342 dabat,
996 2273 1172 2349 senili!
1192 2291 1422 2349 prorsus
1455 2279 1790 2349 maturitate
1818 2281 2062 2349 patrem-

403 2345 652 2421 familias
682 2363 866 2421 agens.
904 2345 1322 2421 Procul‘dubio
1346 2363 1576 2418 quoque
1604 2345 1858 2421 Joannes
1887 2350 2058 2404 Com-

405 2418 592 2477 nenus
622 2437 691 2477 ex
721 2419 967 2489 antiquo
1000 2418 1268 2490 instituto
1298 2427 1349 2473 et
1386 2435 1546 2474 more
1571 2420 1824 2490 sibijam
1851 2438 1884 2476 a
1915 2421 2058 2476 mul-

404 2493 478 2548 tis
493 2494 664 2548 annis
687 2490 962 2545 familiari
990 2490 1090 2544 illo
1116 2489 1415 2544 Paschatis
1439 2491 1552 2557 die,
1577 2489 1750 2562 quem
1778 2493 2055 2547 ultimum

402 2565 729 2637 celebrabat
760 2578 930 2637 inger,
979 2562 1166 2637 pridie
1196 2578 1367 2632 quam
1415 2563 1758 2637 exspiraret,
1788 2562 1856 2616 τὰ
1885 2583 2057 2637 παρα-

401 2634 620 2698 τεθέντα
682 2630 951 2707 βρώματα
979 2630 1138 2707 ξτοῖς
1210 2630 1539 2706 ἇωρεστῶσί
1586 2630 1917 2706 διενείματο.
1963 2630 2060 2692 ’ΒΘ

410 2725 572 2763 more
601 2703 782 2761 Isaa'ci
815 2703 1018 2774 Angeli
1066 2707 1181 2763 τοῖς
1227 2703 1536 2776 παρεστῶσι
1588 2703 1802 2776 fercula
1847 2709 2056 2762 distri-

411 2779 626 2852 buendi
657 2777 908 2852 insani_s_
929 2775 1780 2852 dithyrambisnaputpaytpaei
1827 2779 2059 2836 Nicetas

413 2851 724 2909 Cboniates
757 2866 811 2920 p.
845 2849 974 2917 231,
1011 2847 1070 2901 Ε.
1107 2851 1198 2901 lia:
1228 2847 1495 2918 Addentl.]

482 2923 597 2994 (36)
626 2923 689 2994 Id
722 2919 843 2994 est;
881 2921 941 2994 in
976 2935 1200 2994 mensa,
1235 2923 1323 2994 cui
1357 2919 1644 2994 assident,
1688 2927 1825 2976 sunt
1853 2922 2058 2994 octavi

415 2989 517 3050 aut
545 2989 682 3049 noni
717 2993 788 3048 ab
819 2990 983 3046 initio
1002 2989 1164 3063 inde,
1183 2990 1263 3046 vel
1285 2997 1422 3046 sunt
1445 2991 1543 3044 lini
1573 3008 1751 3061 quam
1778 2993 2060 3063 principio

410 3082 629 3122 mensas
658 3065 974 3134 propiores.
1000 3062 1142 3117 Nam
1171 3079 1302 3116 cum
1326 3063 1522 3118 minus
1543 3064 1907 3119 solemnibus
1932 3062 2058 3134 seu,

414 3143 482 3194 ut
526 3137 730 3193 Noster
786 3135 949 3199 dicit,
999 3137 1114 3193 τοῖς
1157 3138 1368 3194 κοινοῖς
1422 3135 1702 3190 conviviis
1761 3135 2062 3206 pauciores

412 3209 880 3274 convivarentur,
913 3210 968 3261 et
991 3206 1290 3272 pauciores
1348 3223 1561 3261 mensa:
1621 3208 1923 3274 servirent,
1958 3225 2060 3263 ne-

2167 2214 2437 2275 cegrotum
2467 2222 2566 2278 nec
2596 2221 2705 2259 non
2731 2209 2782 2260 et
2820 2206 3192 2278 Bulgarorum
3219 2206 3464 2272 nuntios,
3498 2208 3597 2278 qui
3629 2206 3817 2278 pridie

2167 2281 2446 2352 venerant,
2481 2277 2556 2352 ad
2582 2277 2808 2352 Sanctos
2837 2278 3119 2352 Apostolos
3142 2277 3253 2352 sibi
3289 2277 3517 2352 obviare
3553 2277 3818 2352 [προέρχε

2169 2348 2308 2416 σθαι,
2353 2350 2662 2435 procedere
2693 2350 2753 2404 in
2786 2351 3033 2435 curiam,
3082 2350 3278 2430 venire
3327 2350 3388 2405 in
3445 2348 3810 2435 comi-latum]

2162 2423 2729 2492 praeepit,_cumque
2757 2427 2896 2492 post
2952 2423 3267 2476 naeniarum
3304 2422 3686 2490 garrulitatem
3735 2422 3817 2488 [τὰ

2169 2490 2311 2568 sua
2334 2489 2390 2546 et
2418 2490 2511 2552 τὰς
2557 2489 2827 2568 edomita:
2873 2492 3158 2568 designat]
3215 2501 3267 2548 et
3311 2489 3629 2568 missarum,
3671 2495 3814 2549 cele-

2170 2565 2470 2618 brationem
2500 2563 2570 2618 ad
2600 2563 2845 2619 mensam
2879 2567 3263 2632 invitarentur,
3297 2565 3358 2618 in
3378 2566 3631 2620 citeriori
3672 2582 3820 2619 mar-

2169 2635 2296 2703 gine
2317 2651 2536 2702 mensae,
2571 2640 2690 2706 qua
2719 2641 2840 2690 erat
2866 2638 2984 2690 sine
3037 2636 3341 2690 latitudine
3385 2637 3567 2703 longa,
3610 2638 3817 2706 Bulga-

2169 2723 2358 2761 rorum
2386 2707 2670 2778 nuntium,
2702 2708 2970 2778 Ungarico
3000 2723 3149 2761 more
3175 2715 3412 2771 tonsum,
3445 2723 3600 2762 ωηεα
3623 2713 3819 2763 catena

2167 2779 2407 2833 cinctum
2461 2775 2682 2849 [κλοιῷ,
2728 2775 2797 2834 ut
2842 2779 3052 2834 Noster
3097 2795 3293 2848 supra,
3338 2779 3395 2832 id
3447 2782 3553 2843 est,
3587 2784 3817 2850 torque,

2169 2866 2340 2920 quem
2395 2850 2787 2921 Luitprandus
2831 2867 2931 2920 per
2985 2855 3382 2920 contemptum
3431 2866 3638 2904 teneam
3669 2855 3816 2905 cale-

2167 2938 2298 2975 nam
2327 2922 2600 2991 appellat,
2639 2923 2781 2977 forte
2832 2938 3081 2987 aeneum,
3115 2923 3214 2977 sed
3263 2921 3619 2992 inauratum]
3653 2926 3723 2989 et,
3757 2929 3818 2976 ut

2166 3008 2318 3047 mens
2350 2993 2490 3047 mihi
2545 2993 2811 3064 suggerit,
2856 2993 3310 3048 catechumenum
3353 2993 3809 3063 [Christianismi

2170 3065 2542 3119 candidatum
2577 3067 2831 3119 nondum
2860 3065 3214 3135 baptizatum
3234 3066 3628 3135 doctrinaeque
3649 3064 3816 3119 Chri-

2168 3138 2366 3189 stianae
2401 3136 2910 3208 rudem,ideoque
2936 3152 3070 3192 cum
3120 3137 3299 3208 docto,
3337 3137 3608 3207 episcOpo
3659 3137 3813 3208 haud

2169 3207 2652 3279 comparandum]
2694 3207 2832 3263 mihi
2881 3211 3177 3279 praeponit,
3226 3207 3303 3262 ad
3349 3218 3585 3279 vestram
3639 3207 3816 3278 plane

413 3280 670 3357 cessario
703 3279 880 3357 altius
911 3276 1190 3357 sedebant
1221 3277 1277 3332 bi
1314 3278 1716 3357 legatiexteri.
1751 3281 2055 3357 ln‘solem~
2091 3291 2134 3357 ρ
2172 3276 2383 3333 domini
2410 3281 2518 3357 mei
2548 3276 2788 3350 Augusti
2818 3276 3108 3357 [Ottonem
3146 3281 3185 3347 l,
3219 3276 3674 3357 autsolum,‘au‘t
3704 3295 3818 3334 una

417 3354 595 3409 nibus
648 3355 843 3408 autem
885 3349 1162 3404 conviviis
1211 3351 1722 3405 numerosissimis
1779 3352 1844 3404 19
1887 3367 2054 3405 accu-

419 3424 666 3494 bituum,
695 3429 864 3478 aucto
896 3437 1139 3494 numero
1189 3421 1590 3494 convivarum,
1623 3438 1740 3476 non
1791 3427 2062 3494 poterant

417 3513 536 3553 non
568 3493 1006 3550 ad'inleriorem
1041 3493 1231 3549 locum
1271 3493 1524 3548 detrudi.

489 3569 605 3638 (37)
638 3567 796 3621 Patet
826 3582 895 3638 ex
943 3564 1052 3620 boc
1110 3564 1253 3638 loco,
1309 3565 1635 3620 secundum
1688 3564 2062 3638 cerimoniale

419 3636 803 3712 ByZantinum
834 3637 1014 3712 hunc
1048 3636 1344 3712 _ordinem
1408 3641 1670 3712 respectu
1744 3636 2061 3708 legatorum

419 3707 742 3766 eiterorum
764 3709 946 3763 fuisse
971 3707 1248 3774 habitum,
1273 3712 1336 3761 ut
1358 3711 1608 3761 maxime
1639 3707 2064 3763 honorarentur

419 3783 730 3853 primoque
761 3779 884 3853 loco
917 3779 1270 3834 haberentur
1301 3780 1592 3853 Saraceni,
1628 3781 1762 3834 dein
1786 3780 2059 3853 Bulgari;

421 3852 646 3927 (neque
668 3853 723 3906 id
756 3852 1161 3927 mirum,_c‘um
1188 3852 1390 3927 ambae
1435 3855 1642 3927 gentes
1691 3853 1938 3921 proximi
1979 3852 2062 3906 illi

421 3922 493 3982 ab
525 3922 745 3982 oriente
783 3929 840 3977 et
889 3923 1151 3988 meridie,
1188 3922 1241 3975 hi
1292 3922 1361 3976 ab
1410 3923 1710 3977 occidente
1760 3928 1935 3993 atque
1981 3940 2063 3979 se-

421 3999 751 4068 ptentrione
771 3995 1218 4068 Byzantinorum
1233 3998 1431 4068 essent
1447 3993 1638 4060 vicini)
1651 3999 1796 4061 ,tum
1813 3997 2062 4068 denique

425 4065 653 4137 Franci,
687 4065 1042 4132 remetiores,
1077 4071 1134 4120 et
1169 4065 1442 4134 deinceps
1490 4067 1704 4132 caeteri,
1757 4076 1817 4121 ut
1867 4065 2060 4137 Russi,

420 4139 632 4208 Allani,
667 4138 925 4202 Armeni,
956 4144 1066 4192 etc.
1099 4138 1288 4192 Causa
1332 4153 1468 4209 ergo
1501 4155 1614 4192 non
1647 4143 1785 4203 erat,
1822 4143 1886 4192 ut
1934 4143 2062 4192 tan-

420 4216 616 4283 t0pere
671 4210 1045 4283 quiritaretur
1088 4214 1144 4263 et
1195 4209 1598 4283 indignaretur
1644 4209 2060 4283 Luitprandus,

423 4279 835 4338 Cremonensis
865 4281 1192 4351 episcopus,
1225 4279 1453 4350 legatus
1485 4279 1712 4334 Ottonis
1747 4279 1866 4334 I'ad
1901 4280 2064 4336 Nice-

465 4355 676 4411 horum
709 4353 958 4408 Phocam
993 4352 1157 4422 imp.,
1190 4357 1496 4422 propterea
1525 4355 1666 4420 quot
1704 4352 2065 4421 postpositus

467 4371 676 4411 norum
709 4371 958 4408 ΡΠΟΟᾶΠ]
993 4371 1157 4422 1mp.,
1190 4371 1496 4420 propterea
1525 4371 1666 4420 quos
1704 4371 2062 4421 ροδῑροειιυε

423 4371 744 4498 gulgaricis
774 4423 980 4498 legatis
1010 4425 1239 4498 fuisset.
1269 4421 1739 4498 Edicittypicum
1773 4429 2062 4498 nostrum,

423 4493 812 4570 Bulgarorum
845 4493 1301 4570 legatosstatim
1348 4497 1482 4570 post
1529 4493 1798 4562 patricios
1843 4495 2066 4570 debere

420 4569 482 4626 in
526 4564 693 4625 sacra
734 4583 934 4623 mensa
982 4564 1277 4628 collocari,
1327 4570 1384 4618 et
1442 4564 1794 4636 Francorum
1842 4564 2065 4636 legatos

2173 3367 2403 3421 quoque
2433 3353 2752 3421 Augustam
2785 3353 2910 3419 ejus
2941 3367 3180 3406 uxorem
3224 3350 3579 3423 compellat].
3613 3359 3817 3405 contu-

2171 3423 2417 3477 meliam.
2451 3452 2519 3461 —
2557 3423 2748 3476 Verum
2779 3423 2997 3477 domini
3024 3425 3153 3486 mei,
3185 3439 3371 3477 meam
3415 3438 3522 3476 non
3564 3423 3814 3477 conside-

2171 3510 2321 3559 rans,
2353 3493 2445 3566 sed
2478 3497 2733 3566 vestram,
2761 3495 3053 3562 iniuriam,
3099 3510 3350 3566 mensam
3389 3493 3620 3566 reliqui,
3655 3493 3816 3548 Cum-

2171 3581 2274 3636 que
2305 3565 2609 3633 indignans
2639 3565 2799 3620 abire
2825 3566 3044 3630 vellem,
3075 3567 3186 3622 Leo
3226 3565 3605 3636 Curapalates,
3638 3567 3814 3636 impe—

2170 3640 2374 3690 ratoris
2402 3639 2607 3702 frater,
2639 3642 2690 3692 et
2737 3639 2905 3692 Proto
2953 3654 2986 3692 α
3042 3639 3262 3693 secretis
3302 3637 3520 3693 Simeon
3566 3653 3704 3707 pone
3731 3652 3818 3692 me

2170 3713 2493 3778 sequuntur,
2527 3709 2638 3763 haec
2668 3709 2967 3764 latrantes:
3002 3731 3030 3758 ιι
3059 3710 3192 3764 Cum
3226 3708 3605 3779 Christophori
3633 3707 3818 3776 ﬁliam

2169 3781 2392 3850 Petrus,
2469 3781 2842 3849 Bulgarorum
2907 3780 3169 3846 Vasileus,
3224 3783 3506 3850 conjugem
3575 3779 3813 3846 duceret,

2172 3849 2458 3927 σύμφωνα,
2491 3851 2547 3927 id
2594 3861 2672 3906 est
2715 3851 3076 3908 coasonantia
3123 3851 3362 3927 [pacta],
3391 3849 3606 3927 ’Ascripto
3649 3851 3818 3927 jura-

2171 3921 2352 3978 men'to
2381 3925 2707 3993 conﬁrmata
2735 3927 2880 3988 sunt,
2901 3931 2960 3976 ut
2979 3921 3226 3977 omnium
3253 3921 3503 3992 gentium
3533 3921 3816 3992 apostolis,

2173 3994 2231 4049 id
2287 4003 2384 4060 est,
2441 3997 2680 4059 nuntiis,
2737 4009 2902 4064 penes
2973 4010 3072 4049 nos
3141 3995 3512 4063 Bulgarorum
3550 3994 3822 4064 apostoli

2169 4068 2588 4136 praponantur,
2637 4063 2995 4132 hon’orentur,
3055 4064 3395 4136 diligantur.
3447 4063 3822 4134 Bulgarorum

2170 4135 2267 4192 ille
2295 4135 2602 4204 apostolus,
2651 4152 2988 4206 quanquam,
3023 4143 3082 4190 ut
3113 4135 3252 4192 dicis
3280 4141 3330 4192 et
3360 4152 3552 4192 verum
3572 4145 3670 4204 est,
3698 4141 3819 4192 ton-

2169 4223 2283 4276 sus,
2317 4208 2516 4279 illotus,
2532 4216 2582 4262 et
2602 4215 2792 4262 catena
2814 4224 2964 4262 aenea
2985 4209 3200 4264 cinctus
3221 4208 3311 4276 sit,
3335 4208 3607 4279 patricius
3633 4217 3824 4262 tamen

2172 4287 2269 4347 est,
2301 4279 2396 4333 cui
2428 4277 2737 4348 episcopum
2747 4295 3089 4350 praponere,
3114 4277 3461 4336 Francorum
3487 4280 3820 4348 praesertim,

2172 4352 2328 4424 nefas
2349 4352 2717 4424 decernimus,
2753 4351 3089 4421 judicamus.
3122 4353 3190 4406 Et
3235 4353 3521 4424 quoniam
3563 4357 3618 4405 te
3651 4350 3713 4424 id
3742 4367 3826 4404 in-

2173 4421 2340 4492 digne
2368 4419 2522 4492 fcrre
2550 4419 2945 4493 cognoscimus,
2979 4439 3090 4477 non
3119 4433 3168 4478 te
3196 4419 3344 4478 nunc
3388 4422 3456 4477 ad
3497 4421 3823 4493 hospitium,

2175 4502 2234 4547 ut
2261 4503 2436 4563 putas,
2470 4492 2648 4548 redire
2693 4496 2953 4559 sinimus,
2986 4493 3079 4549 sed
3116 4495 3175 4549 in
3231 4493 3532 4564 diversorio
3591 4492 3824 4564 quodam

2176 4562 2299 4619 cum
2329 4565 2708 4640 imperatoriis
2745 4566 3109 4640 δενρίςίτοῖς
3135 4562 3467 4640 βασιλικοῖς]
3497 4562 3677 4640 cibum
3718 4581 3823 4634 gu-

425 4655 906 4712 unumquemque
936 4637 1260 4720 secundum
1294 4633 1637 4720 χειροτονίαν
1670 4652 1768 4690 seu
1803 4633 2064 4720 installa-
2099 4655 2144 4720 Ι)
2177 4643 2338 4720 stare
2369 4633 2766 4720 compellimus.
2819 4633 3027 4720 Quibus
3057 4633 3658 4720 oblinromparabilem
3702 4633 3824 4720 cor-

427 4707 652 4769 tionem
690 4707 880 4776 suam,
926 4708 1065 4764 nach
1113 4707 1331 4762 seiner"
1363 4707 1681 4777 Bestallung
1740 4709 1852 4763 und
1891 4711 2062 4764 Amle.

425 4785 556 4842 Jam
617 4787 739 4839 erat
788 4779 1183 4852 Luitprandus
1251 4781 1580 4852 episcopus.
1640 4781 1813 4852 Atqui
1886 4797 2067 4852 supra

423 4874 479 4928 p.
513 4857 640 4924 423,
685 4851 968 4928 dicuntur
1009 4851 1265 4923 episcopi
1308 4851 1487 4928 Graeci
1542 4851 1703 4928 sequi
1767 4851 2068 4928 protospa-

425 4924 679 4984 tharium
707 4924 1075 4982 sacellarium
1107 4932 1161 4978 et
1207 4925 1526 4990 praecedere
1574 4924 2070 4993 protospatharios

430 5004 699 5066 caeteros;
730 5003 789 5053 et
818 4997 876 5051 in
909 4995 1164 5068 imagine
1195 4993 1542 5068 Bavennatis
1589 4994 1840 5068 ecclesiae
1889 4996 2071 5068 Justi-

425 5073 669 5128 nianum
704 5069 1013 5125 exhibente
1038 5065 1319 5137 poculum
1354 5081 1594 5120 aureum
1642 5065 1896 5121 ecclesiae
1929 5067 2070 5123 oll‘e-

428 5151 676 5210 rentem,
708 5141 857 5212 apud
892 5138 1277 5212 Alemannum
1299 5139 1392 5212 ad
1433 5137 1668 5208 Procop.
1700 5154 1756 5208 p.
1815 5140 2070 5212 72,7cle-

427 5215 531 5271 rici
567 5220 630 5270 ut
660 5209 961 5269 inferiores
982 5211 1054 5265 ad
1086 5209 1566 5282 imp._sinistram
1593 5214 1770 5276 stant,
1795 5211 2070 5282 spatbarii

424 5288 496 5342 ad
547 5288 829 5354 dextram,
879 5288 942 5338 ut
995 5280 1414 5354 honoratiores.
1467 5281 1614 5351 Ergo
1665 5296 1779 5336 non
1826 5280 2072 5354 ‘poterat

421 5357 822 5430 Luitprandus
847 5354 1133 5430 altiorem,
1167 5369 1343 5424 quam
1369 5353 1520 5430 inter
1551 5353 2067 5430 protospatharios,

418 5423 611 5486 locum
663 5428 1017 5493 desiderare,
1052 5423 1317 5496 adeoque
1361 5429 1494 5496 post
1555 5423 1836 5494 Bulgaros
1891 5426 2069 5481 collo-

420 5503 646 5557 candus
676 5508 816 5566 erat,
852 5499 947 5568 qui
981 5497 1132 5550 inter
1155 5495 1656 5568 protospatbarios
1688 5500 1745 5548 et
1795 5498 2068 5567 patricios

424 5575 602 5629 medii
635 5577 820 5628 erant.
847 5566 1164 5624 Audiamus
1198 5569 1391 5638 ipsum
1425 5567 1552 5634 ejus
1575 5566 2071 5624 locumflllustra-

420 5646 510 5701 bit
540 5650 723 5700 totum
759 5643 866 5697 hoc
899 5637 1330 5710 negotiumsMe
1354 5637 1415 5692 in
1439 5639 1681 5693 invisam
1714 5638 1956 5706 domum,
1991 5640 2072 5695 ait

422 5735 481 5788 p.
545 5717 669 5784 481,
723 5709 1102 5788 praeceperunt
1135 5709 1392 5788 reducit
1433 5726 1750 5788 magnaque
1808 5713 2072 5788 custodiri

425 5781 846 5857 cautela'usque
874 5781 937 5840 in
977 5785 1304 5857 Sanctorum
1355 5781 1740 5857 Apostolorum
1787 5782 2070 5855 religiosis

429 5862 643 5918 cunctis
689 5853 956 5917 celebrem
997 5857 1163 5913 diem.
1216 5855 1332 5922 Qua
1389 5853 1716 5911 celebritate
1798 5853 2072 5912 me'satis

2179 4708 2543 4781 di‘sddolorem
2574 4708 2719 4781 nihil
2762 4709 3036 4778 respondi,
3068 4708 3162 4763 sed
3209 4725 3330 4781 qua:
3363 4709 3647 4781 jusserunt
3679 4707 3820 4781 feci,

2176 4779 2472 4846 indignum
2492 4780 2751 4849 judicans
2783 4797 3049 4848 mensam,
3074 4797 3182 4850 qua
3209 4779 3317 4834 non
3349 4780 3468 4836 dico
3496 4779 3636 4834 mihi
3668 4779 3821 4833 Luit-

2178 4851 2391 4922 prando
2445 4853 2688 4920 episcopo
2746 4851 3208 4923 [catechumenus,
3258 4852 3380 4906 haec
3437 4867 3542 4905 vox
3599 4850 3824 4906 videtur

2180 4923 2488 4995 excidisse,
2523 4923 2624 4978 sed
2657 4923 2986 4995 necessario
3019 4923 3258 4995 requiri]
3304 4923 3396 4977 sed
3447 4923 3822 4995 Bulgarorum

2179 4993 2415 5048 nuntius
2435 4998 2611 5049 vestro
2638 4994 2982 5065 praponitur
2999 4993 3218 5065 nuntio.
3238 4993 3344 5048 Sed
3371 4994 3563 5049 lenivit
3583 4993 3825 5049 dolorem

2181 5082 2362 5142 meum
2394 5065 2706 5142 imperator
2729 5064 2948 5142 sanctus
2977 5066 3029 5138 [6
3074 5064 3434 5142 αὐτοκράτωρ
3481 5066 3570 5120 vel
3669 5065 3826 5142 βασι-

2181 5133 2307 5210 λεὺς
2340 5136 2367 5189 ὁ
2400 5133 2577 5210 ἅγιος,
2604 5137 2808 5210 irridet
2841 5133 3092 5210 Graecos]
3121 5133 3350 5193 munere
3378 5133 3579 5210 magno
3608 5133 3827 5210 [omnia

2180 5207 2302 5263 haec
2334 5207 2551 5264 ironice
2585 5209 2786 5277 dicta],
2836 5207 3236 5266 mittens'mihi
3290 5226 3360 5266 ea:
3415 5207 3828 5266 delicatissimis

2179 5280 2295 5354 suis
2325 5281 2460 5335 cibis
2488 5280 2705 5335 turdum
2732 5283 3018 5354 pinguem,
3050 5297 3120 5337 ex
3173 5297 3283 5354 quo
3339 5281 3452 5352 ipse
3501 5282 3829 5354 comederint,

2180 5351 2340 5420 allio,
2369 5367 2516 5422 cepe,
2540 5351 2741 5422 porris
2767 5353 2916 5408 laute
2951 5351 3394 5424 suﬂarcinatum,
3426 5369 3566 5422 gara
3613 5352 3830 5408 delibu-

2179 5430 2321 5488 tum,
2355 5440 2513 5494 quem
2543 5429 2738 5478 vestra:
2770 5425 2899 5479 tunc
2927 5441 3128 5479 mensae
3157 5427 3334 5480 inesse
3384 5427 3584 5494 aptavi,
3619 5428 3702 5488 ut,
3733 5425 3834 5494 qui

2180 5497 2416 5550 delicias
2446 5498 2624 5551 sancti
2655 5495 3012 5561 imperatoris
3044 5500 3223 5551 tantas
3253 5497 3350 5568 [ita
3393 5495 3520 5565 lego
3557 5511 3675 5568 pro
3707 5494 3835 5566 fau-

2178 5567 2307 5637 stas]
2339 5582 2452 5621 esse
2479 5583 2590 5620 non
2629 5569 2880 5632 creditis,
2929 5569 3123 5622 saltem
3175 5564 3270 5623 his
3299 5564 3594 5637 perspectis
3644 5564 3835 5621 crede-

2180 5639 2335 5692 retis.
2369 5641 2680 5693 Transactis
2711 5655 2842 5708 ergo
2871 5643 2986 5694 octo
3009 5640 3226 5702 diebus,
3258 5654 3381 5693 cum
3430 5637 3669 5707 Bulgari
3707 5637 3832 5708 jam

2179 5711 2444 5777 abessent,
2503 5714 2710 5779 putans
2765 5727 2852 5766 me
2908 5728 3149 5766 mensam
3210 5709 3576 5778 magniﬁcare
3646 5725 3826 5779 suam,

2181 5783 2239 5838 in
2272 5781 2452 5839 eodem
2488 5782 2598 5839 loco
2631 5799 2714 5839 me
2736 5786 2869 5840 satis
2895 5787 3155 5855 wgrotam
3187 5783 3470 5839 convivari
3493 5783 3684 5852 coegit.
