4124 6386
385 495 538 557 1359

1452 479 1978 546 CONSTANTINI
2028 473 2732 536 PORPHYROGENITI

3645 470 3804 534 i360

380 631 760 703 exposuimus
807 643 1225 700 sacrorumque
1291 622 1687 682 conviviorum
1756 619 2023 674 decorem

2145 606 2190 664 ἒν
2238 612 2359 672 ταῖς
2404 605 2692 685 καθὲδραις
2741 602 2983 684 ἀκριϐῶς
3040 605 3346 682 ἐξεθέμεθα,
3403 608 3495 665 καὶ
3541 609 3641 679 τήν
3693 613 3804 665 τῶν

381 725 557 794 atque
587 721 1064 778 constitutionem
1118 717 1284 776 vobis
1332 713 1743 770 exhibuimus:
1777 706 2028 779 agedum

381 820 631 873 narrabo
647 817 810 874 vobis
825 831 1075 887 quoque,
1093 810 1387 884 quomodo
1404 807 1630 881 species
1646 805 2026 876 dignitatum,

383 923 510 978 quas
544 909 600 962 in
633 922 987 978 unoquoque
1017 906 1110 960 die
1144 905 1286 958 festo
1317 901 1388 956 ad
1425 912 1688 954 mensam
1721 892 1912 950 vocari
1943 907 2030 946 so-

384 995 530 1064 lent,
563 1002 620 1052 et
653 997 1038 1052 multiformes
1070 1009 1270 1050 earum
1303 986 1802 1058 vestitus,quibus
1823 997 2028 1054 quam-

384 1102 498 1157 que
529 1086 895 1142 introducere
944 1087 1228 1156 oporteat.
1264 1078 1542 1150 Incipiam
1596 1081 1792 1130 autem
1840 1073 1912 1128 ab
1961 1086 2027 1124 eo

384 1176 529 1242 loco,
564 1176 620 1230 in
654 1192 770 1247 quo
792 1176 1063 1248 primitias
1106 1172 1313 1227 divinis
1370 1168 1562 1241 gratias
1624 1179 1750 1220 sese
1810 1162 2028 1218 mundo

382 1273 707 1321 monstrare
737 1267 1054 1336 cmperunt,
1087 1261 1320 1333 quando
1353 1259 1529 1314 etiam
1564 1273 1598 1310 a
1629 1256 1744 1310 Deo
1779 1250 2030 1324 promoti

380 1358 438 1410 et
466 1354 847 1410 sacratissimi
880 1352 1068 1409 nostri
1096 1351 1474 1421 imperatores
1507 1345 1874 1400 mundanum
1900 1340 2030 1404 hoc,

379 1441 440 1498 id
469 1451 549 1500 est
584 1445 642 1498 in
674 1442 894 1498 mundo
921 1440 1158 1512 quidem
1207 1437 1564 1502 subsistens,
1597 1437 1850 1487 attamen
1901 1427 2032 1499 plus

383 1547 560 1602 quam
593 1531 956 1586 mundanum
988 1527 1330 1585 solemniter
1358 1524 1722 1580 celebrantes
1753 1519 2031 1592 gaudium

383 1620 456 1675 ad
487 1618 814 1690 exemplum
846 1619 1131 1675 adventus
1151 1614 1367 1671 Christi
1391 1615 1460 1669 ad
1480 1611 1774 1678 homines,
1801 1607 2036 1664 univer-

383 1707 534 1765 sales
564 1708 696 1764 illas
726 1707 928 1778 epulas
958 1704 1275 1778 corporalis
1305 1702 1663 1773 exceptionis
1689 1708 1744 1755 et
1774 1697 2038 1755 conviva-

381 1797 559 1924 tionits
589 1796 860 1854 ﬁdelibus
907 1797 967 1853 in
1013 1809 1328 1852 commune
1371 1790 1664 1864 explicant
1711 1792 1767 1845 et
1824 1803 2036 1860 propo-

382 1884 502 1924 nun
538 1913 552 1924 .

382 1884 552 1927 nunt.

379 1961 606 2015 Festum
625 1959 948 2016 Nativitatis
994 1956 1222 2022 Christi,
1271 1957 1331 2012 in
1373 1969 1479 2027 quo
1527 1969 1624 2008 xxx
1682 1950 2034 2007 accubituum

906 2032 1075 2102 dapes
1105 2033 1511 2102 proponuntur.

455 2121 692 2194 Oportet
718 2121 920 2193 itaque
953 2136 1080 2186 nos,
1113 2118 1310 2186 amici,
1343 2115 1648 2188 splendido
1681 2112 1780 2170 illo
1823 2116 1880 2168 et
1910 2110 2032 2183 glo-

381 2213 537 2269 rioso
568 2212 661 2268 die
691 2210 1024 2267 Nativitatis
1055 2208 1288 2276 Christi,
1323 2205 1555 2278 quando
1581 2202 1912 2259 multifarias
1947 2201 2034 2255 in-

384 2303 810 2375 comparabiles
840 2319 938 2358 xrx
969 2301 1349 2358 accubituum
1383 2300 1564 2370 dapes
1609 2303 2033 2369 proponuntur,

385 2395 641 2466 primum
672 2393 909 2465 quidem
940 2392 1090 2463 apud
1137 2405 1367 2446 sacram
1419 2403 1684 2444 mensam
1730 2384 1913 2452 mixti,
1947 2385 2036 2438 in—

382 2487 594 2556 Magna
615 2481 874 2537 Ecclesia
895 2487 1257 2552 apparatam,
1285 2479 1358 2534 ad
1390 2476 1822 2549 coepulandum
1847 2473 2035 2531 domi-

385 2575 480 2632 nis
512 2574 725 2630 nostris
757 2573 972 2629 Christi
1003 2571 1344 2627 amantibus
1393 2585 1658 2642 proceres
1690 2569 1839 2623 sacri
1867 2583 2037 2623 sena-

385 2667 505 2729 tus,
537 2678 783 2719 numero
813 2661 1120 2717 duodecim
1152 2677 1410 2727 evocare,
1447 2663 1507 2714 ut
1537 2657 1865 2728 magistros,
1892 2673 2038 2728 pra:-

386 2752 631 2826 positos,
664 2749 1040 2824 proconsules
1071 2749 1368 2822 patricios,
1393 2751 1704 2818 strategos,
1738 2745 2036 2811 ofﬁciales,

383 2859 532 2915 quos
563 2857 863 2898 assumere
915 2839 1166 2896 dominis
1212 2839 1403 2895 visum
1463 2837 1669 2906 fuerit;
1720 2836 1852 2891 dein
1903 2850 2036 2891 vero

385 2929 928 2998 illosintroducere,
943 2932 1160 3000 absque
1175 2929 1298 2984 suis
1330 2934 1527 2983 tamen
1548 2928 1762 2997 cuique
1793 2924 2040 2996 propriis

387 3020 825 3093 chlamydibus,
859 3020 959 3075 sed
993 3021 1051 3074 in
1079 3017 1222 3074 solis
1259 3015 1540 3073 camisiis.
1573 3017 1629 3069 Si
1663 3019 1859 3070 autem
1891 3024 2040 3070 stra-

385 3110 502 3182 tegi
533 3111 767 3182 quidam
801 3109 1033 3166 excitati
1053 3109 1287 3172 fuerint,
1332 3104 1859 3162 introducantorin
1913 3105 2038 3161 suis

385 3199 807 3272 scaramangiis
838 3215 974 3255 cum
1005 3197 1322 3269 drungario
1354 3195 1583 3268 vigiliae.
1618 3195 1699 3250 Ad
1738 3194 2040 3250 venerabi-

391 3289 504 3344 lem
531 3305 629 3344 χιχ
659 3289 1034 3344 accubituum
1069 3303 1336 3343 mensum
1369 3290 1595 3349 Oportet
1625 3303 1732 3341 nos
1764 3288 2040 3342 advocare

2065 2002 2113 2067 Β

2138 698 2296 772 ἰερῶν
2363 698 2662 773 βασιλικῶν
2719 697 3049 773 κλητωρίων
3103 697 3412 753 εὐστάθειαν
3477 700 3567 753 καὶ
3635 702 3806 754 κατά-

2139 811 2321 845 στασιν
2387 791 2516 863 ὑμῖν
2578 789 2952 863 ὑπεδείξαμεν,
3012 790 3140 869 φέρε
3197 787 3264 860 δὴ
3327 791 3418 846 καὶ
3477 793 3574 855 τὰς
3654 789 3804 855 ἰδέας

2137 885 2243 936 τῶν
2306 880 2386 957 ἐφ’
2444 882 2640 956 ἑκάστῃ
2704 883 2866 956 ἐορτῇ
2929 881 3390 954 κικλησκομὲνων
3474 881 3802 955 ἀξιωμάτων

2137 970 2354 1032 καὶτὰς
2386 972 2592 1026 τούτων
2631 969 2944 1032 πολυειδεῖς
2992 971 3286 1045 ἀμφιάσεις
3339 973 3493 1034 ’ὁπως
3544 969 3627 1027 δεῖ
3678 995 3803 1027 συν-

2137 1059 2374 1134 εισάγειν
2408 1060 2459 1116 ἐν
2490 1068 2608 1124 τοῖς
2641 1059 3011 1136 κλητωρίοις,
3045 1067 3230 1138 σαφῶς
3267 1061 3394 1135 ὑμῖν
3437 1060 3802 1136 διηγήσομαι.

2136 1151 2409 1225 "Aperiunt:
2465 1149 2508 1205 δ’
2560 1149 2798 1216 ἐντεῦθεν
2834 1153 2920 1206 καὶ
2984 1153 3018 1220 ἡ
3076 1158 3178 1220 τῆς
3242 1152 3390 1216 θείας
3437 1153 3668 1227 χάριτος
3721 1158 3804 1225 τῷ

2139 1240 2333 1312 κόσμῳ
2393 1241 2649 1319 ἐπέφανεν
2701 1241 2949 1316 ἀπαρχὴ,
2998 1241 3066 1310 ἧς
3120 1240 3210 1296 καὶ
3266 1242 3318 1295 οἱ
3389 1240 3799 1318 Θεοπρὸϐλητοι

2139 1330 2227 1385 καὶ
2297 1331 2563 1386 θειότατοι
2631 1333 2792 1404 ἡμῶν
2866 1329 3112 1406 βασιλεῖς
3180 1331 3280 1399 τὴν
3349 1329 3640 1407 ἒγκόσμιον
3704 1332 3801 1386 καὶ

2147 1418 2510 1493 ὑπερκόσμιον
2553 1418 2752 1489 ταύτην
2803 1419 3263 1494 πανηγυρίζοντεθ
3319 1421 3611 1498 χαρμονην
3661 1421 3801 1475 κατὰ

2147 1506 2378 1580 μίμησιν
2449 1514 2543 1576 τῆς
2602 1511 2840 1584 Χριστοῦ
2897 1509 3034 1583 πρὸς
3093 1507 3418 1583 ἀνθρώπους
3476 1507 3798 1582 ἐπιδημίας,

2142 1600 2297 1671 κοινῇ
2371 1597 2470 1665 τήν
2549 1595 2835 1652 πανδεσίαν
2913 1603 3027 1660 τοῖς
3104 1603 3320 1660 πιστοῖς
3377 1596 3800 1679 ἐνραπλώσαντες

2143 1692 2468 1742 κοινωνοῦσι
2507 1693 2607 1758 τῆς
2641 1693 2962 1762 σωματικῆς
2995 1688 3303 1750 ἑστιάσεως.

2144 1957 2209 2015 Ἡ
2242 1955 2519 2020 Γενέθλιος
2539 1963 2648 2034 Δτοῦ
2697 1962 2941 2034 Χριστοῦ
2973 1958 3192 2034 Δὴμέρα,
3253 1956 3305 2034 ἐν
3355 1960 3394 2030 ᾖ
3444 1959 3807 2034 προτίθονται

2501 2031 2555 2084 αἱ
2585 2034 2692 2086 τῶν
2825 2026 3132 2086 ἀκουϐίτων
3166 2026 3421 2094 ἐκθέσεις.

2217 2124 2306 2174 Δεῖ
2334 2119 2438 2195 γὰρ
2475 2121 2635 2192 ὑμᾶς,
2688 2142 2731 2174 ω
2773 2119 2950 2200 φίλοι,
3002 2119 3051 2174 ἐν
3093 2119 3260 2196 ταύτῃ
3313 2123 3381 2193 τῇ
3432 2119 3666 2197 λαμπρᾷ
3713 2121 3806 2176 καὶ

2143 2207 2413 2283 περιδὸξῳ
2461 2214 2570 2264 τῶν
2627 2213 2867 2284 Χριστοῦ
2918 2209 3214 2266 Γενεθλίων
3267 2209 3474 2285 ἡμέρᾳ,
3528 2210 3691 2280 ἡνίκα
3747 2212 3805 2266 αἱ

2143 2296 2512 2374 πολυσχεδεῖς
2564 2299 2655 2354 καὶ
2711 2299 2932 2370 ἐξαίσιοι
2972 2304 3084 2355 τῶυ
3129 2302 3192 2354 ιθ¹
3241 2299 3591 2374 προτίθονται
3640 2299 3806 2356 ἀκου-

2145 2380 2310 2440 ϐίτιην
2369 2384 2626 2457 ἐκθέσεις,
2685 2386 2735 2441 ἐν
2801 2388 2894 2459 μὲν
2955 2391 3024 2462 τῇ
3081 2387 3343 2462 βασιλικῇ
3402 2387 3641 2464 τραπέζῃ
3702 2394 3804 2444 τοῦ

2143 2479 2421 2553 κράματος
2460 2484 2560 2547 τῆς
2611 2477 2876 2555 Μεγάλης
2923 2478 3254 2551 Ἐκκλησίας
3303 2479 3490 2537 καλεῖν
3543 2481 3620 2544 εἷς
3675 2503 3805 2536 συν-

2145 2569 2380 2622 εστίασιν
2421 2572 2527 2623 τῶν
2579 2567 2959 2644 φιλοχρίστων
3019 2572 3180 2643 ἡμῶν
3227 2568 3498 2645 βασιλέων
3553 2573 3808 2648 μεγιστά-

2143 2678 2233 2719 νας
2265 2657 2324 2712 ἐκ
2353 2663 2452 2726 τῆς
2489 2657 2782 2732 βασιλικῆς
2824 2658 3134 2732 συγκλήτου
3188 2659 3278 2715 τὸν
3332 2659 3564 2735 ἀριθμὸν
3614 2662 3682 2736 ιβ’
3734 2663 3806 2734 κ,

2148 2749 2268 2802 οἷον
2333 2747 2690 2822 μαγίστρους,
2739 2749 3154 2823 πραιποσίτους,
3212 2750 3550 2811 ἀνθυπάτους
3616 2771 3814 2824 πατρι-

2147 2838 2322 2906 κίους,
2367 2839 2729 2912 στρατηγοὺς,
2784 2837 3192 2915 ὀφφικιαλίους,
3246 2838 3338 2900 οὕς
3387 2837 3446 2894 ἄν
3500 2837 3629 2915 δόξῃ
3679 2841 3808 2904 τοὺς

2145 2927 2546 3006 αὒτοκρᾶτορας
2623 2926 3026 3003 λαμϐάνεσθαι·
3105 2931 3337 3007 εἷ’σάγειν
3439 2929 3495 2986 δὲ
3588 2931 3808 3004 αὐτοὺς,

2145 3016 2268 3074 ἄνευ
2306 3017 2488 3091 μέντοι
2517 3023 2625 3073 τῶν
2680 3019 2896 3075 οἰκείων
2943 3018 3250 3095 χλαμύδων
3306 3023 3442 3094 (38),
3494 3021 3810 3096 ἠμφιεσμέ-

2143 3128 2270 3170 νους
2305 3105 2361 3162 δὲ
2389 3107 2455 3162 τὰ
2483 3108 2714 3180 καμίσια
2743 3109 2835 3163 καὶ
2885 3108 3045 3182 μόνα.
3100 3110 3165 3166 Εἰ
3213 3107 3270 3164 δὲ
3318 3109 3539 3187 τύχοιεν
3573 3131 3804 3186 στρατη·

2146 3196 2235 3271 γοὶ
2297 3195 2651 3268 κεκλημένοι,
2716 3198 2851 3269 μετὰ
2907 3201 3016 3252 τῶν
3077 3196 3291 3252 οἰκείων
3379 3200 3804 3275 σπαραμαγγίων

2149 3285 2546 3361 εἶσαγέσθωσαν
2582 3285 2673 3340 σῦν
2703 3291 2780 3357 τῷ
2813 3283 3154 3361 δρουγγαρίῳ
3192 3292 3292 3356 τῆς
3325 3285 3550 3362 βίγλης.
3604 3290 3692 3344 Ἐν
3747 3287 3807 3343 δὲ

386 3377 503 3432 duo
533 3377 772 3449 quidem
805 3377 1136 3447 magistros,
1167 3375 1544 3448 proconsules
1566 3374 1860 3445 patricios,
1892 3379 2034 3430 stra-

2145 3380 2210 3449 τῇ
2244 3382 2350 3432 τῶν
2398 3377 2460 3440 ιθ’
2508 3371 2813 3430 ἀκουϐίτων
2867 3376 3176 3450 τιμιωτάτῃ
3231 3377 3472 3452 τραπέζῃ
3508 3375 3610 3446 δεῖ,
3663 3379 3807 3451 ὑμᾶς

385 3470 551 3538 tegos
582 3471 778 3521 autem
829 3482 954 3532 sex,
991 3464 1208 3520 amicos
1263 3465 1350 3520 vel
1405 3464 1628 3536 legatos
1686 3479 1716 3518 θ
1760 3463 2032 3536 Bulgaria

389 3554 528 3625 duo,
551 3555 792 3610 tandem
822 3553 1096 3611 officiales
1127 3555 1198 3608 de
1227 3554 1431 3610 ordine
1463 3553 1772 3624 logothetas
1801 3554 1883 3608 rei
1929 3554 2036 3609 mi-

385 3642 595 3714 litaris,
630 3650 732 3702 aut
757 3649 814 3700 et
844 3644 976 3700 aliis
1009 3644 1382 3700 inferioribus
1415 3644 1622 3700 ciliciis
1649 3645 1787 3712 duo,
1819 3661 1933 3715 quo
1965 3646 2037 3699 ad

385 3735 654 3792 eamdem
702 3750 834 3791 cum
886 3733 1126 3791 domino
1176 3751 1432 3791 mensam
1478 3733 1826 3790 accumbant
1871 3733 2040 3788 amici

2141 3463 2327 3520 καλεῖν
2361 3485 2693 3540 μαγιστρους
2731 3462 2849 3534 δύο,
2885 3465 3226 3527 ἀνθυπάτους
3257 3467 3808 3542 πατρικίους,στρατ-

2149 3553 2316 3629 ηγοῦς
2341 3548 2417 3625 ἔξ,
2458 3553 2813 3630 Βουλγοὶρους
2866 3553 3060 3631 φίλους
3096 3553 3212 3625 δύο,
3260 3555 3646 3634 ὀφφικιαλίους
3695 3557 3808 3613 ἀπὸ

2147 3650 2247 3712 τῆς
2277 3641 2374 3698 τοῦ
2427 3648 2817 3718 στρατιωτικοῦ
2878 3642 3175 3719 λογοοὲτου
3233 3645 3432 3719 τάξεως
3491 3649 3582 3702 καὶ
3635 3669 3813 3702 κατω-

2146 3732 2288 3807 τέρω
2321 3730 2439 3801 δύο,
2472 3735 2632 3808 πρὸς,
2671 3736 2734 3790 τὸ
2777 3732 3244 3804 συνανακληθῆναι
3457 3742 3538 3809 τῷ
3591 3736 3815 3814 βασιλεῖ

1741 3856 1987 3913 VARUS
2045 3857 2449 3914 LEC'l'lONES.

457 3979 506 4016 οδ
539 3979 609 4056 ιβ’
639 3979 792 4050 conj.
828 3979 895 4034 R.
933 3972 997 4032 ιδ’
1027 3977 1154 4034 ccd.
1188 3979 1246 4034 et
1273 3977 1364 4034 ed.

1429 4095 1627 4151 JOAN.
1667 4095 1814 4151 JAC.
1860 4095 2125 4152 REISKII
2166 4093 2752 4151 COMMENTARIUS.

461 4227 571 4298 (38)
603 4225 729 4282 Non
760 4223 1194 4298 licebatqcoram
1229 4223 1570 4298 imperatore
1619 4223 1690 4298 i_n_
1710 4221 2044 4298 chlamyde,

391 4293 646 4354 ut've'ste
677 4298 892 4353 extima
909 4302 965 4351 et
983 4295 1238 4362 honoris,
1273 4302 1450 4363 stare,
1476 4295 1573 4349 sed
1605 4293 1652 4348 si
1678 4294 1735 4348 in
1755 4294 1882 4362 ejus
1904 4310 2045 4347 con-

391 4369 1032 4441 spectumveniendum
1052 4373 1230 4432 esset,
1254 4366 1519 4437 chlamys
1539 4365 1784 4441 debebat
1799 4365 2042 4441 deponi;

392 4435 457 4497 ιιί
487 4459 594 4498 nos
625 4441 797 4496 hodie
827 4438 1090 4511 gladium
1125 4443 1180 4493 et
1211 4435 1472 4511 cannam;
1493 4437 1768 4511 ponimus
1804 4437 1876 4511 ad
1909 4435 2043 4511 illu-

391 4517 567 4586 strem
603 4514 788 4586 virum
823 4505 1417 4586 adituri.'Historiarn
1450 4505 2042 4586 Rebertiﬁuiscardi,

392 4585 463 4640 ad
497 4585 756 4640 Alexium
787 4579 1144 4638 Comnenum
1179 4580 1422 4635 admissi
1471 4585 1529 4634 et
1578 4579 1817 4648 pallium
1871 4595 2042 4633 suum

392 4657 505 4712 sibi
537 4655 991 4720 substernentis,
1033 4671 1160 4723 qua}
1204 4654 1639 4723 quodammodo
1691 4651 1803 4705 huc
1864 4652 2041 4723 etiam

393 4729 666 4800 pertinet,
718 4728 878 4800 eDuA
901 4721 1120 4796 Cangio
1151 4721 1454 4800 v.:B_ancus
1483 4723 1620 4800 alibi
1653 4723 1710 4776 in
1745 4723 1837 4800 his
1871 4721 2026 4800 notis

395 4796 586 4856 retuli.
619 4801 689 4854 Et
720 4799 763 4854 si
799 4797 883 4854 vel
909 4802 1161 4852 maxime
1191 4796 1543 4867 chlamydati
1594 4796 2025 4859 accumbcrent,

401 4881 588 4928 tamen
620 4871 692 4927 ad
743 4871 965 4925 illatum
1026 4868 1282 4938 primum
1341 4866 1626 4922 ferculum
1687 4867 2043 4936 deponenda

399 4949 565 5016 erant
600 4942 961 5016 chlamydes,
985 4944 1276 5016 autetiam
1301 4945 1608 5016 antequam
1716 4938 2043 5016 inferretur.

400 5013 657 5082 Insignis
690 5019 776 5068 est
801 5009 969 5069 locus
999 5011 1194 5067 Nostri
1227 5028 1282 5083 p.
1319 5011 1441 5077 162,
1474 5026 1586 5079 quo
1619 5009 1849 5076 dicitur,
1889 5012 2046 5078 post-

403 5099 579 5152 quam
606 5083 678 5137 ad
700 5101 934 5140 mensas
959 5088 1112 5139 esset
1134 5099 1448 5139 assessurr.
1475 5083 1808 5152 praefectum
1838 5096 2046 5135 menses

397 5155 573 5224 jussu
606 5153 973 5222 imperatoris
1005 5156 1359 5211 exclamasse
1385 5156 1607 5209 :Exuite
1626 5152 1913 5208 chlanidia
1940 5167 2046 5207 ves-

400 5224 710 5280 tra.Tunc
741 5228 1061 5282 surrexisse
1084 5244 1288 5283 omnes
1345 5232 1402 5281 et
1440 5227 1670 5281 exuisse
1726 5233 1780 5281 et
1837 5225 1937 5279 illa
1994 5231 2046 5278 et

401 5293 704 5375 saga,qqui.
732 5295 804 5350 iis
837 5298 1267 5375 indutiessent.
1319 5297 1450 5352 Haec
1509 5297 1802 5375 accepisse
1846 5294 2046 5375 regios

400 5366 777 5438 engistiarios
808 5371 862 5431 et
893 5369 1205 5425 tradidisse
1247 5370 1604 5425 asservanda
1638 5366 1762 5423 suis
1793 5366 2044 5421 admini-

401 5437 541 5497 stris
573 5440 630 5493 in
665 5438 884 5510 Scylis;
919 5441 1068 5493 conf.
1105 5457 1158 5509 p.
1202 5442 1268 5494 42
1299 5448 1355 5496 et
1403 5442 1491 5502 47,
1547 5445 1665 5495 tam
1718 5437 2047 5494 reverentia

400 5530 537 5585 erga
570 5513 736 5585 imp.,
770 5527 945 5581 quam
997 5512 1422 5585 commoditatis
1465 5513 1670 5582 gratia,
1704 5516 1769 5565 ut
1803 5510 2045 5585 expedi-

400 5582 521 5640 tius
553 5583 926 5653 epularentur
959 5585 1017 5635 et
1046 5583 1298 5651 amplius
1335 5585 1601 5638 sederent
1650 5583 1930 5653 convivae.
1955 5582 2048 5635 Sic

403 5652 620 5710 dicitur
651 5673 705 5725 p.
740 5655 828 5722 47,
863 5653 1190 5722 patriarcha
1221 5655 1555 5725 imperatori
1589 5669 1887 5708 assessum
1922 5652 2046 5706 iens

403 5726 815 5795 omophorium
849 5728 1135 5792 deponere
1154 5728 1221 5795 et
1253 5741 1497 5788 surgens
1529 5727 1598 5777 de
1651 5741 1852 5779 mensa
1884 5739 2043 5777 resu-

405 5793 587 5850 mere.
622 5796 748 5862 Ipse
780 5797 1089 5864 imperator
1118 5793 1421 5863 chlamyde
1453 5797 1633 5863 posita
1664 5796 1720 5848 in
1742 5795 2046 5857 dibetesio,

402 5880 618 5938 genere
635 5862 1250 5935 tunicas,'epulabatur,
1275 5862 1334 5919 ut
1355 5879 1386 5918 e
1408 5862 1787 5936 sequentibus
1799 5868 2044 5923 constat.

2061 4764 2112 4827 D

2153 4219 2394 4292 Veteres
2426 4235 2658 4292 quoque
2690 4220 2930 4276 Romani
2976 4225 3077 4278 aut
3109 4223 3166 4277 in
3211 4224 3542 4280 cmnatoriis
3576 4241 3820 4281 accum-

2155 4291 2390 4365 bebant,
2427 4291 2631 4365 autgsi
2660 4293 2856 4365 togati,
2892 4293 3091 4349 saltim
3139 4299 3274 4364 toga
3323 4297 3659 4365 submissa;
3693 4298 3813 4355 vid.

2154 4362 2477 4437 Salmasiad
2512 4364 2633 4437 Scr.
2669 4363 2815 4437 Hist.
2851 4367 2990 4437 Aug.
3024 4372 3066 4420 t.
3101 4366 3142 4431 Ι,
3303 4368 3394 4424 95.

2157 4503 2168 4516 .
2225 4435 2346 4516 (3εῆ)⁹
2374 4435 2546 4516 Graeci
2582 4436 2754 4516 medii
2781 4435 2885 4489 aevi
2909 4435 3298 4516 sedebant,_ut
3324 4457 3451 4516 nos,
3477 4441 3811 4516 admensus

2153 4505 2211 4559 in
2247 4505 2485 4586 reliquis
2517 4508 3067 4586 quidem-conviviis
3091 4529 3105 4577 ;
3133 4509 3276 4586 _a_tin
3301 4505 3662 4567 solemnibus
3686 4513 3808 4568 illis

2154 4577 2435 4631 conviviis
2469 4577 2874 4649 imperialibus
2900 4580 2964 4633 19
2985 4581 3358 4637 accubituum
3383 4585 3806 4640 accunibebant

2155 4663 2220 4728 ex
2248 4649 2430 4728 veteri
2463 4666 2618 4728 _mor_e
2661 4649 2943 4728 Romano.
2978 4652 3168 4728 Claris
3213 4653 3407 4728 verbis
3444 4657 3499 4709 id
3535 4656 3805 4728 perhibet

2156 4719 2550 4801 Luitprandus
2655 4738 2728 4788 vr,
2764 4721 2911 4778 Hist.
2938 4739 2986 4778 c.
3018 4724 3072 4788 3,
3107 4741 3281 4795 quem
3305 4725 3496 4782 locum
3531 4719 3807 4801 quamvis

2155 4791 2284 4846 aliis
2311 4795 2435 4860 jam
2471 4793 2767 4846 laudatum
2811 4811 2923 4848 non
2960 4791 3196 4864 possum
3238 4802 3431 4853 tamen
3482 4791 3595 4855 no-n
3629 4799 3807 4855 ascri-

2157 4864 2309 4918 bere.
2349 4865 2614 4945 lmpensc
2639 4867 2799 4945 enim
2837 4882 2956 4945 rem
2991 4873 3251 4945 nostram
3277 4869 3551 4926 illustrat.
3588 4874 3686 4927 list
3716 4871 3810 4926 do-

2155 4950 2297 5010 mus,
2313 4936 2607 5010 ait,_ju.jrta
2631 4936 3067 5010 hyppqdronium
3098 4941 3421 5010 aquilonem
3435 4959 3620 4998 versus
3639 4945 3808 4999 mira:

2156 5011 2212 5081 et
2235 5006 2550 5061 altitudinis
2579 5011 2630 5081 et
2661 5006 3112 5081 pulchritudznis,
3141 5006 3264 5081 quae
3315 5018 3642 5070 Decaennea
3672 5016 3810 5070 Acu-

2159 5079 2272 5132 bila
2296 5083 2543 5155 uocatur.
2595 5079 2743 5155 Quod
2774 5095 2972 5155 nomen
3011 5097 3119 5137 non
3150 5079 3232 5138 ub
3280 5099 3362 5155 re,
3411 5085 3502 5141 sed
3531 5102 3600 5141 ex
3625 5103 3810 5154 appa-

2157 5150 2404 5204 rentibus
2428 5153 2636 5205 caussis
2667 5153 2860 5206 sortita
2882 5158 2993 5229 est,
3024 5186 3095 5193 ——
3141 5150 3406 5227 quoniam
3453 5150 3681 5229 quidem
3701 5150 3807 5213 'de-

2155 5237 2269 5276 cem
2292 5229 2341 5295 et
2374 5236 2567 5276 novem
2608 5239 2810 5278 mensae
2869 5225 2927 5277 in
2971 5239 3035 5280 ea
3074 5225 3196 5295 qua:
3246 5225 3547 5284 secundum
3587 5245 3812 5285 carnem

2155 5293 2516 5375 est,_Doruini
2556 5296 2734 5375 nostri
2773 5299 2840 5375 J._
2878 5295 2934 5349 C.
2981 5293 3272 5375 uativz'tqte
3325 5305 3701 5375 apponuntur,
3749 5303 3813 5356 in

2156 5363 2352 5445 quibus
2383 5367 2686 5445 imperator
2712 5369 2926 5445 puriter
2954 5373 3017 5445 et
3036 5369 3280 5445 consilia:
3307 5363 3416 5427 γιὸή
3458 5363 3712 5439 sedendo,
3746 5381 3811 5428 ut

2155 5435 2373 5517 emeris
2407 5435 2621 5502 diebus,
2670 5435 3177 5517 satrecumlgendo
3223 5443 3554 5517 (putantur,
3607 5435 3812 5517 quibus

2158 5509 2215 5587 in
2247 5507 2900 5587 diebus‘nonurgeuteis,
2932 5511 3022 5564 sed
3063 5507 3262 5587 aureis
3308 5515 3385 5583 [id
3439 5507 3551 5578 est,
3609 5507 3810 5581 aeneis,

2158 5580 2468 5655 inauratis]
2502 5583 3049 5655 vasisniinistratur.
3115 5583 3240 5640 Non
3292 5580 3484 5655 colligi
3520 5587 3692 5643 debet
3740 5580 3814 5643 ei

2158 5647 2263 5721 hoc
2313 5647 2660 5719 Luitprandi
2717 5652 2862 5721 loco,
2911 5655 3220 5711 convivum
3281 5657 3340 5712 in
3404 5647 3468 5714 f9
3517 5659 3813 5714 accubitis

2160 5720 2521 5802 solummodo
2549 5724 2692 5802 festo
2724 5720 3058 5802 Nativitatis
3075 5727 3290 5802 Christi
3315 5730 3518 5802 fuisse.
3537 5731 3817 5786 Nominat

2156 5793 2312 5875 enim
2349 5792 2714 5875 hpc'iestum
2745 5798 3228 5875 praecipue,__quia
3273 5801 3508 5875 reliqua
3531 5802 3818 5875 _convivia

2161 5860 2448 5921 solemnia
2473 5865 2554 5922 ibi
2603 5860 2821 5938 agitata
2871 5860 3194 5940 majoribus
3256 5860 3462 5932 diebus
3521 5873 3708 5945 festis,
3741 5878 3813 5932 ut
