4124 6386
282 398 440 462 1363

1348 388 1871 456 CONSTANTINI
1915 389 2611 453 PORPHYROGENITI

3550 392 3708 454 1364

282 536 356 592 ad
404 536 669 591 dextram
700 536 758 588 et
788 530 1088 587 sinistram
1141 531 1386 603 stantes]
1437 535 1665 604 oportet
1696 548 1794 588 vos
1823 548 1926 587 vo-

2049 530 2138 598 τήν
2179 529 2283 583 ὑπὸ
2315 528 2625 601 καμπάγιον
2659 523 2976 603 σύγκλητον
3007 530 3199 597 πᾶσαν,
3225 529 3339 583 οἷον
3363 527 3706 603 ἆσηκρήτας,

282 641 415 682 care
461 623 562 680 illo
606 620 915 694 splendido
946 626 1004 676 et
1033 620 1246 677 celebri
1277 622 1371 677 die
1402 627 1591 678 totum
1636 627 1930 689 senatum,

280 714 383 786 qui
422 711 731 784 campagia
757 710 815 766 in
849 710 1099 781 pedibus
1126 711 1300 783 gerit,
1334 714 1397 765 ut
1422 717 1731 782 asecretas,
1765 712 1932 768 char-

277 802 521 860 tularios
571 816 918 871 magnorum
967 805 1340 869 secretorum,
1384 800 1719 872 imperiales
1768 805 1933 857 nota-

278 892 397 950 rios
416 892 762 949 eorumdem
785 894 1164 955 secretorum,
1181 893 1246 945 ut
1268 907 1302 945 a
1320 889 1934 961 spatharocandidatis

278 980 417 1037 inde
469 979 808 1052 incipiendo
839 982 897 1034 et
928 978 1330 1035 descendendo
1371 994 1472 1050 per
1516 979 1832 1049 dignitates
1863 980 1933 1034 ad

280 1069 576 1139 consules,
610 1069 822 1126 iterum
853 1066 1149 1137 consules,
1183 1067 1421 1124 comites
1454 1066 1816 1135 scholarum,
1850 1069 1937 1123 si-

279 1159 596 1229 lentiarios,
662 1160 1038 1230 protectores,
1106 1157 1616 1230 eutychiophoros,
1676 1161 1935 1229 sceptro-

278 1249 517 1322 phoros,
541 1247 914 1305 axiomaticos
944 1263 1047 1302 seu
1071 1246 1391 1304 honoratos
1413 1263 1442 1303 e
1465 1247 1713 1304 diversis
1742 1246 1936 1318 digni-

278 1341 524 1406 tatibus,
558 1340 630 1395 ad
664 1354 980 1394 numerum
1014 1354 1199 1410 usque
1232 1338 1354 1408 168,
1379 1339 1452 1394 de
1481 1338 1765 1411 Agarenis
1798 1354 1937 1409 prai-

278 1429 413 1486 torii
442 1429 536 1497 24,
568 1429 637 1484 de
667 1427 877 1484 amicis
906 1428 1176 1499 Bulgaria
1206 1430 1293 1497 12,
1324 1431 1382 1483 et
1412 1428 1620 1483 fratres
1651 1444 1938 1499 pauperes

281 1518 491 1573 itidem
522 1519 610 1572 12.
646 1516 964 1573 Procedere
1012 1521 1208 1572 autem
1259 1521 1490 1588 oportet
1532 1516 1666 1573 illos
1699 1516 1758 1572 in
1790 1515 1938 1572 serie

281 1607 393 1663 hoc
452 1607 679 1663 modo:
740 1611 1039 1663 senatores
1097 1605 1337 1677 quidem
1396 1607 1718 1662 secundum
1775 1621 1938 1663 suam

284 1713 577 1769 quemque
624 1696 971 1768 dignitatem
1011 1700 1069 1751 et
1113 1697 1342 1752 diversa
1385 1696 1597 1765 ofﬁcia,
1625 1696 1940 1768 dextraque

281 1787 640 1858 sinistraque
662 1786 913 1854 divisos;
942 1788 1242 1858 Agarenos
1264 1789 1457 1841 autem
1479 1785 1634 1842 locat
1656 1802 1686 1841 e
1707 1787 1939 1859 regione

282 1880 341 1934 et
370 1880 683 1948 conspectu
725 1874 1148 1947 imperatorum
1180 1877 1248 1930 ad
1280 1880 1504 1931 sextam
1537 1880 1595 1930 et
1624 1875 1936 1945 septimam
1974 1910 2021 1975 B

285 1983 551 2023 mensam
575 1983 587 2034 ;
612 1964 894 2037 Bulgaros
925 1965 996 2021 ad
1022 1981 1236 2021 nonam
1262 1966 1341 2037 [et
1364 1964 1660 2037 ultimam]
1680 1966 1942 2037 ejusdem

287 2058 482 2113 obitus
512 2054 626 2128 [vel
658 2055 864 2128 plagae,
914 2055 1124 2111 dextrae
1174 2054 1443 2127 scilicet].
1472 2059 1761 2127 Pauperes
1792 2056 1944 2112 exci-

284 2147 529 2218 piuntur
577 2144 793 2216 pariter
840 2160 1074 2216 quoque
1116 2160 1272 2199 nona
1304 2160 1527 2211 mensa,
1559 2145 1659 2202 sed
1692 2146 1943 2201 sinistras

285 2235 490 2307 partis,
514 2234 615 2290 ubi
664 2250 872 2306 nempe
902 2234 1262 2305 drungarius
1308 2234 1539 2290 adstare
1569 2233 1734 2290 solet.
1763 2235 1949 2291 Intro-

288 2327 498 2381 ducere
529 2327 725 2381 autem
754 2327 980 2396 Oportet
1007 2340 1211 2380 omnes
1235 2327 1367 2395 post
1388 2325 1697 2380 adventum
1723 2325 1949 2381 amico-

287 2430 419 2471 rum
454 2414 648 2487 primo
677 2412 804 2469 loco
828 2414 899 2468 ad
924 2429 1148 2469 sacram
1184 2430 1443 2469 mensam
1476 2419 1811 2470 vocatorum
1836 2414 1946 2470 hoc

290 2503 486 2561 modo.
517 2502 907 2558 Axiomaticos
944 2518 1048 2559 seu
1082 2504 1140 2558 in
1175 2503 1561 2575 dignitatibus
1592 2506 1944 2561 constitutos

289 2608 495 2649 omnes
535 2608 671 2648 cum
719 2592 840 2647 suis
874 2593 1227 2660 mutatoriis,
1261 2592 1666 2665 chlamydibus
1715 2600 1859 2666 puta
1888 2598 1947 2651 et

287 2681 957 2755 campagiis,secundum
975 2682 1240 2738 ordinem
1255 2683 1578 2755 dignitatis,
1597 2700 1771 2756 quam
1791 2684 1949 2756 quis-

287 2788 401 2844 que
447 2772 616 2845 gerit,
670 2776 728 2827 et
774 2770 952 2827 ofﬁcii
1003 2771 1262 2844 pariter;
1310 2773 1603 2845 Agarenos
1654 2778 1844 2830 autem
1886 2775 1945 2830 in

292 2861 559 2918 candidis
617 2861 877 2918 vestibus
935 2862 1158 2933 absque
1214 2861 1400 2931 zonis,
1461 2868 1517 2919 et
1576 2863 1636 2918 in
1694 2864 1943 2934 calceis;

290 2946 751 3019 praeambulante
791 2948 951 3019 ipsos
990 2947 1279 3016 articlino,
1313 2948 1409 3019 qui
1441 2964 1539 3006 eos
1566 2948 1949 3020 introevocat,

289 3040 348 3093 et
393 3036 569 3093 simul
623 3052 757 3093 cum
810 3037 957 3108 ipsis
1016 3035 1361 3094 ascendente
1391 3037 1450 3092 in
1484 3042 1733 3110 utraque
1790 3047 1950 3111 parte

291 3126 584 3200 [triclinii]
607 3143 709 3198 per
729 3127 1008 3197 posticam
1044 3132 1272 3199 partem
1304 3128 1681 3184 accubituum
1704 3132 1761 3184 et
1781 3129 1949 3185 dein-

292 3232 429 3289 ceps
458 3216 530 3271 ab
561 3217 805 3287 antiqua
835 3217 1177 3272 eorumdem
1208 3225 1590 3273 enumerante
1612 3219 1670 3273 in
1703 3217 1951 3289 singulis

2042 616 2486 693 χαρτουλαρίους
2539 621 2647 672 τῶν
2703 614 2961 691 μεγάλων
3026 617 3316 692 σεκρὲτων,
3382 618 3709 693 βασιλικοὺς

2040 705 2327 782 νοταρίους
2402 707 2511 760 τῶν
2590 703 2901 780 λεχθέντων
2977 708 3264 781 σεκρέτων,
3344 708 3458 762 οἷον
3500 707 3608 763 ἀπό
3648 728 3707 763 τε

2044 793 2624 871 σπαθαροκανδιδάτων
2683 796 2773 850 καὶ
2822 797 3116 871 κατωτέρω
3177 797 3418 868 ὑπάτων,
3474 795 3705 853 δισυπά-

2040 908 2175 957 των,
2206 888 2474 959 κομγςτων
2502 890 2609 940 τῶν
2657 884 2899 961 σχολῶν,
2961 886 3361 958 σιλεντιαρίων,
3412 889 3708 962 προτικτό-

2046 995 2177 1051 ρων,
2255 972 2663 1052 εὐτυγοφόρων,
2758 973 3226 1053 σκηπτλοφόρων,
3314 973 3704 1050 ἀξιωματικῶν

2043 1068 2150 1119 τῶν
2182 1062 2457 1141 διαφόρων
2488 1062 2783 1141 ταγμάτων
2808 1062 2901 1118 τὸν
2933 1063 3170 1139 ἀριθμὸν
3201 1065 3339 1139 ρξη“,
3387 1067 3705 1142 Ἀγαρηνῶν

2043 1158 2140 1208 τοῦ
2171 1151 2513 1229 πραιτωρίου
2542 1150 2642 1224 κδ,
2669 1156 2775 1208 τῶν
2808 1150 3144 1229 Βουλγάρων
3173 1152 3351 1232 φίλων
3381 1154 3709 1229 ἀνθρώπους

2049 1245 2140 1319 ιβ’,
2172 1242 2263 1298 καὶ
2317 1243 2554 1313 πένητας
2605 1239 2878 1317 ἀδελφοὺς
2925 1244 3016 1297 τὸν
3062 1241 3294 1317 ἀριθμὸν
3355 1243 3445 1320 ιβ’·
3479 1264 3712 1319 προκιν-

2047 1332 2219 1388 σεόειν
2253 1329 2309 1387 δὲ
2340 1331 2534 1393 αὐτοὺς
2576 1329 2841 1411 στιχηδὸν
2894 1332 3091 1395 οὕτως·
3132 1333 3262 1397 τοὺς
3304 1333 3397 1406 μὲν
3457 1332 3710 1409 συγκλη-

2046 1424 2230 1484 τικοὺς
2261 1422 2399 1476 κατά
2447 1423 2542 1484 τὰς
2602 1421 2803 1483 οἰκείας
2861 1421 3041 1477 αὐτῶν
3100 1422 3251 1492 ἀξίας
3310 1423 3401 1477 καὶ
3457 1424 3554 1487 τὰς
3601 1428 3711 1479 τῶν

2052 1510 2322 1590 ὄφφικίων
2363 1510 2538 1566 αὐτῶν
2591 1508 2856 1589 διαφορὰς
2908 1508 3367 1586 διαστελλόμενος
3417 1506 3563 1578 ἔνθεν
3610 1511 3711 1568 κά-

2045 1602 2241 1656 κεῖθεν
2303 1599 2431 1663 τοὺς
2499 1598 2556 1656 δὲ
2625 1600 2960 1678 Ἀγαρηνοὺς
3028 1602 3307 1659 κατέναντι
3371 1610 3473 1673 τῆς
3529 1598 3708 1677 ὅψεως

2047 1690 2152 1745 τῶν
2194 1689 2471 1765 βασίλεων
2499 1693 2615 1766 (48)
2647 1690 2736 1746 ἐπὶ
2782 1698 2884 1761 τῆς
2940 1690 3106 1763 ’ἑκτης
3148 1693 3238 1747 καὶ
3285 1689 3529 1767 ὲδϐόμης
3574 1713 3708 1768 τρα-

2050 1779 2243 1850 πέζης·
2276 1781 2405 1843 τοὺς
2440 1778 2497 1835 δὲ
2530 1778 2866 1857 Βουλγάρων
2896 1781 3218 1857 ἀνθρώπους
3252 1781 3339 1838 ἐπὶ
3370 1789 3473 1853 τῆς
3515 1782 3713 1853 ἐνάτης

2049 1871 2323 1944 τραπέζης
2353 1876 2452 1940 τῆς
2485 1868 2654 1939 αὐτῆς
2699 1868 2959 1945 περιόδου
3012 1873 3146 1946 (49)’
3193 1870 3321 1935 τοὺς
3369 1868 3427 1928 δε
3472 1871 3713 1943 πένητας

2052 1960 2144 2015 καὶ
2192 1958 2389 2020 αὐτοὺς
2437 1959 2866 2035 προσκαλεῖσθαι
2916 1960 3005 2017 ἐπὶ
3057 1968 3159 2031 τῆς
3207 1963 3251 2025 θ’
3288 1962 3561 2038 τραφέζης
3607 1968 3713 2030 τῆς

2053 2048 2338 2121 εὐωνύμου
2370 2047 2589 2117 θέσεως,
2635 2047 2686 2103 ἐν
2821 2050 3155 2126 παράστασις
3210 2055 3309 2106 τοῦ
3350 2048 3716 2129 δροὺγγαρίου

2051 2139 2338 2214 τυγχάνει.
2382 2138 2633 2215 Εἷσάγειν
2667 2136 2725 2194 δὲ
2776 2137 2859 2195 δεῖ
2906 2140 3143 2203 ἅπαντας
3205 2141 3340 2214 μετά
3384 2142 3485 2211 τήν
3534 2139 3718 2219 ἄφιξιν

2050 2235 2158 2285 τῶν
2231 2228 2649 2305 πρωτοκλήτων
2703 2227 2885 2308 φίλων
2943 2238 3047 2301 τῆς
3099 2231 3390 2307 βασιλικῆς
3438 2234 3716 2308 τραπέζης

2052 2321 2252 2379 οὓτως·
2313 2318 2439 2381 τοὺς
2500 2320 2595 2392 μὲν
2638 2320 3042 2394 ἀξιωματικοὺς
3102 2321 3341 2385 ἅπαντας
3420 2324 3555 2396 μετὰ
3601 2328 3716 2379 τῶν

2052 2408 2276 2464 οἰκείων
2306 2406 2717 2482 ἀλλαξιμάτων,
2769 2407 3077 2487 χλαμύδων
3111 2432 3168 2466 τε
3216 2411 3306 2467 καὶ
3354 2412 3715 2487 καμπαγίων,

2053 2495 2316 2573 στιχηδὸν
2348 2499 2487 2554 κατά
2516 2499 2663 2572 τάξιν
2698 2503 2795 2555 τοῦ
2828 2499 2991 2555 αὐτοῦ
3040 2500 3353 2575 ἀξιώματος
3400 2502 3491 2558 καὶ
3546 2501 3718 2580 ὀφφι-

2052 2587 2194 2643 κίου·
2225 2589 2353 2651 τοὺς
2396 2584 2454 2642 δὲ
2503 2589 2837 2663 Ἀγαρηνοὺς
2882 2589 3253 2668 λευκοφόρους
3297 2591 3543 2660 ἀζώνους
3594 2592 3712 2666 (50)

2053 2674 2506 2750 ὑποδεδεμένους,
2568 2672 2830 2748 δηλονότι
2881 2681 3367 2755 προ-πορευομένου
3420 2681 3465 2718 ⁸⁷
3509 2682 3707 2743 αὐτοῖς

2050 2770 2147 2823 τοῦ
2205 2766 2538 2830 καλέσαντος
2597 2766 2911 2841 ἀρτικλίνου
2968 2769 3056 2824 καὶ
3117 2769 3593 2850 συνανερχομὲνου
3632 2768 3719 2827 ἐφ’

2053 2851 2306 2929 ἐκατέρου
2344 2859 2450 2910 τῶν
2511 2859 2690 2939 μερῶν
2743 2853 2831 2911 διὰ
2882 2863 2984 2927 τῆς
3038 2858 3291 2922 ὀπισθίου
3348 2858 3550 2923 θέσεως
3603 2863 3715 2914 τῶν

2050 2946 2229 2999 αὐτῶν
2258 2939 2566 3000 ἀκουϐίτων
2600 2945 2690 3000 καὶ
2735 2943 2825 3001 διὰ
2868 2950 2965 3001 τοῦ
3020 2945 3357 3022 ἐμπροσθίου
3401 2949 3576 3004 τόπου
3625 2946 3712 3018 ἐξ·

2055 3034 2419 3108 αριθμοῦντος
2467 3032 2549 3111 ἔφ’
2606 3033 2819 3107 ἑκάστῳ
2870 3030 3147 3107 ἀκουείτῳ
3198 3033 3482 3092 δωδεκάδα
3527 3058 3709 3114 προσ-

2056 3124 2221 3179 ώπων
2266 3124 2389 3197 μίαν
2437 3125 2525 3179 καὶ
2570 3127 2644 3197 μή
2699 3125 3123 3200 συγχωροῦντός
3170 3146 3289 3181 τινα
3334 3126 3715 3198 ἀνακληθῆναι

2064 3214 2231 3288 μέχρι
2278 3220 2378 3282 τῆς
2434 3212 2789 3295 ἐκφωνήσεως
2840 3218 2951 3268 τῶν
3003 3216 3367 3290 παρεστώτων
3417 3214 3728 3290 βασιλικῶν

291 3281 575 3362 accubitis
591 3281 893 3361 duodenos
914 3306 1347 3373 accumbentes,
1363 3322 1555 3378 neque
1574 3281 1941 3379 permittente

2063 3300 2402 3377 βουκαλίων.
2437 3281 2591 3361 Μὲτά
2622 3301 2682 3358 δὶ
2710 3305 2807 3373 τὴν
2842 3304 3061 3360 πάντων
3090 3303 3390 3376 ἀνάκλησιν
3424 3303 3507 3362 δεῖ
3535 3328 3711 3382 προσ-

288 3396 588 3466 cuiquam,
615 3398 681 3449 ut
711 3394 874 3465 prius
905 3393 1231 3463 accumbat,
1258 3410 1427 3467 quam
1454 3396 1789 3468 imperiales
1822 3412 1949 3452 mu-

290 3484 399 3541 sici
466 3484 761 3540 adstantes
826 3482 1100 3540 modulos
1164 3500 1304 3541 suos
1361 3486 1729 3557 occmperint.
1791 3487 1940 3543 431

2060 3391 2206 3466 ἐχειν
2233 3393 2297 3448 τὸ
2331 3395 2591 3466 μουσικὸν
2628 3391 2816 3467 μέλος,
2849 3394 2940 3448 καὶ
2980 3394 3142 3464 ἡνίκα
3183 3395 3246 3450 τὸ
3298 3394 3441 3452 ἴδιον
3488 3396 3724 3471 ἀπηχή-

2059 3506 2139 3542 σει
2170 3486 2410 3565 φθέγμα,
2448 3483 2815 3557 ἐξανίστασθαι
2866 3481 3102 3548 ἅπαντας
3151 3487 3262 3560 (51)
3314 3485 3390 3549 εἷς
3444 3486 3716 3566 εὐφημίαν

1660 3587 1900 3644 νΑΒΙίΕ
1938 3588 2350 3645 LECTIONES.

362 3681 408 3720 9"
438 3681 933 3761 προπορευομὲνων
966 3683 1119 3751 cod.,
1151 3682 1329 3738 αὐτῶν
1359 3684 1486 3742 cod.
1519 3689 1577 3741 et
1606 3686 1697 3744 ed.

1339 3775 1541 3832 JOAN.
1581 3775 1730 3834 JAC.
1772 3778 2040 3836 REISKII
2081 3777 2680 3836 COMMENTARIUS.

364 3870 476 3942 (48)
504 3869 908 3942 Perobscurus
939 3866 1033 3923 hic
1061 3871 1152 3924 est
1173 3866 1359 3942 locus.
1383 3867 1530 3942 Nam
1554 3869 1605 3942 si
1635 3869 1951 3942 imperator

291 3941 355 3997 in
376 3940 581 3996 'medio
613 3941 787 4008 sedit,
813 3944 969 3996 recta
1002 3941 1304 4011 prospexit
1328 3941 1398 3995 ad
1432 3940 1732 3996 introitum
1767 3940 1950 3996 tricli-

294 4012 399 4080 nii,
426 4011 526 4067 ubi
560 4011 724 4068 nulla
754 4028 981 4079 mensa,
1003 4017 1060 4067 et
1082 4027 1254 4067 nemo
1283 4012 1556 4080 sedebat;
1580 4014 1649 4068 ad
1684 4011 1947 4069 dextram

292 4100 429 4141 vero
460 4099 576 4139 non
610 4084 794 4157 magis
822 4083 1149 4157 commode,
1171 4085 1453 4157 quamad
1486 4083 1810 4153 sinistram,
1849 4102 1948 4157 po-

293 4159 445 4228 terat
474 4156 1085 4228 prcspiceretErgone
1112 4155 1417 4228 iniangulo
1447 4172 1679 4228 summo
1721 4155 1951 4213 sinistri

295 4225 497 4301 lateris
529 4225 803 4301 sedebat?
824 4225 1335 4301 Suaderejidetu'r
1364 4228 1460 4282 hic
1480 4225 1645 4284 locus
1667 4233 1800 4301 etp.
1821 4229 1947 4296 431,

297 4298 396 4354 ubi
445 4298 480 4366 ἠ
531 4293 643 4351 ἄνω
699 4297 1030 4370 προσωπικὴ
1089 4292 1272 4365 ἔξοδος
1330 4308 1701 4362 memoratur.
1743 4292 1948 4369 Exitus,

298 4371 397 4442 qui
415 4372 475 4425 in
495 4385 715 4425 summa
745 4369 985 4425 triclinii
1015 4377 1176 4441 parte
1194 4385 1223 4425 e
1246 4372 1473 4438 regione
1503 4372 1855 4438 imperatoris
1874 4377 1951 4427 est

301 4444 468 4498 Sexta
498 4457 630 4497 vero
662 4446 721 4497 et
763 4443 1016 4513 septima
1045 4457 1267 4507 mensa,
1297 4443 1365 4496 ad
1410 4458 1588 4512 quam
1637 4444 1949 4499 accumbe-

299 4515 441 4570 bant
487 4514 783 4582 Saraceni,
815 4520 936 4568 erat
982 4514 1054 4567 ad
1108 4516 1389 4581 dextram,
1424 4519 1671 4584 ut_patet
1702 4530 1730 4569 e
1760 4514 1951 4571 verbis

299 4586 564 4657 proxime
620 4585 902 4655 subiectis
946 4585 1048 4652 τῆς
1103 4583 1275 4658 αὐτῆς
1331 4582 1612 4658 περιόδου.
1662 4585 1951 4642 Dicuntur

300 4658 529 4727 Bulgari
563 4673 778 4712 nonam
820 4673 1081 4712 mensam
1115 4657 1376 4726 ejusdem
1405 4657 1587 4713 Obitus
1617 4674 1721 4713 seu
1753 4660 1951 4714 lateris

2062 3870 2193 3926 Cum
2223 3869 2452 3938 cingula
2497 3886 2602 3925 sua
2643 3870 2891 3943 plerique
2939 3870 3332 3944 militantium,
3362 3872 3464 3944 qui
3490 3871 3562 3929 ad
3589 3888 3723 3929 con-

2059 3944 2269 4016 viciam
2316 3946 2600 4016 venerant,
2630 3947 2898 4016 ponerent
2944 3943 3082 3998 hora
3126 3943 3389 4012 convivii,
3423 3974 3491 3985 —
3532 3951 3725 4016 postea

2058 4015 2237 4088 rogati
2290 4012 2360 4067 ad
2416 4013 2728 4067 convivium
2784 4012 2958 4088 cincti
2990 4015 3408 4088 accubuerunt.
3439 4012 3724 4088 —-'Alque

2061 4086 2192 4141 hinc
2240 4088 2487 4158 tractum
2524 4100 2770 4158 morein,
2800 4094 2859 4158 ut
2907 4084 3161 4158 deinceps
3212 4104 3337 4142 cnm
3384 4084 3729 4158 imperatore

2059 4158 2236 4230 cincti
2259 4155 2675 4230 discumberent.
2708 4155 2988 4230 Discincti
3019 4155 3149 4230 esse
3180 4158 3445 4214 solebant.
3467 4155 3726 4230 epulan-

2060 4238 2170 4284 tes.
2206 4228 2352 4283 Hinc
2397 4227 2767 4283 immodestia
2815 4227 3064 4284 Neronis
3116 4235 3355 4286 notatur
3385 4247 3418 4285 a
3447 4227 3724 4287 Stietonio

2060 4316 2112 4356 c.
2141 4301 2206 4355 51
2239 4316 2252 4355 :
2283 4300 2442 4368 Quod
2482 4302 2804 4372 plerumque
2848 4300 3235 4372 synthesinam
3286 4301 3515 4357 indutus
3545 4302 3724 4372 ligato

2058 4373 2207 4445 circa
2236 4373 2439 4445 coitum
2468 4370 2695 4427 sudario
2709 4370 2973 4443 prodibat
2994 4371 3057 4427 in
3078 4373 3359 4445 publicum
3390 4375 3513 4430 sine
3539 4370 3725 4431 cinctu

2058 4447 2110 4499 el
2139 4443 2527 4499 discalceatus.

2130 4516 2240 4585 (51)
2286 4513 2578 4587 Debebant
2606 4513 2873 4587 convivas
2921 4531 3180 4587 surgere,
3212 4515 3450 4586 quando
3481 4520 3583 4572 aut
3611 4516 3722 4571 be—

2060 4587 2448 4641 nedicendum
2479 4585 2650 4659 dictis
2681 4585 2952 4641 laudibus
2976 4585 3313 4659 imperatori
3338 4592 3511 4654 esset,
3536 4593 3635 4643 aut
3658 4589 3721 4643 in

2059 4658 2185 4731 ejus
2217 4659 2468 4713 salutem
2498 4658 2841 4731 bibendum,
2868 4663 2971 4713 aut
2995 4658 3232 4730 quando
3255 4674 3285 4714 e
3315 4660 3476 4731 regia
3510 4675 3721 4716 mensa

300 4744 587 4802 occupare
617 4745 750 4784 cum
784 4728 1118 4802 Saracenis;
1143 4736 1202 4783 et
1233 4734 1755 4802 pauperes‘inonam
1792 4747 1951 4786 men-
1977 4732 2025 4797 Β
2058 4730 2238 4802 dapes
2288 4731 2359 4802 ad
2402 4730 2672 4802 convivas
2723 4728 3111 4785 mitterentur.
3146 4733 3231 4786 Ita
3279 4728 3514 4802 quoque
3564 4733 3719 4801 apud

300 4799 727 4857 sam’sinistraa
777 4800 1237 4873 positionis‘seu
1288 4800 1486 4872 plaga.
1523 4801 1664 4869 Ergo
1713 4802 1947 4873 Bulgari

297 4888 514 4929 nonam
565 4870 832 4929 mensam
875 4873 1061 4928 dextri
1107 4870 1329 4940 lateris,
1377 4870 1434 4929 et
1476 4873 1747 4929 Saraceni
1797 4870 1948 4931 d‘uas

297 4945 443 5001 alias
471 4946 735 5015 ejusdem
766 4944 967 5000 lateris
986 4946 1373 5015 occupabant.

370 5015 483 5089 (49)
514 5015 726 5071 Liberae
766 5032 975 5089 nempe
1023 5021 1192 5073 erant
1238 5032 1454 5072 mensas
1486 5019 1543 5072 et
1573 5033 1607 5072 a
1638 5016 1953 5086 parietibus

302 5085 671 5156 aliquantum
709 5085 961 5161 remotae,
996 5094 1066 5145 ut
1095 5092 1304 5161 praeter
1342 5104 1440 5145 eas
1478 5085 1705 5161 tamab
1736 5090 1951 5159 antica,

303 5171 479 5232 quam
512 5172 547 5211 a
584 5158 808 5232 postica
854 5160 1003 5232 obiri
1054 5158 1271 5232 posset,
1324 5165 1382 5215 et
1429 5158 1957 5232 introducebantur

305 5228 556 5285 Conviva
587 5244 621 5283 a
646 5230 885 5297 postica,
916 5228 1312 5289 educabantur
1342 5237 1535 5287 autem
1568 5230 1638 5287 ab
1668 5232 1880 5289 antica.

376 5299 488 5374 (50)
532 5300 788 5374 Absque
814 5302 974 5374 zonis
1017 5303 1314 5360 intrabant
1361 5303 1423 5358 hi
1466 5304 1761 5369 Saraceni,
1810 5305 1954 5361 forte

306 5369 562 5444 quia,'ut
590 5370 743 5440 capti
776 5369 947 5444 bello,
979 5374 1267 5444 discincti,
1292 5374 1545 5441 cingulo,
1571 5374 1626 5429 id
1654 5381 1763 5443 est,
1798 5376 1953 5431 mili-

308 5442 389 5499 tia
419 5451 476 5499 et
506 5443 727 5499 honore
757 5442 940 5507 omni,
972 5446 1147 5500 soluti
1180 5442 1365 5501 erant.
1389 5448 1492 5502 Sed
1526 5448 1584 5501 in
1618 5442 1950 5503 universum

309 5516 480 5582 nulli,
512 5518 637 5571 sive
675 5515 866 5569 cincto
907 5513 1022 5568 sive
1066 5517 1360 5582 distincto,
1395 5519 1607 5573 licebat
1646 5519 1787 5573 olim
1819 5536 1952 5575 cum

310 5588 545 5660 cingulo
566 5588 636 5643 ad
661 5602 885 5661 sacram
906 5602 1184 5661 Incassm
1219 5590 1414 5661 venire
1438 5606 1451 5657 ;
1480 5591 1577 5661 qui
1607 5606 1734 5644 mos
1756 5607 1957 5661 quam-

306 5655 709 5715 vis'mutatus
747 5658 857 5713 sub
897 5655 1159 5732 Gallieno
1212 5660 1406 5732 fuerit,
1438 5655 1632 5717 tamen
1684 5655 1954 5732 deinceps

310 5736 613 5803 revocatus
644 5738 751 5796 est,
772 5738 846 5803 _ut
874 5729 1176 5803 e_Trebell_.
1209 5730 1467 5803 Pollione
1505 5736 1753 5797 constat,
1786 5729 1955 5803 cujus

313 5799 439 5859 huic
486 5804 627 5858 sunt
670 5800 847 5857 verba
890 5798 1101 5871 Script.
1147 5800 1213 5857 II.
1262 5802 1329 5856 A.
1363 5805 1404 5857 ι.
1439 5803 1512 5868 Π,
1546 5818 1677 5875 pag.
1710 5798 1954 5860 245-117:

2060 4800 2301 4856 Hunnos
2334 4801 2391 4856 in
2419 4818 2524 4856 usu
2560 4801 2763 4865 fuisse,
2792 4808 2873 4870 ut,
2901 4803 3134 4872 quando
3165 4800 3312 4857 unus
3345 4802 3509 4858 alteri
3542 4800 3721 4872 pocu-

2060 4874 2183 4947 lum
2214 4873 2710 4947 viniprOpinaret,
2734 4878 2998 4947 surgeret
3026 4873 3269 4930 inferior
3300 4890 3491 4947 neque
3521 4875 3720 4947 consi-

2060 4943 2221 5001 deret
2270 4943 2663 5017 prius,'quam
2706 4943 2978 5017 poculum
3015 4953 3351 5017 porrectum
3395 4943 3723 5017 'delibasset

2062 5020 2164 5073 aut
2220 5013 2523 5088 ebibissetI
2575 5013 2797 5088 Πάντων
2853 5013 2906 5069 ἐν
2961 5013 3156 5088 κόσμῳ
3207 5014 3586 5087 καθεστώτων,
3639 5017 3724 5073 ait

2064 5088 2298 5144 Priscus
2344 5087 2405 5142 in
2437 5086 2823 5160 descriptione
2873 5086 3077 5156 coenae,
3102 5086 3221 5160 qua
3270 5089 3425 5160 apud
3477 5086 3721 5145 Attilam

2065 5164 2341 5231 exceptus
2395 5176 2527 5215 cum
2561 5158 2789 5231 caeteris
2823 5158 3136 5231 legationis
3164 5158 3478 5216 comi—tibus
3508 5161 3720 5218 fuerat.

2062 5228 2323 5302 Excerpt.
2359 5235 2548 5301 Legat.
2576 5228 2865 5287 Hosschel.
2882 5228 2953 5301 'p.
2976 5231 3068 5299 51,
3096 5247 3218 5287 cum
3247 5232 3436 5302 omnia
3463 5232 3725 5289 ordinata

2062 5310 2126 5388 et
2139 5299 2364 5393 pqr—aui
2400 5299 2470 5357 ad
2506 5299 3085 5393 epulandummessenl,
3116 5299 3405 5393 ng’aaleiwv
3432 5302 3722 5393 Δοἰνοχόος

2059 5367 2152 5446 τῇ]
2191 5370 2415 5446 Ἀττίλᾳ
2481 5367 2631 5426 οἷ’νου
2706 5367 2987 5446 κισσύϐιον
3053 5367 3361 5446 ἐπιδίδωσι.
3422 5367 3721 5446 Δεξάμενος

2061 5443 2154 5499 τόν
2204 5449 2273 5517 τῇ
2333 5445 2477 5517 uiget
2512 5447 2752 5517 Δπρῶτον
2808 5444 3105 5517 ἠσπάζετο,
3138 5447 3199 5503 '0
3231 5443 3289 5500 δὲ
3318 5449 3398 5516 τῷ
3447 5443 3722 5517 ἀσπασμῷ

2060 5514 2315 5593 τιμηθείς
2367 5514 2690 5593 Δδιανίστατο
2721 5516 2855 5593 ’καὶῆ
2884 5516 2945 5571 οὐ
2993 5516 3260 5593 πρότερον
3316 5514 3530 5593 iacnt-
3557 5514 3715 5593 θέμις

2063 5586 2151 5656 ἦν,
2186 5589 2314 5662 πρὲν
2346 5589 2379 5658 ἢ
2413 5592 2491 5659 τῷ
2541 5586 2783 5713 οἷνοέίόῳ
2831 5586 3274 5663 ἀπογευσάμενος
3311 5586 3347 5657 ἤ
3378 5588 3468 5642 καὶ
3516 5586 3722 5643 ἐκπιὼν

2065 5655 2313 5713 ἀπέδωκε
2368 5660 2429 5713 τὸ
2487 5658 2642 5713 κισσύ
2690 5679 2789 5713 ιον.
2833 5662 3169 5713 Καθεσθὲντα
3220 5660 3277 5713 δὲ
3323 5657 3483 5713 αὐτὸν
3534 5659 3720 5713 τούτω

2065 5655 2313 5732 ἀπέδωκε
2368 5655 2429 5713 τὸ
2466 5655 2800 5732 ’κισσύϐιονι
2833 5655 3169 5732 Καθὲσθεντα
3220 5660 3277 5715 δὲ
3323 5655 3483 5714 αὐτὸν
3534 5659 3720 5732 τούτῳ

2065 5735 2148 5808 τῷ
2172 5730 2360 5808 τρόπῳ
2391 5732 2441 5808 οἱ
2472 5729 2738 5808 παρόντες
2786 5728 2987 5808 ἔτμίμων
3038 5730 3331 5808 δεχόμενοι
3361 5731 3460 5808 τὰς
3489 5728 3722 5808 κύλικας

2065 5802 2154 5857 καὶ
2206 5802 2339 5876 μετά
2366 5802 2458 5858 τὸν
2492 5802 2774 5878 ἀσπασμὸν
2824 5802 3246 5883 ἀπο-γευόμενοι.
3281 5806 3524 5877 Deinde,
3556 5805 3722 5866 illato
