4124 6396
362 426 525 488 1367

1449 423 1988 486 CONSTANTINI
2032 421 2734 486 PORPHYROGENITI

3640 423 3797 484 1368

357 558 577 631 aliquid
611 575 640 615 e
665 575 832 615 sacra
855 574 1059 614 mensa
1077 557 1533 629 perjucundum
1551 563 1912 614 castrensem
1947 555 2019 612 ad

2138 555 2223 609 καὶ
2257 555 2349 610 σὺν
2409 560 2477 630 τῇ
2554 555 2731 610 αὐτῶν
2793 553 3095 634 ἐκφωνήσει
3147 553 3443 629 προσέχειν
3485 554 3550 609 τὸ
3600 560 3798 629 σχῆμα

358 649 632 704 convivas
664 648 1000 704 emittatur.
1035 647 1101 702 In
1129 647 1333 703 horum
1366 649 2026 722 autem[musicorumet

2143 649 2238 699 τοῦ
2277 645 2496 701 κλεινοῦ
2526 644 2886 719 καστρησίου,
2935 644 3023 698 καὶ
3075 642 3227 704 αῧθις
3276 642 3546 716 ἐξανιστᾷν
3592 644 3798 705 πάντας

357 737 828 809 tbymelicorum]
881 738 1047 793 exitu
1107 743 1331 808 oportet
1389 738 1518 808 [nos
1570 737 1906 807 artoclinas]
1957 736 2028 791 ad

354 827 583 883 vocales
614 827 888 892 musicos,
917 827 1194 882 Romane
1216 825 1304 881 vel
1340 826 1535 882 Latine
1590 825 1919 898 loquentes,
1952 833 2026 893 et,

356 915 477 973 illis
504 917 1006 981 exclamantibus,
1041 915 1220 972 simul
1246 917 1316 971 ad
1340 921 1568 988 gestum
1594 915 1903 971 clarissimi
1929 931 2027 970 ca-

357 1006 604 1062 strensis
633 1005 952 1075 attendere,
980 1022 1163 1077 eoque
1189 1006 1370 1071 edito,
1400 1007 1674 1062 convivas
1705 1004 1879 1060 simul
1903 1021 2030 1060 om-

358 1111 465 1152 nes
497 1096 1054 1168 exsurgere,jubere
1076 1102 1252 1167 atque
1281 1097 1530 1152 educere
1557 1096 1614 1151 in
1656 1095 1780 1151 suis
1808 1093 2022 1150 tunicis

2138 734 2265 795 τοῦς
2304 736 2674 809 κεκλημένους
2737 731 3181 812 χλανιδοφόρους
3242 730 3331 787 διὰ
3385 740 3489 802 τῆς
3545 733 3798 788 ὀπισθίου

2141 819 2336 882 Οέσεως
2405 826 2512 875 τῶν
2582 816 2910 891 ἀκουϐίτων,
2974 819 3064 874 καὶ
3131 818 3416 893 ἐπανάγειν
3484 820 3680 882 αὐτοὺς
3740 819 3801 874 ἐκ

2139 914 2245 964 τῶν
2278 911 2426 965 κάτω
2459 911 2593 985 πρὸς
2623 913 2720 980 τὴν
2755 911 2864 964 ἂνω
2896 911 3256 984 προσωπικῆν
3316 904 3498 982 ἔξοδον
3552 916 3654 979 τῆς
3700 908 3799 963 αὖ·

2139 1006 2237 1068 τῆς
2269 997 2551 1074 περιόδου.
2605 1001 2703 1057 Καὶ
2755 999 2853 1063 εἶθ’
2904 995 3079 1060 οὕτως
3123 998 3259 1072 μετά
3314 999 3412 1066 τὴν
3461 997 3668 1054 τούτων
3711 1018 3800 1052 τε·

2137 1089 2289 1145 λείαν
2332 1087 2608 1145 ὗπείδυσιν
2669 1090 2718 1127 ’3
2772 1092 2886 1161 (54)
2942 1089 3032 1144 καὶ
3090 1088 3288 1150 αὐτοὺς
3343 1093 3443 1157 τῆς
3501 1087 3800 1162 βασιλικῆς

1709 1191 1954 1247 VARI/E
1994 1189 2416 1247 LECTIONES.

428 1290 478 1327 98
507 1287 794 1346 ὐπέκδυσιν
822 1291 912 1349 vel
969 1289 1232 1345 ἀπόλυσιν
1261 1291 1350 1348 vel
1383 1289 1654 1360 ἀπήλυσιν
1684 1291 1793 1357 legi
1826 1289 1948 1345 vult
1979 1289 2047 1345 R.

1396 1381 1599 1437 JOAN.
1641 1380 1789 1436 JAC.
1831 1377 2097 1435 REISKII
2135 1376 2725 1434 COMMENTARIUS.

361 1478 466 1535 ubi
512 1478 672 1534 inter
703 1477 815 1533 alia
872 1479 930 1534 S.
973 1478 1292 1544 Anastasii,
1333 1477 1590 1549 episcOpi
1626 1475 2012 1548 Neapolitani,

362 1552 484 1606 haec
505 1551 681 1606 verba
711 1551 891 1605 citat:
933 1551 987 1603 In
1029 1567 1138 1621 qua
1192 1549 1480 1621 [Neapoli]
1537 1549 1674 1604 laici
1698 1550 1863 1603 simul
1893 1565 2018 1603 cum

363 1624 578 1678 clericis
625 1621 845 1676 assidue
914 1621 1092 1677 erce
1147 1622 1449 1692 Latineque
1523 1623 1809 1675 communi
1861 1635 2018 1691 prece

363 1694 612 1760 psallunt
643 1694 767 1749 Deo.
800 1693 880 1746 Ex
913 1697 1112 1748 eodem
1146 1700 1408 1764 apparet,
1439 1694 1808 1748 sacerdotum
1844 1709 2018 1762 quos-

365 1767 500 1819 dam
532 1764 747 1832 Graece,
779 1764 923 1818 alios
961 1765 1161 1819 Latine
1193 1781 1295 1835 per
1334 1765 1683 1832 antipbonas
1727 1769 2019 1832 cantasse,

364 1837 519 1891 unde
543 1835 730 1889 Graeca
768 1839 822 1889 ct
859 1835 1058 1889 Latina
1113 1852 1244 1906 pars
1287 1835 1642 1891 sacerdotalis
1691 1836 1846 1890 dicta
1893 1837 2018 1890 fuit.

362 1909 659 1963 Mansitin
687 1907 954 1961 Ecclesiis
1002 1908 1369 1962 nostratibus
1419 1907 1672 1978 aliquale
1706 1907 2019 1978 vestigium

363 1980 522 2034 illius
547 1981 747 2033 moris.
781 1978 1040 2048 Hymnos
1095 1979 1251 2034 enim
1313 1981 1595 2050 quosdam
1629 1983 1848 2035 veteres
1871 1977 2021 2033 Lati-

366 2067 472 2106 nos
494 2067 608 2104 non
641 2050 853 2104 chorus
884 2054 1114 2105 tantum
1157 2049 1482 2116 cantorum,
1517 2051 1618 2106 sed
1658 2051 1831 2105 etiam
1890 2049 2023 2118 ipsa

365 2122 530 2194 plebs
561 2121 643 2176 ita
673 2122 847 2188 canit,
876 2127 939 2175 ut
980 2123 1315 2176 alternatim
1351 2123 1553 2177 Latina
1584 2125 1758 2176 verba
1790 2127 1848 2176 et
1878 2121 2026 2176 Ger-

369 2194 659 2249 manicam
703 2209 900 2248 eorum
959 2194 1502 2263 interpretationem
1554 2198 1838 2248 cantent:
1885 2210 1937 2249 e.
1971 2210 2020 2252 ο.

361 2281 502 2337 puer
533 2268 698 2337 natus
729 2281 791 2318 in
846 2265 1204 2337 Bethlehem,
1236 2265 1376 2337 item
1428 2264 1488 2319 in
1529 2266 1684 2337 dulci
1725 2265 1930 2331 Jubilo,
1964 2265 2022 2318 in

369 2335 484 2406 quo
540 2335 757 2408 hymno
822 2351 1027 2408 versus
1085 2336 1273 2390 Latini
1345 2335 1708 2392 Germanicis
1767 2337 1842 2390 ita
1887 2341 2028 2392 sunt

372 2406 734 2476 interpolati,
769 2410 831 2461 ut
861 2406 918 2460 hi
953 2408 1082 2461 illos
1117 2424 1231 2462 non
1267 2407 1743 2479 interpretentur,
1775 2409 1872 2462 sed
1905 2424 2024 2464 eaa-

371 2484 533 2550 ptam
553 2480 626 2531 ab
658 2479 774 2532 ilfis
797 2479 1148 2533 sententiam
1165 2479 1525 2534 continuent.
1547 2484 1732 2534 Locus
1753 2480 2025 2536 Cbronici

371 2550 759 2618 Cassinensis,
791 2551 857 2603 ad
886 2567 1055 2620 quem
1089 2557 1237 2620 Ang.
1272 2553 1342 2606 de
1366 2551 1522 2606 Nuce
1553 2552 2024 2607 observationem

372 2623 730 2691 superiorem
774 2622 991 2690 attulit,
1054 2622 1145 2676 hic
1194 2630 1326 2677 est:
1361 2630 1477 2691 post
1527 2623 1646 2679 haec
1703 2623 2026 2692 incipientes

367 2695 615 2747 tctanias
653 2708 837 2748 omnes
877 2693 1088 2762 pariter
1142 2694 1608 2762 ingrediebantur
1637 2697 1693 2749 in
1733 2694 2025 2752 ecclesiam

370 2765 425 2820 S.
458 2765 614 2819 Petri
641 2769 689 2819 et
739 2766 946 2820 iterum
976 2767 1105 2817 data
1137 2770 1390 2821 oratione
1437 2768 1736 2822 cantabant
1793 2768 2023 2821 Tertiam

369 2842 420 2892 et
450 2836 646 2890 deinde
671 2837 898 2890 missam
930 2853 943 2890 :
974 2837 1153 2891 Venite
1194 2837 1462 2892 benedicti
1501 2839 1688 2892 Patris
1738 2840 1866 2906 mei,
1901 2855 2024 2893 cum

371 2917 539 2981 cantu
566 2907 899 2981 promiscuo,
926 2908 1114 2964 Graeco
1128 2909 1380 2981 videlicet
1408 2914 1571 2980 atque
1603 2911 1819 2980 Latino,
1853 2926 2025 2981 usque

372 2979 442 3034 ad
460 2980 914 3048 complementum
945 2980 1255 3049 Evangelii.
1296 2979 1533 3035 Addidit
1555 2985 1621 3036 ad
1649 2982 1805 3036 hunc
1836 2979 2025 3037 locum

372 3052 772 3123 excursionem
822 3052 1088 3122 angelus,
1158 3069 1273 3122 qua
1327 3054 1589 3123 indagat,
1659 3069 1797 3108 num
1861 3069 2026 3108 sacra

374 3122 636 3196 Lit_urgia
667 3123 1260 3196 sermonevernaculo
1289 3128 1344 3196 et
1371 3122 1597 3196 vulgari
1615 3125 1770 3194 apud
1800 3125 2024 3196 Graecos

373 3198 430 3249 et
457 3193 692 3248 Latinos
715 3195 916 3264 primis
940 3193 1166 3249 saeculis
1182 3193 1592 3264 celebraretur,
1625 3213 1695 3250 au
1731 3195 2026 3252 secretiori

381 3271 439 3320 et
467 3263 806 3337 vulgaribus
831 3267 1050 3337 ignoto.
1083 3266 1378 3337 Josepbus
1407 3263 1700 3322 Antonius
1732 3268 1934 3324 Saxius
1965 3269 2024 3322 in

381 3282 439 3320 et
467 3282 806 3336 vulgaribus
831 3282 1050 3390 ignoro.
1083 3282 1378 3337 sosepnus
1407 3282 1700 3322 aesonius
1732 3282 1934 3324 Sexius
1965 3284 2023 3322 in

378 3335 532 3391 notis
559 3338 630 3391 ad
676 3337 866 3392 Landu
903 3338 997 3407 phi
1049 3337 1186 3393 Jun.
1235 3339 1449 3395 Histor.
1503 3339 1815 3394 Mediolan.
1849 3356 1899 3394 c.
1931 3343 2023 3406 22,

375 3412 543 3478 putat
573 3409 747 3463 etiam
776 3407 1083 3464 Mediolani
1117 3411 1330 3465 saeculo
1389 3409 1582 3466 adhuc
1629 3411 1733 3466 Xll
1767 3411 2022 3467 Graecam

375 3479 637 3549 linguam
671 3481 730 3534 in
763 3481 944 3535 sacris
975 3481 1229 3554 viguisse
1249 3481 1605 3554 ejusquerei
1636 3483 1945 3554 vestigium
1967 3489 2022 3538 et

378 3555 786 3620 argumentum
819 3567 881 3606 sc
921 3552 1206 3619 reperisse
1253 3554 1312 3607 in
1365 3553 1600 3609 nomine
1645 3552 2021 3609 festi‘Grsaco

373 3620 532 3692 (festi
561 3620 626 3693 de
653 3623 854 3691 Hagios
887 3621 1046 3693 puta)
1105 3627 1230 3677 tum
1276 3639 1478 3678 recens
1526 3625 1800 3680 instituti.
1859 3628 2019 3682 Conf.

377 3692 679 3765 Josephus
731 3692 1039 3765 Catalanus
1070 3694 1143 3749 ad
1164 3695 1480 3765 Augustini
1512 3696 1746 3753 Patricii
1777 3698 2024 3754 Cerimo-

378 3763 818 3838 n_ia|e_Ecclesiae
848 3764 1118 3838 Romanis
1154 3784 1206 3836 p.
1264 3763 1365 3822 {l7
1397 3784 1508 3838 sq.,
1557 3768 1656 3822 ubi
1705 3769 1857 3823 inter
1910 3769 2023 3824 alia

375 3836 612 3910 aitelim
648 3837 1022 3892 consuevisse
1055 3838 1112 3892 in
1154 3839 1312 3910 regni
1356 3836 1719 3910 Neapolitani
1751 3841 2022 3896 Ecclesiis

375 3906 701 3982 epistolam
719 3913 890 3982 atque
921 3906 1296 3982 Evangeliu‘m
1323 3906 1518 3966 Greece
1549 3916 1605 3966 et
1645 3911 1845 3968 Latine
1879 3929 2020 3982 prte-

371 3978 586 4052 legi,et
614 3980 804 4052 adhuc
835 3979 1005 4036 hodie
1056 3982 1366 4037 Brundusii
1425 3983 1606 4037 semel
1655 4000 1754 4052 per
1802 3978 2020 4039 annum

371 4051 433 4125 ip
495 4051 793 4125 Dominica
834 4052 1164 4107 Palmarum
1196 4053 1499 4125 epistolam
1539 4059 1596 4110 et
1642 4051 2018 4118 Evangelium

374 4120 573 4196 Grieca
603 4123 804 4196 lingua
850 4139 917 4178 ex
950 4126 1140 4194 prisca
1170 4120 1248 4178 et'
1274 4125 1725 4181 immemorabili
1754 4128 2017 4196 ejusdem

372 4192 589 4247 Latinas
621 4192 873 4250 ecclesiae
911 4192 1330 4251 consuetudine
1363 4198 1612 4252 recitari.
1650 4199 1709 4252 In
1769 4192 2020 4255 corona-

371 4265 532 4337 tione
553 4282 662 4319 sua
691 4281 926 4337 quoque
958 4267 1201 4321 Romani
1244 4269 1546 4337 pontiﬁces
1591 4270 1873 4324 curabant
1902 4270 2017 4325 sibi

371 4334 574 4412 laudes
607 4334 1036 4412 GriecefLatine
1067 4334 1420 4412 etHebraice
1450 4340 1586 4407 dici,
1635 4357 1747 4412 quo
1773 4358 2018 4412 persua—

369 4408 573 4462 derent
606 4424 718 4491 npn
764 4408 1251 4491 intelligentibus,
1307 4408 2016 4491 Romanum'epi'scopum

371 4485 800 4535 meumsnicum
833 4489 888 4536 et
917 4485 1175 4538 omnium
1205 4499 1505 4538 summurn
1540 4499 1690 4550 esse,
1723 4485 1816 4539 cui
1840 4486 2016 4540 etiam

373 4550 569 4606 Graeca
601 4551 858 4607 Ecclesia
881 4569 937 4608 se
991 4554 1318 4609 submittat.
1393 4556 1534 4609 Acta
1573 4556 1788 4611 Concili
1821 4555 2019 4612 Pisani

369 4622 438 4676 de
464 4624 626 4677 Anno
659 4623 795 4678 1409
829 4641 841 4677 :
877 4625 1142 4680 Dominus
1196 4642 1338 4696 papa
1369 4626 1688 4681 Alexander
1721 4629 1830 4696 fuit
1857 4643 2020 4683 coro-

369 4697 650 4767 nalus.7-
682 4699 767 4751 Ere
824 4697 927 4750 illa
973 4696 1063 4752 die
1121 4697 1297 4752 multa
1323 4699 1550 4766 fuerunt
1598 4699 1898 4767 solemnia,
1958 4702 2017 4754 ut

2055 2013 2104 2078 B

2128 1474 2503 1544 celebratam,
2557 1476 2702 1531 forte
2733 1491 2802 1530 ex
2857 1477 3046 1530 vetere
3101 1473 3396 1530 instituto.
3448 1474 3795 1531 Sermonem

2129 1547 2394 1602 Graecum
2431 1547 2622 1602 Romae
2642 1547 2830 1602 adhuc
2855 1545 3066 1602 saeculo
3112 1563 3170 1601 ιι
3203 1548 3261 1601 in
3296 1563 3434 1612 usu,
3467 1552 3568 1601 aut
3594 1548 3798 1617 potius

2132 1635 2235 1689 pro
2262 1619 2496 1673 illorum
2529 1630 2851 1690 temporum
2886 1617 3161 1690 Gothicis
3191 1626 3245 1673 et
3293 1619 3560 1674 onerosis
3611 1620 3797 1674 mori-

2130 1693 2262 1756 bus,
2287 1692 2382 1760 qui
2415 1689 2838 1746 atlectationem
2871 1695 2929 1762 et
2960 1689 3272 1745 ridiculum
3309 1691 3559 1745 mimum
3618 1696 3800 1762 atque

2131 1764 2345 1817 fastum
2406 1762 2576 1817 rebus
2617 1763 2675 1817 in
2713 1761 2988 1817 omnibus
3038 1762 3465 1827 monstrabant,
3498 1761 3795 1831 jactatum

2135 1835 2340 1898 fuisse,
2375 1840 2611 1905 apparet
2633 1851 2702 1889 ex
2733 1833 2929 1889 tabula
2967 1850 3122 1905 ,xvm
3173 1833 3316 1889 tomi
3366 1833 3540 1905 primi
3577 1835 3800 1905 Monu-

2143 1904 2474 1960 mentorum
2525 1911 2892 1960 vetustorum
2951 1904 3234 1975 Ciampini
3270 1921 3326 1974 p.
3369 1904 3456 1960 ’35
3501 1904 3789 1974 exhibita,

2139 1977 2604 2048 quasimaginem
2640 1978 2799 2032 sistit
2830 1993 3124 2032 tenearum
3184 1977 3483 2032 valvarum
3534 1977 3796 2033 ecclesia:

2136 2053 2191 2103 S.
2228 2049 2388 2103 Pauli
2422 2054 2582 2104 extra
2614 2065 2815 2104 muros
2857 2049 3041 2114 urbis,
3076 2049 3135 2103 in
3163 2049 3378 2104 multas
3401 2065 3567 2104 areas
3593 2049 3795 2118 paral-

2136 2120 2282 2175 lelas
2304 2121 2642 2188 divisarum,
2666 2121 3093 2192 etimaginibus
3125 2125 3463 2176 sanctorum
3493 2120 3796 2177 historiis-

2135 2208 2250 2262 que
2276 2192 2526 2260 biblicis,
2561 2193 2692 2247 rudi
2726 2192 2868 2247 coelo
2904 2192 3242 2264 designatis,
3297 2192 3795 2264 inscriptionibus

2137 2264 2390 2334 denique
2449 2265 2720 2334 plurimis
2789 2263 3181 2328 Graecis,’sed
3236 2263 3486 2335 aspersis
3558 2280 3794 2335 quoque

2137 2336 2382 2402 Latinis,
2409 2335 2527 2390 imo
2585 2341 2642 2390 et
2671 2335 2916 2390 Arabica
2954 2352 3071 2391 una
3102 2341 3161 2389 et
3209 2335 3393 2390 altera
3447 2335 3791 2392 obsitarum.

2137 2409 2259 2473 Quo
2291 2408 2348 2461 in
2395 2415 2595 2478 ectypo
2629 2405 2994 2477 idiograpbia
3043 2406 3242 2462 Graeca
3292 2407 3459 2462 istius
3517 2409 3624 2464 aevi
3655 2424 3793 2465 cum

2138 2477 2505 2548 idiograpbia
2531 2484 2862 2534 nostrarum
2879 2479 3344 2534 membranarum
3367 2478 3625 2550 apprime
3653 2496 3794 2536 con-

2134 2552 2374 2606 veniens
2406 2551 2699 2606 observari
2733 2555 2945 2621 potest.
2991 2551 3236 2606 Mistura
3259 2550 3438 2606 Graeci
3496 2555 3552 2606 et
3602 2551 3791 2607 Latini

2137 2621 2428 2677 sermonis
2461 2627 2704 2693 apparet
2730 2625 2787 2676 in
2849 2622 3028 2689 hujus
3081 2621 3292 2677 tabulae
3347 2622 3624 2693 area_54,
3684 2624 3786 2678 ubi

2136 2695 2165 2768 ῥ
2197 2694 2349 2768 cii-{ioc
2380 2687 2629 2768 Μῴύᾰις,
2663 2698 2719 2748 et
2750 2709 2878 2748 area
2909 2687 2998 2762 35,
3033 2693 3190 2768 ι]ῂίᾼὸ
3224 2693 3374 2767 ἅγιος
3407 2687 3534 2768 Δειδ,
3577 2694 3634 2748 id
3667 2698 3781 2762 est,

2135 2765 2327 2830 David,
2363 2766 2627 2821 volumen
2661 2771 2865 2820 tenens
2894 2765 3428 2836 conspicitur—cum
3488 2765 3791 2822 inexarata

2136 2838 2464 2892 sententia:
2527 2837 2688 2904 Audi,
2749 2837 2977 2906 ﬁlia,et
3032 2838 3162 2892 vide
3212 2841 3266 2891 et
3321 2838 3535 2892 inclina
3569 2854 3784 2894 aurem.

2135 2913 2231 2964 Est
2262 2909 2480 2964 ibidem
2515 2925 2751 2979 quoque
2784 2909 2839 2963 S.
2877 2908 3160 2964 Jeremias
3193 2924 3324 2964 cum
3385 2908 3555 2964 titulo
3586 2909 3788 2967 Graaco

2135 2988 2193 3036 et
2223 2980 2520 3036 volumine
2534 2979 2756 3036 Latinis
2777 2980 2986 3036 litteris
3012 2980 3315 3050 inscripto.
3333 2979 3572 3036 Possem
3605 2981 3699 3036 hic
3713 2982 3784 3038 de

2136 3053 2396 3108 nummis
2427 3068 2595 3123 agere
2623 3069 2693 3109 ex
2723 3068 2836 3106 una
2868 3056 3030 3122 parte
3062 3051 3256 3106 Graece
3284 3051 3371 3106 vel
3431 3052 3606 3108 etiam
3639 3055 3778 3108 Ara-

2135 3125 2281 3191 bice,
2343 3140 2411 3180 ex
2468 3123 2649 3179 altera
2697 3123 2901 3179 Latine
2951 3124 3270 3195 inscriptis.
3317 3123 3427 3179 Sed
3486 3126 3658 3180 redeo
3705 3125 3776 3179 ad

2135 3199 2545 3267 argumentum
2575 3211 2792 3251 meum.
2828 3194 3052 3267 Latinis
3075 3194 3273 3267 itaque
3313 3195 3527 3251 licebat
3558 3196 3783 3267 episco-

2136 3265 2230 3338 pis
2258 3268 2427 3323 CPlin
2443 3267 2814 3338 venientibus
2853 3265 3483 3338 publicelinguasuain
3509 3265 3783 3324 Ecclesiis

2137 3337 2349 3395 Gracis
2377 3339 2620 3395 missam
2651 3337 2961 3394 celebrare.
3005 3337 3378 3394 Marcellinus
3408 3343 3613 3396 Comes
3644 3357 3780 3395 nar-

2137 3415 2248 3478 rat,
2297 3411 2582 3466 Joannem
2639 3413 2969 3465 Romanum
3041 3410 3398 3480 pontificem,
3467 3427 3621 3467 anno
3673 3411 3787 3467 525

2130 3483 2299 3538 CPlin
2330 3483 2559 3538 venisse
2588 3481 2854 3554 miroque
2895 3481 3116 3538 honore
3159 3498 3193 3536 a
3249 3481 3580 3554 Justiniano
3631 3483 3781 3554 imp.

2131 3560 2435 3624 exceptum
2469 3555 2674 3622 fuisse,
2704 3557 2757 3608 et
2785 3553 3039 3609 dextrum
3070 3553 3259 3609 dextro
3289 3553 3555 3610 insedisse
3597 3553 3785 3611 Eccle-

2130 3631 2232 3682 sia:
2288 3627 2449 3693 solio,
2506 3626 2757 3696 diemque
2823 3628 3244 3681 resurrectionis
3303 3627 3532 3682 Domini
3594 3625 3783 3682 nostri

2127 3699 2294 3769 plena
2334 3713 2457 3752 voce
2507 3700 2752 3754 Romana
2785 3697 3048 3769 precibus
3077 3698 3394 3769 celebrasse.
3431 3699 3516 3752 Ita
3549 3714 3782 3769 quoque

2128 3768 2382 3842 Joannes
2413 3770 2692 3824 diaconus
2735 3769 2794 3824 in
2843 3768 3638 3842 ChronicoiNeapolitanop.
3673 3768 3781 3825 306

2129 3843 2322 3906 refert,
2357 3840 2579 3912 legatos
2617 3840 2863 3896 Romani
2898 3839 3187 3911 pontiﬁcis
3219 3849 3486 3897 sanctum
3519 3839 3777 3897 officium

2131 3913 2189 3967 in
2226 3912 2480 3984 Ecclesia
2510 3912 2737 3967 CPtana
2769 3913 2964 3967 Latine
2994 3912 3315 3968 celebrasse
3345 3917 3402 3968 et
3432 3914 3781 3984 imperatori

2130 3983 2507 4040 Constantino
2542 3985 2832 4054 Pogonato
2868 3983 3066 4040 Latine
3098 3984 3301 4040 laudes
3332 3983 3573 4040 dixisse.
3601 3986 3784 4040 Tanta

2129 4058 2312 4124 gratia
2368 4055 2575 4123 legatos
2624 4054 2918 4127 catholicae
2952 4057 3104 4127 pacis
3132 4057 3424 4127 subsecuta
3447 4057 3580 4124 fuit,
3613 4062 3676 4112 ut
3704 4057 3785 4112 ad

2131 4128 2392 4184 laetitiam
2437 4126 2649 4199 populi,
2681 4127 2914 4182 Joannes
2953 4125 3288 4182 Portuensis
3335 4125 3638 4199 episcopus,
3681 4130 3785 4199 qui

2127 4205 2252 4253 erat
2306 4214 2451 4253 unus
2499 4214 2572 4253 ea:
2627 4196 2783 4266 ipsis,
2835 4199 3121 4254 Dominica
3171 4196 3524 4254 Octavarum‘
3553 4196 3686 4254 Pasc

2128 4271 2326 4324 missas
2345 4269 2599 4340 publicas
2628 4271 2689 4324 in
2719 4268 2948 4326 ecclesia
2981 4269 3036 4326 S.
3063 4271 3278 4341 Sophiae
3311 4287 3498 4326 coram
3523 4270 3784 4341 principe

2128 4349 2181 4397 et
2211 4341 2537 4409 patriarcha
2565 4341 2758 4396 Latine
2787 4342 3110 4411 celebraret,
3144 4348 3197 4397 et
3223 4358 3409 4399 omnes
3439 4344 3782 4398 unanimiter

2129 4416 2185 4468 in
2222 4413 2716 4484 taudesﬂreaton's
2744 4421 2795 4468 et
2823 4415 3219 4484 imperatorum
3258 4413 3401 4470 idem
3441 4416 3655 4470 Latinis
3685 4431 3780 4471 va-

2128 4485 2287 4541 cibus
2313 4483 2719 4556 acclamarent.
2752 4483 3028 4550 Quamvis
3055 4485 3208 4541 idem
3240 4485 3411 4556 dicat,
3445 4491 3548 4540 aut
3579 4487 3778 4556 potius

2129 4560 2347 4625 repetat
2390 4573 2458 4612 ex
2495 4555 2595 4613 illo
2625 4556 2906 4612 Chronico
2949 4557 3260 4613 Anselmus
3297 4555 3778 4628 Havelbergensis

2129 4629 2340 4698 dialog.
2377 4644 2457 4694 ιιι,
2483 4629 2571 4694 12,
2611 4628 2950 4684 incredibile
3007 4633 3204 4685 tamen
3260 4633 3368 4695 est,
3431 4635 3776 4686 concionem

2129 4699 2462 4756 Graecorum
2479 4700 2791 4756 hominum
2826 4699 3024 4755 Latine
3054 4699 3213 4757 haud
3241 4699 3573 4757 callentium
3623 4701 3780 4757 Lati-

365 4774 508 4835 puta
564 4765 631 4821 de
673 4768 857 4837 stupis
919 4769 1235 4835 combustis,
1301 4762 1535 4824 dicendo
1564 4786 1583 4823 :
1652 4770 1741 4826 Sic
1815 4762 2014 4827 transit
2046 4762 2092 4827 D
2127 4788 2332 4826 norum
2366 4771 2567 4827 laudes
2598 4775 2655 4826 et
2676 4771 3034 4827 intellexisse
3063 4777 3122 4827 et
3149 4772 3444 4830 recitasse.
3485 4771 3772 4830 Utautem

365 4839 547 4907 gloria
568 4838 765 4894 mundi
809 4855 823 4906 ;

371 4908 572 4978 Greece,
629 4911 891 4967 Ilebraice
944 4915 998 4965 et
1029 4908 1267 4967 ‘Latine.
1311 4908 1644 4968 Crassusin
1672 4913 1863 4970 Diario
1895 4913 2008 4971 ele-

369 4981 581 5036 ctionis
610 4987 666 5037 et
694 4981 1084 5038 coronationis
1111 4983 1308 5038 Leonis
1339 4984 1382 5038 X
1421 5000 1433 5039 :
1459 5015 1526 5025 —
1555 4986 1616 5038 in
1643 4985 1821 5040 medio
1849 4987 2012 5041 vadit

367 5050 488 5126 ille,
521 5055 616 5120 qui
643 5055 906 5110 ducturus
936 5060 1014 5110 est
1043 5056 1348 5126 epistolam;
1366 5057 1803 5115 portanslibrum
1836 5059 2010 5112 Evan-

368 5120 665 5189 geliorum,
695 5132 748 5179 et
777 5143 900 5181 cum
921 5142 980 5181 eo
1011 5120 1105 5196 qui
1133 5120 1386 5182 dicturus
1423 5137 1505 5182 est
1534 5129 1827 5196 epistolam
1860 5129 2010 5184 Gm-

368 5207 488 5244 cam
522 5200 608 5271 ;ct
637 5204 763 5271 post
779 5213 866 5251 eos
892 5198 989 5271 qui
1021 5200 1254 5254 lecturus
1309 5203 1386 5255 est
1441 5201 1799 5271 Evangelium
1856 5201 2008 5258 Grae-

366 5278 512 5328 cum,
543 5262 764 5346 diaconi
782 5262 1093 5346 cardinales
1131 5281 1438 5342 sequuntur
1474 5262 1673 5346 grdine
1694 5289 1828 5346 suo,
1861 5273 2010 5346 inter

365 5349 498 5405 quos
553 5335 651 5417 illae
717 5341 814 5406 est,
857 5337 955 5405 qui
1008 5335 1298 5417 dicturus__
1334 5335 1842 5417 est_Evangeliuni.
1903 5344 2009 5417 [De

367 5423 542 5482 prosa
595 5408 789 5482 Graeca
848 5423 1042 5464 coram
1103 5415 1376 5482 pontiﬁce
1422 5408 1684 5470 Romano
1743 5408 2008 5471 cum‘12

367 5480 768 5556 cardinalibus
806 5480 1250 5556 tanquamicum
1304 5488 1370 5540 12
1419 5487 1710 5556 Apostolis
1770 5504 2006 5542 accum-

365 5550 540 5629 bente
570 5552 886 5629 decantata
929 5567 979 5604 v.
1011 5555 1147 5629 0rd.
1183 5555 1427 5629 Roman.
1471 5550 1540 5629 'p.
1603 5559 1725 5613 187.
1788 5560 2010 5615 Rotbo-

366 5623 520 5694 magi
542 5639 745 5680 versus
784 5623 1029 5679 ultimus
1076 5623 1286 5680 litanias
1326 5623 1558 5684 Graecus
1614 5635 1720 5686 est.
1755 5631 1999 5687 Moleon.

364 5695 782 5771 p.3_4_5_.j'lpso
829 5696 1348 5771 superioreanno,
1407 5716 1607 5756 mense
1667 5702 1813 5758 Maio
1873 5710 2007 5771 puta

371 5765 637 5839 ρλ1752ἱ
669 5766 1028 5839 nuntiabant
1066 5767 1309 5835 publicai
1348 5771 1606 5836 novellae,
1660 5765 1913 5839 Parisiis,
1945 5774 2007 5829 ni

364 5831 556 5908 fallor,
588 5835 671 5908 ab
692 5834 794 5908 illa
817 5831 1114 5908 societate,
1133 5851 1262 5908 quas
1291 5839 1551 5908 captivos
1582 5831 1941 5900 Christianos
1972 5861 2007 5900 a

367 5902 572 5973 piratis
626 5902 887 5959 Turcicis
942 5902 1192 5972 redimit,
1226 5902 1466 5964 missam
1514 5911 1772 5970 Graecam
1828 5915 2007 5971 fuisse

883 4838 947 4894 de
997 4841 1232 4911 epistola
1288 4845 1341 4895 et
1395 4841 1690 4910 Evangelia
1751 4843 1811 4896 in
1849 4843 2012 4899 Missa

2121 4842 2310 4898 Latini
2344 4843 2515 4914 legati
2550 4843 2786 4898 Latinas
2809 4841 3012 4914 laudes
3049 4843 3498 4914 imperatoribus
3529 4843 3775 4902 CPtanis

2122 4913 2546 4984 acolamabant,
2579 4915 2659 4970 ita
2689 4914 2949 4970 vicissim
2977 4913 3157 4971 Graeci
3201 4915 3368 4985 legati
3408 4915 3634 4972 Graecas
3665 4933 3772 4972 ac-

2118 4987 2440 5041 clamabant
2471 4987 2926 5056 imperatoribus
2941 4987 3268 5042 Occidentis
3299 4991 3359 5043 et
3397 4987 3775 5056 pontificibus

2118 5005 2440 5041 clamabant
2471 5005 3268 5056 ιωρρταιοτιουευοοιαθηιιδ
3299 5005 3359 5043 ει
3437 5005 3769 5044 οηιιιιοιῡυε

2118 5058 2416 5144 Romanis:
2451 5057 2636 5144 Notus
2663 5065 2751 5144 est
2781 5058 3353 5144 locus‘l’tbeg‘inonis‘
3387 5005 3769 5144 grumiensis,

2119 5146 2232 5201 quo
2263 5130 2361 5196 ait,
2393 5131 2618 5201 legatos
2661 5129 2890 5186 Graecos
2947 5129 3254 5201 Nicephori
3313 5130 3613 5188 Generalis
3674 5129 3776 5188 aut

2118 5203 2316 5274 Irenes
2348 5203 2487 5274 (non
2520 5202 2666 5257 bene
2698 5201 3179 5274 memini)Carolo
3193 5203 3403 5274 Magno
3433 5204 3493 5258 in
3525 5202 3775 5260 ecclesia

2118 5273 2434 5329 cathedrali
2467 5273 3178 5344 AquisgranensiGraacas
3197 5273 3402 5330 laudes
3418 5274 3768 5332 accinuisse.

2115 5347 2255 5418 Acta
2285 5344 2524 5418 Concilii
2563 5344 2973 5418 Lugdunensis
3004 5345 3076 5401 de
3132 5363 3229 5401 an.
3266 5347 3402 5401 1274
3437 5365 3450 5402 :
3485 5364 3589 5418 quo
3617 5364 3774 5418 sym-

2117 5417 2239 5471 bolo
2267 5419 2424 5486 ﬁnito
2477 5416 2625 5472 idem
2653 5416 2995 5486 patriarcha,
3055 5418 3456 5488 archiepiscopi
3493 5416 3566 5474 ἐἰ
3625 5416 3772 5488 logo-

2113 5489 2263 5563 taeta
2289 5505 2411 5544 cum
2441 5489 2574 5563 aliis
2592 5495 2955 5546 cantaverunt
2985 5489 3171 5545 laudes
3189 5490 3454 5547 solemnes
3485 5489 3546 5545 in
3578 5492 3772 5563 lingua

2117 5560 2311 5616 Grrz'ca
2360 5560 2584 5616 domino
2611 5575 2794 5632 papae.

2185 5633 2300 5703 (54)
2326 5633 2482 5706 Quid
2520 5632 2625 5706 hoc
2685 5632 2845 5688 verbi
2895 5632 2993 5706 sit,
3055 5650 3170 5706 non
3203 5633 3493 5706 intelligo,
3521 5635 3766 5706 Sensus,

2117 5702 2290 5772 quem
2323 5704 2380 5760 in
2416 5705 2681 5760 versione
2738 5705 3018 5776 expressi,
3079 5705 3299 5777 ﬂagitat
3334 5702 3646 5776 ὑπ’ἑκδυσιν,
3677 5702 3764 5764 vel

2115 5771 2400 5843 ἀπόλυσιν,
2428 5779 2514 5833 vel
2547 5773 2840 5844 ἀπήλυσιν.
2883 5777 3031 5844 Quid
3065 5777 3275 5834 borum
3333 5780 3765 5844 praeferendum

2115 5796 2400 5843 αποΛυσιν,
2428 5796 2514 5833 vel
2547 5796 2840 5846 απηΛυσιν.
2883 5796 3031 5844 quia
3066 5796 3275 5834 norum
3333 5796 3765 5850 praeterenoum

2112 5849 2216 5917 aut
2244 5845 2382 5916 quid
2404 5847 2564 5903 aliud
2577 5849 3050 5905 substituendum
3065 5849 3162 5917 sit,
3186 5849 3564 5908 viderintalii.
3600 5852 3767 5908 Certe

2117 5911 2281 5968 δῦναῖ
2300 5918 2456 5973 idem
2507 5919 2664 5987 quod
2727 5917 2928 5993 βαῖνειν
2962 5920 3050 5977 vel
3087 5911 3221 5974 ἰέναι
3277 5937 3422 5995 esse,
3481 5927 3644 5996 patet
3696 5939 3767 5980 ex
