4124 6392
393 409 550 471 1369

1268 413 1368 473 ΒΕ
1411 411 1863 474 CERIMONIIS
1907 411 2146 472 AULE
2187 411 2667 473 BYZANTINJE
2713 413 2860 474 LIB.
2908 415 2989 475 II.

3649 403 3805 467 1370

391 541 664 619 τραπέζης
693 540 1023 616 δαιτυμόνας
1054 542 1282 620 ἐξάγειν,
1315 542 1577 615 δηλονότι
1617 545 1663 581 99
1692 564 2041 620 προπορευο-

2170 561 2257 604 aer
2286 546 2568 619 posticam
2600 547 2946 620 positionem
2969 547 3057 605 vel
3081 550 3305 622 partem
3329 545 3723 613 accubituum,
3747 546 3804 599 et

399 627 564 705 μένου
598 633 781 694 αὐτοῖς
809 637 906 688 τοῦ
956 631 1174 689 κλεινοῦ
1220 635 1554 709 καστρησίου
1601 640 1702 703 τῆς
1757 631 2049 710 βασιλικῆς

399 724 586 797 τιμίας
618 723 909 799 τραπέζης.
960 726 1082 782 Ἐπὶ
1141 724 1198 780 δὲ
1241 732 1343 795 τῆς
1391 722 1641 801 δευτέρας
1689 723 1900 799 ἡμέρας
1945 733 2046 794 τῆς

395 810 778 889 πολυσχεδοῦς
804 813 1007 886 ταύτης
1036 816 1124 870 καὶ
1156 814 1412 889 λαμπρᾶς
1444 811 1732 877 πανδεσίας
1774 813 1855 871 δεῖ
1903 817 2052 888 ἡμᾶς

399 901 729 975 εὐτρεπίζειν
783 903 860 968 εἷς
906 903 1243 980 πρόσκλησιν
1289 912 1389 975 τῆς
1445 904 1734 979 βασιλικῆς
1791 900 2053 980 περιϐλέ-

400 1013 540 1048 πτου
570 992 846 1066 τραπέζης
888 993 1099 1067 ὁμοίως
1157 994 1512 1070 μαγίστρους,
1559 993 1899 1056 ἀνθυπάτους
1946 1014 2053 1050 πα-

397 1080 643 1156 τρικίους
695 1081 1104 1160 όφφικιαλίους,
1158 1082 1248 1138 καὶ
1297 1083 1604 1147 οἷκειακοὺς
1653 1095 2052 1159 πρωτοσπαθα-

403 1171 576 1246 ρίους,
607 1172 699 1228 τὸν
761 1174 992 1248 ἀριθμὸν
1043 1174 1134 1249 ιβ’,
1186 1171 1687 1249 συναριθμουμένου
1737 1174 1922 1236 αὐτοῖς
1970 1173 2050 1243 ἐξ·

399 1261 631 1338 αιρέτως
687 1266 786 1318 τοῦ
845 1259 1171 1337 δομεστίκου
1227 1269 1337 1319 τῶν
1394 1262 1616 1340 σχολῶν
1664 1264 1802 1321 κατᾶ
1855 1263 2048 1319 τύπον*

404 1350 635 1427 εἰσάγειν
667 1348 726 1406 δὲ
781 1351 978 1416 αὐτοὺς
1023 1353 1228 1416 πάντας
1285 1352 1337 1408 ἔν
1392 1357 1460 1426 τῇ
1519 1353 1694 1410 αὐτῶν
1754 1353 2052 1424 ἀνακλήσει

401 1438 842 1518 χλανιδοφόρους
881 1440 1305 1517 ἐστολισμένους
1351 1443 1489 1498 κατὰ
1537 1443 1600 1498 τὸ
1648 1440 1790 1498 ἴδιον
1831 1449 2049 1516 σχῆμαο

398 1528 525 1590 τοὺς
587 1528 644 1585 δὲ
702 1530 1010 1595 οἷκειακοὺς
1056 1531 1580 1607 πρωτοσπαθαρίους
1641 1532 1774 1605 μετά
1831 1535 1939 1586 τῶν
1972 1531 2055 1585 ol-

401 1618 566 1673 κείων
627 1619 860 1675 σπεκίων
927 1620 1020 1676 καὶ
1078 1616 1264 1695 ῥωέων
1325 1621 1551 1696 σαγίων,
1611 1620 1930 1695 ἐμπροσοίῳ
1974 1627 2054 1696 τῷ

406 1711 678 1782 σχήματι,
709 1711 888 1771 καθὼς
919 1710 1176 1786 ἀνωτέρω
1200 1707 1532 1782 δεδήλωται.
1564 1712 1654 1768 Ἐν
1690 1708 1746 1766 δὲ
1764 1716 1880 1773 τοῖς
1903 1713 2052 1787 πέριξ

406 1794 720 1862 ἆκουϐίτοις
752 1797 836 1855 δεῖ
863 1798 1050 1856 καλεῖν
1080 1800 1162 1878 ἐφ’
1192 1799 1419 1875 ἑκάτερα
1443 1802 1582 1877 μέρη
1618 1801 1707 1856 ἐπὶ
1730 1801 1749 1836 ί
1772 1798 1868 1856 δύο
1890 1801 2054 1857 ἀκου-

403 1882 570 1944 6ίτων
616 1888 936 1964 βασιλικοὺς
975 1889 1292 1965 ἀνθρώπους
1340 1891 1446 1945 ἀπὸ
1486 1899 1586 1961 τῆς
1629 1896 1738 1947 τῶν
1786 1893 2056 1967 σπαθαρο-

402 1975 740 2034 κανδιδάτων
776 1981 930 2051 ἀξίας
977 1981 1067 2036 καὶ
1114 1977 1428 2057 κατωτὲριιν
1474 1981 1529 2036 έν
1579 1978 1636 2036 δὲ
1680 1987 1798 2044 τοῖς
1839 1981 2060 2045 λοιποῖς

415 2063 738 2132 ἂκουϐίτοις
769 2069 1008 2131 ἅπαντας
1038 2070 1166 2132 τοὺς
1197 2067 1467 2146 ἃρχοντας
1497 2070 1594 2126 τοῦ
1624 2071 1905 2147 τάγματος
1949 2075 2056 2127 τῶν

413 2155 664 2232 σχολῶν,
696 2161 812 2214 οἷον
844 2159 1260 2234 τοποτηρητήν,
1293 2157 1342 2214 εἰ
1369 2159 1533 2237 τύχοι
1566 2159 1728 2216 αὐτὸν
1760 2163 1897 2216 εἶναι
1921 2182 2059 2216 σπα-

413 2244 896 2323 θαροκανδιδάτον,
925 2250 1052 2312 τοὺς
1083 2249 1333 2322 κόμητας
1363 2255 1471 2304 τῶν
1515 2247 1760 2324 σχολῶν,
1807 2248 2060 2324 δομεστί-

409 2357 541 2400 κους
561 2341 669 2394 τῶν
699 2335 943 2413 σχολῶν,
973 2338 1066 2393 τὸν
1097 2338 1433 2413 προέξημον,
1465 2341 1868 2415 προτήκτορας,
1903 2340 2061 2396 εὐτυ-

411 2427 712 2506 χοφόρους,
774 2428 1249 2502 σκηπτροφόρνυς,
1317 2427 1736 2501 ἀξιωματικοὺς,
1793 2427 2062 2503 μανδάτὸ-

409 2535 525 2591 ρας,
557 2517 650 2572 τὸν
684 2515 912 2592 ἀριθμὸν
941 2518 1051 2590 σμ’,
1081 2517 1172 2572 καὶ
1194 2517 1428 2588 πένητας
1451 2519 1542 2573 τὸν
1563 2520 1591 2574 ὁ
1615 2519 1810 2593 ριθμὸν
1839 2520 1925 2594 ιβ’·
1963 2519 2065 2574 εἷσ-

409 2605 560 2679 άγειν
596 2603 654 2660 δὲ
683 2605 879 2669 αὐτοὺς
914 2605 969 2660 ἐν
1015 2608 1086 2678 τῇ
1133 2607 1431 2679 ἀνακλήσει
1484 2610 1621 2681 μετά
1675 2612 1783 2664 τῶν
1843 2609 2060 2664 οἰκείων

413 2697 857 2772 σκαραμαγγίων,
888 2699 981 2752 τὸν
1011 2695 1068 2752 Si
1096 2700 1490 2774 τοποτηρητῆν
1531 2701 1620 2754 καὶ
1657 2698 2063 2776 χαρτουλάριον

407 2790 510 2841 τοῦ
539 2786 706 2842 αὐτοῦ
733 2788 1008 2863 τάγματος
1040 2789 1175 2861 μετὰ
1221 2789 1314 2843 καὶ
1347 2790 1550 2864 σαγίων
1597 2790 1806 2864 ῥωέων,
1855 2787 2066 2862 δηλον-

409 2872 494 2930 8τι
523 2876 1003 2952 προπορενομένου
1054 2873 1239 2940 αὺτοῖς
1282 2883 1381 2932 τοῦ
1428 2877 1744 2952 ἀρτίκλίνου
1793 2881 1930 2935 κατά
1974 2880 2066 2935 τὸν

407 2967 793 3043 προγραφέντα
857 2967 1049 3022 τύπον.
1117 2967 1241 3024 Ἑπί
1323 2964 1382 3022 δὲ
1447 2975 1547 3038 τῆς
1603 2967 1792 3042 τρίτης
1850 2970 2064 3044 ἡμέρας

409 3057 520 3110 τῶν
582 3054 758 3110 αὐτῶν
822 3050 1126 3111 ἀκουϐίτων
1192 3053 1276 3111 δεῖ
1338 3057 1485 3131 ἡμὰς
1587 3057 1920 3132 εὐτρεπίζειν
1990 3058 2064 3122 εἰς

407 3143 776 3219 πρόσκλησιν,
821 3143 872 3200 ἐν
929 3145 1025 3220 μὲν
1069 3148 1139 3220 τῇ
1193 3145 1454 3222 βασιλικῇ
1502 3147 1740 3221 τραπέζῃ
1794 3148 2063 3223 ἄρχοντας

414 3233 730 3309 μεγιστάνας
793 3231 921 3295 τοὺς
974 3234 1225 3309 ἀνωτέρω
1279 3232 1368 3290 ἐπὶ
1414 3236 1512 3307 τῆς
1556 3232 1804 3312 δευτέρας
1854 3238 2066 3313 ἡμέρας

2161 639 2433 693 reducere
2464 653 2563 693 eos
2592 653 2661 692 ex
2708 637 3086 694 inferioribus
3131 639 3203 693 ad
3259 636 3621 709 superiorem
3664 649 3805 688 con-

2162 729 2429 799 spicuum
2460 743 2563 783 seu
2613 728 2772 799 regio
2822 728 3159 800 conspectui
3207 728 3534 798 expositum
3583 723 3803 779 exitum

2161 817 2426 888 ejusdem
2459 817 2680 889 periodi
2709 817 2794 873 vel
2826 819 3005 888 partis
3036 818 3296 883 triclinii,
3337 816 3675 884 caeterisque
3705 811 3804 866 di-

2161 907 2377 979 gressis
2407 906 2492 962 sic
2523 907 2758 963 tandem
2793 915 2851 963 et
2879 925 3058 964 sacris
3091 923 3301 964 mensae
3334 905 3605 961 convivas
3635 901 3804 957 emit-

2161 1000 2302 1060 tere,
2337 997 2699 1066 praacedeute
2729 995 3060 1052 clarissimo
3109 999 3408 1051 castrense
3456 989 3806 1050 venerabilis

2162 1101 2376 1141 mensae
2405 1084 2747 1156 imperialis.
2785 1085 2981 1142 Altero
3020 1093 3215 1142 autem
3269 1084 3362 1140 die
3393 1080 3716 1149 multifidas,
3749 1078 3807 1133 id

2161 1179 2251 1231 est
2278 1178 2364 1230 tot
2393 1191 2495 1247 per
2516 1175 2642 1232 dies
2668 1177 2882 1232 iterata:
2905 1181 2962 1233 et
2983 1175 3150 1248 quasi
3187 1173 3525 1245 dispertitae,
3550 1167 3808 1242 splendi-

2163 1266 2368 1337 daaque
2397 1266 2746 1324 universalis
2785 1265 3202 1324 convivationis
3249 1267 3496 1336 oportet,
3548 1267 3615 1317 ut
3662 1259 3810 1315 invi-

2165 1357 2318 1410 tatos
2365 1359 2422 1412 et
2473 1360 2706 1427 paratos
2762 1358 2833 1413 ad
2881 1355 3357 1412 communionem
3415 1351 3812 1422 undequaque

2166 1444 2502 1515 spectabilis
2533 1462 2710 1502 sacras
2753 1462 2966 1502 mensas
3016 1446 3341 1501 habeamus
3392 1458 3498 1499 suo
3550 1445 3811 1511 tempore

2165 1533 2534 1590 advocandos
2549 1534 3106 1606 magistrositerum,
3132 1538 3196 1589 ut
3215 1533 3514 1604 superiore
3535 1529 3652 1598 die,
3676 1543 3813 1599 pro-

2166 1621 2440 1680 consules
2471 1624 2746 1696 patricios
2787 1624 3088 1689 ofﬁciales,
3142 1622 3462 1677 familiares
3512 1623 3817 1691 protospa—

2164 1713 2408 1780 tharios,
2442 1730 2682 1770 numero
2715 1715 2773 1770 in
2817 1713 3151 1770 universum
3182 1712 3527 1777 duodecim;
3561 1721 3814 1780 quorum

2172 1819 2328 1858 unus
2357 1818 2423 1858 eo
2456 1803 2551 1858 die
2578 1819 2648 1859 ex
2679 1803 2932 1859 formula
2962 1807 3020 1858 et
3050 1800 3387 1873 praescripto
3417 1794 3814 1854 cerimonialis

2166 1908 2296 1948 esse
2317 1891 2486 1948 debet
2511 1892 2872 1948 domesticus
2896 1891 3254 1948 scholarum.
3272 1889 3405 1946 Illos
3426 1903 3626 1945 omnes
3651 1900 3816 1956 opor-

2168 1985 2252 2038 tet
2281 1981 2497 2037 viritim
2531 1986 2800 2038 evocatos
2830 1982 2888 2037 in
2921 1980 3136 2038 tunicis
3165 1979 3445 2051 peculiari
3478 1977 3651 2034 modo
3676 1991 3816 2032 con-

2169 2071 2436 2127 formatis
2464 2071 2849 2128 introducere.
2883 2071 3242 2128 Domesticos
3270 2073 3466 2125 autem
3513 2071 3818 2140 protospa-

2168 2160 2389 2216 tbarios
2419 2177 2551 2216 cum
2585 2161 2980 2233 peculiaribus
3013 2160 3126 2216 sibi
3157 2161 3285 2215 suis
3315 2157 3532 2230 speciis
3561 2159 3617 2212 et
3658 2154 3818 2225 sagis

2172 2250 2362 2306 russis
2391 2254 2526 2306 ante
2557 2267 2818 2308 mensam
2853 2266 3078 2306 sacram
3109 2253 3386 2317 statuere,
3417 2250 3482 2303 ut
3511 2262 3684 2317 supra
3723 2243 3820 2299 de-

2173 2338 2462 2396 claratum
2515 2345 2625 2397 est.
2684 2342 2771 2397 Ad
2823 2340 3117 2397 accubitos
3175 2343 3393 2405 autem,
3427 2335 3528 2408 qui
3587 2349 3817 2391 sacram

2171 2444 2440 2486 mensam
2499 2446 2569 2487 ex
2627 2441 2869 2500 utraque
2929 2435 3090 2503 parte
3138 2430 3542 2493 circumstant,
3593 2426 3821 2496 Oportet

2172 2539 2434 2590 evocare,
2467 2530 2521 2579 et
2551 2524 2622 2579 ad
2659 2523 2958 2594 proximas
2983 2520 3222 2592 quidem
3245 2521 3395 2575 duas
3416 2515 3687 2572 homines
3717 2515 3821 2568 im-

2174 2613 2445 2688 periales,
2477 2629 2510 2669 a
2540 2612 3259 2683 spatharocandidatorum
3294 2607 3430 2664 inde
3460 2605 3745 2675 dignitate
3766 2607 3824 2659 et

2175 2705 2260 2761 sic
2291 2719 2458 2775 porro
2490 2702 2829 2769 inferiores;
2863 2702 2933 2756 ad
2967 2699 3224 2772 reliquas
3250 2697 3504 2754 sedecim
3537 2710 3669 2750 vero
3702 2708 3822 2748 ma-

2175 2794 2460 2866 gistratus
2489 2792 2767 2866 tagmatis
2799 2791 3162 2855 scholarum,
3214 2791 3280 2844 ut
3324 2789 3736 2858 topoteretam,
3770 2781 3822 2838 si

2175 2882 2352 2940 simul
2384 2882 2458 2938 sit
2483 2880 3134 2952 spatharocandidatus,
3163 2876 3406 2934 comites
3457 2871 3820 2941 scholarum,

2175 2973 2530 3044 proximum,
2574 2975 2948 3042 protectores,
3001 2965 3514 3038 eutycbiOphoros,
3559 2969 3820 3032 sceptro-

2174 3061 2413 3133 phoros,
2465 3060 2864 3129 axiomaticos,
2915 3058 3311 3123 mandatores,
3360 3055 3420 3110 in
3481 3050 3821 3109 universum

2173 3152 2301 3221 240,
2334 3155 2390 3208 et
2420 3166 2704 3223 pauperes
2735 3148 3061 3206 duodecim.
3113 3148 3353 3220 Oportet
3401 3148 3596 3201 autem
3642 3156 3825 3213 supra

2177 3241 2426 3314 scriptos
2457 3245 2726 3298 evocatos
2765 3239 3137 3296 introducere
3194 3237 3252 3293 in
3300 3235 3424 3292 suis
3481 3233 3590 3291 sibi
3636 3247 3826 3288 scara-

413 3304 882 3398 μνημονευοέντας
927 3326 1020 3381 τὸν
1070 3304 1304 3401 ἆριυμὸν
1367 3304 1480 3403 ιβ’,
1514 3304 1915 3406 ἀφαιρουμένου
1967 3304 2059 3402 μὶν

2178 3304 2448 3404 mangiis.
2480 3331 2825 3402 Topotereta
2852 3345 2990 3385 vero
3021 3333 3078 3384 et
3115 3325 3508 3384 chartularius
3559 3322 3822 3395 ejusdem

407 3417 508 3469 τοῦ
549 3417 657 3470 τῶν
713 3415 940 3490 σχολῶν
999 3412 1349 3490 δομεστίκου,
1411 3417 1770 3480 ἀνυεισιόντος
1823 3414 1879 3472 δὲ
1925 3418 2064 3472 κατά

406 3507 580 3564 τύπον
636 3512 735 3563 τοῦ
779 3507 1106 3584 δομεστίκου
1162 3516 1272 3566 τῶν
1322 3507 1673 3584 ἐξκουϐίτων,
1724 3512 1957 3587 εἰσάγειν
2009 3510 2066 3567 δὲ

407 3596 603 3659 αὐτοὺς
634 3597 686 3652 ἐν
727 3602 796 3673 τῇ
849 3599 1145 3671 ἀνακλήσει
1203 3601 1340 3656 κατά
1389 3601 1479 3656 τὸν
1530 3598 1928 3681 προδειχθέντα
1966 3601 2063 3658 τύ-

406 3705 530 3740 πον.
583 3686 676 3741 Ἐν
724 3681 781 3740 δὲ
835 3691 952 3750 τοῖς
1016 3686 1290 3762 ἑκατέροις
1347 3693 1453 3743 τῶν
1513 3692 1692 3764 μερῶν
1753 3683 2067 3751 ἀκουϐίτοις

408 3769 490 3828 δεῖ
518 3771 706 3828 καλεῖν
739 3774 951 3848 ὁμοίως
981 3775 1069 3831 ἐπὶ
1097 3781 1217 3839 τοῖς
1277 3774 1428 3831 δυσὶν
1477 3773 1790 3840 ἀκουϐίτοις
1844 3775 2067 3854 βασιλι-

405 3863 538 3926 κοὺς
593 3862 912 3940 ἀνθρώπους
967 3864 1017 3920 έν
1070 3866 1390 3940 ἀξιώμασιν·
1451 3865 1503 3921 ἐν
1561 3864 1617 3923 δὲ
1673 3873 1790 3930 τοῖς
1847 3867 2070 3933 λοιποῖς

407 3948 723 4015 ἄκουῦίτοις
762 3955 998 4017 ἅπαντας
1026 3953 1153 4018 τοὺς
1185 3955 1454 4032 ἄρχοντας
1483 3961 1581 4013 τοῦ
1625 3957 1908 4034 τάγματος
1957 3962 2064 4014 τῶν

407 4037 756 4116 ἐξκουὸίτων,
789 4046 901 4100 οἷον
932 4048 1340 4121 τοποτηρητάς,
1402 4045 1733 4125 σκρίϐωνας,
1777 4050 1868 4106 τὸν
1923 4069 2066 4126 χαρ-

405 4129 721 4206 τουλάριον,
781 4130 1198 4212 δρακοναρίους,
1249 4139 1639 4216 σκευοφόρους,
1685 4139 2063 4220 σιγνοφόρους,

409 4221 718 4296 σενάτορας,
777 4223 1330 4301 πρωτεμανδατορας,
1419 4229 1510 4282 καὶ
1582 4226 1923 4303 μανδάτορας
1968 4231 2066 4282 τοῦ⁹

407 4308 644 4386 ἀριθμοῦ
702 4308 800 4385 σδ’,
859 4314 948 4368 καὶ
1009 4312 1246 4386 πένητας
1307 4315 1398 4391 ιβ’,
1458 4316 1694 4392 εἰσάγειν
1751 4313 1808 4372 δὲ
1865 4317 2065 4378 αὐτοὺς

407 4399 542 4456 κατά
584 4402 680 4458 τὸν
741 4401 1119 4480 προῤῥηθέντα
1156 4409 1326 4460 τύπον
1385 4406 1523 4461 κατὰ
1585 4407 1650 4462 τὸ
1715 4410 1912 4483 σχῆμα
1964 4414 2064 4478 τῆς

411 4486 660 4567 δευτέρας
691 4493 923 4568 ἡμέρας.
954 4495 1084 4550 Ἐπὶ
1124 4492 1182 4549 δὲ
1235 4497 1336 4561 τῆς
1385 4494 1649 4572 τετάρτης
1705 4495 1916 4572 ἡμέρας
1960 4503 2067 4568 τῆς

317 4610 325 4617 ·
408 4585 734 4657 περιφανοῦς
780 4582 1007 4655 ταύτης,
1053 4583 1128 4646 ὡς
1189 4583 1382 4651 εἰπεῖν,
1435 4581 1736 4656 δεξιώσεως
1783 4582 1865 4641 δεῖ
1913 4587 2062 4656 ἡμᾶς

2172 3421 2454 3494 tagmatis
2483 3417 2754 3476 etiamin
2805 3419 2965 3492 sagis
3018 3416 3204 3473 russis
3243 3417 3567 3484 introeunt,
3608 3425 3824 3486 prace-

2172 3512 2346 3567 dente
2375 3510 2537 3583 ipsos
2589 3507 2859 3565 articlino
2900 3507 3230 3564 secundum
3279 3503 3591 3561 formulam
3647 3517 3825 3574 supra

2174 3602 2472 3674 scriptam.
2505 3600 2699 3658 Tertio
2741 3600 2834 3656 die
2893 3597 3300 3656 celebrationis
3341 3596 3680 3654 earumdem
3729 3610 3826 3649 xxx

2174 3694 2553 3750 accubituum
2581 3695 2809 3764 oportet
2834 3689 3228 3746 nosinvitatos
3249 3685 3826 3759 paratosquehabere

2175 3784 2247 3839 ad
2280 3799 2502 3840 sacram
2531 3783 2767 3854 quidem
2802 3797 3067 3837 mensam
3116 3781 3436 3849 magnates,
3470 3774 3623 3830 482
3681 3788 3824 3844 qua-

2173 3871 2258 3929 les
2291 3873 2463 3929 modo
2496 3871 2753 3928 secundo
2778 3869 2872 3926 die
2895 3870 3233 3924 dicebamus
3264 3862 3533 3922 advocari
3559 3879 3573 3932 ;
3608 3861 3825 3934 pariter

2175 3978 2423 4018 numero
2454 3959 2787 4026 duodecim,
2821 3959 3040 4014 omisso
3072 3973 3137 4012 ea
3165 3955 3286 4011 vice
3308 3952 3626 4011 domestico
3651 3950 3824 4007 scho-

2175 4051 2367 4107 larum
2383 4057 2435 4106 et
2450 4047 2828 4120 assumptoin
2853 4047 2984 4118 ejus
3014 4046 3204 4102 locum
3237 4042 3557 4100 domestico
3586 4039 3825 4097 excubi-

2176 4148 2389 4210 torum,
2423 4142 2482 4194 et
2506 4137 2568 4193 hi
2590 4137 2910 4194 secundum
2937 4134 3336 4209 praescriptam
3351 4131 3664 4189 formulam
3691 4145 3823 4185 evo-

2173 4232 2284 4288 cati
2316 4229 2797 4286 introducantur.
2832 4226 3111 4299 Reliquos
3151 4233 3345 4282 autem
3396 4227 3457 4279 in
3509 4226 3824 4291 utramque

2175 4323 2408 4392 partem
2440 4317 2744 4374 accubitos
2774 4317 2928 4389 quod
2952 4317 3182 4388 attinet,
3214 4315 3590 4388 apponuntur
3619 4324 3823 4367 eorum

2175 4408 2410 4466 duobus
2439 4425 2471 4464 a
2502 4408 2663 4480 regia
2687 4407 2966 4478 proximis
2987 4401 3602 4475 hominesimperiales
3630 4397 3822 4472 digni-

2174 4499 2392 4556 tatibus
2425 4496 2818 4572 spectabiles;
2853 4496 3076 4554 cteteris
3125 4495 3500 4566 magistratus
3547 4488 3824 4562 tagmatis

2171 4589 2606 4658 excubitorum,
2619 4591 2682 4644 ut
2698 4590 3052 4660 topoteretae,
3065 4585 3389 4653 scribones,
3409 4579 3823 4646 chartularius,

409 4666 737 4745 εὐτρεπίζειν
788 4670 864 4734 εἰς
903 4670 1102 4742 κλῆσιν
1145 4679 1243 4742 τῆς
1293 4671 1585 4749 βασιλικῆς
1631 4675 1820 4750 τιμίας
1864 4676 2059 4753 τραπέ-

2177 4679 2528 4750 draconarii,
2560 4677 2929 4750 scenophori,
2963 4674 3252 4750 signiferi,
3285 4677 3601 4739 senatores,
3635 4673 3827 4743 proto-

410 4762 508 4828 ζης
545 4757 606 4814 ἐκ
649 4764 758 4815 τῶν
804 4759 1057 4837 ἀνωτέρω
1116 4765 1236 4828 καθ’
1287 4764 1514 4836 ἑκάστην
1574 4764 1783 4842 ἡμέραν
1842 4787 2058 4840 μνημο-

406 4847 698 4904 νευθέντων
731 4849 1018 4930 ἀρχόντων
1049 4851 1139 4907 σὺν
1188 4857 1268 4926 τῷ
1315 4851 1658 4931 δρουγγαρίῳ
1707 4861 1807 4924 τῆς
1856 4855 2060 4932 βίγλης

407 4937 542 4993 κατᾶ
571 4938 741 4994 τύπον
787 4940 878 4994 τὸν
926 4941 1154 5016 ἀριθμόν
1207 4943 1296 5016 ιβ’,
1348 4941 1579 5018 εἰσάγειν
1633 4943 1689 4998 δὲ
1719 4942 1957 5006 ἄπάντας
2006 4944 2057 5000 έν

405 5030 474 5100 τῇ
507 5027 800 5101 ἀνακλήσει
835 5031 971 5103 μετά
997 5035 1104 5086 τῶν
1149 5030 1366 5087 οἷ’κείων
1424 5031 1838 5107 ἀλλαξιμάτω),
1880 5036 2061 5100 καθὼς

409 5115 645 5190 εἷ’ρηται’
691 5119 784 5174 τὸν
832 5117 890 5174 δὲ
943 5117 1306 5198 δρουγγάριον
1362 5129 1462 5192 τῆς
1519 5121 1718 5199 βίγλης
1774 5125 1908 5198 μετά
1962 5130 2060 5180 τοῦ

407 5207 607 5263 οἷκείον
658 5211 1071 5288 σκαραμαγγίου
1114 5213 1205 5268 καὶ
1252 5213 1444 5288 σαγίου
1494 5211 1648 5288 ῥοῆς.
1698 5216 1790 5273 Ἐν
1838 5212 1897 5271 δὲ
1941 5221 2063 5279 τοῖς

2173 4771 2547 4827 mandatores
2577 4772 2634 4824 et
2675 4767 3073 4836 mandatores,
3115 4766 3188 4821 ad
3237 4779 3550 4821 numerum
3598 4760 3726 4827 204,
3759 4761 3818 4814 et

2171 4876 2460 4934 pauperes
2491 4857 2823 4915 duodecim.
2857 4857 3316 4912 Introducuntur
3357 4856 3553 4910 autem
3603 4865 3817 4906 secun-

2173 4948 2313 5002 dum
2339 4945 2648 5003 formulam
2669 4943 2916 5002 secundi
2937 4942 3053 4999 diei
3073 4943 3196 5013 jam
3223 4941 3570 5013 expositam.
3604 4939 3818 5004 Quarto

2172 5035 2265 5092 die
2296 5033 2617 5107 splendidas
2648 5033 2848 5105 hujus,
2883 5032 3042 5088 utita
3068 5032 3284 5102 dicam,
3318 5028 3819 5086 beneventationis

2172 5131 2229 5184 et
2257 5125 2614 5198 exceptionis
2644 5128 2871 5197 oportet
2889 5139 2992 5180 vos
3022 5122 3268 5179 invitare
3298 5126 3356 5179 et
3377 5137 3716 5194 comparare
3747 5120 3821 5176 ad

2173 5215 2649 5274 communionem
2688 5212 3036 5273 venerabilis
3067 5213 3238 5286 regie
3273 5229 3485 5271 menses
3516 5212 3589 5269 de
3617 5225 3820 5284 proce-

1763 5350 2012 5410 VARl/E
2051 5351 2460 5410 LECTIONES.

477 5468 524 5507 9°
544 5468 769 5548 ἐξάγειν,
803 5467 1061 5544 δηλονότι
1093 5474 1181 5544 11.,
1213 5471 1420 5551 ἐξάγειν
1454 5471 1512 5530 δὲ
1543 5473 1804 5547 δηλονότι
1835 5479 1962 5539 cod.
1995 5482 2054 5537 et
2081 5478 2173 5537 ed.
2251 5480 2268 5514 ¹
2301 5476 2388 5533 ἐπὶ
2419 5494 2528 5536 em.
2566 5478 2656 5548 Βη,
2690 5473 2794 5532 ἀπὸ
2825 5479 2953 5536 cod.
2985 5485 3040 5536 et
3068 5478 3162 5536 ed.

1475 5604 1678 5662 JOAN.
1716 5605 1864 5664 JAC.
1888 5607 2152 5665 BEISKII
2183 5605 2772 5664 COMMENTARIUS.

408 5739 550 5799 voce
578 5719 769 5799 ἄδυτα,
802 5739 930 5799 quae
960 5724 1110 5799 idem
1153 5725 1324 5799 atque
1351 5715 1529 5799 ῥὶϐατα
1581 5725 1892 5799 significat,
1924 5727 2066 5785 item

411 5813 481 5855 ex
512 5791 779 5851 διαδύνειν
812 5791 1011 5855 inloco
1025 5791 1367 5854 Nicomachi
1391 5791 1724 5871 Gerasenis,
1747 5791 1922 5872 quem
1936 5802 2065 5858 Sal-

2179 5727 2408 5784 masius
2437 5727 2511 5783 ad
2544 5727 2724 5783 Aram
2762 5725 3027 5782 Dosiadre
3057 5741 3116 5798 p.
3153 5723 3272 5780 189.
3305 5723 3395 5798 ed.
3445 5724 3610 5777 Cren.
3661 5720 3826 5791 citat,

2180 5801 2281 5858 ubi
2310 5804 2478 5859 notat
2507 5799 2822 5872 divergcre,
2850 5798 2910 5855 in
2941 5796 3174 5857 diversa
3203 5796 3455 5853 tendere.
