4124 6384
258 397 406 456 1371

1339 395 1866 458 CONSTANTINI
1912 397 2605 462 PORPHYROGENITI

3507 391 3666 454 1372

261 529 447 599 ribus,
479 527 681 600 quales
705 527 833 599 jam
866 528 936 583 ad
970 526 1239 600 singulos
1288 529 1738 599 precedentium
1787 531 1915 586 die-

2043 537 2222 594 οιποῖς
2253 526 2570 593 ἀκουϐίτοις
2630 528 2712 584 δεῖ
2759 529 2908 601 ἡμᾶς
2953 525 3142 581 καλεῖν
3197 523 3521 599 βασιλικοὺς
3577 524 3670 578 ἁν-

253 636 385 675 rum
434 617 1042 688 commemoravimus,
1093 635 1336 675 numero
1382 621 1708 687 duodecim,
1740 637 1898 676 com-

256 709 543 780 prehenso
575 707 755 765 simul
786 709 1102 781 drungario
1131 709 1339 780 vigiliae
1368 726 1618 780 :eosque
1643 711 1901 766 introdu-

248 814 376 854 cere
407 815 542 854 cum
574 799 698 854 suis
733 799 840 854 sibi
869 814 1162 870 quemque
1193 799 1547 867 mutatoriis,
1582 803 1647 854 ut
1675 799 1896 855 dictum

247 888 367 957 jam
400 893 526 955 est;
580 887 964 960 drungarium
1010 887 1224 960 vigilias
1274 891 1469 944 autem
1521 905 1656 944 cum
1707 905 1901 944 scara-

255 978 490 1050 mangio
522 994 630 1034 suo
661 983 716 1034 et
747 993 888 1049 sago
919 993 1124 1046 russo;
1160 979 1232 1032 ad
1255 977 1514 1048 reliquos
1560 982 1756 1034 autem
1813 995 1905 1034 ac-

256 1066 494 1121 cubitus
544 1067 824 1122 advocare
875 1065 1144 1122 homines
1195 1065 1529 1136 imperiales
1579 1066 1901 1122 secundum

255 1153 567 1210 formulam
601 1155 956 1227 praedictam,
983 1163 1034 1210 et
1057 1171 1256 1211 omnes
1282 1156 1658 1227 magistratus
1680 1160 1904 1228 tagma-

254 1243 334 1298 tis
374 1245 632 1312 arithmi,
683 1248 1086 1316 topoteretam,
1148 1244 1594 1312 chartularium,
1660 1246 1905 1301 comites

254 1333 620 1401 centarchos,
650 1333 1083 1402 bandophoros,
1135 1332 1489 1401 labarenses,
1536 1333 1904 1399 vexilliferos,

255 1421 665 1489 ducenatores,
700 1424 1089 1492 mandatores,
1117 1423 1424 1493 janitores,
1473 1422 1907 1478 diatrechontes

253 1511 345 1568 vel
377 1512 740 1577 vernaculos,
776 1513 833 1566 in
869 1512 1202 1567 universum
1252 1513 1377 1568 204.
1417 1513 1632 1567 Horum
1671 1513 1906 1583 quidem

249 1606 604 1674 topoteretes
634 1618 768 1656 cum
805 1618 944 1673 sago
977 1618 1171 1671 russo,
1195 1601 1382 1657 caeteri
1407 1605 1603 1657 autem
1632 1617 1763 1657 cum
1786 1601 1911 1658 suis

257 1692 516 1764 quisque
545 1691 974 1762 scaramangiis
1026 1691 1498 1746 introducuntur.
1553 1690 1654 1746 Die
1704 1692 1910 1761 quinto

263 1788 492 1855 oportet
521 1800 623 1840 vos
654 1783 902 1838 invitare
935 1791 988 1839 et
1022 1799 1364 1854 comparare
1393 1783 1688 1839 vocandos
1720 1784 1793 1839 ad
1825 1801 1914 1838 sa-

2011 623 2266 696 θρώπους
2323 623 2458 677 κατᾶ
2511 623 2606 677 τὸν
2662 618 2927 694 [τεχθέντα
2981 617 3176 685 τύπον,
3253 615 3344 670 καὶ
3425 613 3668 678 ἃπαντας

2008 713 2137 774 τοὺς
2169 715 2437 787 ἄρχοντας
2484 717 2582 766 τοῦ
2628 712 2906 788 τάγματος
2953 707 3050 762 τοῦ
3090 707 3349 780 ἀριθμοῦ,
3403 706 3519 759 οἷον
3565 726 3672 760 το-

2010 805 2357 877 ποτηρητὴν,
2415 804 2506 859 τὸν
2556 801 2984 876 χαρτουλάριον,
3034 797 3166 858 τοὺς
3211 795 3484 869 κόμητας,
3539 796 3671 857 τοὺς

2010 892 2360 968 κεντάρχους,
2423 888 2822 968 βανδοφόρους,
2873 883 3298 960 λαὸουρησίους,
3356 883 3668 964 σημειοφό-

2014 1002 2160 1055 ρους,
2194 979 2629 1055 δουκινιάτορας,
2694 977 3053 1054 μανδάτορας,
3101 974 3404 1050 θυρωροὺς,
3448 971 3667 1048 διατρέ-

2013 1089 2237 1146 χοντας,
2267 1071 2360 1126 τὸν
2391 1070 2621 1146 ἀριθμὸν
2662 1067 2760 1140 σδ“,
2791 1068 2880 1124 καὶ
2930 1065 3161 1141 εἰσάγειν
3216 1065 3412 1128 αὐτοὺς
3464 1066 3668 1125 οὕτως*

2011 1161 2105 1215 τὸν
2139 1161 2232 1234 μὲν
2290 1160 2681 1236 τοποτηρητῆν
2740 1160 2878 1232 μετᾶ
2933 1155 3106 1232 ῥωέου
3166 1156 3380 1230 σαγίου,
3428 1152 3556 1216 τοὺς
3609 1151 3669 1208 δὲ

2015 1245 2260 1312 λοϐποὺς
2321 1251 2455 1324 μετὰ
2507 1253 2616 1304 τῶν
2686 1246 2900 1303 οἰκείων
2957 1244 3408 1320 σκαραμαγγίων,
3486 1241 3672 1303 καθὼς

2015 1338 2273 1412 ἀνωτέρω
2331 1336 2660 1409 δεδήλωται.
2721 1337 2846 1395 Ἐπὶ
2903 1333 2960 1390 δὲ
3023 1341 3123 1405 τῆς
3208 1333 3464 1407 πέμπτης
3526 1328 3675 1406 ἡμέ-

2021 1449 2118 1504 ρας
2174 1425 2256 1482 δεῖ
2315 1429 2454 1500 ὑμᾶς
2512 1427 2953 1502 προευτρεπίζειν
3027 1425 3103 1487 είς
3174 1421 3374 1493 κλῆσιν
3429 1425 3528 1490 τῆς
3585 1443 3676 1476 τι-

2025 1524 2152 1590 μίας
2184 1513 2352 1582 ὅντως
2385 1516 2680 1592 βασιλικῆς
2707 1517 2981 1589 τραπέζης
3015 1515 3158 1588 ὁμοῦ
3190 1511 3250 1568 ἐκ
3278 1517 3386 1568 τῶν
3419 1512 3674 1587 ἀνωτέρω

2025 1609 2511 1681 μνημονευθέντων
2547 1605 2776 1680 ἐνδόξων
2823 1603 3160 1682 μεγιστάνων
3215 1603 3306 1658 σὺν
3356 1605 3453 1658 τοῦ
3502 1600 3676 1675 δομε-

2021 1695 2208 1750 στίχου
2256 1699 2362 1750 τῶν
2429 1693 2716 1764 ίκανάτων,
2763 1693 2956 1771 φίλους
2997 1692 3088 1747 τὸν
3139 1690 3369 1766 ἀριθμὸν
3433 1690 3523 1765 ιβ’,
3579 1686 3676 1744 καὶ

2023 1783 2250 1859 εῗσάγειν
2318 1782 2516 1846 αὐτοὺς
2587 1784 2719 1857 μετὰ
2783 1789 2890 1837 τῶν
2969 1781 3180 1836 οἰκείων
3260 1777 3674 1852 ἂλλαξιμάτων,

259 1889 418 1931 cram
441 1876 498 1929 et
528 1887 658 1928 vere
691 1872 906 1944 regiam
940 1889 1206 1929 mensam
1239 1873 1539 1928 duodecim
1591 1872 1810 1929 amicos
1840 1875 1912 1930 de

2034 1872 2197 1933 ιαθὼς
2229 1873 2480 1948 ἀνωτέρω
2513 1869 2837 1942 δενήλωται.
2879 1872 2968 1927 Ἐν
3008 1867 3064 1924 ὂὶ
3096 1873 3214 1930 τοῖς
3249 1866 3470 1929 λοιποῖς
3508 1868 3674 1922 ἀκουι

255 1962 586 2018 illustribus
634 1963 970 2034 proceribus
1020 1979 1203 2033 supra
1260 1963 1622 2031 memoratis,
1656 1979 1908 2034 quorum

257 2069 414 2109 unus
441 2069 506 2108 eo
540 2053 632 2108 die
663 2053 773 2109 erit
813 2053 1172 2109 domesticus
1228 2052 1665 2109 hicanatorum.
1717 2054 1808 2116 Hi,
1844 2059 1911 2110 ut

252 2143 376 2212 jam
411 2143 785 2209 notatum,in
819 2145 1071 2215 propriis
1115 2143 1237 2198 suis
1277 2143 1606 2198 mutatoriis
1653 2144 1912 2200 introdu-

258 2236 493 2288 cuntur.
525 2235 613 2288 Ad
647 2232 898 2302 reliquos
931 2232 1105 2287 simul
1136 2249 1340 2288 omnes
1371 2233 1673 2288 accubitus
1705 2248 1912 2289 vocare

263 2326 518 2394 Oportet,
551 2323 617 2376 ad
653 2322 1119 2394 primosquidem
1153 2338 1182 2376 a
1217 2338 1380 2377 sacro
1396 2321 1690 2392 proximos
1721 2322 1910 2378 homi-

263 2429 367 2469 nes
400 2413 759 2485 imperiales,
791 2420 853 2467 ut
878 2413 1002 2483 jam
1037 2412 1328 2481 diximus;
1364 2413 1434 2466 ad
1468 2413 1772 2468 inferiores
1805 2429 1910 2468 au-

263 2509 378 2558 tem
412 2503 747 2558 eorumdem
781 2502 1038 2573 ipsorum
1083 2503 1487 2558 hicanatorum
1539 2507 1818 2570 rectores,
1850 2506 1914 2557 ut

257 2597 662 2664 topoteretam,
699 2593 966 2658 comites,
1028 2591 1478 2661 cbartularium,
1541 2592 1909 2662 centarchos,

2020 1957 2194 2024 ϐίτοις
2237 1959 2319 2016 δεῖ
2373 1960 2560 2016 καλεῖν
2619 1963 2761 2034 ὁμοῦ
2827 1959 3145 2036 βασιλικοὺς
3201 1957 3540 2031 ἀνθρώπους,
3595 1957 3675 2016 ὡς

2020 2051 2276 2128 ἀνωτέρω
2310 2051 2627 2126 εἰρήκαμεν.
2661 2053 2749 2108 Ἐν
2787 2048 2845 2105 δὲ
2889 2055 3007 2112 τοῖς
3055 2049 3347 2112 κατωτέρω
3395 2046 3524 2109 τοὺς
3576 2044 3677 2122 ἅρ-

2018 2162 2216 2219 χοντας
2245 2147 2342 2197 τοῦ
2373 2143 2653 2218 τάγματος
2694 2147 2801 2197 τῶν
2849 2141 3026 2197 αὐτῶν
3075 2140 3366 2208 ίκανάτων,
3416 2140 3530 2194 οἷον
3579 2159 3675 2193 το-

2019 2235 2344 2308 ποτηρητὴν
2374 2238 2481 2288 τῶν
2511 2235 2797 2306 κομήτων,
2827 2233 2919 2287 τὸν
2954 2230 3361 2306 χαρτουλάριον
3389 2234 3496 2286 τῶν
3525 2249 3677 2284 κεντ-

2020 2321 2232 2398 άρχων,
2305 2320 2679 2399 βανδοφόρων,
2758 2317 3169 2399 σημειοφὸρων,
3247 2318 3676 2394 δουκινιατόρων

2019 2411 2112 2466 καὶ
2150 2408 2526 2485 μανδατόρων,
2563 2409 2640 2466 σδ¹
2689 2411 2782 2466 τὸν
2837 2411 3090 2486 ἀριθμὸν,
3148 2410 3239 2466 καὶ
3297 2408 3530 2480 πένητας
3585 2409 3681 2482 ιβ’,

2021 2500 2252 2574 εἰσάγειν
2288 2498 2343 2555 δὲ
2382 2501 2578 2562 αὐτοὺς
2609 2500 2662 2554 ἐν
2689 2503 2758 2573 τῇ
2789 2499 3107 2569 ἀνακλήσει,
3139 2497 3320 2561 καθὼς
3349 2497 3439 2553 καὶ
3467 2495 3521 2552 ἐν
3561 2501 3682 2559 τοῖς

2023 2587 2244 2652 λοιποῖς
2273 2589 2517 2666 τάγμασι
2548 2589 2993 2668 προεγράφαμεν.

253 2681 684 2753 bandophoros,
718 2682 1088 2748 vexilliferos,
1121 2682 1507 2738 ducenatores
1557 2687 1614 2736 et
1669 2683 2061 2751 mandatores,
2093 2682 2164 2736 ad
2224 2696 2535 2737 numerum
2584 2681 2711 2750 204,
2743 2686 2802 2736 et
2859 2684 3066 2751 praeter
3121 2696 3219 2736 eos
3276 2679 3467 2738 adhuc
3525 2679 3682 2736 duo-

255 2767 442 2824 decim
475 2785 780 2842 pauperes.
825 2769 1100 2826 Evocatos
1142 2769 1223 2826 ita
1260 2774 1488 2842 oportet
1516 2769 1909 2839 introducere,
1944 2774 2027 2840 ut,
2061 2786 2194 2827 cum
2226 2771 2296 2828 de
2351 2769 2571 2826 caeteris
2627 2770 2936 2827 ordinibus
2994 2771 3344 2840 diceremus,
3403 2768 3684 2841 praescri-

259 2859 506 2930 psimus.

339 2989 493 3044 433
525 2987 888 3060 Tenendum,
933 2987 980 3044 si
1039 2988 1294 3061 primum
1355 2989 1414 3044 in
1475 2988 1630 3045 diem
1691 2988 1912 3047 hebdo-

265 3080 454 3135 madis
487 3077 706 3134 incidat
752 3079 965 3135 festum
1009 3079 1270 3151 gloriosaa
1311 3078 1632 3135 nativitatis
1677 3079 1912 3148 Christi,

259 3170 518 3240 indeque
548 3168 782 3224 initium
816 3173 1008 3225 sumat
1039 3169 1360 3225 convivatio
1392 3169 1451 3225 in
1475 3185 1572 3225 xxx
1603 3170 1912 3242 accubitis,

258 3264 484 3331 oportet
518 3276 623 3315 nos
656 3263 813 3315 sexto
846 3260 939 3314 die
972 3259 1046 3330 [is
1075 3264 1165 3315 est
1197 3260 1450 3332 sabbati]
1484 3261 1554 3315 ad
1598 3261 1915 3316 convivan-

264 3350 405 3404 dum
465 3366 600 3405 cum
661 3349 899 3406 domino
966 3350 1472 3422 venerabilemque
1544 3350 1904 3422 imperialem

268 3455 534 3496 mensam
560 3455 764 3496 vocare
795 3439 1299 3513 archiepiscopum
1324 3441 1922 3513 Constantinopolita-
1951 3425 1994 3492 C

268 3544 410 3584 num
446 3545 564 3583 una
616 3544 747 3583 cum
797 3529 1105 3584 duodecim
1156 3530 1278 3585 illis
1336 3531 1701 3600 hegumenis,
1736 3529 1836 3602 qui
1867 3531 1927 3586 in

275 3616 561 3673 codicillis
603 3616 787 3672 nostri
839 3633 1018 3688 penes
1057 3634 1162 3674 nos
1231 3618 1587 3674 haerentibus
1654 3618 1926 3690 descripti

288 3711 346 3762 et
377 3705 661 3778 designati
694 3709 850 3762 sunt.
882 3707 1158 3763 Evocatos
1203 3715 1395 3763 autem
1429 3724 1527 3764 eos
1575 3712 1800 3780 oportet
1847 3707 1930 3763 sic

285 3794 690 3851 introducere:
743 3794 1132 3866 patriarcham
1182 3794 1361 3851 simul
1410 3810 1541 3852 cum
1583 3796 1932 3866 imperatore

287 3885 552 3957 protinus
601 3884 754 3955 apud
804 3884 1203 3941 recitationem
1245 3884 1420 3941 stichi
1463 3887 1584 3957 [seu
1653 3884 1933 3940 orationis

287 3974 614 4046 mensalis],
648 3990 764 4045 quo
796 3973 848 4030 is
877 3990 1052 4048 super
1094 3974 1236 4031 sella
1274 3975 1521 4031 resideat
1570 3977 1781 4047 [neque
1837 3988 1930 4029 ac-

286 4063 589 4135 cumbat];
623 4067 858 4121 sanctos
890 4069 1082 4121 autem
1124 4064 1485 4136 hegumenos
1519 4065 1782 4121 seriatim
1835 4079 1929 4119 se-

288 4153 547 4208 cundum
580 4153 845 4225 ipsorum
865 4155 1127 4209 ordinem
1151 4159 1206 4210 et
1224 4155 1572 4226 dignitatem
1596 4159 1930 4224 competen-

284 4245 421 4298 tem.
457 4243 926 4305 lntroducuntur,
947 4243 1438 4314 quemadmodum
1463 4244 1688 4316 patricii
1714 4243 1838 4298 suis
1870 4243 1930 4298 in

285 4332 618 4389 mutatoriis
647 4333 1123 4402 introducuntur,
1149 4333 1231 4388 sic
1252 4337 1309 4389 et
1331 4333 1387 4388 hi
1415 4334 1541 4390 suis
1563 4333 1620 4388 in
1645 4332 1934 4404 pheloniis

286 4419 416 4477 laxo
464 4421 669 4478 habitu
729 4421 976 4494 [absque
1037 4422 1238 4494 zonis],
1299 4421 1591 4495 imperiali
1641 4426 1934 4478 castrense

284 4510 738 4581 praeambulante
788 4516 844 4567 et
890 4513 1109 4583 pariter
1156 4513 1216 4567 in
1266 4513 1467 4570 orbem
1517 4512 1670 4569 circa
1709 4528 1933 4569 sacram

285 4613 552 4655 mensam
585 4599 943 4669 collocante;
977 4617 1093 4673 quo
1135 4602 1406 4674 proprius
1452 4600 1768 4670 imperator
1813 4618 1934 4669 eos,

284 4703 432 4760 quos
461 4689 726 4758 voluerit,
759 4691 1038 4746 advocare
1081 4691 1285 4762 possit.
1338 4690 1421 4745 Ad
1465 4689 1714 4760 reliquos
1763 4707 1938 4746 accu-

281 4779 442 4837 bitus
474 4796 678 4838 vocare
710 4785 940 4854 oportet
971 4781 1210 4838 abbates
1237 4781 1318 4852 [id
1348 4784 1436 4838 est
1465 4781 1806 4851 monachos]
1835 4797 1936 4836 va-

2099 2989 2446 3062 Σημειωτέον
2481 2987 2538 3045 δὲ
2566 2993 2749 3046 τοῦτο·
2802 2988 2847 3044 εί
2898 2990 3003 3066 γὰρ
3051 2986 3106 3044 ἐν
3157 2994 3225 3065 τῇ
3259 2989 3448 3066 πρώτῃ
3493 2989 3680 3066 ἡμέρᾳ

2024 3085 2126 3148 τῆς
2160 3074 2466 3154 ἑϐδομάδος
2503 3082 2538 3149 ἡ
2571 3085 2676 3135 τῶν
2708 3077 2937 3150 ἐνδόξων
2965 3083 3061 3134 τοῦ
3095 3081 3324 3154 Χριστοῦ
3374 3078 3676 3154 γενεθλίων

2023 3169 2218 3240 ὲπέστη
2272 3169 2458 3244 ἑορτὴ,
2518 3171 2607 3224 καὶ
2653 3169 2760 3225 ἀπὸ
2807 3169 3010 3240 ταύτης
3039 3171 3072 3238 ἡ
3100 3173 3208 3224 τῶν
3257 3171 3319 3234 ιθ“
3367 3163 3679 3223 άκουϐίτων

2027 3256 2273 3329 δεξίωσις
2321 3261 2420 3328 τήν
2490 3259 2670 3334 ἀρχὴν
2736 3257 3093 3330 ἐπιδείξηται,
3155 3257 3236 3314 δεῖ
3291 3260 3437 3331 ἡμᾶς
3488 3257 3540 3312 έν
3612 3261 3686 3332 τῇ

2023 3348 2157 3424 ἕκτῃ
2188 3349 2369 3425 ἡμέρᾳ
2409 3348 2494 3404 έπῖ
2533 3349 2628 3422 μὲν
2672 3355 2774 3419 τῆς
2821 3350 3010 3422 τιμίας
3065 3346 3362 3423 βασιλικῆς
3409 3346 3688 3423 τραπέζης

2036 3436 2320 3512 συγκαλεῖν
2383 3439 2455 3500 εἷς
2491 3437 2724 3493 ἑστίασιν
2773 3439 2863 3493 τὸν
2921 3438 3346 3514 ἀρχιεπίσκοπον
3401 3443 3690 3492 Κωνσταν-

2035 3526 2407 3589 τινουπόλεως
2468 3528 2601 3600 μετὰ
2668 3527 2758 3582 καὶ
2828 3529 2898 3602 ιβ’
2954 3528 3279 3602 ἡγουμένων
3344 3529 3452 3581 τῶν
3521 3525 3571 3580 ἐν
3612 3528 3685 3600 τῇ

2036 3617 2160 3692 περὶ
2195 3620 2344 3690 ἡμᾶς
2389 3617 2505 3691 (Ξῦ)
2553 3616 2711 3690 τόμῳ
2759 3617 3043 3690 κειμένων,
3101 3616 3334 3692 εἰσάγειν
3382 3611 3440 3669 δὲ
3487 3615 3690 3677 αὐτοὺς

2037 3706 2089 3761 ἐν
2118 3712 2187 3780 τῇ
2221 3705 2519 3778 ἀνακλήσει
2551 3705 2749 3769 οὕτως’
2781 3707 2874 3761 τὸν
2929 3707 3023 3779 μὲν
3073 3705 3420 3780 πατριάρχην
3473 3701 3566 3758 σὺν
3610 3708 3694 3776 τῷ

2042 3794 2258 3870 βασιλεῖ
2289 3795 2400 3869 ἅμα
2435 3799 2531 3850 τοῦ
2576 3795 2769 3870 στίχου
2961 3795 3039 3857 εἷς
3075 3795 3137 3849 τὸ
3180 3792 3268 3848 ἐπὶ
3320 3790 3512 3870 δίφρου
3563 3794 3698 3847 καθ-

2039 3887 2278 3950 εσθῆναι’
2329 3887 2455 3947 τοὺς
2506 3882 2562 3940 δὲ
2617 3885 2802 3947 ὁσίους
2851 3885 3191 3961 ἡγουμένους
3245 3881 3512 3962 στιχηδὸν
3562 3885 3702 3938 κατά

2037 3974 2136 4041 τὴν
2202 3971 2401 4027 οἰκείαν
2462 3972 2606 4041 τάξιν
2663 3973 2754 4027 καὶ
2815 3971 3162 4045 ἁρμόζουσαν
3219 3968 3394 4044 δόξαν⁶
3461 3970 3692 4044 εἰσάγειν

2040 4059 2096 4116 δὲ
2155 4061 2370 4131 αὐτοὺς,
2429 4060 2611 4122 καθὼς
2666 4061 2757 4115 καὶ
2823 4059 2951 4122 τοὺς
3011 4060 3328 4135 πατρικίους
3389 4060 3524 4133 μετᾶ
3578 4063 3691 4114 τῶν

2040 4151 2254 4206 οἰκείων
2335 4149 2508 4205 αὐτῶν
2587 4147 2872 4228 φελωνίων
2946 4148 3342 4223 ἆπολελυμίνῳ
3415 4149 3494 4221 τῷ
3553 4151 3696 4222 σχή-

2044 4260 2170 4316 ματι
2203 4242 2336 4312 (57),
2371 4236 2631 4310 δηλονότι
2681 4238 3168 4314 προπορευομένου
3209 4239 3393 4299 αὐτοῖς
3445 4240 3543 4291 τοῦ
3593 4237 3698 4312 βα-

2040 4331 2258 4384 σιλικοῦ
2315 4327 2666 4403 καστρησίου,
2725 4330 2817 4383 καὶ
2876 4328 3086 4401 ὁμοίως
3159 4329 3418 4389 ἱστῶντος
3501 4324 3694 4399 κύκλῳ

2038 4421 2140 4484 τῆς
2211 4416 2502 4493 βασιλικῆς
2567 4416 2839 4494 τραπέζης
2907 4417 2981 4479 εἰς
3066 4417 3128 4472 τὸ
3221 4413 3694 4488 προσκαλέσασθαι

2041 4508 2434 4582 πλησιέστερον
2463 4507 2511 4580 ἐξ
2539 4507 2715 4563 αὐτῶν
2763 4508 2856 4568 οὕς
2907 4504 2966 4561 ἄν
3013 4505 3141 4582 δόξῃ
3192 4511 3273 4578 τῷ
3310 4505 3546 4581 βασιλεῖ.
3601 4505 3691 4561 Ἐν

2045 4596 2102 4653 δὲ
2129 4603 2246 4659 τοῖς
2277 4597 2496 4658 λοιποῖς
2540 4592 2852 4658 ἁκουϐίτοις
2903 4593 2984 4650 δεῖ
3033 4595 3172 4669 ὑμᾶς
3219 4593 3405 4650 καλείν
3457 4593 3583 4656 τοὺς
3635 4592 3697 4648 ἐκ

2046 4685 2322 4764 διαφόρων
2422 4687 2801 4761 μοναστηρίων
2894 4686 3370 4764 ἀναγραφομένους
3466 4679 3696 4754 ἀϐάδας,

1968 4764 2014 4829 D
2039 4773 2210 4852 ἤγουν
2243 4775 2370 4838 τοὺς
2400 4775 2466 4831 τὰ
2496 4772 2791 4853 σφραγίδια
2822 4776 2947 4850 παρ’
2998 4777 3161 4848 ἡμῶν
3215 4773 3516 4851 εἰληφότας
3557 4775 3696 4848 (58),

1317 4988 1522 5047 JOAN.
1565 4988 1711 5046 JAC.
1760 4986 2024 5046 REISKII
2064 4983 2660 5043 COMMENTARIUS.

373 5200 491 5271 (55)
516 5203 764 5271 Sensum

296 5269 430 5352 dedi
461 5274 517 5326 in
554 5269 790 5352 Latinis.
825 5269 1037 5352 Dubito
1069 5269 1288 5344 tamen,
1320 5278 1552 5331 rectene
1592 5273 1805 5330 habeat
1850 5274 1944 5331 hic

296 5343 480 5409 locus,
513 5358 584 5397 an
617 5343 822 5395 vitium
855 5345 1064 5399 subsit.

373 5417 488 5493 (5_6)
519 5411 885 5493 stichus‘est
911 5413 1153 5470 formula
1193 5433 1432 5493 precum
1479 5415 1948 5493 solemnis__ante

297 5484 501 5564 epulas
531 5489 616 5564 et_
637 5484 709 5564 iis
740 5484 920 5564 ﬁnitis
951 5484 1411 5564 aosacerdotibus
1441 5487 1663 5564 recitari
1699 5487 1891 5556 solita,
1917 5504 1947 5543 e

297 5553 476 5611 dictis
508 5558 809 5626 scripturae
841 5558 899 5626 et
928 5553 1066 5626 aliis
1097 5557 1212 5625 piis
1261 5559 1752 5615 meditationibus
1807 5553 1948 5615 con-

297 5630 470 5699 texta.
507 5623 744 5699 Proprie
776 5623 1131 5699 nixocsolet
1155 5631 1430 5699 appellari
1459 5631 1711 5686 formula
1741 5646 1771 5685 e
1793 5631 1950 5699 psal-

295 5696 1034 5772 mis_l)avidicis_a_ut‘aliis
1065 5696 1375 5772 Scriptura:
1409 5700 1553 5772 locis
1584 5696 1876 5772 excerpta.

385 5769 496 5837 (5‘7)
527 5768 584 5821 Si
615 5768 688 5822 de
711 5765 852 5821 viris
885 5764 1121 5835 cingulo
1162 5764 1386 5824 militiae
1431 5769 1730 5828 honoratis
1757 5764 1950 5830 sermo

776 5247 788 5270 ,
821 5218 996 5274 quem
1019 5204 1355 5274 exsculpere
1386 5201 1480 5257 his
1511 5202 1756 5258 averbis
1784 5201 1962 5270 valui,

2075 5204 2249 5267 esset,
2282 5199 2598 5271 acciperem
2633 5199 2782 5256 hanc
2821 5202 3133 5258 dictionem
3179 5214 3282 5271 pro
3311 5198 3560 5267 ἀζώνοις,
3593 5195 3709 5254 di:-

2054 5274 2271 5344 cinctis.
2305 5272 2416 5328 Sed
2439 5272 2498 5344 in
2523 5273 2928 5330 sacerdotibus
2949 5273 3096 5329 nihil
3121 5271 3357 5344 cingulo
3380 5271 3708 5327 astrictum.

2056 5342 2204 5398 Hinc
2233 5349 2456 5414 putem,
2489 5343 2639 5399 hanc
2662 5344 2972 5401 dictionem
3008 5342 3435 5403 notareflibere
3469 5344 3711 5412 laxeque

2055 5415 2518 5485 dependentibus
2541 5415 2853 5485 pbeloniis,
2869 5433 2982 5473 non
3006 5416 3157 5472 ultra
3179 5415 3443 5470 cubitum
3463 5414 3710 5484 regestis

2059 5487 2160 5612 febd
2194 5486 2481 5542 ambobus
2513 5486 2771 5542 brachiis
2801 5488 2956 5545 intra
3008 5504 3244 5544 saccum
3286 5486 3469 5541 veluti
3517 5485 3709 5541 laten-

2085 5575 2098 5611 l
2148 5574 2237 5612 us.

2057 5559 2237 5612 tibus.

2133 5629 2248 5699 (58)
2270 5629 2545 5685 Solebant
2593 5630 2762 5688 alatis
2809 5632 3016 5688 diebus
3063 5633 3130 5686 ad
3167 5644 3386 5686 sacram
3441 5643 3708 5685 mensam

2061 5699 2293 5772 invitari
2324 5701 2514 5757 clerus
2543 5703 2755 5772 omnis,
2782 5704 3078 5770 monachi,
3110 5708 3167 5758 et
3187 5702 3261 5757 iis
3282 5701 3504 5758 similes
3534 5717 3710 5772 repu-

2064 5770 2163 5828 tati
2194 5788 2504 5843 pauperes,
2537 5772 2728 5845 iisque
2745 5770 2983 5834 tesseris
2999 5773 3292 5840 distribui,
3317 5773 3531 5844 quibus
3553 5770 3713 5830 eihi-
