4124 6432
393 476 422 536 1
439 477 553 538 377

1241 479 1344 540 DE
1387 477 1836 542 CERIMONIIS
1880 479 2122 543 AULﬁ
2163 479 2644 542 BYZANTle‘E
2685 481 2830 543 LIB.
2878 483 2957 545 Il.

3658 489 3812 552 1378

384 614 616 690 ἀριθμὸν
668 611 766 670 σδ¹·
825 614 1057 694 εἰσαγειν
1113 611 1171 670 8‘s
1227 615 1318 671 καὶ
1376 613 1582 692 ἐξάγειν
1641 615 1840 678 αὐτοὺς
1904 617 2038 691 μετὰ

2159 625 2280 674 tam
2313 617 2774 688 classiariorum,
2807 619 3257 692 cbartularium,
3291 621 3562 680 comitem
3595 629 3650 682 et
3681 643 3814 683 cen-

390 710 501 762 τῶν
533 704 752 762 οἰκείων
787 705 1243 784 σκαραμαγγίων,
1299 704 1448 774 πλὴν
1493 711 1602 761 τῶν
1652 711 2055 783 τοποτηρητῶν

391 796 535 869 μετά
563 794 654 850 καὶ
686 797 890 871 σαγίων
942 791 1150 872 ῥωέων,
1195 796 1377 858 καθὼς
1423 793 1678 870 ἀνωτέρω
1718 793 2053 868 δεδήλωται-

385 885 513 942 Ἐπὶ
553 883 612 940 δὲ
669 892 769 960 τῆς
826 883 1030 960 ὀγδόης
1087 885 1299 960 ἡμέρας
1355 889 1464 940 τῶν
1521 884 1697 941 αὐτῶν
1747 880 2051 942 ἀκουϐίτων

389 973 692 1031 ἐκτελεῖται
748 975 809 1030 τὸ
889 977 1066 1050 βωτὸν
1142 973 1558 1050 παιζοδρόμιον,
1618 975 1707 1029 καὶ
1769 971 1853 1030 δεῖ
1913 977 2052 1048 ὑμᾶς

393 1064 726 1138 εὐτρεπίζειν
797 1065 872 1128 εἷς
966 1063 1297 1120 συνεστίασιν
1386 1069 1494 1120 τῶν
1593 1063 1862 1140 βασιλέων
1928 1066 2054 1128 τοὺς

385 1152 736 1230 προῦχοντας
783 1161 884 1225 τῆς
932 1155 1134 1226 τάξεως
1172 1159 1270 1210 τοῦ
1314 1159 1578 1230 μυστικοῦ
1633 1150 2048 1228 κουϐουκλείου,

388 1249 505 1302 οἷον
597 1245 1014 1320 πραιποσῖτους,
1106 1247 1630 1324 πρωτοσπαθαρίους
1731 1246 2050 1324 εὐνούχους,

387 1335 802 1412 πριμικηρίους,
855 1334 1184 1410 ὁστιαρίους,
1235 1336 1328 1391 τὸν
1379 1337 1608 1412 ἀριθμὸν
1657 1337 1728 1408 η’,
1777 1337 1870 1392 τὸν
1912 1356 2053 1413 χαρ-

388 1424 682 1501 τουλάριον
739 1433 839 1496 τῆς
904 1423 1198 1502 βασιλικῆς
1267 1425 1567 1498 σακέλλης,
1642 1427 1741 1495 τήν
1809 1424 1897 1480 ἐπὶ
1955 1430 2052 1482 τοῦ

391 1513 597 1571 εἰδικοῦ
629 1515 819 1592 λόγου,
867 1518 959 1571 τὸν
1007 1517 1326 1592 ἀκτουὲίριον
1373 1517 1464 1570 καὶ
1511 1515 1603 1570 τὸν
1653 1522 1754 1584 τῆς
1783 1515 2054 1571 καταστά-

392 1624 549 1665 σεως·
586 1604 818 1679 εἷσαγειν
871 1601 930 1660 δὲ
979 1604 1173 1667 αὐτοὺς
1227 1605 1362 1679 μετά
1405 1608 1516 1661 τῶν
1562 1603 1778 1660 οἷ’κείων
1821 1603 2053 1676 ἁλλαξι-

394 1694 602 1768 μάτων,
675 1693 736 1750 ού
796 1695 974 1756 καθὼς
1043 1695 1172 1758 τοὺς
1241 1693 1472 1757 λοιποὺς
1534 1696 1766 1758 ἅπαντας
1825 1693 1876 1750 ἐν
1934 1699 2052 1758 ταῖς

389 1785 813 1862 προλεχθείσαις
859 1787 1092 1864 ἡμέραις
1151 1787 1210 1842 ἐκ
1267 1791 1375 1844 τῶν
1423 1788 1574 1843 κάτω
1619 1789 1757 1863 πρὸς
1811 1788 1878 1842 τα
1936 1788 2050 1843 ἄνω

389 1874 484 1932 σὺν
512 1881 588 1948 τῷ
618 1877 934 1950 καστρησίῳ
978 1877 1078 1948 τὴν
1127 1877 1352 1954 πορείαν
1404 1876 1749 1952 ποιούμενοι,
1795 1875 1922 1932 ἄλλ’
1953 1875 2049 1931 αὗ-

389 1977 476 2030 θις
535 1965 628 2022 σὺν
679 1965 748 2041 τῇ
801 1964 968 2040 ἐξόδῳ
1018 1971 1116 2035 τῆς
1179 1967 1472 2042 βασιλικῆς
1531 1963 1885 2038 ἀνακλήσεως
1937 1967 2048 2040 (65)

386 2061 655 2136 στιχιζειν
707 2055 904 2120 αὐτοὺς
957 2057 1094 2112 κατὰ
1148 2058 1210 2112 τὸ
1263 2053 1400 2112 ἴδιον
1453 2056 1668 2131 ἀξίωμα
1714 2053 1903 2129 κύκλῳ
1948 2062 2049 2126 τῆς

386 2147 574 2218 τιμίας
622 2146 913 2220 βασιλικῆς
969 2147 1264 2221 τραπέζης,
1325 2145 1414 2202 καὶ
1474 2147 1587 2220 ἅμα
1641 2151 1741 2215 τῆς
1799 2143 2050 2223 ἐκφωνή-

389 2255 522 2296 σεως
569 2239 676 2290 τῶν
723 2235 1085 2310 παρεστώτων
1139 2233 1448 2310 βουκαλίων
1500 2232 1808 2290 ἀνακλίνειν
1850 2233 2048 2296 αὐτοὺς

387 2322 438 2380 ἐν
493 2329 563 2400 τῇ
613 2323 976 2398 λαμπροτάτῃ
1022 2323 1287 2400 τραπέζῃ,
1339 2321 1539 2398 ἐξάγειν
1593 2321 1651 2378 δὲ
1698 2322 1894 2384 αὐτοὺς
1943 2323 2048 2377 πά-

389 2411 476 2469 λιν
529 2417 598 2488 τῇ
658 2412 793 2488 αὐτῇ
854 2411 1175 2486 ἀκολουθίᾳ,
1237 2414 1311 2477 ὡς
1371 2411 1603 2490 εἴρηται.
1657 2415 1777 2468 Ἐπὶ
1837 2410 1894 2468 δὲ
1933 2417 2050 2478 τοῖς

389 2502 609 2566 λοιποῖς
665 2498 974 2566 ἀκουϐίτοις
1033 2504 1138 2581 πρὸ
1194 2506 1295 2576 τὴς
1359 2503 1647 2580 βασιλικῆς
1695 2503 2048 2576 ἀνακλήσεως

389 2593 876 2670 προανακλίνονται
917 2596 1142 2666 πένητες
1190 2597 1240 2650 οἱ
1287 2595 1353 2650 τὰ
1407 2592 1704 2672 σφραγίδια
1734 2592 2046 2674 εἰληφότες,

387 2685 478 2741 καὶ
544 2679 624 2740 ἔτι
688 2685 866 2742 αὐτῶν
908 2685 1272 2760 ἀνακειμένων
1339 2688 1429 2742 καὶ
1480 2685 1786 2756 ἐσθιόντων,
1854 2685 1905 2740 ἐν
1969 2689 2049 2758 τῷ

387 2777 563 2848 καιρῷ
590 2777 686 2830 τοῦ
729 2773 925 2848 μίνσου
967 2779 1074 2829 τῶν
1124 2772 1420 2842 δουλκίων,
1472 2770 1950 2849 ἀναλαμϐάνονται
1983 2773 2050 2830 τὰ

388 2861 612 2928 δοθέντα
657 2861 954 2939 σφραγίδια
1003 2863 1106 2918 ὑπὸ
1154 2863 1492 2937 ἀρτικλίνου,
1532 2863 1624 2918 καὶ
1673 2861 1883 2919 δίδοται
1912 2863 2050 2920 κατά

383 2953 552 3009 τύπον
612 2953 758 3028 παρά
813 2956 908 3008 τοῦ
967 2951 1176 3008 εῗδικοῦ
1233 2953 1403 3028 λόγου
1460 2955 1667 3028 ἒγάστῳ
1724 2955 1913 3025 πένητι
1970 2953 2046 3016 εἷς

389 3040 681 3118 βασιλικὴν
748 3041 1001 3118 εὐλογίαν
1069 3037 1412 3114 ἀποκόμϐιον
1482 3037 1612 3118 ἔχον
1679 3035 1891 3098 ἔνδοθεν
1958 3043 2048 3097 νό-

387 3153 566 3206 μισμα
608 3129 684 3188 ἓν.
722 3133 844 3188 Ἐπὶ
903 3130 959 3187 δὲ
1013 3136 1113 3198 τῆς
1173 3131 1392 3203 ἐννάτης
1447 3131 1660 3206 ἡμέρας
1708 3137 1818 3187 τῶν
1865 3133 2046 3186 αὐτῶν

385 3217 692 3278 ἀκουϐίτων
745 3220 988 3278 τελεῖται
1035 3222 1348 3299 κλητώριον
1402 3219 1619 3278 δείπνου
1676 3225 1813 3296 (66),
1873 3223 1904 3277 ὅ
1957 3223 2046 3278 καὶ

382 3313 713 3389 τρυγητικὸν
772 3311 1044 3383 καλεῖται,
1099 3313 1190 3368 καὶ
1268 3311 1349 3368 δεῖ
1411 3314 1548 3386 ὑμὰς
1607 3312 2044 3388 προευτρεπίζειν

2161 707 2420 774 tarchos,
2455 725 2657 764 omnes
2688 709 2768 766 rei
2801 709 3062 779 navalis;
3087 711 3316 782 judices
3347 713 3651 786 regionum
3685 715 3812 787 [Ur-

2159 795 2252 853 bis
2283 797 2537 869 nempe],
2571 799 2930 869 inspectores
2953 797 3145 869 Urbis,
3175 801 3436 857 vicorum
3469 805 3806 876 magistros,

2159 883 2508 958 legatarium
2541 888 2854 960 praepositi,
2899 889 3325 958 centurionem,
3350 893 3810 964 protocancella-

2161 976 2300 1046 rios,
2334 977 2716 1034 cancellarios
2748 983 2804 1033 et
2839 980 3207 1035 mandatores
3237 980 3321 1036 rei
3343 981 3652 1052 navalis,in
3675 985 3810 1040 uni-

2158 1081 2388 1122 versum
2415 1068 2485 1122 ad
2520 1083 2832 1124 numerum
2861 1069 2989 1125 204.
3024 1069 3092 1124 Hi
3133 1086 3265 1126 cum
3315 1072 3437 1127 suis
3481 1089 3812 1130 scaraman-

2157 1155 2270 1228 giis
2303 1160 2359 1212 et
2387 1157 2849 1213 introducantur
2879 1161 2936 1213 et
2976 1159 3310 1214 educuntur
3341 1165 3552 1232 praeter
3581 1167 3811 1236 topote-

2158 1249 2333 1304 retas.
2363 1245 2432 1301 Hi
2484 1247 2639 1302 enim
2688 1246 2748 1302 in
2791 1247 2976 1304 russis
3025 1248 3180 1316 sagis
3218 1247 3693 1322 introducuntur,
3745 1259 3812 1310 ut

2158 1335 2485 1406 suprajam
2529 1335 2600 1391 de
2638 1335 2934 1392 similibus
2980 1339 3268 1393 monitum
3303 1339 3434 1396 fuit.
3467 1339 3680 1398 Octavo
3711 1359 3808 1400 eo-

2158 1441 2225 1480 ru
2237 1425 2428 1479 mdem
2451 1425 2830 1480 accubituum
2853 1427 2944 1482 die
2967 1425 3294 1483 celebratur
3313 1433 3517 1486 votum
3543 1434 3814 1502 pezodro-

2159 1515 2342 1572 mium
2364 1533 2468 1572 seu
2513 1517 2804 1574 ludicrum
2856 1519 3110 1591 pedestri
3157 1535 3330 1576 cursu
3380 1531 3693 1593 certamen,
3753 1531 3812 1584 et

2158 1609 2385 1678 oportet
2414 1623 2514 1663 vos
2545 1607 2818 1664 invitatos
2865 1613 3219 1682 paratosque
3247 1609 3463 1668 habere
3493 1613 3564 1668 ad
3598 1630 3813 1686 coepu-

2155 1695 2399 1752 landum
2428 1711 2562 1751 cum
2611 1696 2868 1753 dominis
2917 1713 3186 1770 proceres
3235 1699 3307 1754 de
3354 1700 3556 1757 ordine
3587 1703 3805 1774 jsecreti

2157 1783 2435 1852 cubiculi,
2470 1788 2534 1840 ut
2563 1785 2920 1856 praepositos,
2951 1787 3451 1858 protospatharios
3486 1793 3808 1860 eunuchos,

2156 1873 2544 1946 primicerios,
2577 1873 2944 1940 ostiarios,ad
2969 1892 3284 1932 numerum
3308 1883 3470 1947 octo;
3502 1887 3555 1936 et
3577 1881 3712 1937 dein
3734 1883 3806 1939 ad

2156 1963 2584 2020 conﬁciendum
2637 1979 2948 2020 numerum
3007 1965 3453 2038 duodenarium,
3497 1967 3605 2026 hos
3662 1987 3808 2042 qua-

2159 2057 2291 2110 tuor
2325 2069 2338 2109 :
2374 2053 2787 2110 chartularium
2838 2053 2986 2112 sacri
3037 2055 3261 2126 sacelli,
3296 2059 3579 2115 comitum
3629 2061 3809 2117 ratio-

2157 2159 2300 2198 num
2333 2144 2714 2216 privatarum,
2747 2145 3076 2201 actuarium
3117 2149 3174 2201 et
3204 2147 3699 2204 cerimoniarium.
3734 2149 3804 2206 Hi

2158 2249 2292 2290 cum
2324 2233 2448 2290 suis
2481 2233 2816 2290 mutatoriis
2840 2233 3311 2298 introducuntur.
3347 2253 3463 2294 non
3495 2254 3560 2294 eo
3609 2241 3804 2309 modo,

2157 2338 2274 2395 quo
2306 2323 2404 2378 alii
2437 2327 2744 2396 magnetes
2773 2322 2834 2378 in
2868 2322 3076 2381 diebus
3111 2325 3420 2397 praedictis,
3453 2327 3511 2382 id
3543 2333 3654 2397 est,
3688 2346 3804 2386 non

2156 2413 2228 2468 ab
2259 2411 2396 2468 imis
2427 2413 2500 2467 ad
2546 2428 2798 2480 summa,
2845 2413 3305 2484 prmambulante
3335 2419 3671 2488 castrense;
3701 2419 3806 2475 sed

2155 2502 2426 2574 protinus
2484 2505 2660 2576 atque
2720 2501 2942 2559 domini
2999 2505 3421 2574 accubuerunt,
3479 2509 3808 2582 Oportetiut

2153 2591 2308 2662 illos,
2341 2593 2662 2648 secundum
2713 2609 2882 2649 suam
2931 2609 3224 2666 quemque
3254 2595 3620 2667 dignitatem,
3653 2599 3808 2656 circa

2155 2681 2542 2738 venerabilem
2565 2675 2787 2754 regiam
2811 2699 3064 2739 mensam
3091 2683 3514 2753 ordinemus,et
3536 2687 3714 2742 simul
3738 2704 3804 2744 ac

2153 2775 2413 2828 astantes
2461 2771 2685 2828 vocales
2755 2771 3046 2842 intonant,
3106 2774 3177 2828 ad
3257 2773 3800 2846 splendidissimam

2154 2877 2419 2917 mensam
2477 2860 2630 2917 435
2691 2864 3078 2918 asternamus.
3111 2867 3228 2918 Hos
3276 2865 3478 2919 eadem
3526 2865 3800 2934 formula,

2156 2967 2273 3022 qua
2302 2950 2580 3018 diximus,
2612 2949 2824 3006 iterum
2854 2953 3100 3008 educere
3129 2955 3380 3024 oportet.
3415 2951 3672 3026 Reliquis
3703 2971 3803 3011 ac—

2156 3039 2370 3097 cubitis
2399 3039 2790 3107 acclinantur,
2837 3038 2925 3094 vel
2954 3043 3267 3112 antequam
3299 3040 3414 3112 ipsi
3445 3042 3666 3097 domini
3698 3060 3804 3100 ac-

2155 3129 2484 3190 cubuerint.
2539 3145 2846 3200 pauperes,
2890 3129 3106 3200 quibus
3156 3134 3328 3186 antea
3374 3131 3519 3187 data:
3572 3141 3799 3188 tesseras

2154 3218 2612 3275 fuerunt.Abhis
2630 3220 2818 3275 adhuc
2849 3219 3327 3276 accumbentibus
3350 3225 3406 3277 et
3423 3222 3800 3294 epulantibus

2154 3325 2220 3366 eo
2260 3313 2544 3381 tempore,
2595 3325 2707 3379 quo
2758 3309 2974 3364 missus
3021 3309 3202 3365 dulcii
3261 3327 3364 3366 seu
3414 3317 3802 3385 tragematum

385 3402 463 3466 εἷς
507 3403 842 3458 συνεστίασιν
887 3408 984 3458 τοῦ
1035 3401 1255 3458 δείπνου
1301 3407 1380 3476 τῷ
1434 3401 1651 3478 βασιλεῖ
1699 3401 1896 3476 φίλους
1947 3403 2038 3478 ιβ’,

2158 3403 2213 3454 et
2243 3397 2644 3471 placentarum
2671 3397 3028 3454 mellitarum
3052 3399 3248 3468 intrat,
3271 3401 3480 3472 repetit
3500 3401 3805 3459 articlinus

383 3493 498 3548 οἷον
568 3492 921 3567 μαγίστρους,
1007 3492 1342 3556 ἀνθυπάτους
1411 3491 1729 3568 πατρικίους
1807 3513 2040 3568 στρατη-

383 3580 518 3656 γοὺς
551 3582 718 3650 ὀκτὼ,
772 3581 969 3662 φίλους
1017 3579 1348 3656 Βουλγᾶρων
1399 3579 1515 3654 δύο,
1561 3581 1652 3637 καὶ
1697 3583 1823 3644 τοὺς
1857 3579 2041 3636 ἑκατέ-

385 3688 492 3744 ρων
542 3667 638 3725 δύο
681 3667 1022 3744 δῃμοὶρχους.
1085 3669 1522 3744 Προσκυλοῦνται
1587 3667 1644 3726 δὲ
1694 3671 1842 3726 οὗτοι
1894 3671 2040 3744 παρὰ

380 3763 484 3814 τοῦ
519 3756 788 3835 βασιλέως
822 3757 910 3814 διά
957 3763 1054 3814 τοῦ
1103 3757 1421 3833 ἀρτικλίνου
1451 3758 1682 3835 πρωίας,
1717 3761 1807 3815 καὶ
1843 3759 2041 3833 μίνσων

379 3845 705 3921 διδομένων,
764 3849 1206 3924 συνεισέρχονται
1261 3847 1452 3913 πάντες
1504 3850 1556 3905 οἱ
1599 3849 1936 3924 κεκλημένοι
1967 3851 2041 3913 εἷς

379 3937 712 3994 συνεστίασιν
768 3943 846 4010 τῷ
897 3938 1115 4014 βασιλεῖ
1161 3941 1298 4014 πρὸς
1348 3937 1598 4014 ἑσπέρας,
1657 3940 1747 3995 καὶ
1797 3940 2044 4016 εἰσάγον-

369 4049 460 4085 ται
501 4027 591 4082 καὶ
643 4027 924 4104 ἐξάγονται
975 4030 1170 4091 πάντες
1225 4029 1358 4102 μετᾶ
1406 4033 1513 4085 τῶν
1562 4029 1776 4086 οἰκείων
1815 4029 2044 4100 ἀλλαξι-

378 4119 568 4192 μάτων
629 4118 719 4173 καὶ
779 4119 1108 4196 καμπαγίων
1158 4121 1294 4175 κατὰ
1351 4119 1684 4176 ἀκολουθίαν
1733 4119 1823 4176 καὶ
1870 4121 2039 4176 τύπον

372 4209 480 4264 τῶν
521 4207 942 4288 προγραφέντων
993 4208 1046 4263 ἐν
1097 4215 1215 4272 τοῖς
1266 4208 1398 4266 ἄνω,
1447 4213 1532 4264 Ἐν
1583 4207 1638 4264 δὲ
1690 4213 1810 4270 τοῖς
1857 4207 2036 4263 ἐκατέ-

377 4320 484 4373 ρων
513 4302 620 4353 τῶν
657 4302 837 4374 μερῶν
871 4293 1186 4361 ἀκουϐίτοις
1238 4295 1321 4354 δεῖ
1365 4300 1506 4372 ὕμᾶς
1560 4297 1746 4353 καλεῖν
1781 4297 1918 4352 κατὰ
1946 4298 2039 4352 τὸν

377 4387 502 4462 ὅρον
551 4395 655 4458 τῆς
701 4389 926 4458 πρώτης
955 4387 1168 4461 ἡμέρας
1215 4389 1345 4450 τοὺς
1399 4387 1502 4442 ὑπὸ
1542 4387 1857 4462 καμπάγιον
1909 4408 2042 4462 συγ-

378 4475 678 4548 κλητικοὺς
737 4478 994 4546 ἅπαντας,
1056 4478 1170 4531 οἷον
1231 4477 1578 4548 ἀσηκηήτας,
1638 4475 1742 4531 ἀπὸ
1799 4483 1900 4545 τῆς
1930 4481 2038 4532 τῶν

385 4562 965 4638 σπαθαροκανδιδάτων
1025 4565 1170 4638 ἀξίας
1245 4565 1336 4620 καὶ
1415 4563 1728 4640 κατωτέρω,
1800 4582 2044 4640 χαρτου-

393 4653 583 4731 λάριον
649 4659 747 4710 τοῦ
811 4660 1024 4730 γενικοῦ
1087 4654 1410 4731 λογοθέτου,
1477 4653 1890 4731 χαρτουλάριον
1947 4659 2044 4710 τοῦ

2151 3493 2422 3558 tesscras,
2456 3489 2788 3562 danturque
2837 3505 2905 3545 ex
2935 3493 3163 3562 recepto
3211 3490 3326 3546 ritu
3361 3491 3596 3548 nomine
3631 3494 3802 3566 regias

2153 3578 2575 3635 benedictionis
2598 3577 2844 3651 singulis
2865 3581 3222 3651 pauperibus
3242 3597 3311 3636 ex
3341 3581 3558 3651 privato
3579 3581 3805 3653 peculio

2150 3667 2385 3741 singula
2416 3669 2760 3740 apocombia
2781 3668 2872 3725 vel
2903 3670 3256 3726 munuscula
3285 3671 3536 3727 missilia
3557 3671 3806 3729 sacculis

2150 3757 2350 3814 insuta
2373 3759 2536 3814 intus
2559 3758 2834 3814 habentia
2865 3759 3131 3831 singulos
3155 3758 3375 3816 solidos
3405 3761 3804 3818 aureos.Nono

2150 3847 2246 3904 die
2262 3847 2602 3904 earumdem
2630 3847 3003 3903 accubituum
3026 3846 3350 3902 celebratur
3369 3848 3696 3904 convivium
3717 3865 3809 3906 ve-

2153 3938 2509 4010 spertinum,
2572 3937 2726 4008 quod
2788 3936 2968 3992 etiam
3025 3935 3378 3991 vindemiale
3437 3937 3803 4008 appellatur;

2151 4030 2492 4098 oportetque
2514 4041 2616 4080 vos
2639 4024 2801 4096 prius
2831 4023 3106 4079 invitatos
3126 4027 3181 4079 et
3200 4031 3569 4096 comparatos
3593 4025 3807 4085 habere

2151 4114 2458 4171 duodecim
2491 4113 2823 4184 amicos,de
2845 4113 3057 4168 ordine
3092 4113 3532 4185 magistrorum,
3569 4133 3810 4188 procon-

2151 4205 2348 4260 sulum
2411 4201 2789 4274 patriciorum
2852 4207 3247 4276 strategorum
3309 4209 3464 4274 octo,
3523 4205 3808 4278 Bulgaros

2153 4292 2371 4348 amicos
2401 4291 2538 4363 duo,
2571 4295 2629 4346 et
2661 4291 2970 4348 ambarum
3004 4291 3322 4349 factionum
3357 4293 3694 4365 magistros.
3716 4295 3808 4351 In-

2151 4381 2410 4437 vitantur
2467 4384 2660 4436 autem
2710 4379 2772 4435 hi
2815 4381 2886 4438 ab
2939 4380 3292 4458 imperatore
3337 4399 3440 4455 per
3469 4383 3806 4442 articlinum

2154 4487 2346 4540 mane,
2379 4471 3218 4546 indictisque[pomeridianis]
3240 4473 3644 4540 missis,simul
3667 4491 3802 4531 cum

2151 4562 2505 4634 imperatore
2530 4561 2753 4617 intrant
2785 4563 3012 4618 invitati
3036 4579 3241 4620 omnes
3263 4571 3394 4621 ante
3415 4569 3807 4636 vesperam,et

2156 4652 2610 4708 introducantur
2623 4668 2827 4707 omnes
2845 4653 2903 4707 in
2928 4651 3052 4708 suis
3069 4653 3400 4708 mutatoriis
3414 4654 3808 4726 etcampagiis

392 4743 786 4820 στρατιωτικοῦ
839 4744 1158 4820 λογοθέτου,
1210 4743 1558 4822 ἀντιγραφεῖς
1607 4747 1703 4800 τοῦ
1733 4745 2044 4818 κυέστορος,

2159 4741 2474 4799 secundum
2521 4743 2832 4798 decursum
2865 4747 2922 4800 et
2953 4743 3268 4799 formulam
3320 4761 3499 4816 supra
3549 4745 3808 4815 praescri-

389 4834 483 4889 τὸν
515 4834 812 4908 σύμπονον,
871 4833 962 4888 τὸν
1025 4832 1320 4908 λογοθὲτην
1377 4833 1469 4889 καὶ
1517 4835 1644 4896 τοὺς
1694 4835 1907 4906 γριτάς,
1953 4853 2044 4888 νο-

387 4925 610 5000 ταρίους
639 4929 734 4979 τοῦ
766 4921 1083 4996 σακελλίου,
1131 4923 1416 4999 νοταρίους
1463 4929 1560 4980 τοῦ
1593 4923 1926 5000 βεστιαρίου,
1955 4945 2047 4978 νο-

387 5013 608 5088 ταρίους
657 5017 755 5070 τοῦ
787 5009 1014 5088 εῗδικοῦ,
1067 5011 1325 5083 ὕπάτους,
1373 5013 1794 5088 σιλεντιαρίους,
1848 5015 2044 5089 βεστή-

2157 4837 2342 4904 ptam.
2365 4831 2447 4886 Ad
2474 4831 2724 4903 reliquos
2743 4841 2935 4888 autem
2959 4832 3266 4888 ambarum
3299 4833 3606 4905 plagarum
3638 4849 3807 4890 accu-

2159 4921 2318 4978 bitus
2349 4921 2635 4978 advocare
2665 4939 2766 4978 vos
2805 4926 3030 4994 oporlet
3061 4923 3230 4993 juxta
3270 4921 3449 4978 ritum
3483 4921 3656 4995 primi
3690 4923 3806 4980 diei

2160 5012 2484 5070 senatorios
2513 5029 2717 5070 omnes
2749 5015 2808 5070 in
2849 5013 3169 5086 campagiis
3216 5029 3552 5086 comparere
3583 5013 3808 5088 solitos,

1423 5123 1630 5180 JOAN.
1671 5125 1818 5181 J’AC.
1863 5121 2126 5180 REISKII
2169 5121 2775 5178 COMMENTARIUS.

457 5233 574 5308 (65)
595 5233 782 5291 Verba
813 5231 1411 5308 perobscura._Visum
1443 5233 1682 5308 quidem
1705 5231 2038 5308 idmaxime

390 5303 715 5378 congruum
771 5303 1010 5360 sensum
1040 5303 1600 5378 funderetquo'din
1649 5305 1867 5378 Latinis
1910 5303 2044 5378 dedi

391 5373 536 5450 qua?
579 5377 968 5450 subinnuunt,
1004 5373 1161 5438 εὐθὺς
1220 5380 1276 5430 et
1333 5373 1694 5450 asumma
1729 5375 2042 5450 legendum

390 5445 538 5505 esse.
572 5448 840 5505 Insolens
887 5454 1086 5516 tamen
1136 5463 1370 5516 semper
1418 5453 1506 5504 est
1559 5449 1736 5504 dictio
1768 5447 1924 5509 εὐθύς
1953 5445 2046 5499 σὺν

387 5523 487 5593 τῇ-
521 5517 689 5592 ἐξόδῳ
746 5525 846 5589 τῆς
909 5515 1197 5593 βασιλικῆς
1255 5515 1616 5586 ἀνακλίσεως,
1670 5521 1864 5575 statim
1919 5535 2046 5575 cum

387 5590 550 5648 exitu
580 5590 758 5665 regiae
786 5590 1146 5649 acctibitionis
1183 5607 1285 5662 pro
1315 5595 1511 5648 statim
1553 5603 1718 5664 atque
1745 5607 1847 5648 rea:
1877 5606 2045 5646 accu-

391 5665 594 5722 buerit.

463 5735 576 5807 (66)
607 5735 724 5792 Sub
753 5733 1332 5808 vesperamﬁscilicet
1359 5733 1471 5792 hoc
1513 5734 1842 5808 convivium
1894 5733 2047 5808 cele-

387 5806 642 5880 brabant
680 5827 696 5880 ς
738 5806 910 5880 _unde
961 5806 1286 5880 colligitur,
1339 5807 1728 5880 praecedentia
1784 5806 2048 5880 convivia

392 5879 640 5938 meridie
671 5877 852 5936 fuisse
892 5877 1202 5938 celebrata.
1235 5877 1423 5945 Quare
1469 5887 1662 5939 autem
1714 5877 2049 5936 vindemiale

2148 5227 2475 5306 convivium
2540 5228 2650 5306 hoc
2717 5231 2892 5306 fuerit
2961 5229 3336 5306 appellatum,
3398 5247 3515 5288 non
3575 5239 3809 5306 exputo.

2157 5300 2390 5370 Ideone,
2427 5303 2580 5373 quod
2633 5303 2732 5376 qui
2784 5302 2877 5357 die
2920 5300 3180 5376 proxime
3239 5311 3577 5376 antegresso
3635 5300 3809 5361 cursu

2155 5379 2518 5428 certaverant
2548 5379 2604 5428 et
2634 5374 3061 5440 laboraverant,
3099 5375 3352 5432 fructum
3383 5374 3477 5432 sui
3509 5375 3720 5432 laboris
3751 5379 3810 5430 et

2156 5443 2384 5500 sudoris
2415 5461 2481 5500 eo
2513 5446 2606 5500 die
2665 5445 3018 5516 carperent?
3047 5447 3211 5503 Certe
3269 5463 3536 5511 cursores,
3569 5447 3670 5517 qui
3715 5447 3810 5502 die

2155 5517 2452 5588 superiore
2482 5525 2680 5573 octavo
2712 5519 2783 5573 de
2813 5520 3026 5588 pedum
3059 5519 3400 5589 pernicitate
3425 5523 3805 5588 certaverant,

2155 5587 2266 5644 hoc
2295 5605 2448 5643 nono
2479 5589 2571 5644 die
2607 5591 2676 5644 ad
2710 5605 2936 5645 sacram
2971 5605 3232 5645 mensam
3266 5589 3712 5645 adhibebantur.
3745 5596 3805 5645 ut

2157 5596 2266 5644 hoc
2295 5605 2448 5643 nono
2479 5596 2571 5644 die
2607 5596 2676 5644 ad
2710 5605 2936 5645 sacram
2971 5605 3232 5646 mensam
3266 5596 3712 5652 adhibebantur,
3745 5596 3810 5646 ul:

2157 5675 2187 5716 e
2216 5659 2371 5715 linea
2401 5661 2725 5731 penultima
2753 5661 2932 5732 hujus
2964 5661 3448 5734 paginaeeonstat
3475 5677 3489 5728 ;
3522 5663 3807 5734 είῑᾼτρυγᾷν

2153 5748 2259 5860 ρτο
2297 5734 2615 5816 percipere,_
2635 5735 2755 5803 frui
2805 5731 3069 5805 ponunt';
3105 5749 3153 5788 v.
3187 5732 3423 5814 Nicetes
3447 5747 3502 5803 p.
3541 5731 3663 5786 132.
3695 5731 3807 5789 Sed

2178 5819 2328 5860 onze
2358 5803 2470 5860 hoc
2501 5808 2747 5860 uetitum
2781 5811 2869 5860 est
2898 5811 2955 5860 et
2983 5819 3190 5860 parum
3221 5819 3256 5860 a
3284 5817 3460 5860 nugis
3490 5803 3675 5860 abest.

2178 5819 2328 5876 onge
2358 5803 2470 5862 hoc
2499 5805 2747 5877 petitum
2781 5803 2869 5863 est
2898 5811 2955 5863 et
2983 5819 3190 5892 parum
3221 5819 3256 5860 a
3284 5804 3460 5877 nugis
3490 5803 3675 5862 abest.
