4124 6368
424 403 585 469 1379

1506 393 2042 458 CONSTANTINI
2087 383 2796 452 PORPHYROGENITI

3694 380 3854 444 1380

423 545 490 598 ut
518 540 828 607 asecretas,
856 533 1145 608 dignitate
1174 528 1901 604 spatharocandidatorum
1934 541 2072 583 con-

2199 538 2354 593 ξορας
2384 517 2474 572 καὶ
2510 535 2741 592 μικρους
2771 512 3043 590 ἄρχοντας
3068 514 3179 568 τῶν
3207 511 3531 589 ταγμάτῶν,
3562 515 3681 570 οἷον
3712 535 3854 586 σκη-

420 631 678 702 spicuos,
710 635 764 683 et
795 627 878 683 ita
919 641 1089 697 porro
1137 621 1462 691 inferiores,
1496 617 1916 676 chartularium
1970 632 2073 688 ge-

418 719 637 776 neralia
657 716 983 789 logothetae,
1008 712 1429 770 chartularium
1452 708 1757 766 rationalis
1778 705 2072 774 militaris,

419 806 733 878 magistros
784 804 1130 862 scriniorum
1183 802 1514 874 quaasloris,
1546 800 1873 869 adjutorem
1916 796 2074 867 logo-

421 898 614 966 tbetss,
638 896 897 966 judices,
932 895 1191 949 notarios
1239 889 1482 966 sAacellii,
1513 888 1766 966 notarios
1794 884 2075 966 vestiarii,

424 957 685 1027 notarios
708 968 791 1023 rei
809 957 1066 1038 privatae,
1081 962 1366 1028 consules,
1383 960 1760 1026 silentiarios,
1776 957 2077 1014 vestitores

424 1063 485 1115 et
516 1058 774 1113 minores
805 1054 1180 1123 magistratus
1211 1051 1484 1108 ordinum
1510 1048 1844 1105 militarium
1866 1046 2074 1120 palati-

426 1163 662 1216 norum,
700 1149 764 1201 ut
791 1142 1263 1216 sceptropboros,
1295 1140 1628 1211 signiferos,
1660 1136 2075 1211 eutychiopho-

427 1252 547 1305 ros,
577 1234 973 1303 draconarios,
1005 1236 1305 1288 senatores
1342 1235 1399 1286 et
1436 1230 1843 1297 ducenatores,
1874 1227 2076 1281 amba-

425 1340 673 1396 rumque
702 1324 1021 1379 factionum
1050 1335 1319 1377 cursores
1348 1334 1560 1376 omnes.
1584 1318 1803 1373 Horum
1836 1315 2075 1388 quidem

424 1418 712 1488 quotquot
748 1411 971 1468 ordinis
1014 1408 1296 1467 senatorii
1327 1412 1493 1476 sunt,
1526 1406 1977 1462 introducuntur
2015 1405 2076 1459 in

425 1506 553 1561 suis
596 1499 921 1560 mutatoriis
960 1503 1018 1556 et
1055 1496 1416 1571 campagiis;
1450 1512 1721 1553 cursores
1770 1499 1965 1552 autem
2015 1494 2075 1549 in

428 1593 552 1650 suis
573 1591 776 1665 podeis
796 1590 885 1646 vel
903 1589 1168 1645 vestibus
1190 1586 1505 1654 talaribus;
1530 1591 1586 1642 et
1606 1584 1816 1641 horum
1840 1584 2074 1656 quidem

427 1697 547 1750 eos,
574 1682 673 1754 qui
705 1680 1002 1739 victoriam
1036 1679 1430 1747 obtinuerunt,
1462 1680 1688 1748 oportet
1718 1674 1939 1747 primos
1969 1673 2079 1729 ho-

426 1770 702 1828 noratiori
735 1770 888 1842 parti
932 1770 1058 1840 [seu
1091 1768 1300 1822 dextra:
1331 1765 1537 1839 plagas]
1580 1764 1956 1820 accubituum
1987 1779 2079 1818 ac-

2185 609 2553 682 πτροφὸρους,
2624 603 3004 683 σεγνοφόρους,
3088 602 3519 679 εὐτυχοφορους,
3588 600 3855 678 δρακονα-

2187 697 2356 773 ρίους,
2408 697 2695 769 σινάτορας
2738 694 2829 750 καὶ
2880 690 3313 763 δουκινιάτορας,
3361 692 3452 747 καὶ
3501 691 3629 756 τοὺς
3669 694 3854 749 ἑκατέ-

2185 809 2295 864 ρων
2331 787 2509 861 μερῶν
2544 784 2769 861 δρομεῖς
2802 784 3059 845 ἅπαντας.
3113 787 3204 837 Δεῖ
3243 779 3299 837 δὲ
3330 782 3560 859 εἰσάγειν
3588 782 3717 846 τοὺς
3752 786 3847 857 μὶν

2184 875 2583 951 συγκλητικοὺς
2634 876 2873 935 ἅπαντας
2926 872 3060 946 μετὰ
3111 877 3222 927 τῶν
3273 871 3490 927 οἰκείων
3532 871 3854 947 άλλαξιμά-

2180 986 2288 1022 των
2323 966 2408 1021 καὶ
2441 963 2784 1038 κομπαγίων,
2817 962 2942 1025 τοὺς
2976 959 3035 1017 δὲ
3062 958 3289 1036 δρομεῖς
3321 962 3525 1025 πάντας
3575 964 3714 1036 μετᾶ
3738 967 3848 1019 τῶν

2183 1055 2359 1111 αὐτῶν
2391 1052 2602 1110 ποδέων
2666 1056 2798 1126 (67),
2857 1053 2946 1107 καὶ
3005 1052 3133 1114 τοὺς
3196 1052 3290 1125 μὲν
3351 1051 3577 1123 νικητὲς
3627 1051 3847 1123 ἐπὶτῆς

2181 1144 2492 1221 κρείττονος
2552 1142 2750 1209 θέσεως
2825 1146 2933 1198 τῶν
3011 1136 3319 1197 ἀκουϐίτων
3371 1140 3850 1216 προσανακλίνειν,

2180 1235 2307 1299 τοὺς
2348 1233 2404 1291 δὲ
2444 1233 2779 1305 ἡττηθέντας
2825 1232 2916 1288 ἐπὶ
2964 1238 3065 1301 τῆς
3116 1232 3301 1306 ἐτέρας
3349 1232 3573 1303 θέσεως,
3604 1231 3655 1287 ἐν
3686 1231 3726 1306 ᾗ
3754 1231 3848 1287 καὶ

2180 1326 2307 1387 τοὺς
2337 1323 2589 1394 πένητας·
2628 1323 2762 1397 μετὰ
2813 1318 2870 1377 δὲ
2913 1321 3015 1390 τήν
3064 1322 3361 1395 προέορτον
3395 1320 3706 1398 φωταυγίαν
3736 1323 3848 1395 (68)

2182 1414 2275 1469 καὶ
2304 1415 2403 1483 τὴν
2435 1410 2677 1468 ἐπίδοσιν
2729 1414 2836 1466 τῶν
2898 1407 3145 1488 φατλίων
3204 1407 3407 1483 ἐξάγειν
3462 1407 3659 1473 αὖτοὺς
3706 1411 3849 1465 πάν-

2183 1524 2279 1567 τας
2327 1502 2461 1557 κατᾶ
2516 1503 2608 1557 τὸν
2666 1501 2836 1557 τύπον
2892 1501 2985 1556 τὸν
3040 1498 3420 1579 προγραφέντα
3477 1505 3656 1557 πᾶσιν.
3721 1500 3847 1555 Ἐπὶ

2187 1590 2243 1647 δὲ
2299 1599 2399 1663 τῆς
2458 1588 2688 1662 δεκάτης
2742 1589 2955 1666 ἡμέρας
3010 1592 3118 1644 τῶν
3173 1587 3351 1644 αὐτῶν
3406 1584 3710 1645 ἃκουόίτων
3763 1586 3853 1644 δεῖ

2187 1683 2327 1755 ὑμᾶς
2386 1679 2716 1755 εὐτρεπίζειν
2772 1678 2848 1741 εἷς
2905 1676 3103 1747 κλῆσιν
3162 1684 3265 1747 τῆς
3327 1676 3620 1753 βασιλικῆς
3651 1678 3855 1752 τραπέο

2186 1776 2281 1841 ζης
2317 1770 2524 1845 ὁμοίως
2577 1768 2910 1835 ἀνθυπάτους
2960 1767 3280 1843 πατρικίους
3330 1766 3718 1845 ὀφφικιαλίους
3753 1766 3851 1823 σὺν

425 1861 683 1928 clinare;
716 1859 900 1914 victos
932 1873 1062 1913 vero
1094 1855 1280 1926 alteri,
1313 1855 1411 1911 ubi
1444 1854 1617 1909 etiam
1653 1869 1936 1925 pauperes
1988 1870 2074 1908 ac-

564 1950 580 1965 1
694 1953 705 1965 ι
765 1954 829 1965 σικ
862 1952 896 1965 γι
936 1945 1215 1965 I_,;,!g--__
1255 1961 1380 1965 __-_-
1421 1944 1814 1965 ___-__!__-A.
1885 1943 2069 1965 _--_I!_

2199 1864 2262 1933 τῷ
2296 1857 2605 1933 δομεοτίκῳ
2636 1864 2744 1914 τῶν
2773 1856 3055 1931 νουμέρων
3109 1857 3196 1911 καὶ
3244 1860 3325 1928 τῷ
3368 1855 3575 1930 κόμητι
3601 1861 3712 1912 τῶν
3744 1878 3854 1912 τειο

2238 1950 2248 1965 Ι
2443 1948 2454 1965 Ι
2673 1950 2721 1965 n\
2852 1946 2871 1965 ,.
2925 1948 2935 1965 Ι
3120 1945 3163 1965 θλ
3274 1945 3287 1964 ’
3371 1946 3382 1963 \
3561 1946 3576 1965 ἱ
3641 1945 3687 1965 ἰ
3711 1947 3722 1962 ο

423 1950 733 2008 cumbunt.
765 1952 905 2005 Post
933 1945 1224 2004 luminum
1255 1961 1386 2002 vero
1417 1944 1843 2015 accensionem,
1879 1943 2070 2015 qualis

423 2039 611 2113 pridie
641 2040 923 2095 festorum
955 2036 1183 2092 institui
1214 2035 1383 2101 solet,
1412 2039 1470 2091 et
1500 2038 1632 2106 post
1661 2032 1900 2089 traditas
1926 2050 2073 2089 con-

419 2129 567 2186 vivis
596 2126 816 2185 t‘aculas
843 2130 1073 2197 oportet
1103 2141 1203 2181 eos
1234 2140 1437 2180 omnes
1467 2122 1712 2179 educere
1744 2122 2071 2178 secundum

422 2219 733 2275 formulam
766 2217 1185 2291 prmecriptam.
1213 2215 1450 2271 Decimo
1480 2214 1574 2270 die
1603 2215 1943 2270 earumdem
1975 2229 2073 2269 ac-

422 2308 732 2366 cubituum
764 2311 988 2379 oportet
1015 2322 1122 2363 nos
1147 2305 1426 2361 invitatos
1456 2308 1940 2376 comparatosque
1970 2302 2073 2359 ba-

421 2398 561 2455 bere
606 2398 677 2454 ad
710 2414 886 2454 sacra
919 2412 1134 2452 mensae
1181 2393 1658 2451 communionem
1694 2394 2074 2466 proconsules

424 2487 703 2561 patricios
730 2486 1010 2543 ofﬁciales
1042 2501 1161 2541 una
1182 2502 1313 2541 cum
1346 2484 1664 2541 domestico
1696 2500 2073 2540 numerorum

426 2585 481 2635 et
512 2577 722 2633 comite
751 2580 1097 2641 castrorum,
1129 2576 1347 2630 amicos
1376 2572 1435 2629 in
1478 2573 1815 2629 universum
1860 2574 2076 2629 duode-

425 2667 563 2722 cim.
589 2666 1046 2723 Introducuntur
1075 2670 1129 2719 et
1157 2664 1490 2720 educuntur
1517 2663 1573 2718 in
1596 2662 1718 2719 suis
1744 2663 2074 2719 mutatoriis

423 2757 747 2813 secundum
799 2754 1142 2827 praedictum
1204 2753 1524 2810 modulum.
1569 2751 1830 2823 Reliquis
1877 2759 2074 2809 autem

422 2847 578 2903 480
612 2846 831 2903 mensis
860 2843 1149 2902 acclinare
1180 2847 1403 2917 oportet
1434 2843 1607 2899 ambo
1638 2847 1991 2915 topoteretas
2022 2848 2078 2899 et

426 2938 597 2994 ambo
626 2934 1038 3002 cbartularios,
1066 2939 1186 2990 tam
1218 2949 1621 2999 numerorum,
1655 2948 1832 3004 quam
1860 2937 2080 2989 castro-

424 3044 581 3094 rum,
628 3026 917 3094 tribunos,
969 3025 1239 3092 vicarios,
1292 3023 1627 3095 legatarios,
1682 3025 2076 3093 mandatores,

422 3115 813 3183 xenodocbos,
833 3131 1198 3188 gerocomos,
1214 3113 1636 3169 cbartularium
1655 3114 2078 3170 venerabilium

426 3207 662 3277 aedium,
694 3204 1019 3262 archiatros
1050 3210 1108 3260 et
1136 3203 1434 3260 diaetarios
1464 3202 1663 3274 magni
1695 3203 1917 3274 palatii,
1939 3203 2079 3259 item

2183 1950 2352 2029 χέων,
2396 1948 2590 2026 φίλους
2652 1950 2763 2023 ιβ’·
2824 1946 3057 2022 εἰσάγειν
3118 1945 3174 2001 δὶ
3230 1945 3429 2009 αὐτοὺς
3488 1946 3578 2002 καὶ
3637 1945 3851 2021 ἐξάγειν

2188 2040 2321 2114 μετά
2348 2044 2456 2093 τῶν
2511 2037 2727 2093 οἶκείων
2779 2035 3171 2109 ἀλλαξιμάτων
3217 2035 3359 2091 κατὰ
3404 2036 3498 2091 τὸν
3528 2033 3857 2106 δηλωθέντα

2183 2127 2372 2185 τύπον.
2427 2128 2516 2184 Ἐν
2568 2123 2625 2181 δὲ
2666 2129 2783 2187 τοῖς
2837 2123 3059 2185 λοιποῖς
3110 2117 3425 2186 ἆκουϐίτοις
3475 2120 3557 2179 δεῖ
3586 2123 3727 2198 ὑμᾶς
3753 2146 3856 2180 κα-

2186 2218 2298 2273 λεῖν
2344 2218 2471 2279 τοὺς
2522 2214 2616 2272 δύο
2661 2214 3045 2291 τοποτηρητὰς
3092 2216 3183 2271 καὶ
3241 2213 3680 2293 χιρτουλαρίους
3737 2222 3853 2273 τῶν

2182 2305 2461 2381 νουμέρων
2511 2306 2600 2360 καὶ
2653 2304 2904 2380 τειχέων,
2950 2298 3296 2379 τριϐούνους,
3345 2303 3647 2379 βικαρίους,
3689 2305 3859 2381 λεγα-

2183 2395 2423 2467 ταρίους,
2478 2392 2844 2469 μανδάτορας,
2897 2390 3242 2469 ξενοδόχους,
3290 2393 3654 2470 γεροκόμους,
3705 2413 3857 2470 χαρ-

2184 2484 2510 2560 τουλαρίους
2567 2489 2677 2539 τῶν
2737 2483 2941 2560 εὐαγων
2999 2482 3172 2538 οἷ’κων
3228 2484 3343 2557 (69)
3386 2482 3725 2562 ἀρχιατροῦς
3756 2486 3855 2540 καὶ

2184 2574 2311 2636 τοὺς
2378 2572 2713 2650 διαιταρίους
2778 2577 2880 2627 τοῦ
2952 2570 3194 2649 μεγάλου
3259 2571 3532 2628 παλατίου
3599 2574 3690 2628 καὶ
3748 2580 3856 2644 τῆς

2187 2668 2421 2746 Δάφνης,
2452 2666 2545 2720 τὸν
2593 2665 2825 2741 ἀριθμὸν
2878 2661 2975 2735 σδ’,
3025 2665 3112 2720 καὶ
3163 2663 3395 2736 πένητας
3449 2666 3557 2739 ιβ”
3607 2685 3852 2740 προκιν-

2187 2756 2357 2810 σεῦειν
2392 2753 2448 2811 δὲ
2477 2756 2603 2818 τοὺς
2636 2752 2955 2830 ξενοδόχους
3004 2753 3092 2809 καὶ
3148 2755 3488 2831 γεροκόμους
3528 2754 3853 2830 χαρτουλα-

2191 2844 2341 2921 ρίους
2389 2844 2478 2899 καὶ
2530 2843 2751 2921 ἴατροὺς
2803 2843 2894 2897 σὺν
2941 2848 3049 2898 τῶν
3103 2840 3424 2919 διαιταρίων
3473 2842 3557 2899 ἐπὶ
3606 2850 3675 2920 τῇ
3728 2845 3858 2900 ὀπί-

2190 2934 2325 3008 σοίῳ
2382 2934 2521 2990 θέσει
2578 2938 2677 2988 τοῦ
2734 2928 3029 2988 ἀκουϐίτου
3082 2937 3181 2988 τοῦ
3259 2933 3554 3010 βασιλέως,
3615 2936 3741 2998 τοὺς
3800 2935 3861 2992 δὲ

2190 3022 2464 3101 ἄρχοντας
2496 3028 2605 3078 τῶν
2639 3021 2736 3077 δύο
2779 3020 3067 3097 ταγμάτων
3116 3020 3204 3077 ἐπὶ
3254 3026 3321 3097 τῇ
3372 3024 3510 3079 κατᾶ
3557 3024 3851 3100 πρόσωπον

2190 3115 2332 3169 Θέσει
2375 3118 2471 3167 τοῦ
2525 3112 2819 3188 βασιλέως·
2874 3111 3101 3188 εἰσάγειν
3161 3109 3219 3167 δὲ
3266 3111 3466 3175 αὐτοὺς
3513 3114 3605 3169 καὶ
3659 3113 3857 3190 ἐξάγειν

2189 3202 2317 3265 τοὺς
2372 3204 2468 3277 μὲν
2514 3200 2841 3277 ξενοδόχους
2905 3201 3039 3275 μετὰ
3098 3207 3204 3257 τῶν
3264 3201 3482 3257 οἰκείων
3535 3224 3859 3280 σκαραμαγ-

425 3300 483 3353 et
513 3294 717 3367 palatii
748 3292 1044 3364 Daphnes,
1066 3292 1126 3348 in
1162 3293 1498 3349 universum
1528 3291 1654 3355 204,
1680 3308 1913 3363 unaque
1944 3310 2079 3363 pau-

2199 3293 2322 3368 γίων
2373 3290 2463 3346 καὶ
2514 3291 2699 3365 ῥωέων
2753 3289 2979 3365 σαγίων,
3043 3290 3170 3351 τοὺς
3244 3287 3302 3344 δὲ
3354 3289 3573 3365 ἰατροὺς
3623 3292 3861 3355 ἅπαντας

430 3400 597 3457 peres
630 3384 716 3439 12.
751 3382 1143 3439 Xenodochos
1175 3387 1350 3453 atque
1379 3397 1715 3453 gerocomos
1744 3389 1800 3436 et
1830 3382 1965 3437 inde
1997 3400 2083 3438 re-

428 3473 625 3544 liquos
654 3471 980 3537 inferiores,
1009 3476 1074 3526 ut
1094 3471 1543 3540 chartularium,
1569 3474 1828 3531 medicos
1858 3482 1912 3530 et
1943 3473 2085 3530 dile-

429 3560 634 3628 tarios,
692 3564 919 3631 oportet
975 3561 1283 3631 procedere
1349 3562 1497 3633 [tam
1558 3564 1846 3633 intrando,
1909 3579 2084 3635 quam

430 3648 717 3721 exeundo]
752 3664 901 3719 pone
943 3663 1170 3704 sacram
1212 3664 1501 3718 mensam,
1536 3652 1917 3725 magistratus
1951 3668 2084 3708 vero

430 3738 740 3796 amborum
772 3738 1043 3793 ordinum
1067 3738 1209 3809 [tam
1235 3754 1635 3808 numerorum,
1660 3757 1838 3813 quam
1860 3745 2085 3797 castro-

431 3828 584 3901 rum]
628 3845 664 3884 a
699 3831 863 3901 parte
908 3828 1129 3883 domini
1176 3826 1366 3883 vultui
1410 3830 1695 3900 opposita.
1750 3830 2085 3886 Xenodochi

432 3934 568 3974 cum
598 3916 719 3972 suis
750 3916 1174 3987 scaramangiis
1196 3917 1473 3990 sagisque
1501 3919 1683 3975 russis
1715 3919 2090 3975 introducun-

433 4010 568 4074 tur;
603 4005 809 4063 medici
842 4011 1039 4062 autem
1072 4022 1275 4061 omnes
1307 4006 1366 4062 in
1396 4008 1520 4063 suis
1552 4007 1837 4065 dibenetis
1867 4025 1965 4065 seu
1997 4025 2089 4066 ve-

434 4094 628 4151 stibus
676 4093 870 4151 colore
910 4102 1113 4151 veneto
1166 4096 1385 4151 tinctis.
1418 4095 1498 4153 De
1529 4101 1852 4169 tagmatum
1895 4099 2090 4173 magi-

434 4183 713 4241 stratibus
760 4182 1217 4239 introducuntur
1265 4186 1438 4241 ambo
1479 4187 1716 4256 quidem
1757 4192 2089 4258 topoteretas

434 4272 495 4328 in
528 4273 681 4345 sagis
712 4287 942 4344 quoque
973 4271 1182 4341 russis,
1214 4274 1402 4330 caeteri
1435 4291 1636 4332 omnes
1668 4280 1863 4332 autem
1887 4276 1945 4332 in
1970 4294 2091 4333 sca-

437 4361 776 4435 ramangiis.
812 4362 913 4417 Die
961 4362 1274 4418 undecimo
1305 4379 1420 4420 non
1463 4364 1718 4437 amplius
1768 4365 2093 4423 celebratur

439 4450 773 4507 convivium
813 4450 872 4506 in
922 4450 1053 4507 XIX
1083 4451 1390 4521 accubitis,
1425 4454 1522 4510 sed
1557 4470 1804 4526 vesperae
1836 4455 2091 4512 celebra-

438 4544 539 4597 tur
559 4540 617 4597 in
635 4539 852 4597 illustri
874 4541 1198 4598 Justiniani
1221 4541 1667 4616 triclinio,quod
1693 4561 1862 4601 mane
1885 4546 1957 4602 ab
1980 4546 2091 4602 im-

2197 3383 2331 3456 μετὰ
2360 3385 2467 3435 τῶν
2502 3378 2719 3435 οἰκείων
2764 3374 3053 3434 διϐενέτων
3083 3381 3219 3452 (70),
3257 3380 3386 3442 τοὺς
3421 3377 3478 3435 δὲ
3507 3384 3615 3434 τῶν
3642 3381 3870 3455 ταγμά-

2192 3492 2302 3525 των
2364 3472 2663 3550 ἄρχοντας,
2723 3470 2851 3531 τοὺς
2914 3470 3009 3541 μὲν
3069 3469 3459 3544 τοποτηρητᾶς
3517 3467 3606 3523 καὶ
3656 3468 3863 3533 αὐτοὺς

2198 3560 2335 3634 μετὰ
2388 3558 2572 3633 ῥωέων
2626 3557 2848 3636 σαγίων,
2903 3557 3031 3620 τοὺς
3083 3555 3139 3612 δὲ
3186 3556 3416 3621 λοιποὺς
3468 3558 3604 3631 μετᾶ
3652 3579 3865 3634 σκαρα-

2199 3647 2445 3723 μαγγίων
2510 3647 2729 3709 πάντας.
2802 3646 2927 3703 Ἐπὶ
2996 3643 3054 3701 δὲ
3117 3653 3217 3715 τῆς
3292 3644 3584 3719 ἑνδεκάτης
3651 3648 3871 3724 ἡμέρας

2195 3737 2510 3815 ἀπείργεται
2562 3739 2656 3808 μὲν
2707 3740 2741 3807 ἠ
2793 3742 2902 3792 τῶν
2948 3732 3253 3792 ἃκουϐίτων
3307 3735 3674 3812 ἐπιτελουμένη
3716 3738 3872 3809 κλῆ-

2197 3848 2302 3897 σις,
2350 3825 2588 3882 τελεῖται
2643 3824 2699 3881 δὲ
2744 3828 2807 3881 τὸ
2855 3825 3174 3902 κλητώριον
3220 3828 3445 3902 ἑσπέρας
3497 3827 3550 3883 ἐν
3597 3833 3678 3901 τῷ
3707 3849 3874 3903 περι-

2198 3911 2423 3989 ϐλέπτῳ
2477 3920 2579 3970 τοῦ
2638 3917 3020 3971 Ἰουστινιανοῦ
3093 3916 3379 3992 τρικλίνῳ.
3439 3923 3870 3993 Προστοιχεῖται

2196 4008 2301 4083 γάρ
2344 4007 2407 4061 τὸ
2456 4006 2589 4060 αὐτὸ
2638 4003 2952 4079 κλητώριον
2997 4004 3141 4081 παρᾶ
3181 4011 3278 4061 τοῦ
3328 4005 3603 4081 βασιλέως
3651 4005 3741 4063 διὰ
3769 4013 3873 4064 τοῦ

2200 4095 2367 4151 αὑτοῦ
2415 4093 2732 4169 ἀρτικλίνὸυ
2775 4094 3007 4170 πρωίας,
3058 4095 3149 4149 καὶ
3201 4092 3285 4150 δεῖ
3333 4098 3481 4169 ἡμᾶς
3536 4095 3875 4172 προσκαλεῖ-

2201 4188 2321 4239 σθαι
2371 4184 2449 4247 εἰς
2497 4183 2696 4253 κλῆσιν
2747 4187 2847 4239 τοῦ
2894 4183 3061 4238 αὐτοῦ
3103 4180 3319 4241 δείπνου
3357 4184 3715 4262 μαγίστρους,
3748 4187 3877 4241 ἀνθ-

2200 4275 2437 4337 υπάτους
2516 4272 2834 4349 πατρικίους
2943 4272 3355 4353 ὀφφικιαλίους,
3450 4276 3874 4350 πραιποσίτους,

2200 4363 2725 4441 πρωτοσπαθαρῖους
2792 4361 3107 4441 εὐνούχους,
3176 4364 3591 4439 πριμικηρίους,
3660 4365 3881 4434 ζόστια-

2207 4457 2377 4530 ρίους,
2432 4447 2798 4529 μαγλαϐίτας,
2848 4452 3098 4526 κόμητας
3149 4457 3247 4507 τοῦ
3294 4453 3535 4527 ἀριθμοῦ
3591 4453 3681 4509 καὶ
3731 4475 3882 4510 κεντ-

2205 4546 2437 4619 άρχους,
2486 4543 2577 4597 τὸν
2626 4540 2856 4616 ἀριθμὸν
2904 4542 3042 4595 κατᾶ
3083 4542 3145 4596 τὸ
3192 4542 3365 4597 ποσὸν
3422 4544 3520 4611 τῆς
3566 4543 3874 4617 τραπέζης,

441 4634 705 4705 peratore
735 4646 870 4687 eum
898 4630 955 4687 in
989 4631 1167 4687 tinem
1197 4636 1562 4705 praeparatur
1591 4649 1695 4705 per
1725 4634 1849 4705 ejus
1879 4637 2085 4691 articti-

2207 4635 2297 4689 καὶ
2351 4632 2486 4707 μετᾶ
2531 4633 2631 4701 τήν
2679 4630 2824 4687 Θείαν
2875 4638 2976 4701 τῆς
3046 4629 3273 4709 ἑσπέρας
3325 4632 3708 4709 μυσταγωγίαν
3761 4636 3878 4707 (71)

1519 4735 1727 4798 JOAN.
1756 4742 1898 4800 JAC.
1927 4744 2164 4802 RESKII
2203 4741 2790 4800 COMMENTARIUS.

520 4849 633 4920 (67)
681 4842 858 4902 Ποδέά
904 4852 994 4905 est
1041 4848 1222 4905 vestis
1270 4848 1496 4914 talaria,
1550 4851 1727 4921 pedes
1776 4854 2014 4921 tegens;
2056 4857 2115 4909 et

450 4921 586 4977 dein
616 4922 675 4975 in
707 4936 917 4993 genere
956 4920 1136 4993 vestis
1182 4921 1369 4977 omnis
1395 4938 1408 4989 ;
1437 4920 1565 4979 vid.’
1586 4923 1656 4978 de
1690 4923 1793 4978 hac
1822 4939 1963 4979 voce
1992 4924 2114 4980 dis-

458 4991 734 5067 putantes
771 4993 853 5067 ad
890 4991 1179 5067 Codinum
1226 4996 1487 5067 Goar._p.
1522 4993 1611 5064 16,
1658 4998 1716 5049 et
1762 4993 2018 5051 Gretser.
2050 5012 2108 5067 p.

458 5061 1228 5136 t7_8,AetiDu_CangeGloss.
1271 5067 1368 5119 Gr.
1400 5061 1461 5121 Η.
1491 5081 1545 5120 v.

529 5130 643 5252 (68?
673 5130 1063 5218 Probane'sit
1113 5135 1237 5192 haec
1282 5152 1412 5205 vox,
1446 5152 1522 5192 an
1553 5137 1809 5213 φωταψία
1836 5144 1934 5194 aut
1965 5157 2110 5215 φωτ-

534 5219 614 5252 ωγ
640 5217 673 5252 α
702 5206 1160 5252 rescrlbendnm-
1184 5208 1437 5252 viderint
1466 5208 1561 5252 alii
1590 5230 1603 5243 -
1627 5209 1765 5252 imm
1825 5211 1961 5252 nnid
1997 5211 2108 5252 eihi

459 5205 673 5282 αγωγία
702 5205 1162 5274 rescribendum,
1184 5208 1437 5264 viderint
1466 5205 1603 5279 alli';
1627 5205 1791 5280 item,
1825 5205 2111 5281 quid'sibi

455 5271 600 5328 vellt
646 5286 754 5355 vox
800 5274 1143 5355 πρρεόρτιον.
1175 5278 1319 5335 Nam
1370 5278 1728 5355 φωταγωγίαν
1782 5283 2112 5351 significare

459 5343 1180 5427 accensiqn'emlaquqdum
1208 5355 1309 5406 aut
1330 5343 1455 5406 etim
1486 5343 1659 5427 ce'rez'a
1686 5343 2109 5427 procéssionem,

459 5432 632 5501 nemo
665 5414 913 5501 dubitat.
940 5414 1078 5498 Mihi
1101 5434 1237 5501 vero
1259 5439 1374 5477 non
1398 5414 1696 5501 succurrit
1717 5426 1976 5497 vesperis
2007 5414 2110 5481 seu

460 5488 649 5571 prid-ie
678 5486 793 5570 diei
817 5486 1069 5571 alicuius
1101 5490 1227 5546 testi
1258 5496 1635 5571 consuevisse
1665 5486 2109 5564 faces.accendi,

458 5559 559 5637 aut
586 5559 647 5614 in
679 5559 751 5614 iis
783 5559 1211 5637 processionem
1259 5565 1558 5637 celebrari.
1594 5567 1655 5621 Et
1689 5571 1964 5637 praeterea
1993 5559 2111 5624 non

457 5631 651 5695 video,
682 5630 980 5702 quodnam
1015 5631 1225 5702 festum
1277 5634 1371 5689 hic
1422 5630 1706 5694 secutum'
1738 5639 1911 5695 fuerit
1962 5638 2114 5696 hanc

462 5701 1259 5829 Ξῧτῖξιέἔὶἶνὰαῖέἔέἱξῗειυω
1301 5704 1610 5765 Luminum
1659 5710 1826 5768 tertio
1875 5711 2110 5767 demum

509 5773 561 5828 ie
592 5773 730 5843 pbst‘
752 5773 1125 5844 sequebatur.

2277 4850 2392 4923 (69)
2422 4851 2506 4905 Ita
2537 4848 2797 4923 solebant
2834 4846 3270 4923 monasteriain
3307 4847 3498 4921 specie
3529 4849 3831 4922 appellare
3861 4869 3879 4921 ;

2221 4919 2391 4989 vgnu
2424 4923 2722 4991 Cange.,v.
2755 4920 2895 4975 Loca
2925 4919 3289 4976 venerabilia.

2293 4994 2402 5064 (70)
2431 4989 2697 5048 Notabile
2725 4991 2858 5064 hoc,
2884 4991 3107 5064 venetis
3141 4990 3322 5064 fuisse
3353 4991 3678 5048 arcbiatros
3709 4993 3890 5049 indu-

2220 5061 2330 5136 tos,
2362 5061 2517 5136 Quod
2581 5061 2777 5119 nescio
2818 5079 2893 5136 an
2937 5062 3079 5118 alibi
3131 5063 3504 5136 observatum
3557 5064 3655 5122 sit.
3699 5065 3893 5123 Hodie

2220 5134 2583 5194 carmesinas
2613 5141 2838 5205 gestant
2869 5134 2927 5205 in
2959 5135 3451 5203 processionibus.

2292 5209 2407 5281 (71)
2439 5204 2796 5281 Myetagogia
2826 5204 3139 5261 celebratio
3172 5206 3359 5263 Missa:
3388 5214 3495 5281 est.
3521 5207 3668 5264 Hinc
3701 5211 3887 5279 patet,

2219 5278 2446 5337 Graecus
2477 5278 2588 5334 sub
2616 5292 2921 5350 vesperam
2956 5293 3208 5350 quoque,
3244 5288 3371 5350 post
3402 5278 3607 5335 horam
3642 5278 3888 5347 nonam,

2222 5368 2349 5423 quas
2382 5354 2596 5423 nostris
2622 5349 2801 5423 tertiae
2860 5349 3268 5423 pomeridianie
3294 5353 3655 5423 respondet,
3689 5369 3890 5409 sacra-

2222 5419 2481 5480 mentum
2514 5420 2849 5491 celebrare;
2880 5419 3000 5491 vid,
3044 5436 3100 5491 p.
3134 5422 3258 5491 442,
3292 5419 3638 5486 Νἱεῖηωιίε.
3673 5427 3739 5479 ut
3770 5424 3889 5479 isto

2222 5496 2347 5551 loco
2395 5508 2592 5567 vocem
2648 5489 2861 5560 σύναξις
2893 5498 2946 5567 et
2978 5489 3321 5567 λειτουργίας
3354 5510 3454 5565 pro
3482 5502 3771 5567 conventu
3808 5496 3887 5551 ad

2222 5568 2442 5622 cultum
2476 5565 2739 5637 divinum
2769 5568 2827 5637 et
2856 5564 2988 5633 ejus
3011 5563 3417 5637 celebratione,
3444 5565 3664 5637 absque
3689 5568 3888 5623 missae

2222 5638 2435 5712 officio,
2459 5635 2806 5712 ita_hic_loci
2838 5651 3035 5691 vocem
3073 5634 3429 5712 μοσταγωγῖα
3461 5634 3661 5712 eodem
3701 5654 3885 5695 sensu

2224 5708 2500 5782 accipere.
2534 5708 2692 5773 Quod
2725 5710 2924 5765 tamen
2956 5723 3069 5765 non
3108 5715 3249 5782 puto
3264 5708 3613 5784 procedere.
