  <div class='ocr_page' id='page_1' title='image "/cluster/home/n/w/nwhite01/storage/ocr_20150623/112:no.1/coo.31924054870161/698.png"; bbox 0 0 4124 6410; ppageno 0'>
   <div class='ocr_carea' id='block_1_1' title="bbox 456 416 609 480">
    <p class='ocr_par' dir='ltr' id='par_1_1' title="bbox 456 416 609 480">
     <span class='ocr_line' id='line_1_1' title="bbox 456 416 609 480; baseline -0.02 0"><span class='ocrx_word' id='word_1_1' title='bbox 456 416 609 480; x_wconf 87' lang='grc'>1381</span> 
     </span>
    </p>
   </div>
   <div class='ocr_carea' id='block_1_2' title="bbox 1295 410 3015 482">
    <p class='ocr_par' dir='ltr' id='par_1_2' title="bbox 1295 410 3015 482">
     <span class='ocr_line' id='line_1_2' title="bbox 1295 410 3015 482; baseline 0.001 -2"><span class='ocrx_word' id='word_1_2' title='bbox 1295 419 1396 480; x_wconf 88' lang='lat' dir='ltr'><strong>DE</strong></span> <span class='ocrx_word' id='word_1_3' title='bbox 1438 412 1906 481; x_wconf 82' lang='lat' dir='ltr'>GEBIMONIIS</span> <span class='ocrx_word' id='word_1_4' title='bbox 1949 410 2185 475; x_wconf 65' lang='lat' dir='ltr'><strong>AULIE</strong></span> <span class='ocrx_word' id='word_1_5' title='bbox 2225 410 2706 477; x_wconf 69' lang='lat' dir='ltr'>BYZANTINE</span> <span class='ocrx_word' id='word_1_6' title='bbox 2747 417 2895 480; x_wconf 88' lang='lat' dir='ltr'>LIB.</span> <span class='ocrx_word' id='word_1_7' title='bbox 2941 419 3015 482; x_wconf 89' lang='lat' dir='ltr'>II.</span> 
     </span>
    </p>
   </div>
   <div class='ocr_carea' id='block_1_3' title="bbox 3719 432 3872 498">
    <p class='ocr_par' dir='ltr' id='par_1_3' title="bbox 3719 432 3872 498">
     <span class='ocr_line' id='line_1_3' title="bbox 3719 432 3872 498; baseline 0.039 -6"><span class='ocrx_word' id='word_1_8' title='bbox 3719 432 3872 498; x_wconf 70' lang='grc'>1384</span> 
     </span>
    </p>
   </div>
   <div class='ocr_carea' id='block_1_4' title="bbox 451 543 2095 634">
    <p class='ocr_par' dir='ltr' id='par_1_4' title="bbox 451 543 2095 634">
     <span class='ocr_line' id='line_1_4' title="bbox 451 543 2095 634; baseline -0.005 -28"><span class='ocrx_word' id='word_1_9' title='bbox 451 547 536 606; x_wconf 88' lang='grc' dir='ltr'>δεῖ</span> <span class='ocrx_word' id='word_1_10' title='bbox 586 551 679 606; x_wconf 84' lang='grc' dir='ltr'>τὸν</span> <span class='ocrx_word' id='word_1_11' title='bbox 729 549 1029 606; x_wconf 74' lang='grc' dir='ltr'>καλέσαντα</span> <span class='ocrx_word' id='word_1_12' title='bbox 1083 546 1402 626; x_wconf 83' lang='grc' dir='ltr'>ἀρτικλίνην</span> <span class='ocrx_word' id='word_1_13' title='bbox 1453 547 1867 634; x_wconf 28' lang='grc' dir='ltr'>προτρέψασθαι.</span> <span class='ocrx_word' id='word_1_14' title='bbox 1905 543 2095 600; x_wconf 76' lang='grc' dir='ltr'>πάντας</span> 
     </span>
    </p>
   </div>
   <div class='ocr_carea' id='block_1_5' title="bbox 2207 543 3875 634">
    <p class='ocr_par' dir='ltr' id='par_1_5' title="bbox 2223 547 3875 634">
     <span class='ocr_line' id='line_1_5' title="bbox 2223 547 3875 634; baseline 0.016 -34"><span class='ocrx_word' id='word_1_15' title='bbox 2223 562 2387 602; x_wconf 92' lang='lat' dir='ltr'>num.</span> <span class='ocrx_word' id='word_1_16' title='bbox 2419 547 2504 603; x_wconf 84' lang='lat' dir='ltr'>Ad</span> <span class='ocrx_word' id='word_1_17' title='bbox 2547 549 2718 606; x_wconf 77' lang='lat' dir='ltr'>istius</span> <span class='ocrx_word' id='word_1_18' title='bbox 2768 569 2944 609; x_wconf 66' lang='lat' dir='ltr'>coena;</span> <span class='ocrx_word' id='word_1_19' title='bbox 2975 557 3438 618; x_wconf 86' lang='lat' dir='ltr'>communionem</span> <span class='ocrx_word' id='word_1_20' title='bbox 3491 569 3716 634; x_wconf 83' lang='lat' dir='ltr'>oportet</span> <span class='ocrx_word' id='word_1_21' title='bbox 3767 585 3875 626; x_wconf 88' lang='lat' dir='ltr'>nos</span> 
     </span>
    </p>
   </div>
   <div class='ocr_carea' id='block_1_6' title="bbox 452 632 2108 716">
    <p class='ocr_par' dir='ltr' id='par_1_6' title="bbox 452 632 2108 716">
     <span class='ocr_line' id='line_1_6' title="bbox 452 632 2108 716; baseline -0.005 -21"><span class='ocrx_word' id='word_1_22' title='bbox 452 637 750 704; x_wconf 74' lang='grc' dir='ltr'>ἀποθέσθαι</span> <span class='ocrx_word' id='word_1_23' title='bbox 805 639 872 695; x_wconf 77' lang='grc' dir='ltr'>τά</span> <span class='ocrx_word' id='word_1_24' title='bbox 927 641 1132 696; x_wconf 73' lang='grc' dir='ltr'>ἑαυτῶν</span> <span class='ocrx_word' id='word_1_25' title='bbox 1190 639 1512 716; x_wconf 80' lang='grc' dir='ltr'>ἀλλαξήμια</span> <span class='ocrx_word' id='word_1_26' title='bbox 1569 639 1660 694; x_wconf 84' lang='grc' dir='ltr'>καὶ</span> <span class='ocrx_word' id='word_1_27' title='bbox 1726 632 2108 693; x_wconf 74' lang='grc' dir='ltr'>ἐπενδύσασθαι</span> 
     </span>
    </p>
   </div>
   <div class='ocr_carea' id='block_1_7' title="bbox 448 726 2104 808">
    <p class='ocr_par' dir='ltr' id='par_1_7' title="bbox 448 726 2104 808">
     <span class='ocr_line' id='line_1_7' title="bbox 448 726 2104 808; baseline -0.001 -22"><span class='ocrx_word' id='word_1_28' title='bbox 448 732 518 786; x_wconf 88' lang='grc' dir='ltr'>τά</span> <span class='ocrx_word' id='word_1_29' title='bbox 548 729 723 786; x_wconf 82' lang='grc' dir='ltr'>οἰκεῖα</span> <span class='ocrx_word' id='word_1_30' title='bbox 779 729 956 786; x_wconf 72' lang='grc' dir='ltr'>αὐτῶν</span> <span class='ocrx_word' id='word_1_31' title='bbox 1012 732 1396 808; x_wconf 86' lang='grc' dir='ltr'>σκαραμάγγια</span> <span class='ocrx_word' id='word_1_32' title='bbox 1461 731 1537 794; x_wconf 87' lang='grc' dir='ltr'>εἰς</span> <span class='ocrx_word' id='word_1_33' title='bbox 1592 731 1656 786; x_wconf 83' lang='grc' dir='ltr'>τὸ</span> <span class='ocrx_word' id='word_1_34' title='bbox 1734 728 1851 802; x_wconf 84' lang='grc' dir='ltr'>μετ’</span> <span class='ocrx_word' id='word_1_35' title='bbox 1925 726 2104 784; x_wconf 81' lang='grc' dir='ltr'>αὐτῶν</span> 
     </span>
    </p>
   </div>
   <div class='ocr_carea' id='block_1_8' title="bbox 448 821 1618 896">
    <p class='ocr_par' dir='ltr' id='par_1_8' title="bbox 448 821 1618 896">
     <span class='ocr_line' id='line_1_8' title="bbox 448 821 1618 896; baseline 0.003 -20"><span class='ocrx_word' id='word_1_36' title='bbox 448 823 859 891; x_wconf 80' lang='grc' dir='ltr'>συνεστιαθῆναι</span> <span class='ocrx_word' id='word_1_37' title='bbox 889 826 970 895; x_wconf 78' lang='grc' dir='ltr'>τῷ</span> <span class='ocrx_word' id='word_1_38' title='bbox 1004 821 1224 896; x_wconf 87' lang='grc' dir='ltr'>βασιλεῖ</span> <span class='ocrx_word' id='word_1_39' title='bbox 1258 823 1398 878; x_wconf 86' lang='grc' dir='ltr'>κατά</span> <span class='ocrx_word' id='word_1_40' title='bbox 1423 823 1618 880; x_wconf 74' lang='grc' dir='ltr'>τύπον.</span> 
     </span>
    </p>
   </div>
   <div class='ocr_carea' id='block_1_9' title="bbox 2217 638 3868 728">
    <p class='ocr_par' dir='ltr' id='par_1_9' title="bbox 2217 638 3868 728">
     <span class='ocr_line' id='line_1_9' title="bbox 2217 638 3868 728; baseline 0.016 -39"><span class='ocrx_word' id='word_1_41' title='bbox 2217 650 2425 691; x_wconf 89' lang='lat' dir='ltr'>vocare</span> <span class='ocrx_word' id='word_1_42' title='bbox 2457 638 2787 710; x_wconf 86' lang='lat' dir='ltr'>magistros,</span> <span class='ocrx_word' id='word_1_43' title='bbox 2821 644 3197 712; x_wconf 84' lang='lat' dir='ltr'>proconsules</span> <span class='ocrx_word' id='word_1_44' title='bbox 3234 649 3530 722; x_wconf 88' lang='lat' dir='ltr'>patricios,</span> <span class='ocrx_word' id='word_1_45' title='bbox 3563 654 3868 728; x_wconf 78' lang='lat' dir='ltr'>officiales,</span> 
     </span>
    </p>
   </div>
   <div class='ocr_carea' id='block_1_10' title="bbox 2216 726 3871 819">
    <p class='ocr_par' dir='ltr' id='par_1_10' title="bbox 2216 726 3871 819">
     <span class='ocr_line' id='line_1_10' title="bbox 2216 726 3871 819; baseline 0.016 -41"><span class='ocrx_word' id='word_1_46' title='bbox 2216 726 2575 797; x_wconf 78' lang='lat' dir='ltr'>praepositos,</span> <span class='ocrx_word' id='word_1_47' title='bbox 2607 731 3109 801; x_wconf 87' lang='lat' dir='ltr'>protospatharios</span> <span class='ocrx_word' id='word_1_48' title='bbox 3137 737 3458 808; x_wconf 82' lang='lat' dir='ltr'>eunuchos,</span> <span class='ocrx_word' id='word_1_49' title='bbox 3483 726 3871 819; x_wconf 75' lang='lat' dir='ltr'>primicerios,</span> 
     </span>
    </p>
   </div>
   <div class='ocr_carea' id='block_1_11' title="bbox 2215 815 3867 907">
    <p class='ocr_par' dir='ltr' id='par_1_11' title="bbox 2215 815 3867 907">
     <span class='ocr_line' id='line_1_11' title="bbox 2215 815 3867 907; baseline 0.015 -37"><span class='ocrx_word' id='word_1_50' title='bbox 2215 815 2879 890; x_wconf 86' lang='lat' dir='ltr'>ostiarios,maglabitas,</span> <span class='ocrx_word' id='word_1_51' title='bbox 2904 824 3150 881; x_wconf 82' lang='lat' dir='ltr'>comites</span> <span class='ocrx_word' id='word_1_52' title='bbox 3171 827 3407 885; x_wconf 89' lang='lat' dir='ltr'>arithmi</span> <span class='ocrx_word' id='word_1_53' title='bbox 3430 815 3867 907; x_wconf 87' lang='lat' dir='ltr'>etcentarchos</span> 
     </span>
    </p>
   </div>
   <div class='ocr_carea' id='block_1_12' title="bbox 445 912 3856 987">
    <p class='ocr_par' dir='ltr' id='par_1_12' title="bbox 445 912 3856 987">
     <span class='ocr_line' id='line_1_12' title="bbox 445 912 3856 987; baseline 0.005 -19"><span class='ocrx_word' id='word_1_54' title='bbox 445 914 503 969; x_wconf 91' lang='lat' dir='ltr'>in</span> <span class='ocrx_word' id='word_1_55' title='bbox 537 916 873 970; x_wconf 84' lang='lat' dir='ltr'>universum</span> <span class='ocrx_word' id='word_1_56' title='bbox 906 920 1009 984; x_wconf 89' lang='lat' dir='ltr'>tot,</span> <span class='ocrx_word' id='word_1_57' title='bbox 1039 919 1177 987; x_wconf 90' lang='lat' dir='ltr'>quot</span> <span class='ocrx_word' id='word_1_58' title='bbox 1207 931 1408 972; x_wconf 85' lang='lat' dir='ltr'>mensa</span> <span class='ocrx_word' id='word_1_59' title='bbox 1461 914 1634 986; x_wconf 89' lang='lat' dir='ltr'>capit.</span> <span class='ocrx_word' id='word_1_60' title='bbox 1665 912 2081 981; x_wconf 88' lang='lat' dir='ltr'>Celebratoque</span> <span class='ocrx_word' id='word_1_61' title='bbox 2135 921 2391 978; x_wconf 80' lang='lat' dir='ltr'>vesperae</span> <span class='ocrx_word' id='word_1_62' title='bbox 2443 919 2643 967; x_wconf 85' lang='lat' dir='ltr'>sancto</span> <span class='ocrx_word' id='word_1_63' title='bbox 2699 913 2916 981; x_wconf 80' lang='lat' dir='ltr'>ofﬁcio,</span> <span class='ocrx_word' id='word_1_64' title='bbox 2976 916 3148 974; x_wconf 82' lang='lat' dir='ltr'>debet</span> <span class='ocrx_word' id='word_1_65' title='bbox 3204 920 3516 980; x_wconf 89' lang='lat' dir='ltr'>articlinus</span> <span class='ocrx_word' id='word_1_66' title='bbox 3577 928 3856 986; x_wconf 88' lang='lat' dir='ltr'>omnibus</span> 
     </span>
    </p>
   </div>
   <div class='ocr_carea' id='block_1_13' title="bbox 447 999 3684 1082">
    <p class='ocr_par' dir='ltr' id='par_1_13' title="bbox 447 999 3684 1082">
     <span class='ocr_line' id='line_1_13' title="bbox 447 999 3684 1082; baseline 0.004 -23"><span class='ocrx_word' id='word_1_67' title='bbox 447 1005 758 1076; x_wconf 82' lang='lat' dir='ltr'>imperare,</span> <span class='ocrx_word' id='word_1_68' title='bbox 791 1009 856 1059; x_wconf 90' lang='lat' dir='ltr'>ut</span> <span class='ocrx_word' id='word_1_69' title='bbox 886 1005 1218 1061; x_wconf 87' lang='lat' dir='ltr'>mutatoriis</span> <span class='ocrx_word' id='word_1_70' title='bbox 1248 1004 1530 1077; x_wconf 83' lang='lat' dir='ltr'>depositis</span> <span class='ocrx_word' id='word_1_71' title='bbox 1562 1004 1811 1059; x_wconf 89' lang='lat' dir='ltr'>induant</span> <span class='ocrx_word' id='word_1_72' title='bbox 1841 1017 1950 1056; x_wconf 92' lang='lat' dir='ltr'>sua</span> <span class='ocrx_word' id='word_1_73' title='bbox 1979 999 2404 1068; x_wconf 84' lang='lat' dir='ltr'>scaramangia,</span> <span class='ocrx_word' id='word_1_74' title='bbox 2438 1015 2554 1070; x_wconf 88' lang='lat' dir='ltr'>quo</span> <span class='ocrx_word' id='word_1_75' title='bbox 2583 999 2645 1056; x_wconf 90' lang='lat' dir='ltr'>in</span> <span class='ocrx_word' id='word_1_76' title='bbox 2674 1001 2792 1058; x_wconf 86' lang='lat' dir='ltr'>illis</span> <span class='ocrx_word' id='word_1_77' title='bbox 2833 1019 2962 1060; x_wconf 88' lang='lat' dir='ltr'>cum</span> <span class='ocrx_word' id='word_1_78' title='bbox 2987 1006 3330 1078; x_wconf 81' lang='lat' dir='ltr'>imperatore</span> <span class='ocrx_word' id='word_1_79' title='bbox 3360 1013 3684 1082; x_wconf 89' lang='lat' dir='ltr'>epulentur.</span> 
     </span>
    </p>
   </div>
   <div class='ocr_carea' id='block_1_14' title="bbox 522 1087 2109 1170">
    <p class='ocr_par' dir='ltr' id='par_1_14' title="bbox 522 1087 2109 1170">
     <span class='ocr_line' id='line_1_14' title="bbox 522 1087 2109 1170; baseline -0.005 -22"><span class='ocrx_word' id='word_1_80' title='bbox 522 1093 585 1149; x_wconf 84' lang='grc' dir='ltr'>ἹῙ</span> <span class='ocrx_word' id='word_1_81' title='bbox 619 1089 677 1146; x_wconf 78' lang='grc' dir='ltr'>δὲ</span> <span class='ocrx_word' id='word_1_82' title='bbox 707 1093 836 1168; x_wconf 88' lang='grc' dir='ltr'>ἁγία</span> <span class='ocrx_word' id='word_1_83' title='bbox 862 1097 973 1147; x_wconf 91' lang='grc' dir='ltr'>τῶν</span> <span class='ocrx_word' id='word_1_84' title='bbox 1019 1093 1217 1170; x_wconf 76' lang='grc' dir='ltr'>φώτων</span> <span class='ocrx_word' id='word_1_85' title='bbox 1277 1092 1457 1166; x_wconf 66' lang='grc' dir='ltr'>ἡμέρα</span> <span class='ocrx_word' id='word_1_86' title='bbox 1507 1091 1659 1162; x_wconf 72' lang='grc' dir='ltr'>ξένην</span> <span class='ocrx_word' id='word_1_87' title='bbox 1709 1090 1830 1144; x_wconf 84' lang='grc' dir='ltr'>τινὰ</span> <span class='ocrx_word' id='word_1_88' title='bbox 1879 1087 1968 1143; x_wconf 79' lang='grc' dir='ltr'>καὶ</span> <span class='ocrx_word' id='word_1_89' title='bbox 2013 1106 2109 1141; x_wconf 86' lang='grc' dir='ltr'>πε-</span> 
     </span>
    </p>
   </div>
   <div class='ocr_carea' id='block_1_15' title="bbox 452 1174 2108 1259">
    <p class='ocr_par' dir='ltr' id='par_1_15' title="bbox 452 1174 2108 1259">
     <span class='ocr_line' id='line_1_15' title="bbox 452 1174 2108 1259; baseline -0.004 -23"><span class='ocrx_word' id='word_1_90' title='bbox 452 1177 752 1259; x_wconf 77' lang='grc' dir='ltr'>ρίϐλεπτον</span> <span class='ocrx_word' id='word_1_91' title='bbox 811 1179 1234 1259; x_wconf 81' lang='grc' dir='ltr'>λαμπροφορίαν</span> <span class='ocrx_word' id='word_1_92' title='bbox 1287 1181 1578 1256; x_wconf 83' lang='grc' dir='ltr'>εἰσάγουσα</span> <span class='ocrx_word' id='word_1_93' title='bbox 1649 1179 1966 1254; x_wconf 76' lang='grc' dir='ltr'>θαυμαστὴν</span> <span class='ocrx_word' id='word_1_94' title='bbox 2017 1174 2108 1231; x_wconf 85' lang='grc' dir='ltr'>καὶ</span> 
     </span>
    </p>
   </div>
   <div class='ocr_carea' id='block_1_16' title="bbox 452 1267 2109 1346">
    <p class='ocr_par' dir='ltr' id='par_1_16' title="bbox 452 1267 2109 1346">
     <span class='ocr_line' id='line_1_16' title="bbox 452 1267 2109 1346; baseline -0.004 -18"><span class='ocrx_word' id='word_1_95' title='bbox 452 1272 796 1346; x_wconf 85' lang='grc' dir='ltr'>πανάγαστον</span> <span class='ocrx_word' id='word_1_96' title='bbox 865 1276 962 1341; x_wconf 80' lang='grc' dir='ltr'>τήν</span> <span class='ocrx_word' id='word_1_97' title='bbox 1035 1269 1279 1344; x_wconf 76' lang='grc' dir='ltr'>δεξίωσιν</span> <span class='ocrx_word' id='word_1_98' title='bbox 1347 1271 1558 1328; x_wconf 81' lang='grc' dir='ltr'>ἐκτελεῖ</span> <span class='ocrx_word' id='word_1_99' title='bbox 1618 1275 1718 1342; x_wconf 81' lang='grc' dir='ltr'>τῆς</span> <span class='ocrx_word' id='word_1_100' title='bbox 1815 1267 2109 1345; x_wconf 80' lang='grc' dir='ltr'>βασιλικῆς</span> 
     </span>
    </p>
   </div>
   <div class='ocr_carea' id='block_1_17' title="bbox 453 1357 2107 1438">
    <p class='ocr_par' dir='ltr' id='par_1_17' title="bbox 453 1357 2107 1438">
     <span class='ocr_line' id='line_1_17' title="bbox 453 1357 2107 1438; baseline -0.002 -21"><span class='ocrx_word' id='word_1_101' title='bbox 453 1361 764 1424; x_wconf 76' lang='grc' dir='ltr'>ἑστιάσεως.</span> <span class='ocrx_word' id='word_1_102' title='bbox 798 1363 914 1432; x_wconf 75' lang='grc' dir='ltr'>Τὴν</span> <span class='ocrx_word' id='word_1_103' title='bbox 965 1364 1070 1438; x_wconf 86' lang='grc' dir='ltr'>γὰρ</span> <span class='ocrx_word' id='word_1_104' title='bbox 1117 1361 1310 1419; x_wconf 71' lang='grc' dir='ltr'>ἕνωσιν</span> <span class='ocrx_word' id='word_1_105' title='bbox 1358 1369 1467 1418; x_wconf 89' lang='grc' dir='ltr'>τῶν</span> <span class='ocrx_word' id='word_1_106' title='bbox 1527 1361 1796 1436; x_wconf 83' lang='grc' dir='ltr'>οὐρανίων</span> <span class='ocrx_word' id='word_1_107' title='bbox 1841 1361 1929 1416; x_wconf 89' lang='grc' dir='ltr'>καὶ</span> <span class='ocrx_word' id='word_1_108' title='bbox 1981 1357 2107 1414; x_wconf 80' lang='grc' dir='ltr'>ἐπι-</span> 
     </span>
    </p>
   </div>
   <div class='ocr_carea' id='block_1_18' title="bbox 446 1445 2109 1529">
    <p class='ocr_par' dir='ltr' id='par_1_18' title="bbox 446 1445 2109 1529">
     <span class='ocr_line' id='line_1_18' title="bbox 446 1445 2109 1529; baseline -0.003 -23"><span class='ocrx_word' id='word_1_109' title='bbox 446 1452 614 1529; x_wconf 84' lang='grc' dir='ltr'>γείων</span> <span class='ocrx_word' id='word_1_110' title='bbox 643 1453 937 1527; x_wconf 74' lang='grc' dir='ltr'>ταγμάτων</span> <span class='ocrx_word' id='word_1_111' title='bbox 987 1450 1076 1506; x_wconf 83' lang='grc' dir='ltr'>διὰ</span> <span class='ocrx_word' id='word_1_112' title='bbox 1130 1459 1230 1522; x_wconf 89' lang='grc' dir='ltr'>τῆς</span> <span class='ocrx_word' id='word_1_113' title='bbox 1288 1450 1495 1528; x_wconf 78' lang='grc' dir='ltr'>δωρεᾶς</span> <span class='ocrx_word' id='word_1_114' title='bbox 1551 1456 1647 1507; x_wconf 78' lang='grc' dir='ltr'>τοῦ</span> <span class='ocrx_word' id='word_1_115' title='bbox 1707 1451 1858 1524; x_wconf 84' lang='grc' dir='ltr'>ἁγίου</span> <span class='ocrx_word' id='word_1_116' title='bbox 1911 1445 2109 1523; x_wconf 86' lang='grc' dir='ltr'>βαπτί-</span> 
     </span>
    </p>
   </div>
   <div class='ocr_carea' id='block_1_19' title="bbox 452 1535 2104 1616">
    <p class='ocr_par' dir='ltr' id='par_1_19' title="bbox 452 1535 2104 1616">
     <span class='ocr_line' id='line_1_19' title="bbox 452 1535 2104 1616; baseline -0.005 -19"><span class='ocrx_word' id='word_1_117' title='bbox 452 1562 657 1616; x_wconf 88' lang='grc' dir='ltr'>σματος</span> <span class='ocrx_word' id='word_1_118' title='bbox 709 1545 988 1615; x_wconf 82' lang='grc' dir='ltr'>μυστικῶς</span> <span class='ocrx_word' id='word_1_119' title='bbox 1030 1541 1367 1612; x_wconf 78' lang='grc' dir='ltr'>εἰκονίζουσα</span> <span class='ocrx_word' id='word_1_120' title='bbox 1399 1541 1528 1604; x_wconf 80' lang='grc' dir='ltr'>τοὺς</span> <span class='ocrx_word' id='word_1_121' title='bbox 1569 1538 1622 1596; x_wconf 81' lang='grc' dir='ltr'>ἒν</span> <span class='ocrx_word' id='word_1_122' title='bbox 1667 1540 1812 1610; x_wconf 81' lang='grc' dir='ltr'>τάξει</span> <span class='ocrx_word' id='word_1_123' title='bbox 1858 1535 2104 1613; x_wconf 81' lang='grc' dir='ltr'>ἆγγέλων</span> 
     </span>
    </p>
   </div>
   <div class='ocr_carea' id='block_1_20' title="bbox 445 1627 2106 1708">
    <p class='ocr_par' dir='ltr' id='par_1_20' title="bbox 445 1627 2106 1708">
     <span class='ocr_line' id='line_1_20' title="bbox 445 1627 2106 1708; baseline -0.004 -22"><span class='ocrx_word' id='word_1_124' title='bbox 445 1633 609 1708; x_wconf 72' lang='grc' dir='ltr'>ἱερεῖς</span> <span class='ocrx_word' id='word_1_125' title='bbox 642 1638 742 1701; x_wconf 88' lang='grc' dir='ltr'>τῆς</span> <span class='ocrx_word' id='word_1_126' title='bbox 803 1630 1055 1707; x_wconf 77' lang='grc' dir='ltr'>μεγάλης</span> <span class='ocrx_word' id='word_1_127' title='bbox 1100 1636 1198 1687; x_wconf 79' lang='grc' dir='ltr'>τοῦ</span> <span class='ocrx_word' id='word_1_128' title='bbox 1241 1635 1376 1686; x_wconf 76' lang='grc' dir='ltr'>Θεοῦ</span> <span class='ocrx_word' id='word_1_129' title='bbox 1424 1629 1728 1700; x_wconf 84' lang='grc' dir='ltr'>καθολικῆς</span> <span class='ocrx_word' id='word_1_130' title='bbox 1771 1627 2106 1698; x_wconf 77' lang='grc' dir='ltr'>Ἐκκλησίας</span> 
     </span>
    </p>
   </div>
   <div class='ocr_carea' id='block_1_21' title="bbox 450 1717 2108 1797">
    <p class='ocr_par' dir='ltr' id='par_1_21' title="bbox 450 1717 2108 1797">
     <span class='ocr_line' id='line_1_21' title="bbox 450 1717 2108 1797; baseline -0.005 -20"><span class='ocrx_word' id='word_1_131' title='bbox 450 1723 936 1797; x_wconf 79' lang='grc' dir='ltr'>λευχημονοῦντας</span> <span class='ocrx_word' id='word_1_132' title='bbox 1001 1721 1078 1784; x_wconf 84' lang='grc' dir='ltr'>εἷς</span> <span class='ocrx_word' id='word_1_133' title='bbox 1152 1721 1503 1777; x_wconf 70' lang='grc' dir='ltr'>ίσυνεστίασιν</span> <span class='ocrx_word' id='word_1_134' title='bbox 1569 1724 1648 1792; x_wconf 79' lang='grc' dir='ltr'>τῷ</span> <span class='ocrx_word' id='word_1_135' title='bbox 1717 1717 1934 1795; x_wconf 86' lang='grc' dir='ltr'>βασιλεῖ</span> <span class='ocrx_word' id='word_1_136' title='bbox 1988 1736 2108 1770; x_wconf 90' lang='grc' dir='ltr'>συν-</span> 
     </span>
    </p>
   </div>
   <div class='ocr_carea' id='block_1_22' title="bbox 448 1805 2101 1886">
    <p class='ocr_par' dir='ltr' id='par_1_22' title="bbox 448 1805 2101 1886">
     <span class='ocr_line' id='line_1_22' title="bbox 448 1805 2101 1886; baseline 0 -20"><span class='ocrx_word' id='word_1_137' title='bbox 448 1813 702 1886; x_wconf 83' lang='grc' dir='ltr'>ηγάγετο.</span> <span class='ocrx_word' id='word_1_138' title='bbox 737 1812 840 1867; x_wconf 81' lang='grc' dir='ltr'>Καὶ</span> <span class='ocrx_word' id='word_1_139' title='bbox 876 1809 959 1865; x_wconf 94' lang='grc' dir='ltr'>δεῖ</span> <span class='ocrx_word' id='word_1_140' title='bbox 987 1811 1114 1872; x_wconf 80' lang='grc' dir='ltr'>τοὺς</span> <span class='ocrx_word' id='word_1_141' title='bbox 1167 1811 1219 1866; x_wconf 83' lang='grc' dir='ltr'>ἐν</span> <span class='ocrx_word' id='word_1_142' title='bbox 1266 1811 1438 1884; x_wconf 80' lang='grc' dir='ltr'>ταύτῃ</span> <span class='ocrx_word' id='word_1_143' title='bbox 1483 1815 1552 1884; x_wconf 83' lang='grc' dir='ltr'>τῇ</span> <span class='ocrx_word' id='word_1_144' title='bbox 1602 1808 1785 1883; x_wconf 78' lang='grc' dir='ltr'>ἡμέρᾳ</span> <span class='ocrx_word' id='word_1_145' title='bbox 1832 1805 2101 1880; x_wconf 84' lang='grc' dir='ltr'>λαχόντας</span> 
     </span>
    </p>
   </div>
   <div class='ocr_carea' id='block_1_23' title="bbox 448 1895 2103 1974">
    <p class='ocr_par' dir='ltr' id='par_1_23' title="bbox 448 1895 2103 1974">
     <span class='ocr_line' id='line_1_23' title="bbox 448 1895 2103 1974; baseline -0.005 -18"><span class='ocrx_word' id='word_1_146' title='bbox 448 1898 695 1972; x_wconf 84' lang='grc' dir='ltr'>διακονίᾳ</span> <span class='ocrx_word' id='word_1_147' title='bbox 738 1895 980 1972; x_wconf 78' lang='grc' dir='ltr'>ἀκριϐῶς</span> <span class='ocrx_word' id='word_1_148' title='bbox 1030 1900 1346 1964; x_wconf 86' lang='grc' dir='ltr'>ἐπίστασθαι</span> <span class='ocrx_word' id='word_1_149' title='bbox 1392 1901 1491 1970; x_wconf 86' lang='grc' dir='ltr'>τήν</span> <span class='ocrx_word' id='word_1_150' title='bbox 1538 1899 1788 1974; x_wconf 76' lang='grc' dir='ltr'>εὐπρεπῆ</span> <span class='ocrx_word' id='word_1_151' title='bbox 1834 1897 2103 1951; x_wconf 81' lang='grc' dir='ltr'>κατάστα-</span> 
     </span>
    </p>
   </div>
   <div class='ocr_carea' id='block_1_24' title="bbox 447 1986 2098 2068">
    <p class='ocr_par' dir='ltr' id='par_1_24' title="bbox 447 1986 2098 2068">
     <span class='ocr_line' id='line_1_24' title="bbox 447 1986 2098 2068; baseline -0.005 -22"><span class='ocrx_word' id='word_1_152' title='bbox 447 2011 527 2046; x_wconf 90' lang='grc' dir='ltr'>σιν</span> <span class='ocrx_word' id='word_1_153' title='bbox 559 1997 660 2060; x_wconf 90' lang='grc' dir='ltr'>τῆς</span> <span class='ocrx_word' id='word_1_154' title='bbox 700 1995 1033 2068; x_wconf 76' lang='grc' dir='ltr'>περιφανοῦς</span> <span class='ocrx_word' id='word_1_155' title='bbox 1080 1989 1258 2046; x_wconf 79' lang='grc' dir='ltr'>αὐτῶν</span> <span class='ocrx_word' id='word_1_156' title='bbox 1300 1989 1390 2044; x_wconf 86' lang='grc' dir='ltr'>καὶ</span> <span class='ocrx_word' id='word_1_157' title='bbox 1440 1991 1588 2064; x_wconf 80' lang='grc' dir='ltr'>ἱερᾶς</span> <span class='ocrx_word' id='word_1_158' title='bbox 1639 1986 1957 2058; x_wconf 80' lang='grc' dir='ltr'>δεξιώσεως.</span> <span class='ocrx_word' id='word_1_159' title='bbox 2012 1986 2098 2040; x_wconf 89' lang='grc' dir='ltr'>Ἐν</span> 
     </span>
    </p>
   </div>
   <div class='ocr_carea' id='block_1_25' title="bbox 442 2074 2102 2157">
    <p class='ocr_par' dir='ltr' id='par_1_25' title="bbox 442 2074 2102 2157">
     <span class='ocr_line' id='line_1_25' title="bbox 442 2074 2102 2157; baseline -0.005 -21"><span class='ocrx_word' id='word_1_160' title='bbox 442 2082 546 2157; x_wconf 80' lang='grc' dir='ltr'>γὰρ</span> <span class='ocrx_word' id='word_1_161' title='bbox 589 2081 669 2152; x_wconf 79' lang='grc' dir='ltr'>τῷ</span> <span class='ocrx_word' id='word_1_162' title='bbox 717 2078 1034 2154; x_wconf 82' lang='grc' dir='ltr'>τελόυμένῳ</span> <span class='ocrx_word' id='word_1_163' title='bbox 1098 2079 1339 2152; x_wconf 82' lang='grc' dir='ltr'>κράματι</span> <span class='ocrx_word' id='word_1_164' title='bbox 1378 2086 1480 2150; x_wconf 83' lang='grc' dir='ltr'>τῆς</span> <span class='ocrx_word' id='word_1_165' title='bbox 1529 2077 1776 2155; x_wconf 85' lang='grc' dir='ltr'>μεγάλης</span> <span class='ocrx_word' id='word_1_166' title='bbox 1823 2080 1920 2131; x_wconf 82' lang='grc' dir='ltr'>τοῦ</span> <span class='ocrx_word' id='word_1_167' title='bbox 1968 2074 2102 2129; x_wconf 76' lang='grc' dir='ltr'>Θεοῦ</span> 
     </span>
    </p>
   </div>
   <div class='ocr_carea' id='block_1_26' title="bbox 452 2163 2100 2243">
    <p class='ocr_par' dir='ltr' id='par_1_26' title="bbox 452 2163 2100 2243">
     <span class='ocr_line' id='line_1_26' title="bbox 452 2163 2100 2243; baseline -0.005 -16"><span class='ocrx_word' id='word_1_168' title='bbox 452 2168 782 2241; x_wconf 85' lang='grc' dir='ltr'>Ἐκκλησίας</span> <span class='ocrx_word' id='word_1_169' title='bbox 815 2166 898 2225; x_wconf 86' lang='grc' dir='ltr'>δεῖ</span> <span class='ocrx_word' id='word_1_170' title='bbox 930 2170 1070 2243; x_wconf 81' lang='grc' dir='ltr'>ὑμᾶς</span> <span class='ocrx_word' id='word_1_171' title='bbox 1100 2168 1290 2225; x_wconf 87' lang='grc' dir='ltr'>καλεῖν</span> <span class='ocrx_word' id='word_1_172' title='bbox 1321 2167 1410 2225; x_wconf 76' lang='grc' dir='ltr'>ἐπὶ</span> <span class='ocrx_word' id='word_1_173' title='bbox 1438 2170 1538 2238; x_wconf 77' lang='grc' dir='ltr'>τῆς</span> <span class='ocrx_word' id='word_1_174' title='bbox 1566 2167 1752 2242; x_wconf 82' lang='grc' dir='ltr'>τιμίας</span> <span class='ocrx_word' id='word_1_175' title='bbox 1807 2163 2100 2241; x_wconf 83' lang='grc' dir='ltr'>βασιλικῆς</span> 
     </span>
    </p>
   </div>
   <div class='ocr_carea' id='block_1_27' title="bbox 453 2252 2102 2336">
    <p class='ocr_par' dir='ltr' id='par_1_27' title="bbox 453 2252 2102 2336">
     <span class='ocr_line' id='line_1_27' title="bbox 453 2252 2102 2336; baseline -0.005 -21"><span class='ocrx_word' id='word_1_176' title='bbox 453 2259 748 2335; x_wconf 80' lang='grc' dir='ltr'>τραπέζης,</span> <span class='ocrx_word' id='word_1_177' title='bbox 857 2259 1208 2336; x_wconf 87' lang='grc' dir='ltr'>μαγίστρους,</span> <span class='ocrx_word' id='word_1_178' title='bbox 1313 2257 1654 2323; x_wconf 86' lang='grc' dir='ltr'>ἀνθυπάτους</span> <span class='ocrx_word' id='word_1_179' title='bbox 1779 2252 2102 2330; x_wconf 80' lang='grc' dir='ltr'>πατρικίους</span> 
     </span>
    </p>
   </div>
   <div class='ocr_carea' id='block_1_28' title="bbox 453 2341 2098 2425">
    <p class='ocr_par' dir='ltr' id='par_1_28' title="bbox 453 2341 2098 2425">
     <span class='ocr_line' id='line_1_28' title="bbox 453 2341 2098 2425; baseline -0.004 -22"><span class='ocrx_word' id='word_1_180' title='bbox 453 2348 820 2423; x_wconf 84' lang='grc' dir='ltr'>στρατηγοὺς,</span> <span class='ocrx_word' id='word_1_181' title='bbox 897 2347 1304 2425; x_wconf 74' lang='grc' dir='ltr'>ὀφφικιαλίους,</span> <span class='ocrx_word' id='word_1_182' title='bbox 1379 2348 1470 2402; x_wconf 87' lang='grc' dir='ltr'>τὸν</span> <span class='ocrx_word' id='word_1_183' title='bbox 1543 2346 1774 2421; x_wconf 83' lang='grc' dir='ltr'>ἀριθμὸν</span> <span class='ocrx_word' id='word_1_184' title='bbox 1835 2341 1917 2400; x_wconf 90' lang='grc' dir='ltr'>ιδ’·</span> <span class='ocrx_word' id='word_1_185' title='bbox 1987 2341 2098 2398; x_wconf 66' lang='lat' dir='ltr'>sio-</span> 
     </span>
    </p>
   </div>
   <div class='ocr_carea' id='block_1_29' title="bbox 446 2431 2096 2514">
    <p class='ocr_par' dir='ltr' id='par_1_29' title="bbox 446 2431 2096 2514">
     <span class='ocr_line' id='line_1_29' title="bbox 446 2431 2096 2514; baseline -0.004 -22"><span class='ocrx_word' id='word_1_186' title='bbox 446 2439 598 2514; x_wconf 87' lang='grc' dir='ltr'>άγειν</span> <span class='ocrx_word' id='word_1_187' title='bbox 668 2435 726 2492; x_wconf 71' lang='grc' dir='ltr'>δὲ</span> <span class='ocrx_word' id='word_1_188' title='bbox 789 2435 987 2501; x_wconf 77' lang='grc' dir='ltr'>αὐτοὺς</span> <span class='ocrx_word' id='word_1_189' title='bbox 1050 2437 1141 2492; x_wconf 87' lang='grc' dir='ltr'>καὶ</span> <span class='ocrx_word' id='word_1_190' title='bbox 1208 2435 1408 2512; x_wconf 75' lang='grc' dir='ltr'>ἐξάγειν</span> <span class='ocrx_word' id='word_1_191' title='bbox 1477 2438 1608 2510; x_wconf 84' lang='grc' dir='ltr'>μετά</span> <span class='ocrx_word' id='word_1_192' title='bbox 1689 2439 1797 2491; x_wconf 90' lang='grc' dir='ltr'>τῶν</span> <span class='ocrx_word' id='word_1_193' title='bbox 1881 2431 2096 2488; x_wconf 72' lang='grc' dir='ltr'>οῗκείων</span> 
     </span>
    </p>
   </div>
   <div class='ocr_carea' id='block_1_30' title="bbox 443 2521 2095 2602">
    <p class='ocr_par' dir='ltr' id='par_1_30' title="bbox 443 2521 2095 2602">
     <span class='ocr_line' id='line_1_30' title="bbox 443 2521 2095 2602; baseline -0.004 -20"><span class='ocrx_word' id='word_1_194' title='bbox 443 2525 789 2601; x_wconf 77' lang='grc' dir='ltr'>ἀλλαξίμων,</span> <span class='ocrx_word' id='word_1_195' title='bbox 824 2524 948 2582; x_wconf 82' lang='grc' dir='ltr'>ἄνευ</span> <span class='ocrx_word' id='word_1_196' title='bbox 981 2527 1164 2600; x_wconf 73' lang='grc' dir='ltr'>μέντοι</span> <span class='ocrx_word' id='word_1_197' title='bbox 1214 2532 1323 2581; x_wconf 85' lang='grc' dir='ltr'>τῶν</span> <span class='ocrx_word' id='word_1_198' title='bbox 1374 2527 1574 2582; x_wconf 69' lang='grc' dir='ltr'>ἑαυτῶν</span> <span class='ocrx_word' id='word_1_199' title='bbox 1626 2521 1954 2602; x_wconf 76' lang='grc' dir='ltr'>χλαμύδων.</span> <span class='ocrx_word' id='word_1_200' title='bbox 2003 2525 2095 2580; x_wconf 80' lang='grc' dir='ltr'>Ἐν</span> 
     </span>
    </p>
   </div>
   <div class='ocr_carea' id='block_1_31' title="bbox 444 2614 2100 2692">
    <p class='ocr_par' dir='ltr' id='par_1_31' title="bbox 444 2614 2100 2692">
     <span class='ocr_line' id='line_1_31' title="bbox 444 2614 2100 2692; baseline -0.003 -21"><span class='ocrx_word' id='word_1_201' title='bbox 444 2615 502 2671; x_wconf 75' lang='grc' dir='ltr'>δὲ</span> <span class='ocrx_word' id='word_1_202' title='bbox 530 2621 600 2691; x_wconf 75' lang='grc' dir='ltr'>τῇ</span> <span class='ocrx_word' id='word_1_203' title='bbox 653 2616 916 2692; x_wconf 74' lang='grc' dir='ltr'>βασιλικῇ</span> <span class='ocrx_word' id='word_1_204' title='bbox 956 2618 1120 2690; x_wconf 83' lang='grc' dir='ltr'>τιμίᾳ</span> <span class='ocrx_word' id='word_1_205' title='bbox 1165 2617 1408 2691; x_wconf 74' lang='grc' dir='ltr'>τραπέζῃ</span> <span class='ocrx_word' id='word_1_206' title='bbox 1457 2617 1564 2691; x_wconf 87' lang='grc' dir='ltr'>πρό</span> <span class='ocrx_word' id='word_1_207' title='bbox 1613 2636 1676 2690; x_wconf 89' lang='grc' dir='ltr'>γε</span> <span class='ocrx_word' id='word_1_208' title='bbox 1721 2614 1955 2686; x_wconf 23' lang='grc' dir='ltr'>πάντων,</span> <span class='ocrx_word' id='word_1_209' title='bbox 1983 2632 2100 2667; x_wconf 91' lang='grc' dir='ltr'>συν-</span> 
     </span>
    </p>
   </div>
   <div class='ocr_carea' id='block_1_32' title="bbox 445 2703 2095 2781">
    <p class='ocr_par' dir='ltr' id='par_1_32' title="bbox 445 2703 2095 2781">
     <span class='ocr_line' id='line_1_32' title="bbox 445 2703 2095 2781; baseline -0.003 -19"><span class='ocrx_word' id='word_1_210' title='bbox 445 2711 682 2762; x_wconf 82' lang='grc' dir='ltr'>εστιᾶται</span> <span class='ocrx_word' id='word_1_211' title='bbox 741 2707 770 2761; x_wconf 85' lang='grc' dir='ltr'>ὁ</span> <span class='ocrx_word' id='word_1_212' title='bbox 828 2707 1180 2781; x_wconf 80' lang='grc' dir='ltr'>πατριάρχης</span> <span class='ocrx_word' id='word_1_213' title='bbox 1237 2711 1319 2778; x_wconf 75' lang='grc' dir='ltr'>τῷ</span> <span class='ocrx_word' id='word_1_214' title='bbox 1381 2705 1622 2780; x_wconf 89' lang='grc' dir='ltr'>βασιλεῖ,</span> <span class='ocrx_word' id='word_1_215' title='bbox 1662 2706 1752 2760; x_wconf 84' lang='grc' dir='ltr'>καὶ</span> <span class='ocrx_word' id='word_1_216' title='bbox 1813 2703 1892 2759; x_wconf 88' lang='grc' dir='ltr'>δεῖ</span> <span class='ocrx_word' id='word_1_217' title='bbox 1948 2705 2095 2776; x_wconf 77' lang='grc' dir='ltr'>ἡμᾶς</span> 
     </span>
    </p>
   </div>
   <div class='ocr_carea' id='block_1_33' title="bbox 444 2795 2096 2875">
    <p class='ocr_par' dir='ltr' id='par_1_33' title="bbox 444 2795 2096 2875">
     <span class='ocr_line' id='line_1_33' title="bbox 444 2795 2096 2875; baseline -0.002 -21"><span class='ocrx_word' id='word_1_218' title='bbox 444 2797 632 2854; x_wconf 80' lang='grc' dir='ltr'>καλεῖν</span> <span class='ocrx_word' id='word_1_219' title='bbox 664 2799 791 2861; x_wconf 81' lang='grc' dir='ltr'>τοὺς</span> <span class='ocrx_word' id='word_1_220' title='bbox 825 2795 1057 2875; x_wconf 80' lang='grc' dir='ltr'>Λογάδας</span> <span class='ocrx_word' id='word_1_221' title='bbox 1086 2805 1186 2866; x_wconf 84' lang='grc' dir='ltr'>τῆς</span> <span class='ocrx_word' id='word_1_222' title='bbox 1218 2797 1534 2871; x_wconf 72' lang='grc' dir='ltr'>ἐκκλησίας,</span> <span class='ocrx_word' id='word_1_223' title='bbox 1576 2802 1692 2853; x_wconf 85' lang='grc' dir='ltr'>οἷον</span> <span class='ocrx_word' id='word_1_224' title='bbox 1745 2795 2096 2872; x_wconf 87' lang='grc' dir='ltr'>μητροπολί-</span> 
     </span>
    </p>
   </div>
   <div class='ocr_carea' id='block_1_34' title="bbox 445 2884 2096 2962">
    <p class='ocr_par' dir='ltr' id='par_1_34' title="bbox 445 2884 2096 2962">
     <span class='ocr_line' id='line_1_34' title="bbox 445 2884 2096 2962; baseline -0.002 -20"><span class='ocrx_word' id='word_1_225' title='bbox 445 2909 542 2950; x_wconf 89' lang='grc' dir='ltr'>τας</span> <span class='ocrx_word' id='word_1_226' title='bbox 573 2885 664 2941; x_wconf 77' lang='grc' dir='ltr'>σὺν</span> <span class='ocrx_word' id='word_1_227' title='bbox 697 2891 776 2959; x_wconf 84' lang='grc' dir='ltr'>τῷ</span> <span class='ocrx_word' id='word_1_228' title='bbox 809 2884 1096 2960; x_wconf 79' lang='grc' dir='ltr'>συγκέλλῳ</span> <span class='ocrx_word' id='word_1_229' title='bbox 1141 2886 1231 2941; x_wconf 87' lang='grc' dir='ltr'>τὸν</span> <span class='ocrx_word' id='word_1_230' title='bbox 1279 2886 1513 2962; x_wconf 85' lang='grc' dir='ltr'>ἀριθμὸν</span> <span class='ocrx_word' id='word_1_231' title='bbox 1565 2885 1656 2962; x_wconf 88' lang='grc' dir='ltr'>ιβ’,</span> <span class='ocrx_word' id='word_1_232' title='bbox 1715 2885 2096 2961; x_wconf 87' lang='grc' dir='ltr'>προστιχίζειν</span> 
     </span>
    </p>
   </div>
   <div class='ocr_carea' id='block_1_35' title="bbox 443 2972 2098 3050">
    <p class='ocr_par' dir='ltr' id='par_1_35' title="bbox 443 2972 2098 3050">
     <span class='ocr_line' id='line_1_35' title="bbox 443 2972 2098 3050; baseline -0.002 -20"><span class='ocrx_word' id='word_1_233' title='bbox 443 2973 502 3030; x_wconf 74' lang='grc' dir='ltr'>δὲ</span> <span class='ocrx_word' id='word_1_234' title='bbox 554 2976 754 3040; x_wconf 81' lang='grc' dir='ltr'>αὐτοὺς</span> <span class='ocrx_word' id='word_1_235' title='bbox 802 2975 854 3030; x_wconf 87' lang='grc' dir='ltr'>ἐν</span> <span class='ocrx_word' id='word_1_236' title='bbox 911 2979 980 3050; x_wconf 79' lang='grc' dir='ltr'>τῇ</span> <span class='ocrx_word' id='word_1_237' title='bbox 1035 2975 1213 3030; x_wconf 72' lang='grc' dir='ltr'>αὐτῶν</span> <span class='ocrx_word' id='word_1_238' title='bbox 1282 2975 1562 3050; x_wconf 71' lang='grc' dir='ltr'>εἴσαγωγῇ</span> <span class='ocrx_word' id='word_1_239' title='bbox 1626 2972 1904 3050; x_wconf 79' lang='grc' dir='ltr'>ἁρμοδίως</span> <span class='ocrx_word' id='word_1_240' title='bbox 1959 2972 2098 3028; x_wconf 86' lang='grc' dir='ltr'>κατά</span> 
     </span>
    </p>
   </div>
   <div class='ocr_carea' id='block_1_36' title="bbox 439 3061 2096 3144">
    <p class='ocr_par' dir='ltr' id='par_1_36' title="bbox 439 3061 2096 3144">
     <span class='ocr_line' id='line_1_36' title="bbox 439 3061 2096 3144; baseline -0.001 -25"><span class='ocrx_word' id='word_1_241' title='bbox 439 3065 533 3120; x_wconf 88' lang='grc' dir='ltr'>τὸν</span> <span class='ocrx_word' id='word_1_242' title='bbox 580 3063 806 3120; x_wconf 76' lang='grc' dir='ltr'>ἑκάστου</span> <span class='ocrx_word' id='word_1_243' title='bbox 851 3066 1065 3139; x_wconf 85' lang='grc' dir='ltr'>Θρόνον,</span> <span class='ocrx_word' id='word_1_244' title='bbox 1127 3061 1384 3134; x_wconf 87' lang='grc' dir='ltr'>δηλονότι</span> <span class='ocrx_word' id='word_1_245' title='bbox 1433 3063 1843 3144; x_wconf 68' lang='grc' dir='ltr'>ἠμφιεσμένους</span> <span class='ocrx_word' id='word_1_246' title='bbox 1901 3062 2096 3124; x_wconf 79' lang='grc' dir='ltr'>αὐτοὺς</span> 
     </span>
    </p>
   </div>
   <div class='ocr_carea' id='block_1_37' title="bbox 442 3153 2090 3231">
    <p class='ocr_par' dir='ltr' id='par_1_37' title="bbox 442 3153 2090 3231">
     <span class='ocr_line' id='line_1_37' title="bbox 442 3153 2090 3231; baseline 0.001 -23"><span class='ocrx_word' id='word_1_247' title='bbox 442 3155 616 3215; x_wconf 86' lang='grc' dir='ltr'>πάσας</span> <span class='ocrx_word' id='word_1_248' title='bbox 669 3155 764 3216; x_wconf 85' lang='grc' dir='ltr'>τάς</span> <span class='ocrx_word' id='word_1_249' title='bbox 822 3153 1205 3231; x_wconf 84' lang='grc' dir='ltr'>λειτουργικάς</span> <span class='ocrx_word' id='word_1_250' title='bbox 1265 3155 1440 3210; x_wconf 84' lang='grc' dir='ltr'>αὐτῶν</span> <span class='ocrx_word' id='word_1_251' title='bbox 1505 3155 1703 3218; x_wconf 81' lang='grc' dir='ltr'>στολὰς</span> <span class='ocrx_word' id='word_1_252' title='bbox 1770 3153 1917 3223; x_wconf 79' lang='grc' dir='ltr'>πλὴν</span> <span class='ocrx_word' id='word_1_253' title='bbox 1983 3160 2090 3209; x_wconf 89' lang='grc' dir='ltr'>τῶν</span> 
     </span>
    </p>
   </div>
   <div class='ocr_carea' id='block_1_38' title="bbox 443 3242 2092 3323">
    <p class='ocr_par' dir='ltr' id='par_1_38' title="bbox 443 3242 2092 3323">
     <span class='ocr_line' id='line_1_38' title="bbox 443 3242 2092 3323; baseline 0 -26"><span class='ocrx_word' id='word_1_254' title='bbox 443 3243 780 3323; x_wconf 71' lang='grc' dir='ltr'>ὠμοφορίων</span> <span class='ocrx_word' id='word_1_255' title='bbox 829 3245 920 3298; x_wconf 83' lang='grc' dir='ltr'>καὶ</span> <span class='ocrx_word' id='word_1_256' title='bbox 982 3243 1173 3316; x_wconf 83' lang='grc' dir='ltr'>μόνον⁶</span> <span class='ocrx_word' id='word_1_257' title='bbox 1230 3243 1556 3318; x_wconf 84' lang='grc' dir='ltr'>συνεισάγειν</span> <span class='ocrx_word' id='word_1_258' title='bbox 1625 3242 1682 3299; x_wconf 75' lang='grc' dir='ltr'>δὲ</span> <span class='ocrx_word' id='word_1_259' title='bbox 1745 3243 1947 3306; x_wconf 83' lang='grc' dir='ltr'>αὐτοὺς</span> <span class='ocrx_word' id='word_1_260' title='bbox 2000 3242 2092 3298; x_wconf 83' lang='grc' dir='ltr'>καὶ</span> 
     </span>
    </p>
   </div>
   <div class='ocr_carea' id='block_1_39' title="bbox 2293 1088 3879 1176">
    <p class='ocr_par' dir='ltr' id='par_1_39' title="bbox 2293 1088 3879 1176">
     <span class='ocr_line' id='line_1_39' title="bbox 2293 1088 3879 1176; baseline 0.013 -32"><span class='ocrx_word' id='word_1_261' title='bbox 2293 1088 2541 1145; x_wconf 87' lang='lat' dir='ltr'>Sanctus</span> <span class='ocrx_word' id='word_1_262' title='bbox 2573 1097 2768 1149; x_wconf 85' lang='lat' dir='ltr'>autem</span> <span class='ocrx_word' id='word_1_263' title='bbox 2798 1093 3089 1152; x_wconf 91' lang='lat' dir='ltr'>luminum</span> <span class='ocrx_word' id='word_1_264' title='bbox 3121 1097 3246 1155; x_wconf 92' lang='lat' dir='ltr'>dies</span> <span class='ocrx_word' id='word_1_265' title='bbox 3282 1101 3394 1171; x_wconf 90' lang='lat' dir='ltr'>(vel</span> <span class='ocrx_word' id='word_1_266' title='bbox 3427 1102 3770 1176; x_wconf 68' lang='lat' dir='ltr'>Epiphaniae</span> <span class='ocrx_word' id='word_1_267' title='bbox 3801 1109 3879 1164; x_wconf 87' lang='lat' dir='ltr'>fe-</span> 
     </span>
    </p>
   </div>
   <div class='ocr_carea' id='block_1_40' title="bbox 2219 1178 3869 1263">
    <p class='ocr_par' dir='ltr' id='par_1_40' title="bbox 2219 1178 3869 1263">
     <span class='ocr_line' id='line_1_40' title="bbox 2219 1178 3869 1263; baseline 0.013 -31"><span class='ocrx_word' id='word_1_268' title='bbox 2219 1178 2401 1250; x_wconf 85' lang='lat' dir='ltr'>stum)</span> <span class='ocrx_word' id='word_1_269' title='bbox 2420 1195 2616 1237; x_wconf 85' lang='lat' dir='ltr'>secum</span> <span class='ocrx_word' id='word_1_270' title='bbox 2638 1183 2876 1240; x_wconf 87' lang='lat' dir='ltr'>trahens</span> <span class='ocrx_word' id='word_1_271' title='bbox 2895 1185 3190 1242; x_wconf 90' lang='lat' dir='ltr'>insuetam</span> <span class='ocrx_word' id='word_1_272' title='bbox 3217 1192 3274 1245; x_wconf 92' lang='lat' dir='ltr'>ct</span> <span class='ocrx_word' id='word_1_273' title='bbox 3296 1191 3554 1263; x_wconf 86' lang='lat' dir='ltr'>undique</span> <span class='ocrx_word' id='word_1_274' title='bbox 3581 1194 3869 1254; x_wconf 90' lang='lat' dir='ltr'>illustrem</span> 
     </span>
    </p>
   </div>
   <div class='ocr_carea' id='block_1_41' title="bbox 2218 1266 3864 1349">
    <p class='ocr_par' dir='ltr' id='par_1_41' title="bbox 2218 1266 3864 1349">
     <span class='ocr_line' id='line_1_41' title="bbox 2218 1266 3864 1349; baseline 0.014 -28"><span class='ocrx_word' id='word_1_275' title='bbox 2218 1266 2508 1336; x_wconf 88' lang='lat' dir='ltr'>splendidi</span> <span class='ocrx_word' id='word_1_276' title='bbox 2530 1271 2773 1329; x_wconf 87' lang='lat' dir='ltr'>vestitus</span> <span class='ocrx_word' id='word_1_277' title='bbox 2797 1274 3312 1349; x_wconf 84' lang='lat' dir='ltr'>magniﬁcentiam,</span> <span class='ocrx_word' id='word_1_278' title='bbox 3337 1280 3864 1344; x_wconf 80' lang='lat' dir='ltr'>etﬁcitconvivium</span> 
     </span>
    </p>
   </div>
   <div class='ocr_carea' id='block_1_42' title="bbox 2217 1357 3864 1441">
    <p class='ocr_par' dir='ltr' id='par_1_42' title="bbox 2217 1357 3864 1441">
     <span class='ocr_line' id='line_1_42' title="bbox 2217 1357 3864 1441; baseline 0.013 -32"><span class='ocrx_word' id='word_1_279' title='bbox 2217 1372 2334 1426; x_wconf 92' lang='lat' dir='ltr'>quo</span> <span class='ocrx_word' id='word_1_280' title='bbox 2382 1357 2700 1429; x_wconf 82' lang='lat' dir='ltr'>imperator</span> <span class='ocrx_word' id='word_1_281' title='bbox 2748 1362 2968 1421; x_wconf 85' lang='lat' dir='ltr'>amicos</span> <span class='ocrx_word' id='word_1_282' title='bbox 3015 1382 3155 1422; x_wconf 89' lang='lat' dir='ltr'>suos</span> <span class='ocrx_word' id='word_1_283' title='bbox 3213 1368 3445 1441; x_wconf 84' lang='lat' dir='ltr'>excipit,</span> <span class='ocrx_word' id='word_1_284' title='bbox 3499 1372 3864 1432; x_wconf 80' lang='lat' dir='ltr'>admirabile.</span> 
     </span>
    </p>
   </div>
   <div class='ocr_carea' id='block_1_43' title="bbox 2218 1443 3862 1522">
    <p class='ocr_par' dir='ltr' id='par_1_43' title="bbox 2218 1443 3862 1522">
     <span class='ocr_line' id='line_1_43' title="bbox 2218 1443 3862 1522; baseline 0.015 -25"><span class='ocrx_word' id='word_1_285' title='bbox 2218 1443 2360 1499; x_wconf 90' lang='lat' dir='ltr'>Cum</span> <span class='ocrx_word' id='word_1_286' title='bbox 2411 1447 2570 1502; x_wconf 90' lang='lat' dir='ltr'>enim</span> <span class='ocrx_word' id='word_1_287' title='bbox 2625 1450 3098 1521; x_wconf 88' lang='lat' dir='ltr'>conjunctionem</span> <span class='ocrx_word' id='word_1_288' title='bbox 3182 1458 3457 1514; x_wconf 89' lang='lat' dir='ltr'>ordinum</span> <span class='ocrx_word' id='word_1_289' title='bbox 3534 1463 3862 1522; x_wconf 76' lang='lat' dir='ltr'>caelestium</span> 
     </span>
    </p>
   </div>
   <div class='ocr_carea' id='block_1_44' title="bbox 2216 1539 3866 1622">
    <p class='ocr_par' dir='ltr' id='par_1_44' title="bbox 2216 1539 3866 1622">
     <span class='ocr_line' id='line_1_44' title="bbox 2216 1539 3866 1622; baseline 0.014 -35"><span class='ocrx_word' id='word_1_290' title='bbox 2216 1540 2387 1603; x_wconf 89' lang='lat' dir='ltr'>atque</span> <span class='ocrx_word' id='word_1_291' title='bbox 2415 1539 2779 1594; x_wconf 79' lang='lat' dir='ltr'>terrestrium</span> <span class='ocrx_word' id='word_1_292' title='bbox 2812 1542 3053 1613; x_wconf 88' lang='lat' dir='ltr'>mystice</span> <span class='ocrx_word' id='word_1_293' title='bbox 3101 1545 3442 1618; x_wconf 90' lang='lat' dir='ltr'>adumbret,</span> <span class='ocrx_word' id='word_1_294' title='bbox 3492 1567 3593 1622; x_wconf 88' lang='lat' dir='ltr'>per</span> <span class='ocrx_word' id='word_1_295' title='bbox 3642 1553 3866 1610; x_wconf 89' lang='lat' dir='ltr'>donum</span> 
     </span>
    </p>
   </div>
   <div class='ocr_carea' id='block_1_45' title="bbox 2217 1625 3866 1709">
    <p class='ocr_par' dir='ltr' id='par_1_45' title="bbox 2217 1625 3866 1709">
     <span class='ocr_line' id='line_1_45' title="bbox 2217 1625 3866 1709; baseline 0.015 -32"><span class='ocrx_word' id='word_1_296' title='bbox 2217 1625 2402 1679; x_wconf 89' lang='lat' dir='ltr'>sancti</span> <span class='ocrx_word' id='word_1_297' title='bbox 2434 1626 2806 1698; x_wconf 83' lang='lat' dir='ltr'>baptismatis</span> <span class='ocrx_word' id='word_1_298' title='bbox 2839 1631 3072 1700; x_wconf 83' lang='lat' dir='ltr'>factam,</span> <span class='ocrx_word' id='word_1_299' title='bbox 3098 1643 3418 1709; x_wconf 84' lang='lat' dir='ltr'>congregat</span> <span class='ocrx_word' id='word_1_300' title='bbox 3441 1637 3498 1694; x_wconf 90' lang='lat' dir='ltr'>in</span> <span class='ocrx_word' id='word_1_301' title='bbox 3524 1657 3705 1698; x_wconf 89' lang='lat' dir='ltr'>unum</span> <span class='ocrx_word' id='word_1_302' title='bbox 3730 1660 3866 1701; x_wconf 89' lang='lat' dir='ltr'>cum</span> 
     </span>
    </p>
   </div>
   <div class='ocr_carea' id='block_1_46' title="bbox 2217 1711 3863 1795">
    <p class='ocr_par' dir='ltr' id='par_1_46' title="bbox 2217 1711 3863 1795">
     <span class='ocr_line' id='line_1_46' title="bbox 2217 1711 3863 1795; baseline 0.015 -30"><span class='ocrx_word' id='word_1_303' title='bbox 2217 1711 2464 1785; x_wconf 87' lang='lat' dir='ltr'>imperio</span> <span class='ocrx_word' id='word_1_304' title='bbox 2495 1719 2882 1776; x_wconf 84' lang='lat' dir='ltr'>sacerdotium</span> <span class='ocrx_word' id='word_1_305' title='bbox 2903 1722 3130 1795; x_wconf 77' lang='lat' dir='ltr'>Magnae</span> <span class='ocrx_word' id='word_1_306' title='bbox 3145 1727 3246 1781; x_wconf 88' lang='lat' dir='ltr'>Dei</span> <span class='ocrx_word' id='word_1_307' title='bbox 3275 1727 3572 1787; x_wconf 68' lang='lat' dir='ltr'>catholicae</span> <span class='ocrx_word' id='word_1_308' title='bbox 3599 1733 3863 1790; x_wconf 59' lang='lat' dir='ltr'>Ecclesia</span> 
     </span>
    </p>
   </div>
   <div class='ocr_carea' id='block_1_47' title="bbox 2215 1805 3856 1881">
    <p class='ocr_par' dir='ltr' id='par_1_47' title="bbox 2215 1805 3856 1881">
     <span class='ocr_line' id='line_1_47' title="bbox 2215 1805 3856 1881; baseline 0.013 -24"><span class='ocrx_word' id='word_1_309' title='bbox 2215 1805 2565 1874; x_wconf 86' lang='lat' dir='ltr'>sacerdotes,</span> <span class='ocrx_word' id='word_1_310' title='bbox 2601 1807 2697 1877; x_wconf 90' lang='lat' dir='ltr'>qui</span> <span class='ocrx_word' id='word_1_311' title='bbox 2729 1809 3070 1881; x_wconf 84' lang='lat' dir='ltr'>angelorum</span> <span class='ocrx_word' id='word_1_312' title='bbox 3102 1818 3158 1869; x_wconf 91' lang='lat' dir='ltr'>et</span> <span class='ocrx_word' id='word_1_313' title='bbox 3190 1816 3530 1874; x_wconf 84' lang='lat' dir='ltr'>nuntiorum</span> <span class='ocrx_word' id='word_1_314' title='bbox 3561 1820 3663 1876; x_wconf 91' lang='lat' dir='ltr'>Dei</span> <span class='ocrx_word' id='word_1_315' title='bbox 3696 1823 3856 1880; x_wconf 89' lang='lat' dir='ltr'>vices</span> 
     </span>
    </p>
   </div>
   <div class='ocr_carea' id='block_1_48' title="bbox 2213 1897 3858 1984">
    <p class='ocr_par' dir='ltr' id='par_1_48' title="bbox 2213 1897 3858 1984">
     <span class='ocr_line' id='line_1_48' title="bbox 2213 1897 3858 1984; baseline 0.013 -37"><span class='ocrx_word' id='word_1_316' title='bbox 2213 1899 2444 1963; x_wconf 82' lang='lat' dir='ltr'>gerunt,</span> <span class='ocrx_word' id='word_1_317' title='bbox 2471 1897 2738 1953; x_wconf 86' lang='lat' dir='ltr'>candidis</span> <span class='ocrx_word' id='word_1_318' title='bbox 2772 1899 2831 1954; x_wconf 92' lang='lat' dir='ltr'>in</span> <span class='ocrx_word' id='word_1_319' title='bbox 2867 1901 3142 1972; x_wconf 83' lang='lat' dir='ltr'>vestibus,</span> <span class='ocrx_word' id='word_1_320' title='bbox 3176 1904 3249 1960; x_wconf 91' lang='lat' dir='ltr'>ad</span> <span class='ocrx_word' id='word_1_321' title='bbox 3292 1907 3622 1965; x_wconf 88' lang='lat' dir='ltr'>convivium</span> <span class='ocrx_word' id='word_1_322' title='bbox 3671 1911 3858 1984; x_wconf 89' lang='lat' dir='ltr'>impe-</span> 
     </span>
    </p>
   </div>
   <div class='ocr_carea' id='block_1_49' title="bbox 2213 1983 3860 2072">
    <p class='ocr_par' dir='ltr' id='par_1_49' title="bbox 2213 1983 3860 2072">
     <span class='ocr_line' id='line_1_49' title="bbox 2213 1983 3860 2072; baseline 0.013 -36"><span class='ocrx_word' id='word_1_323' title='bbox 2213 1983 2352 2039; x_wconf 87' lang='lat' dir='ltr'>riale</span> <span class='ocrx_word' id='word_1_324' title='bbox 2382 1985 2697 2042; x_wconf 86' lang='lat' dir='ltr'>adducens.</span> <span class='ocrx_word' id='word_1_325' title='bbox 2732 1987 2954 2052; x_wconf 88' lang='lat' dir='ltr'>Quibus</span> <span class='ocrx_word' id='word_1_326' title='bbox 2981 2006 3048 2048; x_wconf 87' lang='lat' dir='ltr'>eo</span> <span class='ocrx_word' id='word_1_327' title='bbox 3079 1993 3171 2048; x_wconf 89' lang='lat' dir='ltr'>die</span> <span class='ocrx_word' id='word_1_328' title='bbox 3196 1994 3409 2052; x_wconf 85' lang='lat' dir='ltr'>servire</span> <span class='ocrx_word' id='word_1_329' title='bbox 3441 1998 3694 2072; x_wconf 84' lang='lat' dir='ltr'>obtingit</span> <span class='ocrx_word' id='word_1_330' title='bbox 3724 2002 3860 2058; x_wconf 89' lang='lat' dir='ltr'>atri-</span> 
     </span>
    </p>
   </div>
   <div class='ocr_carea' id='block_1_50' title="bbox 2212 2072 3858 2158">
    <p class='ocr_par' dir='ltr' id='par_1_50' title="bbox 2212 2072 3858 2158">
     <span class='ocr_line' id='line_1_50' title="bbox 2212 2072 3858 2158; baseline 0.012 -30"><span class='ocrx_word' id='word_1_331' title='bbox 2212 2072 2405 2140; x_wconf 77' lang='lat' dir='ltr'>clinis,</span> <span class='ocrx_word' id='word_1_332' title='bbox 2438 2073 2585 2132; x_wconf 90' lang='lat' dir='ltr'>bene</span> <span class='ocrx_word' id='word_1_333' title='bbox 2614 2082 2999 2152; x_wconf 81' lang='lat' dir='ltr'>accurateque</span> <span class='ocrx_word' id='word_1_334' title='bbox 3044 2097 3144 2138; x_wconf 91' lang='lat' dir='ltr'>eos</span> <span class='ocrx_word' id='word_1_335' title='bbox 3187 2099 3360 2142; x_wconf 89' lang='lat' dir='ltr'>nosse</span> <span class='ocrx_word' id='word_1_336' title='bbox 3419 2093 3650 2158; x_wconf 90' lang='lat' dir='ltr'>oportet</span> <span class='ocrx_word' id='word_1_337' title='bbox 3695 2091 3858 2150; x_wconf 87' lang='lat' dir='ltr'>dsco-</span> 
     </span>
    </p>
   </div>
   <div class='ocr_carea' id='block_1_51' title="bbox 2212 2164 3856 2245">
    <p class='ocr_par' dir='ltr' id='par_1_51' title="bbox 2212 2164 3856 2245">
     <span class='ocr_line' id='line_1_51' title="bbox 2212 2164 3856 2245; baseline 0.012 -28"><span class='ocrx_word' id='word_1_338' title='bbox 2212 2177 2336 2218; x_wconf 91' lang='lat' dir='ltr'>ram</span> <span class='ocrx_word' id='word_1_339' title='bbox 2370 2164 2844 2224; x_wconf 79' lang='lat' dir='ltr'>constitutionem</span> <span class='ocrx_word' id='word_1_340' title='bbox 2876 2174 2934 2225; x_wconf 90' lang='lat' dir='ltr'>ct</span> <span class='ocrx_word' id='word_1_341' title='bbox 2957 2171 3331 2230; x_wconf 90' lang='lat' dir='ltr'>cerimoniale</span> <span class='ocrx_word' id='word_1_342' title='bbox 3361 2175 3674 2245; x_wconf 66' lang='lat' dir='ltr'>Splendida:</span> <span class='ocrx_word' id='word_1_343' title='bbox 3711 2179 3856 2237; x_wconf 91' lang='lat' dir='ltr'>isto-</span> 
     </span>
    </p>
   </div>
   <div class='ocr_carea' id='block_1_52' title="bbox 2211 2255 3857 2340">
    <p class='ocr_par' dir='ltr' id='par_1_52' title="bbox 2211 2255 3857 2340">
     <span class='ocr_line' id='line_1_52' title="bbox 2211 2255 3857 2340; baseline 0.012 -33"><span class='ocrx_word' id='word_1_344' title='bbox 2211 2268 2342 2308; x_wconf 90' lang='lat' dir='ltr'>rum</span> <span class='ocrx_word' id='word_1_345' title='bbox 2359 2255 2728 2312; x_wconf 86' lang='lat' dir='ltr'>sacerdotum</span> <span class='ocrx_word' id='word_1_346' title='bbox 2751 2264 3081 2332; x_wconf 68' lang='lat' dir='ltr'>sanctaaque</span> <span class='ocrx_word' id='word_1_347' title='bbox 3103 2264 3172 2318; x_wconf 89' lang='lat' dir='ltr'>ad</span> <span class='ocrx_word' id='word_1_348' title='bbox 3198 2279 3462 2321; x_wconf 88' lang='lat' dir='ltr'>mensam</span> <span class='ocrx_word' id='word_1_349' title='bbox 3486 2269 3857 2340; x_wconf 87' lang='lat' dir='ltr'>receptionis.</span> 
     </span>
    </p>
   </div>
   <div class='ocr_carea' id='block_1_53' title="bbox 2209 2344 3862 2430">
    <p class='ocr_par' dir='ltr' id='par_1_53' title="bbox 2209 2344 3862 2430">
     <span class='ocr_line' id='line_1_53' title="bbox 2209 2344 3862 2430; baseline 0.012 -34"><span class='ocrx_word' id='word_1_350' title='bbox 2209 2345 2350 2398; x_wconf 89' lang='lat' dir='ltr'>Post</span> <span class='ocrx_word' id='word_1_351' title='bbox 2375 2344 2605 2400; x_wconf 84' lang='lat' dir='ltr'>ﬁnitum</span> <span class='ocrx_word' id='word_1_352' title='bbox 2642 2345 2913 2416; x_wconf 85' lang='lat' dir='ltr'>mixtum,</span> <span class='ocrx_word' id='word_1_353' title='bbox 2937 2349 2994 2405; x_wconf 91' lang='lat' dir='ltr'>in</span> <span class='ocrx_word' id='word_1_354' title='bbox 3021 2349 3235 2424; x_wconf 90' lang='lat' dir='ltr'>Magna</span> <span class='ocrx_word' id='word_1_355' title='bbox 3263 2354 3361 2410; x_wconf 89' lang='lat' dir='ltr'>Dei</span> <span class='ocrx_word' id='word_1_356' title='bbox 3392 2355 3648 2413; x_wconf 88' lang='lat' dir='ltr'>Ecclesia</span> <span class='ocrx_word' id='word_1_357' title='bbox 3692 2375 3862 2430; x_wconf 90' lang='lat' dir='ltr'>opor-</span> 
     </span>
    </p>
   </div>
   <div class='ocr_carea' id='block_1_54' title="bbox 2209 2434 3855 2518">
    <p class='ocr_par' dir='ltr' id='par_1_54' title="bbox 2209 2434 3855 2518">
     <span class='ocr_line' id='line_1_54' title="bbox 2209 2434 3855 2518; baseline 0.011 -31"><span class='ocrx_word' id='word_1_358' title='bbox 2209 2434 2297 2488; x_wconf 89' lang='lat' dir='ltr'>tet</span> <span class='ocrx_word' id='word_1_359' title='bbox 2329 2449 2434 2490; x_wconf 91' lang='lat' dir='ltr'>nos</span> <span class='ocrx_word' id='word_1_360' title='bbox 2463 2434 2539 2490; x_wconf 93' lang='lat' dir='ltr'>ad</span> <span class='ocrx_word' id='word_1_361' title='bbox 2559 2451 2781 2493; x_wconf 89' lang='lat' dir='ltr'>sacram</span> <span class='ocrx_word' id='word_1_362' title='bbox 2808 2454 3069 2496; x_wconf 83' lang='lat' dir='ltr'>mensam</span> <span class='ocrx_word' id='word_1_363' title='bbox 3098 2442 3438 2514; x_wconf 85' lang='lat' dir='ltr'>magistros,</span> <span class='ocrx_word' id='word_1_364' title='bbox 3461 2450 3855 2518; x_wconf 86' lang='lat' dir='ltr'>proconsules,</span> 
     </span>
    </p>
   </div>
   <div class='ocr_carea' id='block_1_55' title="bbox 2209 2523 3853 2604">
    <p class='ocr_par' dir='ltr' id='par_1_55' title="bbox 2209 2523 3853 2604">
     <span class='ocr_line' id='line_1_55' title="bbox 2209 2523 3853 2604; baseline 0.012 -28"><span class='ocrx_word' id='word_1_365' title='bbox 2209 2523 2505 2593; x_wconf 89' lang='lat' dir='ltr'>patricios,</span> <span class='ocrx_word' id='word_1_366' title='bbox 2539 2529 2657 2581; x_wconf 89' lang='lat' dir='ltr'>tam</span> <span class='ocrx_word' id='word_1_367' title='bbox 2681 2530 2970 2599; x_wconf 78' lang='lat' dir='ltr'>strategos</span> <span class='ocrx_word' id='word_1_368' title='bbox 2992 2533 3049 2585; x_wconf 91' lang='lat' dir='ltr'>et</span> <span class='ocrx_word' id='word_1_369' title='bbox 3072 2530 3542 2604; x_wconf 80' lang='lat' dir='ltr'>militaris,quam</span> <span class='ocrx_word' id='word_1_370' title='bbox 3572 2537 3853 2595; x_wconf 84' lang='lat' dir='ltr'>ofﬁciales</span> 
     </span>
    </p>
   </div>
   <div class='ocr_carea' id='block_1_56' title="bbox 2208 2613 3852 2686">
    <p class='ocr_par' dir='ltr' id='par_1_56' title="bbox 2208 2613 3852 2686">
     <span class='ocr_line' id='line_1_56' title="bbox 2208 2613 3852 2686; baseline 0.011 -19"><span class='ocrx_word' id='word_1_371' title='bbox 2208 2613 2358 2668; x_wconf 73' lang='lat'>431</span> <span class='ocrx_word' id='word_1_372' title='bbox 2395 2618 2452 2669; x_wconf 84' lang='lat' dir='ltr'>et</span> <span class='ocrx_word' id='word_1_373' title='bbox 2481 2614 2724 2686; x_wconf 88' lang='lat' dir='ltr'>palatini</span> <span class='ocrx_word' id='word_1_374' title='bbox 2758 2618 2999 2685; x_wconf 89' lang='lat' dir='ltr'>ordinis,</span> <span class='ocrx_word' id='word_1_375' title='bbox 3042 2619 3103 2675; x_wconf 90' lang='lat' dir='ltr'>in</span> <span class='ocrx_word' id='word_1_376' title='bbox 3157 2621 3495 2680; x_wconf 89' lang='lat' dir='ltr'>universum</span> <span class='ocrx_word' id='word_1_377' title='bbox 3546 2627 3852 2685; x_wconf 86' lang='lat' dir='ltr'>duodecim</span> 
     </span>
    </p>
   </div>
   <div class='ocr_carea' id='block_1_57' title="bbox 2208 2701 3851 2786">
    <p class='ocr_par' dir='ltr' id='par_1_57' title="bbox 2208 2701 3851 2786">
     <span class='ocr_line' id='line_1_57' title="bbox 2208 2701 3851 2786; baseline 0.011 -29"><span class='ocrx_word' id='word_1_378' title='bbox 2208 2701 2474 2771; x_wconf 84' lang='lat' dir='ltr'>invitare,</span> <span class='ocrx_word' id='word_1_379' title='bbox 2506 2721 2721 2777; x_wconf 91' lang='lat' dir='ltr'>eosque</span> <span class='ocrx_word' id='word_1_380' title='bbox 2754 2707 2811 2762; x_wconf 89' lang='lat' dir='ltr'>in</span> <span class='ocrx_word' id='word_1_381' title='bbox 2844 2708 2972 2764; x_wconf 89' lang='lat' dir='ltr'>suis</span> <span class='ocrx_word' id='word_1_382' title='bbox 3003 2712 3358 2781; x_wconf 90' lang='lat' dir='ltr'>mutatoriis,</span> <span class='ocrx_word' id='word_1_383' title='bbox 3391 2714 3615 2786; x_wconf 90' lang='lat' dir='ltr'>absque</span> <span class='ocrx_word' id='word_1_384' title='bbox 3655 2721 3851 2774; x_wconf 89' lang='lat' dir='ltr'>tamen</span> 
     </span>
    </p>
   </div>
   <div class='ocr_carea' id='block_1_58' title="bbox 2207 2790 3854 2864">
    <p class='ocr_par' dir='ltr' id='par_1_58' title="bbox 2207 2790 3854 2864">
     <span class='ocr_line' id='line_1_58' title="bbox 2207 2790 3854 2864; baseline 0.01 -19"><span class='ocrx_word' id='word_1_385' title='bbox 2207 2790 2640 2864; x_wconf 85' lang='lat' dir='ltr'>chlamydibus,</span> <span class='ocrx_word' id='word_1_386' title='bbox 2672 2793 3042 2853; x_wconf 89' lang='lat' dir='ltr'>introducere</span> <span class='ocrx_word' id='word_1_387' title='bbox 3063 2802 3118 2854; x_wconf 90' lang='lat' dir='ltr'>et</span> <span class='ocrx_word' id='word_1_388' title='bbox 3148 2799 3412 2855; x_wconf 90' lang='lat' dir='ltr'>educere.</span> <span class='ocrx_word' id='word_1_389' title='bbox 3440 2802 3505 2857; x_wconf 90' lang='lat' dir='ltr'>In</span> <span class='ocrx_word' id='word_1_390' title='bbox 3528 2805 3731 2860; x_wconf 91' lang='lat' dir='ltr'>eadem</span> <span class='ocrx_word' id='word_1_391' title='bbox 3764 2822 3854 2862; x_wconf 86' lang='lat' dir='ltr'>re-</span> 
     </span>
    </p>
   </div>
   <div class='ocr_carea' id='block_1_59' title="bbox 2207 2880 3854 2958">
    <p class='ocr_par' dir='ltr' id='par_1_59' title="bbox 2207 2880 3854 2958">
     <span class='ocr_line' id='line_1_59' title="bbox 2207 2880 3854 2958; baseline 0.01 -23"><span class='ocrx_word' id='word_1_392' title='bbox 2207 2880 2302 2953; x_wconf 83' lang='lat' dir='ltr'>gia</span> <span class='ocrx_word' id='word_1_393' title='bbox 2331 2881 2660 2938; x_wconf 87' lang='lat' dir='ltr'>venerabile</span> <span class='ocrx_word' id='word_1_394' title='bbox 2692 2900 2893 2940; x_wconf 90' lang='lat' dir='ltr'>mensa</span> <span class='ocrx_word' id='word_1_395' title='bbox 2914 2886 3143 2958; x_wconf 89' lang='lat' dir='ltr'>primus</span> <span class='ocrx_word' id='word_1_396' title='bbox 3161 2893 3293 2944; x_wconf 86' lang='lat' dir='ltr'>ante</span> <span class='ocrx_word' id='word_1_397' title='bbox 3315 2889 3462 2946; x_wconf 89' lang='lat' dir='ltr'>alios</span> <span class='ocrx_word' id='word_1_398' title='bbox 3485 2908 3693 2949; x_wconf 89' lang='lat' dir='ltr'>omnes</span> <span class='ocrx_word' id='word_1_399' title='bbox 3714 2910 3854 2950; x_wconf 94' lang='lat' dir='ltr'>con-</span> 
     </span>
    </p>
   </div>
   <div class='ocr_carea' id='block_1_60' title="bbox 2206 2971 3853 3056">
    <p class='ocr_par' dir='ltr' id='par_1_60' title="bbox 2206 2971 3853 3056">
     <span class='ocr_line' id='line_1_60' title="bbox 2206 2971 3853 3056; baseline 0.01 -31"><span class='ocrx_word' id='word_1_400' title='bbox 2206 2971 2430 3027; x_wconf 91' lang='lat' dir='ltr'>vivalur</span> <span class='ocrx_word' id='word_1_401' title='bbox 2485 2971 2822 3044; x_wconf 88' lang='lat' dir='ltr'>imperatori</span> <span class='ocrx_word' id='word_1_402' title='bbox 2897 2977 3251 3048; x_wconf 86' lang='lat' dir='ltr'>patriarcha.</span> <span class='ocrx_word' id='word_1_403' title='bbox 3329 2980 3553 3037; x_wconf 87' lang='lat' dir='ltr'>Pariter</span> <span class='ocrx_word' id='word_1_404' title='bbox 3620 2999 3853 3056; x_wconf 90' lang='lat' dir='ltr'>quoque</span> 
     </span>
    </p>
   </div>
   <div class='ocr_carea' id='block_1_61' title="bbox 2206 3063 3846 3144">
    <p class='ocr_par' dir='ltr' id='par_1_61' title="bbox 2206 3063 3846 3144">
     <span class='ocr_line' id='line_1_61' title="bbox 2206 3063 3846 3144; baseline 0.008 -27"><span class='ocrx_word' id='word_1_405' title='bbox 2206 3064 2432 3134; x_wconf 90' lang='lat' dir='ltr'>oportet</span> <span class='ocrx_word' id='word_1_406' title='bbox 2461 3078 2568 3118; x_wconf 91' lang='lat' dir='ltr'>nos</span> <span class='ocrx_word' id='word_1_407' title='bbox 2597 3063 2665 3116; x_wconf 91' lang='lat' dir='ltr'>ad</span> <span class='ocrx_word' id='word_1_408' title='bbox 2698 3080 2922 3119; x_wconf 85' lang='lat' dir='ltr'>sacram</span> <span class='ocrx_word' id='word_1_409' title='bbox 2956 3081 3220 3123; x_wconf 83' lang='lat' dir='ltr'>mensam</span> <span class='ocrx_word' id='word_1_410' title='bbox 3253 3069 3506 3125; x_wconf 84' lang='lat' dir='ltr'>ecclesiae</span> <span class='ocrx_word' id='word_1_411' title='bbox 3557 3089 3846 3144; x_wconf 87' lang='lat' dir='ltr'>proceres,</span> 
     </span>
    </p>
   </div>
   <div class='ocr_carea' id='block_1_62' title="bbox 2206 3151 3848 3226">
    <p class='ocr_par' dir='ltr' id='par_1_62' title="bbox 2206 3151 3848 3226">
     <span class='ocr_line' id='line_1_62' title="bbox 2206 3151 3848 3226; baseline 0.008 -19"><span class='ocrx_word' id='word_1_412' title='bbox 2206 3151 2678 3224; x_wconf 85' lang='lat' dir='ltr'>utmelropolitas</span> <span class='ocrx_word' id='word_1_413' title='bbox 2694 3161 2745 3208; x_wconf 92' lang='lat' dir='ltr'>et</span> <span class='ocrx_word' id='word_1_414' title='bbox 2761 3154 3110 3226; x_wconf 91' lang='lat' dir='ltr'>syncellum,</span> <span class='ocrx_word' id='word_1_415' title='bbox 3143 3156 3202 3212; x_wconf 89' lang='lat' dir='ltr'>in</span> <span class='ocrx_word' id='word_1_416' title='bbox 3235 3159 3573 3216; x_wconf 86' lang='lat' dir='ltr'>universum</span> <span class='ocrx_word' id='word_1_417' title='bbox 3609 3179 3848 3221; x_wconf 88' lang='lat' dir='ltr'>numero</span> 
     </span>
    </p>
   </div>
   <div class='ocr_carea' id='block_1_63' title="bbox 2205 3241 3846 3323">
    <p class='ocr_par' dir='ltr' id='par_1_63' title="bbox 2205 3241 3846 3323">
     <span class='ocr_line' id='line_1_63' title="bbox 2205 3241 3846 3323; baseline 0.007 -26"><span class='ocrx_word' id='word_1_418' title='bbox 2205 3241 2534 3311; x_wconf 90' lang='lat' dir='ltr'>duodecim,</span> <span class='ocrx_word' id='word_1_419' title='bbox 2566 3241 2832 3311; x_wconf 88' lang='lat' dir='ltr'>invitare,</span> <span class='ocrx_word' id='word_1_420' title='bbox 2867 3261 3084 3317; x_wconf 91' lang='lat' dir='ltr'>eosque</span> <span class='ocrx_word' id='word_1_421' title='bbox 3114 3253 3246 3302; x_wconf 91' lang='lat' dir='ltr'>ante</span> <span class='ocrx_word' id='word_1_422' title='bbox 3278 3248 3586 3305; x_wconf 86' lang='lat' dir='ltr'>introitum</span> <span class='ocrx_word' id='word_1_423' title='bbox 3619 3252 3846 3323; x_wconf 89' lang='lat' dir='ltr'>decore,</span> 
     </span>
    </p>
   </div>
   <div class='ocr_carea' id='block_1_64' title="bbox 442 3331 2095 3414">
    <p class='ocr_par' dir='ltr' id='par_1_64' title="bbox 442 3331 2092 3409">
     <span class='ocr_line' id='line_1_64' title="bbox 442 3331 2092 3409; baseline 0.001 -22"><span class='ocrx_word' id='word_1_424' title='bbox 442 3331 644 3409; x_wconf 79' lang='grc' dir='ltr'>ἐξάγειν</span> <span class='ocrx_word' id='word_1_425' title='bbox 676 3332 766 3388; x_wconf 82' lang='grc' dir='ltr'>διὰ</span> <span class='ocrx_word' id='word_1_426' title='bbox 793 3338 891 3388; x_wconf 75' lang='grc' dir='ltr'>τοῦ</span> <span class='ocrx_word' id='word_1_427' title='bbox 926 3333 1214 3408; x_wconf 75' lang='grc' dir='ltr'>βασιλικοῦ</span> <span class='ocrx_word' id='word_1_428' title='bbox 1253 3335 1608 3408; x_wconf 81' lang='grc' dir='ltr'>κάστρησίου,</span> <span class='ocrx_word' id='word_1_429' title='bbox 1656 3335 1836 3398; x_wconf 82' lang='grc' dir='ltr'>καθὼς</span> <span class='ocrx_word' id='word_1_430' title='bbox 1866 3335 1894 3388; x_wconf 91' lang='grc' dir='ltr'>ὁ</span> <span class='ocrx_word' id='word_1_431' title='bbox 1923 3335 2092 3396; x_wconf 81' lang='grc' dir='ltr'>τύπος</span> 
     </span>
    </p>
   </div>
   <div class='ocr_carea' id='block_1_65' title="bbox 2207 3331 3849 3414">
    <p class='ocr_par' dir='ltr' id='par_1_65' title="bbox 2207 3333 3849 3414">
     <span class='ocr_line' id='line_1_65' title="bbox 2207 3333 3849 3414; baseline 0.006 -28"><span class='ocrx_word' id='word_1_432' title='bbox 2207 3347 2686 3404; x_wconf 87' lang='lat' dir='ltr'>unumquemque</span> <span class='ocrx_word' id='word_1_433' title='bbox 2707 3333 3037 3390; x_wconf 91' lang='lat' dir='ltr'>secundum</span> <span class='ocrx_word' id='word_1_434' title='bbox 3087 3353 3203 3391; x_wconf 86' lang='lat' dir='ltr'>suae</span> <span class='ocrx_word' id='word_1_435' title='bbox 3244 3338 3400 3393; x_wconf 90' lang='lat' dir='ltr'>sedis</span> <span class='ocrx_word' id='word_1_436' title='bbox 3443 3339 3849 3414; x_wconf 85' lang='lat' dir='ltr'>eminentiam,</span> 
     </span>
    </p>
   </div>
   <div class='ocr_carea' id='block_1_66' title="bbox 437 3421 2092 3500">
    <p class='ocr_par' dir='ltr' id='par_1_66' title="bbox 437 3421 2092 3500">
     <span class='ocr_line' id='line_1_66' title="bbox 437 3421 2092 3500; baseline 0.001 -24"><span class='ocrx_word' id='word_1_437' title='bbox 437 3428 536 3489; x_wconf 88' lang='grc' dir='ltr'>τῆς</span> <span class='ocrx_word' id='word_1_438' title='bbox 568 3421 880 3500; x_wconf 77' lang='grc' dir='ltr'>εἰσαγωγῆς</span> <span class='ocrx_word' id='word_1_439' title='bbox 908 3422 1174 3498; x_wconf 74' lang='grc' dir='ltr'>περιέχει.</span> <span class='ocrx_word' id='word_1_440' title='bbox 1228 3424 1348 3479; x_wconf 79' lang='grc' dir='ltr'>Ἐπὶ</span> <span class='ocrx_word' id='word_1_441' title='bbox 1403 3421 1462 3478; x_wconf 72' lang='grc' dir='ltr'>δὲ</span> <span class='ocrx_word' id='word_1_442' title='bbox 1503 3428 1611 3477; x_wconf 87' lang='grc' dir='ltr'>τῶν</span> <span class='ocrx_word' id='word_1_443' title='bbox 1663 3422 1872 3478; x_wconf 90' lang='grc' dir='ltr'>λοιπῶν</span> <span class='ocrx_word' id='word_1_444' title='bbox 1919 3423 2092 3478; x_wconf 89' lang='grc' dir='ltr'>ἀκου-</span> 
     </span>
    </p>
   </div>
   <div class='ocr_carea' id='block_1_67' title="bbox 439 3507 2088 3588">
    <p class='ocr_par' dir='ltr' id='par_1_67' title="bbox 439 3507 2088 3588">
     <span class='ocr_line' id='line_1_67' title="bbox 439 3507 2088 3588; baseline 0.001 -22"><span class='ocrx_word' id='word_1_445' title='bbox 439 3507 608 3566; x_wconf 85' lang='grc' dir='ltr'>6ίτων</span> <span class='ocrx_word' id='word_1_446' title='bbox 649 3509 732 3566; x_wconf 87' lang='grc' dir='ltr'>δεῖ</span> <span class='ocrx_word' id='word_1_447' title='bbox 792 3513 929 3586; x_wconf 85' lang='grc' dir='ltr'>ὑμᾶς</span> <span class='ocrx_word' id='word_1_448' title='bbox 987 3512 1174 3567; x_wconf 85' lang='grc' dir='ltr'>καλεῖν</span> <span class='ocrx_word' id='word_1_449' title='bbox 1230 3507 1630 3588; x_wconf 78' lang='grc' dir='ltr'>πρεσϐυτέρους</span> <span class='ocrx_word' id='word_1_450' title='bbox 1681 3517 1778 3567; x_wconf 79' lang='grc' dir='ltr'>τοῦ</span> <span class='ocrx_word' id='word_1_451' title='bbox 1840 3511 2088 3586; x_wconf 86' lang='grc' dir='ltr'>μεγάλου</span> 
     </span>
    </p>
   </div>
   <div class='ocr_carea' id='block_1_68' title="bbox 436 3599 2088 3677">
    <p class='ocr_par' dir='ltr' id='par_1_68' title="bbox 436 3599 2088 3677">
     <span class='ocr_line' id='line_1_68' title="bbox 436 3599 2088 3677; baseline 0.001 -22"><span class='ocrx_word' id='word_1_452' title='bbox 436 3599 709 3656; x_wconf 88' lang='grc' dir='ltr'>παλατίου</span> <span class='ocrx_word' id='word_1_453' title='bbox 744 3602 836 3676; x_wconf 77' lang='grc' dir='ltr'>ιβ“,</span> <span class='ocrx_word' id='word_1_454' title='bbox 866 3608 966 3670; x_wconf 85' lang='grc' dir='ltr'>τῆς</span> <span class='ocrx_word' id='word_1_455' title='bbox 1001 3599 1261 3677; x_wconf 86' lang='grc' dir='ltr'>Μεγάλης</span> <span class='ocrx_word' id='word_1_456' title='bbox 1291 3601 1624 3672; x_wconf 86' lang='grc' dir='ltr'>Ἐκκλησίας</span> <span class='ocrx_word' id='word_1_457' title='bbox 1652 3599 1751 3670; x_wconf 72' lang='grc' dir='ltr'>κδ’,</span> <span class='ocrx_word' id='word_1_458' title='bbox 1807 3600 2088 3664; x_wconf 78' lang='grc' dir='ltr'>διακόνους</span> 
     </span>
    </p>
   </div>
   <div class='ocr_carea' id='block_1_69' title="bbox 436 3689 2088 3766">
    <p class='ocr_par' dir='ltr' id='par_1_69' title="bbox 436 3689 2088 3766">
     <span class='ocr_line' id='line_1_69' title="bbox 436 3689 2088 3766; baseline 0.002 -22"><span class='ocrx_word' id='word_1_459' title='bbox 436 3690 650 3763; x_wconf 85' lang='grc' dir='ltr'>ὁμοίως</span> <span class='ocrx_word' id='word_1_460' title='bbox 683 3694 779 3745; x_wconf 78' lang='grc' dir='ltr'>τοῦ</span> <span class='ocrx_word' id='word_1_461' title='bbox 810 3690 1107 3760; x_wconf 88' lang='grc' dir='ltr'>παλατίου,</span> <span class='ocrx_word' id='word_1_462' title='bbox 1146 3699 1246 3760; x_wconf 80' lang='grc' dir='ltr'>τῆς</span> <span class='ocrx_word' id='word_1_463' title='bbox 1295 3689 1556 3766; x_wconf 86' lang='grc' dir='ltr'>Μεγάλης</span> <span class='ocrx_word' id='word_1_464' title='bbox 1605 3689 1956 3762; x_wconf 76' lang='grc' dir='ltr'>Ἐκκλησίας,</span> <span class='ocrx_word' id='word_1_465' title='bbox 1988 3699 2088 3763; x_wconf 84' lang='grc' dir='ltr'>τῆς</span> 
     </span>
    </p>
   </div>
   <div class='ocr_carea' id='block_1_70' title="bbox 429 3777 2091 3856">
    <p class='ocr_par' dir='ltr' id='par_1_70' title="bbox 429 3777 2091 3856">
     <span class='ocr_line' id='line_1_70' title="bbox 429 3777 2091 3856; baseline 0.002 -23"><span class='ocrx_word' id='word_1_466' title='bbox 429 3781 570 3848; x_wconf 77' lang='grc' dir='ltr'>νὲας,</span> <span class='ocrx_word' id='word_1_467' title='bbox 637 3777 744 3849; x_wconf 67' lang='grc' dir='ltr'>λς’,</span> <span class='ocrx_word' id='word_1_468' title='bbox 807 3778 1201 3842; x_wconf 79' lang='grc' dir='ltr'>ὑποδιακόνους</span> <span class='ocrx_word' id='word_1_469' title='bbox 1270 3780 1479 3854; x_wconf 86' lang='grc' dir='ltr'>ὁμοίως</span> <span class='ocrx_word' id='word_1_470' title='bbox 1549 3780 1654 3850; x_wconf 73' lang='grc' dir='ltr'>λς’,</span> <span class='ocrx_word' id='word_1_471' title='bbox 1743 3782 2091 3856; x_wconf 85' lang='grc' dir='ltr'>ἀναγνώστας</span> 
     </span>
    </p>
   </div>
   <div class='ocr_carea' id='block_1_71' title="bbox 435 3867 2087 3943">
    <p class='ocr_par' dir='ltr' id='par_1_71' title="bbox 435 3867 2087 3943">
     <span class='ocr_line' id='line_1_71' title="bbox 435 3867 2087 3943; baseline 0.003 -21"><span class='ocrx_word' id='word_1_472' title='bbox 435 3868 646 3940; x_wconf 83' lang='grc' dir='ltr'>ὁμοίως</span> <span class='ocrx_word' id='word_1_473' title='bbox 679 3867 778 3939; x_wconf 71' lang='grc' dir='ltr'>κδ’,</span> <span class='ocrx_word' id='word_1_474' title='bbox 814 3869 1024 3943; x_wconf 77' lang='grc' dir='ltr'>ψάλτας</span> <span class='ocrx_word' id='word_1_475' title='bbox 1055 3870 1266 3942; x_wconf 85' lang='grc' dir='ltr'>ὁμοίως</span> <span class='ocrx_word' id='word_1_476' title='bbox 1298 3868 1379 3924; x_wconf 75' lang='grc' dir='ltr'>κδ“</span> <span class='ocrx_word' id='word_1_477' title='bbox 1408 3870 1498 3925; x_wconf 86' lang='grc' dir='ltr'>καὶ</span> <span class='ocrx_word' id='word_1_478' title='bbox 1545 3868 1799 3933; x_wconf 89' lang='grc' dir='ltr'>παπάδας</span> <span class='ocrx_word' id='word_1_479' title='bbox 1851 3875 1950 3927; x_wconf 79' lang='grc' dir='ltr'>τοῦ</span> <span class='ocrx_word' id='word_1_480' title='bbox 2002 3893 2087 3927; x_wconf 90' lang='grc' dir='ltr'>σε-</span> 
     </span>
    </p>
   </div>
   <div class='ocr_carea' id='block_1_72' title="bbox 430 3957 2087 4038">
    <p class='ocr_par' dir='ltr' id='par_1_72' title="bbox 430 3957 2087 4038">
     <span class='ocr_line' id='line_1_72' title="bbox 430 3957 2087 4038; baseline 0.002 -26"><span class='ocrx_word' id='word_1_481' title='bbox 430 3957 622 4032; x_wconf 80' lang='grc' dir='ltr'>κρέτου</span> <span class='ocrx_word' id='word_1_482' title='bbox 679 3963 776 4014; x_wconf 79' lang='grc' dir='ltr'>τοῦ</span> <span class='ocrx_word' id='word_1_483' title='bbox 825 3960 1172 4035; x_wconf 86' lang='grc' dir='ltr'>πατριάρχου</span> <span class='ocrx_word' id='word_1_484' title='bbox 1223 3958 1327 4024; x_wconf 83' lang='grc' dir='ltr'>λς”</span> <span class='ocrx_word' id='word_1_485' title='bbox 1381 3961 1522 4034; x_wconf 74' lang='grc' dir='ltr'>ὁμοῦ</span> <span class='ocrx_word' id='word_1_486' title='bbox 1573 3962 1694 4025; x_wconf 68' lang='lat' dir='ltr'>atq&quot;</span> <span class='ocrx_word' id='word_1_487' title='bbox 1748 3961 1982 4038; x_wconf 73' lang='grc' dir='ltr'>εἰσάγειν</span> <span class='ocrx_word' id='word_1_488' title='bbox 2030 3959 2087 4017; x_wconf 75' lang='grc' dir='ltr'>δὲ</span> 
     </span>
    </p>
   </div>
   <div class='ocr_carea' id='block_1_73' title="bbox 432 4046 2088 4125">
    <p class='ocr_par' dir='ltr' id='par_1_73' title="bbox 432 4046 2088 4125">
     <span class='ocr_line' id='line_1_73' title="bbox 432 4046 2088 4125; baseline 0.003 -25"><span class='ocrx_word' id='word_1_489' title='bbox 432 4046 628 4111; x_wconf 78' lang='grc' dir='ltr'>αὐτοὺς</span> <span class='ocrx_word' id='word_1_490' title='bbox 697 4047 786 4102; x_wconf 85' lang='grc' dir='ltr'>καὶ</span> <span class='ocrx_word' id='word_1_491' title='bbox 849 4048 1050 4124; x_wconf 80' lang='grc' dir='ltr'>ἐξάγειν</span> <span class='ocrx_word' id='word_1_492' title='bbox 1119 4049 1315 4111; x_wconf 75' lang='grc' dir='ltr'>οὕτως·</span> <span class='ocrx_word' id='word_1_493' title='bbox 1386 4048 1514 4112; x_wconf 78' lang='grc' dir='ltr'>τοὺς</span> <span class='ocrx_word' id='word_1_494' title='bbox 1576 4047 1670 4122; x_wconf 79' lang='grc' dir='ltr'>μὲν</span> <span class='ocrx_word' id='word_1_495' title='bbox 1754 4051 2088 4125; x_wconf 66' lang='grc' dir='ltr'>ἱερωμένους</span> 
     </span>
    </p>
   </div>
   <div class='ocr_carea' id='block_1_74' title="bbox 436 4135 2082 4216">
    <p class='ocr_par' dir='ltr' id='par_1_74' title="bbox 436 4135 2082 4216">
     <span class='ocr_line' id='line_1_74' title="bbox 436 4135 2082 4216; baseline 0.001 -26"><span class='ocrx_word' id='word_1_496' title='bbox 436 4135 670 4196; x_wconf 80' lang='grc' dir='ltr'>ἅπαντας</span> <span class='ocrx_word' id='word_1_497' title='bbox 715 4139 852 4209; x_wconf 85' lang='grc' dir='ltr'>μετά</span> <span class='ocrx_word' id='word_1_498' title='bbox 913 4142 1022 4193; x_wconf 87' lang='grc' dir='ltr'>τῶν</span> <span class='ocrx_word' id='word_1_499' title='bbox 1073 4137 1286 4193; x_wconf 79' lang='grc' dir='ltr'>οἰκείων</span> <span class='ocrx_word' id='word_1_500' title='bbox 1338 4139 1544 4194; x_wconf 91' lang='grc' dir='ltr'>λευκῶν</span> <span class='ocrx_word' id='word_1_501' title='bbox 1594 4139 1901 4216; x_wconf 82' lang='grc' dir='ltr'>ιρελωνίων,</span> <span class='ocrx_word' id='word_1_502' title='bbox 1955 4138 2082 4202; x_wconf 81' lang='grc' dir='ltr'>τοὺς</span> 
     </span>
    </p>
   </div>
   <div class='ocr_carea' id='block_1_75' title="bbox 435 4222 2086 4302">
    <p class='ocr_par' dir='ltr' id='par_1_75' title="bbox 435 4222 2086 4302">
     <span class='ocr_line' id='line_1_75' title="bbox 435 4222 2086 4302; baseline 0.002 -23"><span class='ocrx_word' id='word_1_503' title='bbox 435 4222 492 4280; x_wconf 78' lang='grc' dir='ltr'>δὲ</span> <span class='ocrx_word' id='word_1_504' title='bbox 522 4228 863 4299; x_wconf 79' lang='grc' dir='ltr'>σεκρετικοὺς</span> <span class='ocrx_word' id='word_1_505' title='bbox 898 4229 1032 4301; x_wconf 81' lang='grc'>(72),</span> <span class='ocrx_word' id='word_1_506' title='bbox 1067 4227 1274 4302; x_wconf 79' lang='grc' dir='ltr'>ψάλτας</span> <span class='ocrx_word' id='word_1_507' title='bbox 1331 4249 1389 4282; x_wconf 90' lang='grc' dir='ltr'>τε</span> <span class='ocrx_word' id='word_1_508' title='bbox 1426 4229 1515 4282; x_wconf 86' lang='grc' dir='ltr'>καὶ</span> <span class='ocrx_word' id='word_1_509' title='bbox 1563 4228 1902 4302; x_wconf 83' lang='grc' dir='ltr'>ἀναγνώστας</span> <span class='ocrx_word' id='word_1_510' title='bbox 1952 4229 2086 4300; x_wconf 87' lang='grc' dir='ltr'>μετά</span> 
     </span>
    </p>
   </div>
   <div class='ocr_carea' id='block_1_76' title="bbox 431 4314 2082 4389">
    <p class='ocr_par' dir='ltr' id='par_1_76' title="bbox 431 4314 2082 4389">
     <span class='ocr_line' id='line_1_76' title="bbox 431 4314 2082 4389; baseline 0 -19"><span class='ocrx_word' id='word_1_511' title='bbox 431 4315 607 4370; x_wconf 76' lang='grc' dir='ltr'>οἰκεῖα</span> <span class='ocrx_word' id='word_1_512' title='bbox 645 4314 876 4389; x_wconf 79' lang='grc' dir='ltr'>κάμίσια</span> <span class='ocrx_word' id='word_1_513' title='bbox 919 4317 1107 4388; x_wconf 86' lang='grc' dir='ltr'>μόνον,</span> <span class='ocrx_word' id='word_1_514' title='bbox 1166 4314 1428 4386; x_wconf 85' lang='grc' dir='ltr'>δηλονότι</span> <span class='ocrx_word' id='word_1_515' title='bbox 1470 4318 1606 4370; x_wconf 75' lang='grc' dir='ltr'>κατὰ</span> <span class='ocrx_word' id='word_1_516' title='bbox 1651 4318 1749 4384; x_wconf 76' lang='grc' dir='ltr'>τὴν</span> <span class='ocrx_word' id='word_1_517' title='bbox 1800 4317 1946 4385; x_wconf 80' lang='grc' dir='ltr'>τάξιν</span> <span class='ocrx_word' id='word_1_518' title='bbox 1992 4317 2082 4370; x_wconf 81' lang='grc' dir='ltr'>καὶ</span> 
     </span>
    </p>
   </div>
   <div class='ocr_carea' id='block_1_77' title="bbox 428 4401 2082 4480">
    <p class='ocr_par' dir='ltr' id='par_1_77' title="bbox 428 4401 2082 4480">
     <span class='ocr_line' id='line_1_77' title="bbox 428 4401 2082 4480; baseline 0.001 -22"><span class='ocrx_word' id='word_1_519' title='bbox 428 4401 634 4459; x_wconf 78' lang='grc' dir='ltr'>ἔκθεσιν</span> <span class='ocrx_word' id='word_1_520' title='bbox 662 4407 762 4475; x_wconf 78' lang='grc' dir='ltr'>τὴν</span> <span class='ocrx_word' id='word_1_521' title='bbox 814 4403 1070 4477; x_wconf 72' lang='grc' dir='ltr'>ἀνωτέρω</span> <span class='ocrx_word' id='word_1_522' title='bbox 1125 4408 1611 4477; x_wconf 83' lang='grc' dir='ltr'>μνημονευθεῖσαν.</span> <span class='ocrx_word' id='word_1_523' title='bbox 1663 4410 1757 4460; x_wconf 87' lang='grc' dir='ltr'>Δεῖ</span> <span class='ocrx_word' id='word_1_524' title='bbox 1813 4402 1869 4460; x_wconf 79' lang='grc' dir='ltr'>δὲ</span> <span class='ocrx_word' id='word_1_525' title='bbox 1918 4426 2082 4480; x_wconf 86' lang='grc' dir='ltr'>προσ-</span> 
     </span>
    </p>
   </div>
   <div class='ocr_carea' id='block_1_78' title="bbox 427 4491 2082 4570">
    <p class='ocr_par' dir='ltr' id='par_1_78' title="bbox 427 4491 2082 4570">
     <span class='ocr_line' id='line_1_78' title="bbox 427 4491 2082 4570; baseline 0.002 -22"><span class='ocrx_word' id='word_1_526' title='bbox 427 4494 573 4568; x_wconf 81' lang='grc' dir='ltr'>ἐχειν</span> <span class='ocrx_word' id='word_1_527' title='bbox 608 4495 659 4550; x_wconf 84' lang='grc' dir='ltr'>ἐν</span> <span class='ocrx_word' id='word_1_528' title='bbox 711 4498 779 4568; x_wconf 77' lang='grc' dir='ltr'>τῇ</span> <span class='ocrx_word' id='word_1_529' title='bbox 840 4494 976 4568; x_wconf 81' lang='grc' dir='ltr'>αὐτῇ</span> <span class='ocrx_word' id='word_1_530' title='bbox 1037 4491 1355 4564; x_wconf 78' lang='grc' dir='ltr'>ἀνακλήσει,</span> <span class='ocrx_word' id='word_1_531' title='bbox 1423 4497 1513 4548; x_wconf 72' lang='grc' dir='ltr'>καί</span> <span class='ocrx_word' id='word_1_532' title='bbox 1577 4495 1667 4548; x_wconf 84' lang='grc' dir='ltr'>τὸν</span> <span class='ocrx_word' id='word_1_533' title='bbox 1737 4496 1925 4570; x_wconf 81' lang='grc' dir='ltr'>καιρὸν</span> <span class='ocrx_word' id='word_1_534' title='bbox 1985 4500 2082 4551; x_wconf 72' lang='grc' dir='ltr'>τοῦ</span> 
     </span>
    </p>
   </div>
   <div class='ocr_carea' id='block_1_79' title="bbox 432 4580 2082 4660">
    <p class='ocr_par' dir='ltr' id='par_1_79' title="bbox 432 4580 2082 4660">
     <span class='ocr_line' id='line_1_79' title="bbox 432 4580 2082 4660; baseline 0.003 -24"><span class='ocrx_word' id='word_1_535' title='bbox 432 4583 624 4655; x_wconf 87' lang='grc' dir='ltr'>μίνσου</span> <span class='ocrx_word' id='word_1_536' title='bbox 663 4588 770 4638; x_wconf 91' lang='grc' dir='ltr'>τῶν</span> <span class='ocrx_word' id='word_1_537' title='bbox 813 4581 1120 4660; x_wconf 75' lang='grc' dir='ltr'>λεγομὲνων</span> <span class='ocrx_word' id='word_1_538' title='bbox 1175 4580 1447 4638; x_wconf 88' lang='grc' dir='ltr'>δουλκίων</span> <span class='ocrx_word' id='word_1_539' title='bbox 1478 4586 1520 4641; x_wconf 79' lang='grc'>³.</span> <span class='ocrx_word' id='word_1_540' title='bbox 1563 4584 1653 4638; x_wconf 82' lang='grc' dir='ltr'>καὶ</span> <span class='ocrx_word' id='word_1_541' title='bbox 1703 4583 1794 4639; x_wconf 76' lang='grc' dir='ltr'>σὺν</span> <span class='ocrx_word' id='word_1_542' title='bbox 1843 4591 1914 4659; x_wconf 81' lang='grc' dir='ltr'>τῇ</span> <span class='ocrx_word' id='word_1_543' title='bbox 1958 4587 2082 4641; x_wconf 83' lang='grc' dir='ltr'>τού-</span> 
     </span>
    </p>
   </div>
   <div class='ocr_carea' id='block_1_80' title="bbox 2199 3421 3850 3503">
    <p class='ocr_par' dir='ltr' id='par_1_80' title="bbox 2199 3421 3850 3503">
     <span class='ocr_line' id='line_1_80' title="bbox 2199 3421 3850 3503; baseline 0.007 -26"><span class='ocrx_word' id='word_1_544' title='bbox 2199 3421 2460 3478; x_wconf 87' lang='lat' dir='ltr'>seriatim</span> <span class='ocrx_word' id='word_1_545' title='bbox 2491 3422 2827 3493; x_wconf 89' lang='lat' dir='ltr'>disponere,</span> <span class='ocrx_word' id='word_1_546' title='bbox 2859 3425 3097 3482; x_wconf 90' lang='lat' dir='ltr'>indutos</span> <span class='ocrx_word' id='word_1_547' title='bbox 3141 3427 3321 3483; x_wconf 91' lang='lat' dir='ltr'>stolas</span> <span class='ocrx_word' id='word_1_548' title='bbox 3351 3445 3510 3497; x_wconf 87' lang='lat' dir='ltr'>suas,</span> <span class='ocrx_word' id='word_1_549' title='bbox 3544 3430 3601 3486; x_wconf 91' lang='lat' dir='ltr'>in</span> <span class='ocrx_word' id='word_1_550' title='bbox 3633 3432 3850 3503; x_wconf 91' lang='lat' dir='ltr'>quibus</span> 
     </span>
    </p>
   </div>
   <div class='ocr_carea' id='block_1_81' title="bbox 2199 3511 3852 3593">
    <p class='ocr_par' dir='ltr' id='par_1_81' title="bbox 2199 3511 3852 3593">
     <span class='ocr_line' id='line_1_81' title="bbox 2199 3511 3852 3593; baseline 0.007 -27"><span class='ocrx_word' id='word_1_551' title='bbox 2199 3517 2465 3567; x_wconf 90' lang='lat' dir='ltr'>sanctum</span> <span class='ocrx_word' id='word_1_552' title='bbox 2496 3511 2754 3567; x_wconf 82' lang='lat' dir='ltr'>ofﬁcium</span> <span class='ocrx_word' id='word_1_553' title='bbox 2787 3529 3065 3586; x_wconf 86' lang='lat' dir='ltr'>peragere</span> <span class='ocrx_word' id='word_1_554' title='bbox 3108 3515 3318 3583; x_wconf 87' lang='lat' dir='ltr'>solent,</span> <span class='ocrx_word' id='word_1_555' title='bbox 3365 3534 3592 3587; x_wconf 89' lang='lat' dir='ltr'>omnes,</span> <span class='ocrx_word' id='word_1_556' title='bbox 3644 3525 3852 3593; x_wconf 64' lang='lat' dir='ltr'>praeter</span> 
     </span>
    </p>
   </div>
   <div class='ocr_carea' id='block_1_82' title="bbox 2197 3600 3848 3681">
    <p class='ocr_par' dir='ltr' id='par_1_82' title="bbox 2197 3600 3848 3681">
     <span class='ocr_line' id='line_1_82' title="bbox 2197 3600 3848 3681; baseline 0.006 -25"><span class='ocrx_word' id='word_1_557' title='bbox 2197 3600 2322 3656; x_wconf 86' lang='lat' dir='ltr'>sola</span> <span class='ocrx_word' id='word_1_558' title='bbox 2352 3601 2714 3672; x_wconf 88' lang='lat' dir='ltr'>omophoria,</span> <span class='ocrx_word' id='word_1_559' title='bbox 2743 3617 2876 3672; x_wconf 68' lang='lat' dir='ltr'>quae</span> <span class='ocrx_word' id='word_1_560' title='bbox 2900 3604 3202 3660; x_wconf 88' lang='lat' dir='ltr'>omittunt.</span> <span class='ocrx_word' id='word_1_561' title='bbox 3229 3605 3558 3664; x_wconf 87' lang='lat' dir='ltr'>Castrensis</span> <span class='ocrx_word' id='word_1_562' title='bbox 3578 3608 3848 3681; x_wconf 86' lang='lat' dir='ltr'>imperia-</span> 
     </span>
    </p>
   </div>
   <div class='ocr_carea' id='block_1_83' title="bbox 2195 3689 3844 3769">
    <p class='ocr_par' dir='ltr' id='par_1_83' title="bbox 2195 3689 3844 3769">
     <span class='ocr_line' id='line_1_83' title="bbox 2195 3689 3844 3769; baseline 0.006 -24"><span class='ocrx_word' id='word_1_563' title='bbox 2195 3689 2271 3745; x_wconf 90' lang='lat' dir='ltr'>lis</span> <span class='ocrx_word' id='word_1_564' title='bbox 2301 3705 2399 3745; x_wconf 93' lang='lat' dir='ltr'>eos</span> <span class='ocrx_word' id='word_1_565' title='bbox 2430 3689 2608 3746; x_wconf 87' lang='lat' dir='ltr'>simul</span> <span class='ocrx_word' id='word_1_566' title='bbox 2661 3707 2866 3748; x_wconf 88' lang='lat' dir='ltr'>omnes</span> <span class='ocrx_word' id='word_1_567' title='bbox 2923 3693 3265 3763; x_wconf 89' lang='lat' dir='ltr'>introducit,</span> <span class='ocrx_word' id='word_1_568' title='bbox 3312 3700 3370 3751; x_wconf 89' lang='lat' dir='ltr'>et</span> <span class='ocrx_word' id='word_1_569' title='bbox 3411 3697 3565 3752; x_wconf 80' lang='lat' dir='ltr'>idem</span> <span class='ocrx_word' id='word_1_570' title='bbox 3611 3715 3844 3769; x_wconf 90' lang='lat' dir='ltr'>quoque</span> 
     </span>
    </p>
   </div>
   <div class='ocr_carea' id='block_1_84' title="bbox 2198 3779 3846 3851">
    <p class='ocr_par' dir='ltr' id='par_1_84' title="bbox 2198 3779 3846 3851">
     <span class='ocr_line' id='line_1_84' title="bbox 2198 3779 3846 3851; baseline 0.005 -17"><span class='ocrx_word' id='word_1_571' title='bbox 2198 3795 2404 3835; x_wconf 86' lang='lat' dir='ltr'>rursus</span> <span class='ocrx_word' id='word_1_572' title='bbox 2429 3779 2647 3845; x_wconf 90' lang='lat' dir='ltr'>educit,</span> <span class='ocrx_word' id='word_1_573' title='bbox 2672 3786 2844 3851; x_wconf 88' lang='lat' dir='ltr'>prout</span> <span class='ocrx_word' id='word_1_574' title='bbox 2868 3781 3184 3838; x_wconf 77' lang='lat' dir='ltr'>formulare</span> <span class='ocrx_word' id='word_1_575' title='bbox 3204 3784 3657 3840; x_wconf 85' lang='lat' dir='ltr'>introductionis</span> <span class='ocrx_word' id='word_1_576' title='bbox 3691 3787 3750 3842; x_wconf 90' lang='lat' dir='ltr'>in</span> <span class='ocrx_word' id='word_1_577' title='bbox 3783 3803 3846 3843; x_wconf 87' lang='lat' dir='ltr'>se</span> 
     </span>
    </p>
   </div>
   <div class='ocr_carea' id='block_1_85' title="bbox 2196 3868 3839 3942">
    <p class='ocr_par' dir='ltr' id='par_1_85' title="bbox 2196 3868 3839 3942">
     <span class='ocr_line' id='line_1_85' title="bbox 2196 3868 3839 3942; baseline 0.004 -17"><span class='ocrx_word' id='word_1_578' title='bbox 2196 3869 2374 3925; x_wconf 89' lang='lat' dir='ltr'>habet</span> <span class='ocrx_word' id='word_1_579' title='bbox 2403 3876 2578 3940; x_wconf 90' lang='lat' dir='ltr'>atque</span> <span class='ocrx_word' id='word_1_580' title='bbox 2613 3868 2854 3941; x_wconf 86' lang='lat' dir='ltr'>ﬂagitat.</span> <span class='ocrx_word' id='word_1_581' title='bbox 2887 3871 2969 3925; x_wconf 88' lang='lat' dir='ltr'>Ad</span> <span class='ocrx_word' id='word_1_582' title='bbox 3005 3870 3258 3942; x_wconf 92' lang='lat' dir='ltr'>reliquos</span> <span class='ocrx_word' id='word_1_583' title='bbox 3298 3881 3491 3928; x_wconf 89' lang='lat' dir='ltr'>autem</span> <span class='ocrx_word' id='word_1_584' title='bbox 3539 3875 3839 3932; x_wconf 86' lang='lat' dir='ltr'>accubitus</span> 
     </span>
    </p>
   </div>
   <div class='ocr_carea' id='block_1_86' title="bbox 2197 3958 3840 4036">
    <p class='ocr_par' dir='ltr' id='par_1_86' title="bbox 2197 3958 3840 4036">
     <span class='ocr_line' id='line_1_86' title="bbox 2197 3958 3840 4036; baseline 0.003 -20"><span class='ocrx_word' id='word_1_585' title='bbox 2197 3963 2420 4031; x_wconf 89' lang='lat' dir='ltr'>oportet</span> <span class='ocrx_word' id='word_1_586' title='bbox 2451 3975 2552 4013; x_wconf 91' lang='lat' dir='ltr'>nos</span> <span class='ocrx_word' id='word_1_587' title='bbox 2582 3958 2828 4013; x_wconf 89' lang='lat' dir='ltr'>invitare</span> <span class='ocrx_word' id='word_1_588' title='bbox 2850 3960 3044 4031; x_wconf 90' lang='lat' dir='ltr'>magni</span> <span class='ocrx_word' id='word_1_589' title='bbox 3071 3961 3267 4031; x_wconf 87' lang='lat' dir='ltr'>palatii</span> <span class='ocrx_word' id='word_1_590' title='bbox 3303 3963 3670 4036; x_wconf 85' lang='lat' dir='ltr'>presbyteros</span> <span class='ocrx_word' id='word_1_591' title='bbox 3701 3965 3840 4020; x_wconf 84' lang='lat' dir='ltr'>duo-</span> 
     </span>
    </p>
   </div>
   <div class='ocr_carea' id='block_1_87' title="bbox 2194 4047 3838 4124">
    <p class='ocr_par' dir='ltr' id='par_1_87' title="bbox 2194 4047 3838 4124">
     <span class='ocr_line' id='line_1_87' title="bbox 2194 4047 3838 4124; baseline 0.003 -19"><span class='ocrx_word' id='word_1_592' title='bbox 2194 4047 2899 4117; x_wconf 67' lang='lat' dir='ltr'>decim,Magna3Ecclesize</span> <span class='ocrx_word' id='word_1_593' title='bbox 2932 4049 3303 4121; x_wconf 79' lang='lat' dir='ltr'>presbyteros</span> <span class='ocrx_word' id='word_1_594' title='bbox 3332 4052 3538 4124; x_wconf 83' lang='lat' dir='ltr'>viginti</span> <span class='ocrx_word' id='word_1_595' title='bbox 3567 4059 3838 4124; x_wconf 84' lang='lat' dir='ltr'>quatuor,</span> 
     </span>
    </p>
   </div>
   <div class='ocr_carea' id='block_1_88' title="bbox 2194 4135 3841 4215">
    <p class='ocr_par' dir='ltr' id='par_1_88' title="bbox 2194 4135 3841 4215">
     <span class='ocr_line' id='line_1_88' title="bbox 2194 4135 3841 4215; baseline 0.004 -24"><span class='ocrx_word' id='word_1_596' title='bbox 2194 4137 2470 4192; x_wconf 87' lang='lat' dir='ltr'>diaconos</span> <span class='ocrx_word' id='word_1_597' title='bbox 2503 4135 2708 4206; x_wconf 88' lang='lat' dir='ltr'>palatii</span> <span class='ocrx_word' id='word_1_598' title='bbox 2736 4142 2789 4190; x_wconf 90' lang='lat' dir='ltr'>et</span> <span class='ocrx_word' id='word_1_599' title='bbox 2819 4139 3040 4207; x_wconf 76' lang='lat' dir='ltr'>Magnae</span> <span class='ocrx_word' id='word_1_600' title='bbox 3071 4137 3337 4195; x_wconf 73' lang='lat' dir='ltr'>Ecclesiae</span> <span class='ocrx_word' id='word_1_601' title='bbox 3369 4157 3467 4196; x_wconf 88' lang='lat' dir='ltr'>seu</span> <span class='ocrx_word' id='word_1_602' title='bbox 3509 4143 3566 4197; x_wconf 93' lang='lat' dir='ltr'>S.</span> <span class='ocrx_word' id='word_1_603' title='bbox 3617 4143 3841 4215; x_wconf 71' lang='lat' dir='ltr'>Sophim</span> 
     </span>
    </p>
   </div>
   <div class='ocr_carea' id='block_1_89' title="bbox 2193 4223 3836 4302">
    <p class='ocr_par' dir='ltr' id='par_1_89' title="bbox 2193 4223 3836 4302">
     <span class='ocr_line' id='line_1_89' title="bbox 2193 4223 3836 4302; baseline 0.004 -22"><span class='ocrx_word' id='word_1_604' title='bbox 2193 4230 2249 4280; x_wconf 92' lang='lat' dir='ltr'>et</span> <span class='ocrx_word' id='word_1_605' title='bbox 2279 4241 2435 4279; x_wconf 77' lang='lat' dir='ltr'>novae</span> <span class='ocrx_word' id='word_1_606' title='bbox 2469 4225 2526 4278; x_wconf 89' lang='lat' dir='ltr'>in</span> <span class='ocrx_word' id='word_1_607' title='bbox 2563 4223 2898 4280; x_wconf 90' lang='lat' dir='ltr'>universum</span> <span class='ocrx_word' id='word_1_608' title='bbox 2926 4225 3018 4294; x_wconf 88' lang='lat'>36,</span> <span class='ocrx_word' id='word_1_609' title='bbox 3062 4228 3350 4300; x_wconf 83' lang='lat' dir='ltr'>cujusque</span> <span class='ocrx_word' id='word_1_610' title='bbox 3402 4231 3506 4285; x_wconf 81' lang='lat'>12:</span> <span class='ocrx_word' id='word_1_611' title='bbox 3554 4230 3836 4302; x_wconf 85' lang='lat' dir='ltr'>hypodia-</span> 
     </span>
    </p>
   </div>
   <div class='ocr_carea' id='block_1_90' title="bbox 2192 4313 3837 4389">
    <p class='ocr_par' dir='ltr' id='par_1_90' title="bbox 2192 4313 3837 4389">
     <span class='ocr_line' id='line_1_90' title="bbox 2192 4313 3837 4389; baseline 0.005 -20"><span class='ocrx_word' id='word_1_612' title='bbox 2192 4329 2370 4370; x_wconf 89' lang='lat' dir='ltr'>conos</span> <span class='ocrx_word' id='word_1_613' title='bbox 2400 4315 2739 4368; x_wconf 88' lang='lat' dir='ltr'>earumdem</span> <span class='ocrx_word' id='word_1_614' title='bbox 2769 4313 3151 4371; x_wconf 90' lang='lat' dir='ltr'>ecclesiarum</span> <span class='ocrx_word' id='word_1_615' title='bbox 3205 4317 3380 4375; x_wconf 89' lang='lat' dir='ltr'>etiam</span> <span class='ocrx_word' id='word_1_616' title='bbox 3429 4320 3535 4389; x_wconf 87' lang='lat'>36;</span> <span class='ocrx_word' id='word_1_617' title='bbox 3588 4319 3837 4378; x_wconf 89' lang='lat' dir='ltr'>lectores</span> 
     </span>
    </p>
   </div>
   <div class='ocr_carea' id='block_1_91' title="bbox 2190 4402 3837 4479">
    <p class='ocr_par' dir='ltr' id='par_1_91' title="bbox 2190 4402 3837 4479">
     <span class='ocr_line' id='line_1_91' title="bbox 2190 4402 3837 4479; baseline 0.005 -21"><span class='ocrx_word' id='word_1_618' title='bbox 2190 4403 2528 4458; x_wconf 90' lang='lat' dir='ltr'>earumdem</span> <span class='ocrx_word' id='word_1_619' title='bbox 2549 4402 2619 4456; x_wconf 84' lang='grc'>24</span> <span class='ocrx_word' id='word_1_620' title='bbox 2645 4419 2658 4470; x_wconf 90' lang='grc'>;</span> <span class='ocrx_word' id='word_1_621' title='bbox 2681 4407 2951 4458; x_wconf 90' lang='lat' dir='ltr'>cantores</span> <span class='ocrx_word' id='word_1_622' title='bbox 2975 4407 3308 4462; x_wconf 88' lang='lat' dir='ltr'>earumdem</span> <span class='ocrx_word' id='word_1_623' title='bbox 3330 4408 3398 4461; x_wconf 84' lang='grc'>24</span> <span class='ocrx_word' id='word_1_624' title='bbox 3423 4427 3437 4476; x_wconf 89' lang='grc'>;</span> <span class='ocrx_word' id='word_1_625' title='bbox 3463 4409 3720 4479; x_wconf 87' lang='lat' dir='ltr'>papades</span> <span class='ocrx_word' id='word_1_626' title='bbox 3737 4426 3837 4466; x_wconf 91' lang='lat' dir='ltr'>seu</span> 
     </span>
    </p>
   </div>
   <div class='ocr_carea' id='block_1_92' title="bbox 2192 4491 3834 4565">
    <p class='ocr_par' dir='ltr' id='par_1_92' title="bbox 2192 4491 3834 4565">
     <span class='ocr_line' id='line_1_92' title="bbox 2192 4491 3834 4565; baseline 0.004 -16"><span class='ocrx_word' id='word_1_627' title='bbox 2192 4493 2428 4549; x_wconf 90' lang='lat' dir='ltr'>clericos</span> <span class='ocrx_word' id='word_1_628' title='bbox 2459 4491 2664 4548; x_wconf 88' lang='lat' dir='ltr'>secreti</span> <span class='ocrx_word' id='word_1_629' title='bbox 2697 4493 3042 4563; x_wconf 74' lang='lat' dir='ltr'>patriarchae</span> <span class='ocrx_word' id='word_1_630' title='bbox 3074 4497 3181 4565; x_wconf 88' lang='lat'>36;</span> <span class='ocrx_word' id='word_1_631' title='bbox 3232 4497 3291 4552; x_wconf 90' lang='lat' dir='ltr'>in</span> <span class='ocrx_word' id='word_1_632' title='bbox 3339 4498 3674 4555; x_wconf 89' lang='lat' dir='ltr'>universum</span> <span class='ocrx_word' id='word_1_633' title='bbox 3707 4501 3834 4556; x_wconf 82' lang='grc'>216.</span> 
     </span>
    </p>
   </div>
   <div class='ocr_carea' id='block_1_93' title="bbox 2192 4583 3839 4655">
    <p class='ocr_par' dir='ltr' id='par_1_93' title="bbox 2192 4583 3839 4655">
     <span class='ocr_line' id='line_1_93' title="bbox 2192 4583 3839 4655; baseline 0.002 -14"><span class='ocrx_word' id='word_1_634' title='bbox 2192 4583 2306 4641; x_wconf 86' lang='lat' dir='ltr'>Hos</span> <span class='ocrx_word' id='word_1_635' title='bbox 2337 4583 2706 4638; x_wconf 90' lang='lat' dir='ltr'>introducere</span> <span class='ocrx_word' id='word_1_636' title='bbox 2735 4586 2792 4636; x_wconf 90' lang='lat' dir='ltr'>et</span> <span class='ocrx_word' id='word_1_637' title='bbox 2823 4583 3070 4640; x_wconf 88' lang='lat' dir='ltr'>educere</span> <span class='ocrx_word' id='word_1_638' title='bbox 3098 4589 3325 4655; x_wconf 88' lang='lat' dir='ltr'>oportet</span> <span class='ocrx_word' id='word_1_639' title='bbox 3355 4587 3439 4642; x_wconf 90' lang='lat' dir='ltr'>sic</span> <span class='ocrx_word' id='word_1_640' title='bbox 3465 4604 3478 4642; x_wconf 90' lang='lat'><strong>:</strong></span> <span class='ocrx_word' id='word_1_641' title='bbox 3513 4589 3839 4645; x_wconf 88' lang='lat' dir='ltr'>sacerdotio</span> 
     </span>
    </p>
   </div>
   <div class='ocr_carea' id='block_1_94' title="bbox 424 4671 2095 4774">
    <p class='ocr_par' dir='ltr' id='par_1_94' title="bbox 424 4671 2081 4750">
     <span class='ocr_line' id='line_1_94' title="bbox 424 4671 2081 4750; baseline 0.002 -22"><span class='ocrx_word' id='word_1_642' title='bbox 424 4694 532 4728; x_wconf 88' lang='grc' dir='ltr'>των</span> <span class='ocrx_word' id='word_1_643' title='bbox 566 4671 762 4747; x_wconf 79' lang='grc' dir='ltr'>εἰσόδῳ</span> <span class='ocrx_word' id='word_1_644' title='bbox 796 4673 1122 4747; x_wconf 78' lang='grc' dir='ltr'>συνεισάγειν</span> <span class='ocrx_word' id='word_1_645' title='bbox 1146 4674 1272 4734; x_wconf 81' lang='grc' dir='ltr'>τοὺς</span> <span class='ocrx_word' id='word_1_646' title='bbox 1306 4671 1400 4728; x_wconf 70' lang='grc' dir='ltr'>δύο</span> <span class='ocrx_word' id='word_1_647' title='bbox 1430 4680 1529 4744; x_wconf 84' lang='grc' dir='ltr'>τῆς</span> <span class='ocrx_word' id='word_1_648' title='bbox 1555 4674 1817 4750; x_wconf 83' lang='grc' dir='ltr'>Μεγάλης</span> <span class='ocrx_word' id='word_1_649' title='bbox 1838 4675 2081 4748; x_wconf 85' lang='grc' dir='ltr'>Ἐκκλη-</span> 
     </span>
    </p>
   </div>
   <div class='ocr_carea' id='block_1_95' title="bbox 2207 4671 3842 4774">
    <p class='ocr_par' dir='ltr' id='par_1_95' title="bbox 2207 4673 3842 4749">
     <span class='ocr_line' id='line_1_95' title="bbox 2207 4673 3842 4749; baseline 0.001 -18"><span class='ocrx_word' id='word_1_650' title='bbox 2207 4679 2563 4731; x_wconf 84' lang='lat' dir='ltr'>:onsecratos</span> <span class='ocrx_word' id='word_1_651' title='bbox 2594 4676 2651 4727; x_wconf 92' lang='lat' dir='ltr'>et</span> <span class='ocrx_word' id='word_1_652' title='bbox 2682 4673 2994 4744; x_wconf 80' lang='lat' dir='ltr'>fungentes</span> <span class='ocrx_word' id='word_1_653' title='bbox 3013 4689 3222 4730; x_wconf 90' lang='lat' dir='ltr'>omnes</span> <span class='ocrx_word' id='word_1_654' title='bbox 3241 4674 3301 4730; x_wconf 91' lang='lat' dir='ltr'>in</span> <span class='ocrx_word' id='word_1_655' title='bbox 3327 4676 3449 4731; x_wconf 85' lang='lat' dir='ltr'>suis</span> <span class='ocrx_word' id='word_1_656' title='bbox 3471 4676 3620 4733; x_wconf 91' lang='lat' dir='ltr'>albis</span> <span class='ocrx_word' id='word_1_657' title='bbox 3645 4677 3842 4749; x_wconf 90' lang='lat' dir='ltr'>phelo-</span> 
     </span>
    </p>
   </div>
   <div class='ocr_carea' id='block_1_96' title="bbox 425 4760 2076 4838">
    <p class='ocr_par' dir='ltr' id='par_1_96' title="bbox 425 4760 2076 4838">
     <span class='ocr_line' id='line_1_96' title="bbox 425 4760 2076 4838; baseline 0.002 -22"><span class='ocrx_word' id='word_1_658' title='bbox 425 4762 541 4824; x_wconf 86' lang='grc' dir='ltr'>σίας</span> <span class='ocrx_word' id='word_1_659' title='bbox 575 4761 867 4838; x_wconf 80' lang='grc' dir='ltr'>λαμπροὺς</span> <span class='ocrx_word' id='word_1_660' title='bbox 916 4760 1273 4836; x_wconf 83' lang='grc' dir='ltr'>δομεστίκους</span> <span class='ocrx_word' id='word_1_661' title='bbox 1323 4761 1416 4818; x_wconf 80' lang='grc' dir='ltr'>σὺν</span> <span class='ocrx_word' id='word_1_662' title='bbox 1457 4767 1562 4819; x_wconf 88' lang='grc' dir='ltr'>τῶν</span> <span class='ocrx_word' id='word_1_663' title='bbox 1611 4762 1834 4838; x_wconf 76' lang='grc' dir='ltr'>ψαλτῶν</span> <span class='ocrx_word' id='word_1_664' title='bbox 1887 4785 1942 4820; x_wconf 86' lang='grc' dir='ltr'>τε</span> <span class='ocrx_word' id='word_1_665' title='bbox 1987 4764 2076 4820; x_wconf 84' lang='grc' dir='ltr'>καὶ</span> 
     </span>
    </p>
   </div>
   <div class='ocr_carea' id='block_1_97' title="bbox 420 4851 2078 4930">
    <p class='ocr_par' dir='ltr' id='par_1_97' title="bbox 420 4851 2078 4930">
     <span class='ocr_line' id='line_1_97' title="bbox 420 4851 2078 4930; baseline 0.002 -24"><span class='ocrx_word' id='word_1_666' title='bbox 420 4851 664 4930; x_wconf 70' lang='grc' dir='ltr'>ὀρφανῶν</span> <span class='ocrx_word' id='word_1_667' title='bbox 698 4852 948 4909; x_wconf 84' lang='grc' dir='ltr'>ἁπάντων</span> <span class='ocrx_word' id='word_1_668' title='bbox 981 4856 1077 4908; x_wconf 70' lang='grc' dir='ltr'>τοῦ</span> <span class='ocrx_word' id='word_1_669' title='bbox 1114 4851 1415 4930; x_wconf 69' lang='grc' dir='ltr'>συιρραγίου</span> <span class='ocrx_word' id='word_1_670' title='bbox 1463 4855 1598 4928; x_wconf 88' lang='grc'>(73),</span> <span class='ocrx_word' id='word_1_671' title='bbox 1657 4852 2078 4929; x_wconf 77' lang='grc' dir='ltr'>λευχημονοῦν-</span> 
     </span>
    </p>
   </div>
   <div class='ocr_carea' id='block_1_98' title="bbox 2190 4762 3841 4832">
    <p class='ocr_par' dir='ltr' id='par_1_98' title="bbox 2190 4762 3841 4832">
     <span class='ocr_line' id='line_1_98' title="bbox 2190 4762 3841 4832; baseline 0.001 -11"><span class='ocrx_word' id='word_1_672' title='bbox 2190 4765 2328 4832; x_wconf 90' lang='lat' dir='ltr'>niis,</span> <span class='ocrx_word' id='word_1_673' title='bbox 2361 4762 2668 4819; x_wconf 89' lang='lat' dir='ltr'>secreticos</span> <span class='ocrx_word' id='word_1_674' title='bbox 2701 4766 2918 4829; x_wconf 90' lang='lat' dir='ltr'>autem,</span> <span class='ocrx_word' id='word_1_675' title='bbox 2953 4770 3218 4820; x_wconf 88' lang='lat' dir='ltr'>cantores</span> <span class='ocrx_word' id='word_1_676' title='bbox 3248 4768 3305 4820; x_wconf 91' lang='lat' dir='ltr'>et</span> <span class='ocrx_word' id='word_1_677' title='bbox 3335 4765 3582 4822; x_wconf 88' lang='lat' dir='ltr'>lectores</span> <span class='ocrx_word' id='word_1_678' title='bbox 3610 4768 3668 4822; x_wconf 91' lang='lat' dir='ltr'>in</span> <span class='ocrx_word' id='word_1_679' title='bbox 3714 4767 3841 4822; x_wconf 90' lang='lat' dir='ltr'>suis</span> 
     </span>
    </p>
   </div>
   <div class='ocr_carea' id='block_1_99' title="bbox 2187 4853 3834 4927">
    <p class='ocr_par' dir='ltr' id='par_1_99' title="bbox 2187 4853 3834 4927">
     <span class='ocr_line' id='line_1_99' title="bbox 2187 4853 3834 4927; baseline -0.001 -15"><span class='ocrx_word' id='word_1_680' title='bbox 2187 4853 2447 4913; x_wconf 89' lang='lat' dir='ltr'>camisiis</span> <span class='ocrx_word' id='word_1_681' title='bbox 2479 4855 2734 4921; x_wconf 89' lang='lat' dir='ltr'>tantum,</span> <span class='ocrx_word' id='word_1_682' title='bbox 2769 4853 3093 4909; x_wconf 90' lang='lat' dir='ltr'>secundum</span> <span class='ocrx_word' id='word_1_683' title='bbox 3119 4853 3386 4910; x_wconf 88' lang='lat' dir='ltr'>ordinem</span> <span class='ocrx_word' id='word_1_684' title='bbox 3421 4857 3477 4910; x_wconf 89' lang='lat' dir='ltr'>in</span> <span class='ocrx_word' id='word_1_685' title='bbox 3511 4855 3834 4927; x_wconf 86' lang='lat' dir='ltr'>superiori—</span> 
     </span>
    </p>
   </div>
   <div class='ocr_carea' id='block_1_100' title="bbox 1780 4963 2476 5024">
    <p class='ocr_par' dir='ltr' id='par_1_100' title="bbox 1780 4963 2476 5024">
     <span class='ocr_line' id='line_1_100' title="bbox 1780 4963 2476 5024; baseline -0.003 -4"><span class='ocrx_word' id='word_1_686' title='bbox 1780 4966 2020 5022; x_wconf 65' lang='lat' dir='ltr'>VARI/E</span> <span class='ocrx_word' id='word_1_687' title='bbox 2061 4963 2366 5024; x_wconf 83' lang='lat' dir='ltr'>LECTION</span> <span class='ocrx_word' id='word_1_688' title='bbox 2376 4963 2476 5019; x_wconf 89' lang='lat' dir='ltr'>ES.</span> 
     </span>
    </p>
   </div>
   <div class='ocr_carea' id='block_1_101' title="bbox 490 5069 1746 5145">
    <p class='ocr_par' dir='ltr' id='par_1_101' title="bbox 490 5069 1746 5145">
     <span class='ocr_line' id='line_1_101' title="bbox 490 5069 1746 5145; baseline 0.003 -19"><span class='ocrx_word' id='word_1_689' title='bbox 490 5073 511 5108; x_wconf 83' lang='grc'>³</span> <span class='ocrx_word' id='word_1_690' title='bbox 542 5069 812 5127; x_wconf 85' lang='grc' dir='ltr'>δουλκίων</span> <span class='ocrx_word' id='word_1_691' title='bbox 847 5089 961 5132; x_wconf 90' lang='lat' dir='ltr'>em.</span> <span class='ocrx_word' id='word_1_692' title='bbox 994 5073 1081 5145; x_wconf 61' lang='lat'>11.,</span> <span class='ocrx_word' id='word_1_693' title='bbox 1112 5069 1380 5128; x_wconf 88' lang='grc' dir='ltr'>τουλδίων</span> <span class='ocrx_word' id='word_1_694' title='bbox 1409 5074 1536 5132; x_wconf 93' lang='lat' dir='ltr'>cod.</span> <span class='ocrx_word' id='word_1_695' title='bbox 1570 5078 1626 5130; x_wconf 88' lang='lat' dir='ltr'>et</span> <span class='ocrx_word' id='word_1_696' title='bbox 1655 5074 1746 5131; x_wconf 92' lang='lat' dir='ltr'>ed.</span> 
     </span>
    </p>
   </div>
   <div class='ocr_carea' id='block_1_102' title="bbox 1449 5179 2794 5240">
    <p class='ocr_par' dir='ltr' id='par_1_102' title="bbox 1449 5179 2794 5240">
     <span class='ocr_line' id='line_1_102' title="bbox 1449 5179 2794 5240; baseline -0.002 -3"><span class='ocrx_word' id='word_1_697' title='bbox 1449 5181 1649 5238; x_wconf 86' lang='lat' dir='ltr'><strong>JOAN.</strong></span> <span class='ocrx_word' id='word_1_698' title='bbox 1691 5182 1838 5239; x_wconf 87' lang='lat' dir='ltr'>JAC.</span> <span class='ocrx_word' id='word_1_699' title='bbox 1890 5183 2154 5240; x_wconf 85' lang='lat' dir='ltr'>REISKII</span> <span class='ocrx_word' id='word_1_700' title='bbox 2199 5179 2794 5238; x_wconf 83' lang='lat' dir='ltr'>COMMENTARIUS.</span> 
     </span>
    </p>
   </div>
   <div class='ocr_carea' id='block_1_103' title="bbox 491 5292 2068 5364">
    <p class='ocr_par' dir='ltr' id='par_1_103' title="bbox 491 5292 2068 5364">
     <span class='ocr_line' id='line_1_103' title="bbox 491 5292 2068 5364; baseline 0.003 -18"><span class='ocrx_word' id='word_1_701' title='bbox 491 5292 606 5364; x_wconf 88' lang='lat'>(72)</span> <span class='ocrx_word' id='word_1_702' title='bbox 639 5293 840 5349; x_wconf 89' lang='lat' dir='ltr'>Clerici</span> <span class='ocrx_word' id='word_1_703' title='bbox 874 5292 1139 5349; x_wconf 87' lang='lat' dir='ltr'>secretici</span> <span class='ocrx_word' id='word_1_704' title='bbox 1168 5293 1442 5349; x_wconf 91' lang='lat' dir='ltr'>videntur</span> <span class='ocrx_word' id='word_1_705' title='bbox 1473 5294 1627 5364; x_wconf 90' lang='lat' dir='ltr'>apud</span> <span class='ocrx_word' id='word_1_706' title='bbox 1660 5293 1893 5349; x_wconf 63' lang='lat' dir='ltr'>Graecos</span> <span class='ocrx_word' id='word_1_707' title='bbox 1927 5294 2068 5350; x_wconf 85' lang='lat' dir='ltr'>fuis-</span> 
     </span>
    </p>
   </div>
   <div class='ocr_carea' id='block_1_104' title="bbox 420 5365 2071 5436">
    <p class='ocr_par' dir='ltr' id='par_1_104' title="bbox 420 5365 2071 5436">
     <span class='ocr_line' id='line_1_104' title="bbox 420 5365 2071 5436; baseline 0.002 -17"><span class='ocrx_word' id='word_1_708' title='bbox 420 5378 484 5419; x_wconf 91' lang='lat' dir='ltr'>se</span> <span class='ocrx_word' id='word_1_709' title='bbox 514 5367 612 5436; x_wconf 88' lang='lat' dir='ltr'>qui</span> <span class='ocrx_word' id='word_1_710' title='bbox 646 5365 913 5422; x_wconf 75' lang='lat' dir='ltr'>Ecclesiaa</span> <span class='ocrx_word' id='word_1_711' title='bbox 947 5365 1166 5420; x_wconf 69' lang='lat' dir='ltr'>Latinae</span> <span class='ocrx_word' id='word_1_712' title='bbox 1198 5371 1340 5421; x_wconf 89' lang='lat' dir='ltr'>sunt</span> <span class='ocrx_word' id='word_1_713' title='bbox 1366 5365 1559 5420; x_wconf 75' lang='lat' dir='ltr'>clerici</span> <span class='ocrx_word' id='word_1_714' title='bbox 1603 5365 1922 5431; x_wconf 77' lang='lat' dir='ltr'>.sazculares,</span> <span class='ocrx_word' id='word_1_715' title='bbox 1955 5382 2071 5422; x_wconf 90' lang='lat' dir='ltr'>non</span> 
     </span>
    </p>
   </div>
   <div class='ocr_carea' id='block_1_105' title="bbox 415 5437 2074 5507">
    <p class='ocr_par' dir='ltr' id='par_1_105' title="bbox 415 5437 2074 5507">
     <span class='ocr_line' id='line_1_105' title="bbox 415 5437 2074 5507; baseline 0.001 -17"><span class='ocrx_word' id='word_1_716' title='bbox 415 5437 732 5507; x_wconf 86' lang='lat' dir='ltr'>consecrati</span> <span class='ocrx_word' id='word_1_717' title='bbox 761 5455 774 5504; x_wconf 91' lang='lat'><strong>;</strong></span> <span class='ocrx_word' id='word_1_718' title='bbox 807 5454 861 5494; x_wconf 83' lang='grc' dir='ltr'>ν.</span> <span class='ocrx_word' id='word_1_719' title='bbox 897 5453 952 5507; x_wconf 84' lang='grc' dir='ltr'>ρ.</span> <span class='ocrx_word' id='word_1_720' title='bbox 989 5437 1115 5504; x_wconf 80' lang='grc'>440,</span> <span class='ocrx_word' id='word_1_721' title='bbox 1146 5441 1203 5492; x_wconf 89' lang='lat' dir='ltr'>et</span> <span class='ocrx_word' id='word_1_722' title='bbox 1233 5437 1490 5492; x_wconf 76' lang='lat' dir='ltr'>officium</span> <span class='ocrx_word' id='word_1_723' title='bbox 1535 5453 1736 5491; x_wconf 89' lang='lat' dir='ltr'>eorum</span> <span class='ocrx_word' id='word_1_724' title='bbox 1771 5437 1974 5506; x_wconf 83' lang='lat' dir='ltr'>fuisse,</span> <span class='ocrx_word' id='word_1_725' title='bbox 2010 5442 2074 5492; x_wconf 91' lang='lat' dir='ltr'>ut</span> 
     </span>
    </p>
   </div>
   <div class='ocr_carea' id='block_1_106' title="bbox 417 5506 2072 5579">
    <p class='ocr_par' dir='ltr' id='par_1_106' title="bbox 417 5506 2072 5579">
     <span class='ocr_line' id='line_1_106' title="bbox 417 5506 2072 5579; baseline 0.002 -19"><span class='ocrx_word' id='word_1_726' title='bbox 417 5506 476 5561; x_wconf 92' lang='lat' dir='ltr'>in</span> <span class='ocrx_word' id='word_1_727' title='bbox 527 5509 762 5564; x_wconf 89' lang='lat' dir='ltr'>secretis</span> <span class='ocrx_word' id='word_1_728' title='bbox 813 5506 1156 5579; x_wconf 72' lang='lat' dir='ltr'>patriarchae</span> <span class='ocrx_word' id='word_1_729' title='bbox 1213 5524 1332 5579; x_wconf 89' lang='lat' dir='ltr'>seu</span> <span class='ocrx_word' id='word_1_730' title='bbox 1362 5507 1756 5564; x_wconf 87' lang='lat' dir='ltr'>tribunalibus</span> <span class='ocrx_word' id='word_1_731' title='bbox 1804 5509 1931 5577; x_wconf 83' lang='lat' dir='ltr'>ejus</span> <span class='ocrx_word' id='word_1_732' title='bbox 1984 5508 2072 5565; x_wconf 89' lang='lat' dir='ltr'>vel</span> 
     </span>
    </p>
   </div>
   <div class='ocr_carea' id='block_1_107' title="bbox 418 5578 2070 5650">
    <p class='ocr_par' dir='ltr' id='par_1_107' title="bbox 418 5578 2070 5650">
     <span class='ocr_line' id='line_1_107' title="bbox 418 5578 2070 5650; baseline 0.002 -17"><span class='ocrx_word' id='word_1_733' title='bbox 418 5578 888 5648; x_wconf 81' lang='lat' dir='ltr'>expeditionibus</span> <span class='ocrx_word' id='word_1_734' title='bbox 919 5582 1189 5636; x_wconf 85' lang='lat' dir='ltr'>sederent</span> <span class='ocrx_word' id='word_1_735' title='bbox 1219 5585 1277 5636; x_wconf 91' lang='lat' dir='ltr'>et</span> <span class='ocrx_word' id='word_1_736' title='bbox 1321 5578 1478 5648; x_wconf 89' lang='lat' dir='ltr'>lites,</span> <span class='ocrx_word' id='word_1_737' title='bbox 1530 5579 1779 5650; x_wconf 80' lang='lat' dir='ltr'>negotia,</span> <span class='ocrx_word' id='word_1_738' title='bbox 1829 5579 2070 5650; x_wconf 89' lang='lat' dir='ltr'>reditus,</span> 
     </span>
    </p>
   </div>
   <div class='ocr_carea' id='block_1_108' title="bbox 421 5653 1197 5723">
    <p class='ocr_par' dir='ltr' id='par_1_108' title="bbox 421 5653 1197 5723">
     <span class='ocr_line' id='line_1_108' title="bbox 421 5653 1197 5723; baseline 0 -19"><span class='ocrx_word' id='word_1_739' title='bbox 421 5664 710 5723; x_wconf 79' lang='lat' dir='ltr'>expensas</span> <span class='ocrx_word' id='word_1_740' title='bbox 740 5653 869 5723; x_wconf 85' lang='lat' dir='ltr'>ejus</span> <span class='ocrx_word' id='word_1_741' title='bbox 902 5655 1197 5723; x_wconf 84' lang='lat' dir='ltr'>curarent.</span> 
     </span>
    </p>
   </div>
   <div class='ocr_carea' id='block_1_109' title="bbox 491 5721 2075 5796">
    <p class='ocr_par' dir='ltr' id='par_1_109' title="bbox 491 5721 2075 5796">
     <span class='ocr_line' id='line_1_109' title="bbox 491 5721 2075 5796; baseline 0.004 -22"><span class='ocrx_word' id='word_1_742' title='bbox 491 5721 726 5796; x_wconf 23' lang='lat' dir='ltr'>(73)‘lta</span> <span class='ocrx_word' id='word_1_743' title='bbox 756 5721 846 5780; x_wconf 80' lang='lat' dir='ltr'>est</span> <span class='ocrx_word' id='word_1_744' title='bbox 889 5725 947 5780; x_wconf 89' lang='lat' dir='ltr'>in</span> <span class='ocrx_word' id='word_1_745' title='bbox 1001 5722 1378 5780; x_wconf 89' lang='lat' dir='ltr'>membranis.</span> <span class='ocrx_word' id='word_1_746' title='bbox 1432 5722 1856 5796; x_wconf 83' lang='lat' dir='ltr'>Apographum</span> <span class='ocrx_word' id='word_1_747' title='bbox 1899 5723 2075 5780; x_wconf 88' lang='lat' dir='ltr'>dabat</span> 
     </span>
    </p>
   </div>
   <div class='ocr_carea' id='block_1_110' title="bbox 417 5793 2074 5870">
    <p class='ocr_par' dir='ltr' id='par_1_110' title="bbox 417 5793 2074 5870">
     <span class='ocr_line' id='line_1_110' title="bbox 417 5793 2074 5870; baseline 0.005 -24"><span class='ocrx_word' id='word_1_748' title='bbox 417 5793 708 5868; x_wconf 75' lang='grc' dir='ltr'>σφραγίου,</span> <span class='ocrx_word' id='word_1_749' title='bbox 739 5796 1086 5868; x_wconf 83' lang='lat' dir='ltr'>consitione,</span> <span class='ocrx_word' id='word_1_750' title='bbox 1113 5811 1185 5852; x_wconf 89' lang='lat' dir='ltr'>an</span> <span class='ocrx_word' id='word_1_751' title='bbox 1213 5811 1347 5853; x_wconf 87' lang='lat' dir='ltr'>casu</span> <span class='ocrx_word' id='word_1_752' title='bbox 1379 5800 1436 5854; x_wconf 90' lang='lat' dir='ltr'>et</span> <span class='ocrx_word' id='word_1_753' title='bbox 1456 5793 1649 5854; x_wconf 73' lang='lat' dir='ltr'>errore</span> <span class='ocrx_word' id='word_1_754' title='bbox 1667 5793 2074 5870; x_wconf 83' lang='lat' dir='ltr'>descriptoris,</span> 
     </span>
    </p>
   </div>
   <div class='ocr_carea' id='block_1_111' title="bbox 2186 5289 3841 5370">
    <p class='ocr_par' dir='ltr' id='par_1_111' title="bbox 2186 5289 3841 5370">
     <span class='ocr_line' id='line_1_111' title="bbox 2186 5289 3841 5370; baseline -0.001 -20"><span class='ocrx_word' id='word_1_755' title='bbox 2186 5309 2304 5350; x_wconf 91' lang='lat' dir='ltr'>non</span> <span class='ocrx_word' id='word_1_756' title='bbox 2335 5289 2766 5370; x_wconf 76' lang='lat' dir='ltr'>dixerim._l‘lon</span> <span class='ocrx_word' id='word_1_757' title='bbox 2799 5295 3021 5370; x_wconf 70' lang='lat' dir='ltr'>careret</span> <span class='ocrx_word' id='word_1_758' title='bbox 3048 5291 3242 5370; x_wconf 82' lang='lat' dir='ltr'>specie</span> <span class='ocrx_word' id='word_1_759' title='bbox 3285 5295 3579 5370; x_wconf 71' lang='grc' dir='ltr'>σφραγίου,</span> <span class='ocrx_word' id='word_1_760' title='bbox 3613 5295 3662 5352; x_wconf 91' lang='lat' dir='ltr'>si</span> <span class='ocrx_word' id='word_1_761' title='bbox 3712 5292 3841 5349; x_wconf 87' lang='grc' dir='ltr'>πάν-</span> 
     </span>
    </p>
   </div>
   <div class='ocr_carea' id='block_1_112' title="bbox 2181 5361 3838 5438">
    <p class='ocr_par' dir='ltr' id='par_1_112' title="bbox 2181 5361 3838 5438">
     <span class='ocr_line' id='line_1_112' title="bbox 2181 5361 3838 5438; baseline 0.004 -21"><span class='ocrx_word' id='word_1_762' title='bbox 2181 5364 2574 5438; x_wconf 22' lang='grc' dir='ltr'>τωνλαὺεεεθι.</span> <span class='ocrx_word' id='word_1_763' title='bbox 2609 5361 2754 5417; x_wconf 89' lang='lat' dir='ltr'>Nam</span> <span class='ocrx_word' id='word_1_764' title='bbox 2787 5363 2952 5438; x_wconf 76' lang='lat' dir='ltr'>datas</span> <span class='ocrx_word' id='word_1_765' title='bbox 2983 5361 3157 5438; x_wconf 74' lang='lat' dir='ltr'>fuisse</span> <span class='ocrx_word' id='word_1_766' title='bbox 3209 5361 3574 5438; x_wconf 73' lang='lat' dir='ltr'>pauperibus</span> <span class='ocrx_word' id='word_1_767' title='bbox 3614 5371 3670 5422; x_wconf 89' lang='lat' dir='ltr'>et</span> <span class='ocrx_word' id='word_1_768' title='bbox 3711 5384 3838 5424; x_wconf 90' lang='lat' dir='ltr'>mo-</span> 
     </span>
    </p>
   </div>
   <div class='ocr_carea' id='block_1_113' title="bbox 2183 5434 3839 5514">
    <p class='ocr_par' dir='ltr' id='par_1_113' title="bbox 2183 5434 3839 5514">
     <span class='ocr_line' id='line_1_113' title="bbox 2183 5434 3839 5514; baseline 0 -22"><span class='ocrx_word' id='word_1_769' title='bbox 2183 5435 2389 5514; x_wconf 61' lang='lat' dir='ltr'>nachis</span> <span class='ocrx_word' id='word_1_770' title='bbox 2420 5434 2491 5490; x_wconf 90' lang='lat' dir='ltr'>ad</span> <span class='ocrx_word' id='word_1_771' title='bbox 2524 5449 2719 5514; x_wconf 86' lang='lat' dir='ltr'>sacras</span> <span class='ocrx_word' id='word_1_772' title='bbox 2751 5435 2952 5514; x_wconf 85' lang='lat' dir='ltr'>epulas</span> <span class='ocrx_word' id='word_1_773' title='bbox 2978 5434 3356 5514; x_wconf 74' lang='lat' dir='ltr'>admittendis</span> <span class='ocrx_word' id='word_1_774' title='bbox 3380 5445 3649 5514; x_wconf 74' lang='lat' dir='ltr'>tesseras,</span> <span class='ocrx_word' id='word_1_775' title='bbox 3675 5456 3839 5514; x_wconf 78' lang='grc' dir='ltr'>σφρα-</span> 
     </span>
    </p>
   </div>
   <div class='ocr_carea' id='block_1_114' title="bbox 2183 5504 3832 5600">
    <p class='ocr_par' dir='ltr' id='par_1_114' title="bbox 2183 5504 3832 5600">
     <span class='ocr_line' id='line_1_114' title="bbox 2183 5504 3832 5600; baseline 0.003 -41"><span class='ocrx_word' id='word_1_776' title='bbox 2183 5504 2566 5600; x_wconf 39' lang='grc' dir='ltr'>γξξιαἍευρνο.</span> <span class='ocrx_word' id='word_1_777' title='bbox 2613 5509 2878 5560; x_wconf 88' lang='lat' dir='ltr'>notatum</span> <span class='ocrx_word' id='word_1_778' title='bbox 2911 5512 3018 5600; x_wconf 66' lang='lat' dir='ltr'>est.</span> <span class='ocrx_word' id='word_1_779' title='bbox 3065 5509 3174 5600; x_wconf 41' lang='lat' dir='ltr'>Seld</span> <span class='ocrx_word' id='word_1_780' title='bbox 3225 5507 3520 5600; x_wconf 73' lang='grc' dir='ltr'>σφραγῖδες</span> <span class='ocrx_word' id='word_1_781' title='bbox 3557 5513 3613 5563; x_wconf 84' lang='lat' dir='ltr'>et</span> <span class='ocrx_word' id='word_1_782' title='bbox 3672 5504 3832 5600; x_wconf 66' lang='grc' dir='ltr'>σῴραο</span> 
     </span>
    </p>
   </div>
   <div class='ocr_carea' id='block_1_115' title="bbox 2181 5575 3834 5709">
    <p class='ocr_par' dir='ltr' id='par_1_115' title="bbox 2181 5575 3834 5709">
     <span class='ocr_line' id='line_1_115' title="bbox 2181 5575 3834 5666; baseline 0.002 -33"><span class='ocrx_word' id='word_1_783' title='bbox 2181 5575 2329 5654; x_wconf 72' lang='grc' dir='ltr'>γίδια</span> <span class='ocrx_word' id='word_1_784' title='bbox 2354 5577 2588 5659; x_wconf 81' lang='lat' dir='ltr'>dicitur,</span> <span class='ocrx_word' id='word_1_785' title='bbox 2624 5593 2754 5656; x_wconf 40' lang='lat' dir='ltr'>Inon</span> <span class='ocrx_word' id='word_1_786' title='bbox 2798 5577 3051 5652; x_wconf 73' lang='grc' dir='ltr'>σφραγία,</span> <span class='ocrx_word' id='word_1_787' title='bbox 3092 5585 3147 5635; x_wconf 88' lang='lat' dir='ltr'>et</span> <span class='ocrx_word' id='word_1_788' title='bbox 3198 5575 3478 5663; x_wconf 40' lang='lat' dir='ltr'>praeterea.</span> <span class='ocrx_word' id='word_1_789' title='bbox 3527 5575 3834 5666; x_wconf 73' lang='grc' dir='ltr'>συφραγίου</span> 
     </span>
     <span class='ocr_line' id='line_1_116' title="bbox 2184 5648 3834 5709; baseline 0.001 -2"><span class='ocrx_word' id='word_1_790' title='bbox 2184 5652 2508 5709; x_wconf 66' lang='lat' dir='ltr'>elegantius</span> <span class='ocrx_word' id='word_1_791' title='bbox 2539 5648 2678 5709; x_wconf 69' lang='lat' dir='ltr'>qund</span> <span class='ocrx_word' id='word_1_792' title='bbox 2713 5648 2912 5709; x_wconf 87' lang='lat' dir='ltr'>habet.</span> <span class='ocrx_word' id='word_1_793' title='bbox 2947 5667 3124 5709; x_wconf 85' lang='lat' dir='ltr'>uuam</span> <span class='ocrx_word' id='word_1_794' title='bbox 3159 5656 3224 5706; x_wconf 89' lang='lat' dir='ltr'>ut</span> <span class='ocrx_word' id='word_1_795' title='bbox 3255 5655 3507 5709; x_wconf 76' lang='lat' dir='ltr'>potuerit</span> <span class='ocrx_word' id='word_1_796' title='bbox 3536 5669 3567 5705; x_wconf 89' lang='lat' dir='ltr'>a</span> <span class='ocrx_word' id='word_1_797' title='bbox 3600 5655 3834 5709; x_wconf 78' lang='lat' dir='ltr'>librario</span> 
     </span>
    </p>
   </div>
   <div class='ocr_carea' id='block_1_116' title="bbox 2184 5664 3836 5796">
    <p class='ocr_par' dir='ltr' id='par_1_116' title="bbox 2184 5664 3836 5796">
     <span class='ocr_line' id='line_1_117' title="bbox 2184 5664 3835 5733; baseline 0.001 -25"><span class='ocrx_word' id='word_1_798' title='bbox 2184 5664 2508 5724; x_wconf 77' lang='lat' dir='ltr'>elegantius</span> <span class='ocrx_word' id='word_1_799' title='bbox 2539 5664 2678 5716; x_wconf 80' lang='lat' dir='ltr'>qum</span> <span class='ocrx_word' id='word_1_800' title='bbox 2714 5664 2912 5717; x_wconf 84' lang='lat' dir='ltr'>nanet,</span> <span class='ocrx_word' id='word_1_801' title='bbox 2947 5667 3124 5721; x_wconf 89' lang='lat' dir='ltr'>quam</span> <span class='ocrx_word' id='word_1_802' title='bbox 3159 5664 3224 5706; x_wconf 86' lang='lat' dir='ltr'>ut</span> <span class='ocrx_word' id='word_1_803' title='bbox 3255 5664 3507 5733; x_wconf 68' lang='lat' dir='ltr'>potuerit</span> <span class='ocrx_word' id='word_1_804' title='bbox 3536 5669 3567 5705; x_wconf 89' lang='lat' dir='ltr'>a</span> <span class='ocrx_word' id='word_1_805' title='bbox 3600 5664 3835 5709; x_wconf 80' lang='lat' dir='ltr'>librario</span> 
     </span>
     <span class='ocr_line' id='line_1_118' title="bbox 2186 5719 3836 5796; baseline 0.001 -17"><span class='ocrx_word' id='word_1_806' title='bbox 2186 5741 2288 5796; x_wconf 89' lang='lat' dir='ltr'>pro</span> <span class='ocrx_word' id='word_1_807' title='bbox 2310 5736 2446 5796; x_wconf 86' lang='lat' dir='ltr'>voce</span> <span class='ocrx_word' id='word_1_808' title='bbox 2478 5719 2718 5796; x_wconf 74' lang='lat' dir='ltr'>notiori_</span> <span class='ocrx_word' id='word_1_809' title='bbox 2743 5722 3132 5796; x_wconf 80' lang='lat' dir='ltr'>substitutum</span> <span class='ocrx_word' id='word_1_810' title='bbox 3180 5722 3378 5777; x_wconf 80' lang='lat' dir='ltr'>fuisse.</span> <span class='ocrx_word' id='word_1_811' title='bbox 3433 5723 3595 5796; x_wconf 77' lang='lat' dir='ltr'>Hinc</span> <span class='ocrx_word' id='word_1_812' title='bbox 3626 5728 3836 5781; x_wconf 86' lang='lat' dir='ltr'>excudi</span> 
     </span>
    </p>
   </div>
   <div class='ocr_carea' id='block_1_117' title="bbox 2183 5789 3838 5871">
    <p class='ocr_par' dir='ltr' id='par_1_117' title="bbox 2183 5789 3838 5871">
     <span class='ocr_line' id='line_1_119' title="bbox 2183 5789 3838 5871; baseline 0 -16"><span class='ocrx_word' id='word_1_813' title='bbox 2183 5789 2355 5864; x_wconf 81' lang='lat' dir='ltr'>illud,</span> <span class='ocrx_word' id='word_1_814' title='bbox 2388 5791 2544 5865; x_wconf 89' lang='lat' dir='ltr'>quod</span> <span class='ocrx_word' id='word_1_815' title='bbox 2582 5789 2642 5849; x_wconf 91' lang='lat' dir='ltr'>in</span> <span class='ocrx_word' id='word_1_816' title='bbox 2695 5790 2918 5852; x_wconf 88' lang='lat' dir='ltr'>Latinis</span> <span class='ocrx_word' id='word_1_817' title='bbox 2974 5793 3130 5852; x_wconf 92' lang='lat' dir='ltr'>dedi.</span> <span class='ocrx_word' id='word_1_818' title='bbox 3189 5797 3337 5852; x_wconf 88' lang='lat' dir='ltr'>Sane</span> <span class='ocrx_word' id='word_1_819' title='bbox 3396 5795 3724 5871; x_wconf 78' lang='grc' dir='ltr'>σουφράγιον</span> <span class='ocrx_word' id='word_1_820' title='bbox 3781 5802 3838 5854; x_wconf 89' lang='lat' dir='ltr'>et</span> 
     </span>
    </p>
   </div>
  </div>
