4124 6396
329 399 484 465 1383

1391 390 1917 455 CONSTANTINI
1961 391 2665 456 PORPHYROGENITI

3581 399 3740 461 1384

317 541 425 597 bus
457 535 760 594 traditum.
795 537 860 589 In
891 531 1090 588 eadem
1138 529 1544 598 acclinatione,
1577 527 1635 584 id
1661 531 1750 584 est
1779 543 1962 585 accu-

2086 547 2177 590 τας
2207 527 2300 583 καὶ
2343 522 2854 604 περιϐεϐλημένους
2893 529 2965 586 τὰ
3021 527 3199 587 οἰκεῖα
3255 530 3522 610 φελώνια’
3587 530 3736 590 διαι-

321 629 442 686 bitu
473 631 531 684 et
590 623 1008 689 eonvivatione,
1069 622 1374 676 observare
1428 623 1652 690 oportet
1712 623 1969 691 tempus,

320 735 438 792 quo
471 717 686 772 missus
709 712 1143 770 dulciorumsic
1173 711 1360 766 dictus
1383 725 1484 765 seu
1527 707 1879 764 mellitorum
1917 712 1973 764 et

324 810 718 874 tragematum
758 803 1025 869 infertur,
1076 809 1130 856 et
1179 807 1314 856 tunc
1363 799 1541 854 simul
1602 798 1972 854 introducere

321 897 498 954 ambo
519 896 780 951 illustres
807 892 1034 963 Magna:
1059 891 1326 946 Ecclesiae
1343 889 1716 956 domesticos,
1740 904 1974 960 unaque

325 992 591 1045 cantores
632 989 688 1040 et
719 983 1012 1056 orphanos
1041 981 1301 1051 suffragii
1334 979 1414 1051 [id
1447 987 1534 1034 est
1564 995 1687 1047 eos,
1718 979 1819 1050 qui
1859 996 1968 1050 pu-

327 1078 480 1134 blico
501 1074 776 1146 suffragio
799 1072 885 1129 vel
909 1071 1122 1127 auxilio
1137 1076 1194 1126 et
1215 1075 1453 1140 sumptu
1477 1069 1739 1141 aluntur]
1766 1070 1972 1125 candi-

327 1167 492 1222 datos
533 1166 769 1234 suisque
823 1161 1113 1233 pheloniis
1159 1160 1436 1228 indutos;
1487 1164 1620 1215 ante
1669 1159 1972 1215 introitum

323 1261 516 1312 autem
548 1253 680 1310 illos
710 1252 768 1307 in
802 1253 946 1307 duas
979 1252 1051 1306 ad
1083 1251 1344 1306 dextram
1379 1249 1800 1321 sinistramque
1841 1267 1974 1320 par-

323 1351 412 1404 tes
445 1345 740 1412 dirimere,
773 1347 838 1399 ut
865 1358 1017 1398 unus
1048 1341 1282 1414 quidem
1312 1340 1695 1409 domesticus,
1748 1341 1851 1411 qui
1900 1339 1973 1394 ad

326 1437 586 1494 dextram
595 1435 619 1506 j
631 1433 1000 1490 ucundorum
1013 1436 1070 1486 et
1086 1430 1424 1486 amabilium
1441 1429 1818 1485 accubituum
1833 1432 1973 1498 stat,

325 1530 594 1582 cantores
624 1539 825 1580 secum
857 1537 1058 1577 omnes
1086 1520 1300 1576 habeat
1328 1537 1342 1587 ;
1377 1518 1525 1574 alter
1555 1522 1748 1575 autem
1781 1517 1976 1574 dome-

329 1616 534 1685 sticus,
569 1614 666 1686 qui
697 1613 793 1669 isti
825 1628 855 1667 e
882 1611 1113 1682 regione
1143 1611 1214 1666 ad
1259 1609 1561 1665 sinistram
1613 1615 1835 1682 partem
1887 1625 1978 1665 ac-

330 1704 631 1761 cubituum
663 1706 801 1769 stat,
835 1717 1034 1757 secum
1068 1699 1366 1772 orphanos
1397 1715 1604 1756 omnes
1638 1699 1866 1768 habeat,
1897 1715 1982 1755 se-

327 1795 522 1850 riatim
554 1793 614 1849 in
641 1809 758 1848 uno
782 1791 878 1846 filo
911 1794 1150 1846 stantes.
1187 1789 1646 1846 Introducuntur
1675 1789 1749 1844 ab
1806 1792 1974 1844 utra-

329 1902 442 1958 que
472 1888 636 1956 parte
669 1887 860 1953 partes
891 1880 1076 1972 ambaa
1103 1877 1768 1972 tum,cum_patriarcha
1799 1879 1974 1934 bene-
2003 1906 2052 1972 B

329 1975 648 2032 dictionem
681 1969 1042 2044 pronuntiat,
1077 1985 1194 2041 quo
1246 1967 1426 2024 simul
1474 1984 1681 2024 omnes
1728 1969 1973 2024 chorum

325 2064 583 2122 efﬁciant
611 2067 932 2132 cantusque
964 2060 1188 2116 vocales
1209 2059 1518 2115 alternent.
1555 2056 1761 2114 Finitis
1792 2057 1980 2114 tribus

324 2153 683 2227 antiphonis,
715 2152 1048 2208 educuntur
1077 2149 1254 2205 simul
1305 2164 1512 2204 rursus
1559 2148 1798 2216 eodem,
1833 2149 1985 2204 unde

323 2247 623 2302 venerant.
673 2239 1159 2314 Sapientissimus
1203 2242 1396 2294 autem
1446 2237 1723 2294 dominus
1789 2244 1985 2296 noster

327 2335 460 2401 Leo,
495 2349 608 2404 quo
639 2331 918 2402 majorem
950 2329 1194 2401 gloriam
1227 2332 1804 2400 consummatamque
1848 2343 1984 2399 gra-

322 2425 466 2482 tiam
497 2421 909 2480 anniversariai
942 2419 1079 2475 huic
1125 2426 1180 2475 et
1220 2418 1537 2474 venerabili
1586 2435 1686 2490 per
1736 2419 1857 2475 dies
1899 2420 1984 2473 fe-

325 2519 451 2573 stos
483 2509 869 2568 convivationi
897 2510 1154 2575 adderet,
1209 2508 1534 2577 constituit,
1587 2513 1652 2564 ut
1696 2508 1804 2564 hoc
1862 2525 1967 2580 po-

325 2609 545 2662 stremo
559 2599 1044 2657 accubituumdie
1064 2602 1196 2670 post
1218 2597 1468 2668 finitam,
1491 2613 1668 2670 quam
1689 2598 1970 2667 diximus,

320 2692 729 2750 alternantium
753 2697 806 2745 et
827 2689 939 2745 sibi
963 2688 1448 2759 respondentium
1473 2687 1791 2743 chororum
1817 2686 1972 2742 illam

325 2801 360 2841 a
391 2781 714 2854 majoribus
746 2780 817 2836 ad
849 2795 958 2834 nos
991 2785 1367 2850 propagatum
1401 2777 1858 2834 modulationem
1891 2777 1981 2831 in-

326 2874 768 2930 troduceremus
798 2868 906 2924 sub
938 2873 1171 2940 tempus
1197 2865 1524 2922 dulciorum
1570 2871 1818 2938 quatuor
1859 2866 1980 2922 Ma-

326 2978 457 3036 gnae
488 2959 756 3016 Ecclesiae
787 2957 1047 3013 illustres
1069 2955 1443 3025 domesticos,
1479 2955 1632 3012 488
1657 2955 1782 3012 suis
1801 2954 1978 3011 cami-

330 3054 434 3110 siis
465 3056 520 3108 et
553 3049 839 3123 pheloniis
873 3052 1102 3104 tantum
1133 3047 1372 3103 indutos
1412 3063 1627 3119 eosque
1673 3047 1733 3101 in
1780 3046 1970 3102 medio

330 3142 721 3216 praefulgentis
742 3137 981 3195 triclinii
1004 3137 1075 3193 ad
1102 3136 1361 3208 aliquam
1383 3154 1416 3192 a
1437 3140 1624 3192 semet
1644 3135 1978 3192 distantiam

332 3234 802 3306 disponeremus,
837 3229 948 3286 hoc
977 3228 1182 3284 modo:
1220 3226 1472 3297 primum
1505 3227 1742 3298 quidem
1779 3226 1978 3282 dome-

328 3325 564 3391 sticum,
597 3326 656 3378 et
713 3320 813 3391 qui
853 3335 920 3374 ea
968 3318 1301 3389 septimana
1347 3316 1543 3372 ofﬁcio
1597 3316 1878 3386 fungitur,
1925 3316 1984 3370 in

329 3413 521 3471 medio
551 3414 796 3482 quatuor
822 3407 1117 3478 utrinque,
1151 3407 1209 3460 id
1241 3413 1328 3463 est
1363 3406 1650 3462 'binarum
1703 3422 1737 3461 a
1781 3406 1984 3477 quavis

331 3507 512 3576 parte,
538 3498 975 3572 splendidarum
997 3514 1029 3552 a
1051 3495 1309 3550 dominis
1331 3496 1724 3567 proximarum
1751 3510 1982 3552 mensa-

329 3607 460 3649 rum
486 3605 500 3657 ;
535 3588 865 3661 proximum
899 3585 971 3640 ab
1001 3600 1069 3640 eo
1089 3583 1414 3640 secundum
1457 3583 1849 3639 domesticum
1879 3601 1982 3656 pa-

328 3683 474 3738 riter
502 3679 559 3734 in
595 3676 785 3732 medio
817 3673 1065 3731 aliarum
1111 3672 1228 3729 illis
1285 3673 1678 3745 proximarum
1730 3678 1984 3745 quatuor

329 3771 771 3846 splendidarum
804 3781 1170 3832 mensarum,
1209 3765 1265 3819 id
1309 3769 1400 3821 est
1430 3765 1645 3834 quinta;
1696 3780 1880 3835 usque
1909 3764 1983 3820 ad

330 3867 634 3927 octavam;
667 3858 908 3913 tertium
951 3854 1348 3912 domesticum
1400 3853 1620 3926 pariter
1674 3853 1733 3908 in
1795 3853 1984 3910 medio

334 3955 584 4024 quatuor
608 3947 727 4003 illis
758 3945 1155 4017 proximarum
1190 3944 1262 3999 ab
1295 3951 1543 4015 utraque
1575 3947 1738 4014 parte
1759 3957 1985 3997 mensa-

333 4056 490 4109 rum,
530 4053 700 4095 nonae
729 4035 948 4092 scilicet
979 4049 1169 4106 usque
1191 4035 1263 4089 ad
1301 4032 1708 4089 duodecimam
1732 4048 1746 4100 ;
1771 4038 1828 4088 et
1855 4035 1984 4088 tan-

335 4129 488 4199 dem,
508 4130 783 4200 quartum
805 4123 1267 4182 domesticumin
1285 4123 1479 4180 medio
1505 4137 1603 4180 sex
1628 4122 1983 4194 reliquarum

2085 622 2192 691 ρεῖν
2241 614 2296 672 δὲ
2338 616 2532 680 αὐτοὺς
2586 616 2731 682 ἔνθεν
2781 621 3030 675 κᾶκεῖθεν
3069 622 3177 696 πρὸ
3218 629 3320 692 τῆς
3375 621 3596 679 εἰσόδου
3646 625 3742 680 αὐ-

2077 711 2186 762 τῶν
2220 706 2417 770 οὕτως.
2461 711 2550 780 Τῷ
2597 709 2691 781 μὲν
2740 708 2816 764 ἑνὶ
2870 709 3046 765 αὐτῶν
3103 708 3412 786 δομεστίκῳ
3468 714 3581 786 ἅμα
3625 718 3734 770 τῶν

2079 794 2304 870 ψαλτῶν
2336 797 2580 852 ἁπάντων
2634 799 2655 833 ⁴
2706 798 2972 872 στιχίζειν
3020 800 3108 855 ἐπὶ
3158 807 3258 870 τῆς
3309 799 3482 876 δεξιᾶς
3535 803 3732 868 θέσεως

2077 886 2184 940 τῶν
2239 891 2482 961 τερπνῶν
2543 882 2868 944 ἀκουϐίτων·
2920 893 3001 962 τῷ
3059 886 3115 944 δὲ
3202 889 3370 965 ἑτέρῳ
3428 889 3737 966 δομεστίκῳ

2078 973 2252 1029 αὐτῶν
2296 973 2390 1029 σὺν
2440 976 2688 1053 ὀρφανῶν
2741 979 2762 1012 ⁸
2809 976 3080 1049 ἁπάντων,
3129 979 3218 1034 καὶ
3269 979 3428 1034 αὐτὸν
3481 980 3569 1035 ἐπὶ
3630 985 3732 1036 τοῦ

2079 1064 2369 1137 εὐωνύμου
2416 1064 2553 1120 κατὰ
2601 1065 2894 1140 πρόσωπον
2943 1068 3142 1131 θέσεως
3194 1067 3361 1139 οὔσης
3403 1073 3512 1124 τῶν
3563 1067 3745 1125 ἀκου-

2080 1148 2244 1209 6ίτων
2295 1155 2579 1230 στιχίςειν⁸
2632 1155 2860 1231 εἰσάγειν
2931 1153 2989 1212 δὲ
3054 1157 3251 1223 αὐτοὺς
3317 1161 3398 1235 ἐφ’
3465 1159 3732 1236 ἑκατέρων

2079 1248 2186 1300 τῶν
2233 1246 2410 1321 μερῶν
2471 1245 2640 1319 ἄμφω
2692 1247 2784 1300 σὺν
2837 1249 2908 1320 τῇ
2969 1245 3195 1322 εὐλογίᾳ
3233 1253 3331 1303 τοῦ
3368 1249 3741 1325 πατριάρχου,

2080 1341 2432 1410 χοροστατεῖν
2461 1333 2700 1400 ἅπαντας
2730 1338 2866 1412 πρὸς
2915 1338 3218 1417 ἀντίφωνον
3279 1338 3577 1413 μελῳδίαν.
3632 1342 3738 1399 Καὶ

2083 1427 2242 1494 ἡνίκα
2272 1429 2379 1481 τῶν
2415 1428 2463 1501 γ’
2502 1427 2818 1504 ἀντιφωνῶν
2862 1430 2896 1497 ἡ
2947 1427 3250 1505 ἐκερώνησις
3301 1429 3480 1504 λήξει,
3532 1430 3735 1504 ἐξάγειν

2081 1515 2278 1577 αὐτοὺς
2337 1515 2535 1571 έγεῖοεν
2593 1521 2709 1590 ἆμα
2766 1514 2885 1573 ὅθεν
2941 1517 3031 1573 καὶ
3099 1517 3454 1589 ἐληλύθασιν.
3512 1520 3738 1596 Ὠρίσθη

2083 1601 2139 1660 δὲ
2195 1603 2285 1659 καὶ
2332 1607 2478 1680 παρᾶ
2528 1605 2759 1669 Λέοντος
2815 1611 2916 1662 τοῦ
2978 1610 3296 1682 σοφωτάτου
3347 1606 3612 1666 δεσπότου
3662 1609 3741 1673 είς

2082 1691 2311 1749 πλείονα
2369 1692 2523 1768 δόξαν
2577 1697 2665 1751 καὶ
2725 1696 2985 1773 μεγίστην
3045 1697 3391 1774 εὐχαριστίαν
3437 1705 3537 1770 τῆς
3579 1719 3739 1775 περι-

2083 1781 2275 1854 οδικῆς
2321 1783 2527 1856 ταύτης
2572 1785 2662 1840 καὶ
2713 1781 3012 1857 σεϐασμίου
3060 1791 3170 1842 τῶν
3217 1789 3418 1862 ἑορτῶν
3472 1789 3738 1865 εὐωχίας,

2083 1871 2136 1927 ἐν
2173 1877 2242 1947 τῇ
2297 1873 2435 1949 αὐτῇ
2493 1873 2781 1948 τελευταίᾳ
2831 1881 2940 1932 τῶν
2999 1873 3304 1934 ἀκουϐίτων
3365 1879 3547 1951 ἡμέρᾳ
3601 1881 3746 1952 μετὰ

2089 1963 2190 2032 τήν
2218 1962 2515 2038 περαίωσιν
2546 1969 2646 2030 τῆς
2678 1965 2972 2041 λεχθείσης
3002 1971 3110 2023 τῶν
3152 1969 3469 2043 ἀντιφωνῶν
3515 1967 3752 2044 ἀρχαιο-

2089 2049 2403 2126 παραδότου
2461 2061 2650 2124 κοινῆς
2715 2053 3012 2129 μελῳδίας,
3071 2059 3406 2134 συνεισάγειν
3482 2061 3630 2129 ἡμᾶς
3688 2057 3744 2113 ἐν

2088 2145 2169 2213 τῷ
2197 2147 2376 2218 καιρῷ
2401 2147 2510 2198 τῶν
2545 2141 2817 2200 δουλκίων
2841 2147 2967 2208 τοὺς
2999 2144 3042 2202 δ’
3071 2150 3172 2212 τῆς
3206 2145 3473 2225 Μεγάλης
3507 2146 3748 2219 Ἐκκλη-

2091 2230 2209 2292 σίας
2239 2238 2551 2309 περιφανεῖς
2595 2231 2972 2307 δομεστίκους,
3024 2233 3282 2307 δηλονότι
3335 2234 3750 2312 ἠμφιέσμὲνους

2088 2319 2157 2376 τὰ
2213 2320 2390 2376 οἰκεῖα
2444 2323 2621 2378 αὐτῶν
2689 2323 2919 2398 καμίσια
2985 2327 3074 2382 καὶ
3144 2325 3385 2399 φελώνια
3454 2328 3594 2400 μόνα
3658 2327 3752 2382 καὶ

2091 2409 2240 2481 ἰστᾷν
2270 2411 2471 2474 αὐτοὺς
2504 2410 2556 2468 ἑν
2601 2411 2681 2486 τῷ
2743 2414 2892 2487 μέσῳ
2949 2419 3046 2471 τοῦ
3098 2411 3468 2490 περιϐλέπτου
3525 2414 3747 2491 τρικλί-

2091 2520 2187 2554 νου
2235 2503 2372 2556 κατὰ
2420 2499 2692 2557 διάστασιν
2745 2501 2941 2566 οὕτως·
3000 2505 3092 2560 τὸν
3157 2505 3254 2578 μὶν
3319 2508 3366 2561 α’
3427 2503 3749 2580 δομέστικον

2086 2596 2189 2658 τῆς
2235 2587 2542 2664 ἑϐδομάδος
2598 2591 2736 2648 κατᾶ
2791 2594 2954 2666 μέσον
3010 2598 3121 2650 τῶν
3176 2595 3504 2669 ἑκατέρωθεν
3556 2597 3750 2650 τεσσά-

2089 2684 2196 2755 ρῶν
2229 2679 2500 2756 λαμπρῶν
2533 2678 2866 2756 ἀκουϐίτων,
2896 2683 2988 2739 τὸν
3034 2681 3093 2740 δὲ
3133 2683 3227 2740 ἀπ’
3275 2685 3445 2741 αὐτοῦ
3492 2683 3742 2759 δεύτερον

2089 2767 2414 2843 δομέστικον
2461 2772 2598 2826 κατὰ
2656 2773 2821 2845 μέσον
2884 2773 3096 2847 ὁμοίως
3148 2779 3257 2830 τῶν
3313 2774 3406 2829 ἀπ’
3461 2775 3638 2830 αὐτῶν
3702 2771 3747 2829 δ’

2087 2860 2414 2936 ἑκατέρωθεν
2456 2860 2728 2936 λαμπρῶν
2777 2858 3104 2932 ἀκουόίτων,
3153 2865 3246 2920 τὸν
3281 2861 3339 2919 δὲ
3383 2865 3429 2940 γ“
3479 2861 3746 2937 δομέστι-

2085 2970 2180 3004 κον
2208 2949 2376 3006 πάλιν
2408 2951 2618 3024 ὁμοίως
2657 2954 2792 3008 κατὰ
2844 2951 3006 3025 μέσον
3060 2957 3168 3010 τῶν
3210 2955 3299 3010 ἀπ’
3345 2953 3522 3010 αὐτῶν
3573 2950 3750 3010 ἑκατέ-

2088 3041 2256 3114 ρωθεν
2308 3039 2581 3116 λαμπρῶν
2639 3037 2964 3115 ἀκουὸίτων,
3025 3043 3117 3098 τὸν
3179 3040 3237 3098 δὲ
3293 3040 3336 3098 δ’
3384 3043 3522 3100 κατὰ
3583 3042 3742 3118 μέσον

2087 3130 2175 3185 καὶ
2211 3128 2368 3184 αὐτὸν
2398 3134 2504 3185 τῶν
2537 3130 2588 3202 ἐξ
2616 3131 2882 3207 ἑκατέρων
2935 3135 3046 3204 (74)
3104 3137 3285 3209 μερῶν
3333 3132 3422 3188 καὶ
3473 3132 3738 3208 λαμπρῶν

2086 3214 2412 3277 ἂκουϐίτων.
2458 3220 2557 3277 Καὶ
2613 3221 2704 3275 σὺν
2763 3225 2833 3295 τῇ
2893 3222 3161 3278 ἐπινεύσει
3219 3223 3312 3279 καὶ
3369 3221 3600 3300 εὐλογίᾳ
3647 3228 3746 3278 τοῦ

2019 3282 2062 3349 C
2102 3309 2406 3384 ἀγιωτάτου
2482 3311 2643 3382 ἡμῶν
2720 3312 3066 3386 πατριάρχου
3141 3312 3484 3388 ἀπάρχεσθαι
3520 3282 3750 3374 ἀὐτοὺς

2093 3399 2193 3468 τὴν
2223 3398 2408 3472 τιμίαν
2447 3398 2535 3453 καὶ
2592 3399 2840 3474 Θεάρετον
2889 3399 3088 3456 αἷ¹νεσιν
3135 3404 3243 3475 (75)
3287 3404 3388 3470 τήν
3436 3400 3487 3473 ἐξ
3535 3401 3753 3456 οἰκείων

2094 3487 2330 3568 χειλέων
2385 3492 2406 3526 ⁶
2457 3492 2570 3564 (76)
2624 3493 2724 3546 τοῦ
2791 3491 3108 3570 σοφωτάτου
3175 3493 3262 3548 καὶ
3333 3487 3752 3566 θεοπροϐλήτου

2093 3581 2256 3652 ἡμῶν
2320 3577 2590 3654 βασιλέως
2651 3580 2880 3643 Λέοντος
2929 3580 3326 3657 ἐξυφανθεῖσαν,
3375 3582 3466 3638 καὶ
3521 3582 3633 3655 ἅμα
3677 3585 3752 3656 τῇ

2092 3668 2261 3738 αὐτῆς
2312 3668 2617 3746 ἐκφωνήσει
2675 3669 2765 3724 καὶ
2831 3669 3162 3750 πολυτέχνῳ
3223 3678 3325 3742 τῆς
3386 3669 3749 3747 χειρονομίας

2091 3761 2302 3830 κινήσει
2380 3757 2733 3832 ὁμοθυμαδὸν
2811 3763 3050 3826 ἅπαντας
3131 3761 3259 3824 τοὺς
3358 3762 3746 3835 ἀνακειμένους

2089 3846 2234 3921 ᾅδειν
2267 3849 2355 3904 καὶ
2391 3848 2738 3923 συμψάλλειν
2766 3850 2830 3906 τὸ
2863 3850 3023 3926 ῥηθὲν
3057 3852 3200 3927 ἱερὸν
3231 3853 3376 3925 ᾆσμα
3418 3853 3482 3908 τὸ
3529 3851 3590 3907 ἐκ
3639 3873 3744 3925 με·

2092 3942 2366 4014 λισταγῶν
2443 3939 2676 4014 χειλέων
2756 3940 3019 4012 σταλείξαν
3097 3943 3264 3999 ἅπασι
3336 3949 3454 4006 τοῖς
3528 3950 3750 4007 πιστοῖς

2096 4030 2380 4100 ὑπηκόοις.
2415 4029 2569 4087 Μετὰ
2598 4027 2773 4100 δὲτὴν
2828 4031 3124 4107 περαίωσιν
3175 4035 3274 4103 τῆς
3325 4030 3754 4108 δωδεκαημέρου

2091 4119 2294 4190 ταύτης
2335 4123 2444 4174 τῶν
2495 4121 2698 4194 ἑορτῶν
2749 4121 2990 4201 εὐωχίας
3029 4128 3268 4179 τελεῖται
3317 4122 3466 4194 ἄλλη
3522 4125 3751 4200 μεθέορ-

1689 4248 1933 4304 VARl/E
1973 4247 2274 4303 LECTION
2283 4247 2386 4302 ES.

410 4361 433 4400 ‘
462 4358 708 4436 ἁπάντων
741 4375 857 4418 em.
889 4358 981 4430 R.,
1013 4356 1223 4413 ἅπαντα
1252 4357 1378 4416 cod.
1411 4360 1470 4414 et
1517 4357 1609 4413 ed.
1685 4355 1710 4389 ⁵
1758 4354 1849 4409 σὺν
1899 4353 2150 4431 ὀρφανῶν
2202 4370 2316 4411 em.
2374 4354 2468 4425 ἢ,
2500 4355 2591 4410 καὶ
2621 4353 2746 4434 ὀρφ.
2788 4358 2915 4417 eod.
2948 4362 3005 4418 et
3035 4359 3126 4418 ed.
3203 4359 3226 4394 δ
3267 4361 3470 4436 χειρῶν
3511 4360 3661 4432 conj.
3695 4361 3765 4417 Η,

338 4451 442 4508 pro
473 4430 732 4510 χειλέων.

1369 4538 1569 4596 JOAN.
1621 4536 1770 4594 JAC.
1813 4536 2077 4593 REISKII
2129 4535 2724 4594 COMMENTARIUS.

339 4650 638 4792 σοῗράγιον
668 4650 724 4704 in
758 4647 982 4704 Glossis
1022 4644 1286 4703 Nomicis
1335 4645 1603 4702 redditur
1647 4641 1996 4727 ἀποστροφὴ,
2027 4647 2076 4713 D
2103 4661 2157 4700 v.
2191 4642 2410 4716 Alogia.

339 4739 400 4781 rc
430 4725 646 4792 ugium,
683 4727 741 4777 et
776 4720 1024 4792 βοήθεια.
1067 4721 1252 4785 Quam
1302 4717 1554 4792 glossam
1606 4717 2000 4788 egregieillu-
2177 4715 2410 4792 (76)LC_L'

470 4715 646 4792 giitm,
683 4727 741 4794 et
776 4720 1038 4794 βοήθεια,
1067 4721 1252 4794 Quam
1302 4717 1571 4794 glossam,
1606 4715 1835 4788 egregie
1857 4717 2000 4772 illu-

343 4789 490 4852 strat
521 4800 578 4851 et
608 4795 678 4850 ab
711 4789 2002 4865 ipsavicissimﬁdem'auctoritatemqueuap-

344 4867 487 4938 cipit
518 4867 678 4922 locus
707 4860 1005 4938 Spartiani
1033 4863 1092 4917 in
1117 4861 1431 4938 Pescennio
1453 4860 1654 4938 Nigro.
1686 4864 1730 4938 t.
1764 4877 1824 4938 p._
1855 4861 1963 4938 672
1991 4876 2004 4915 :

343 4931 449 4994 Néc
477 4939 589 4993 sibi
617 4931 863 5009 unqu—am
896 4935 980 4991 vel
1009 4934 1425 5009 ροηιναλξοζςῃι,
1451 4934 1770 5009 vel_c_ontr_a
1801 4931 2006 4987 imbres

346 5010 600 5090 quaesiuit
623 5003 751 5090 fecit
780 5005 1140 5090 suffragium,
1166 5005 1264 5090 ubi
1301 5004 1501 5087 Ulicus
1535 5003 1871 5090 Obre‘chtus‘
1885 5019 2006 5084 non

349 5075 816 5151 improbabiliter
841 5075 1079 5151 quidem
1115 5075 1726 5151 guﬂirgiitmﬂconjicit,
1760 5075 2004 5151 audien-

351 5146 461 5205 dus
488 5156 680 5204 tamen
706 5167 822 5206 non
855 5146 964 5206 est.
1005 5151 1085 5206 Du
1113 5146 1300 5216 Gange
1330 5148 1392 5203 in
1421 5146 1612 5204 Gloss.
1643 5146 1761 5218 Lat.
1785 5162 1840 5202 v.
1875 5146 2007 5218 Su]-

347 5221 605 5295 [ragiuni
651 5224 918 5292 exempla
965 5220 1281 5295 congessit,
1325 5219 1385 5274 in
1437 5218 1658 5295 quibus
1709 5217 1840 5295 haec
1893 5234 2004 5295 vox

351 5290 762 5367 praestationem
792 5290 1024 5358 omnem,
1071 5290 1378 5367 auxilium,
1430 5290 1907 5345 alimentationem
1950 5294 2006 5346 et

351 5364 809 5422 sustentationem
841 5368 1034 5418 notat:
1069 5381 1184 5422 auo
1216 5364 1473 5418 remitto.

425 5437 535 5508 (74)
582 5435 676 5508 _Ita
725 5437 878 5508 recte
930 5431 1306 5508 membranas,
1358 5433 1775 5508 Apographum
1831 5431 2009 5488 dabat

348 5503 456 5564 τῶν
488 5506 540 5578 ἐξ
571 5504 917 5581 ἀμφοτέρων..
953 5504 1234 5561 Particula
1263 5503 1313 5572 ἐξ
1346 5503 1430 5581 vel
1465 5503 1557 5581 tiri
1580 5521 1696 5560 non
1749 5510 2003 5581 noceret,

353 5583 404 5637 si
437 5576 684 5637 adesset.
717 5577 827 5634 Sed
858 5576 1324 5650 abessequoque
1356 5577 1486 5633 sine
1528 5577 1741 5632 damno
1791 5579 2002 5647 potest.

353 5653 652 5709 Numerus
684 5651 889 5720 abesse
914 5648 1138 5720 nequit.

428 5723 543 5793 (75)
573 5723 753 5778 Graeci
784 5717 1319 5846 ai’vou<._agpellnnt
1371 5719 1558 5774 laudes
1602 5719 1704 5776 Dei
1747 5720 2000 5788 psalmos.

435 5807 506 5846 nc
538 5790 744 5846 ai'vestc
776 5793 1030 5846 laudatio
1105 5804 1159 5845 et
1187 5803 1286 5846 per
1315 5789 1581 5846 humnos:
1612 5807 1666 5845 v.
1700 5794 1783 5845 Du
1815 5791 2000 5846 Canae

358 5789 506 5851 Hinc
527 5789 744 5852 ἀἶ’νεσις
776 5791 1030 5848 laudatio
1060 5789 1159 5846 Dei
1187 5803 1286 5857 per
1315 5789 1581 5860 hymnos;
1612 5807 1666 5845 ν.
1700 5794 1783 5845 Du
1815 5791 2007 5860 Gange

2177 4715 2487 4799 (76)“Cum
2538 4722 2820 4799 sequatur
2869 4717 3264 4799 ἐξυφανρεῖσαν,
3321 4726 3616 4799 et_sermo
3665 4720 3765 4799 hic

2115 4803 2230 4870 n_on
2246 4790 2340 4870 _sit
2370 4790 2441 4844 de
2470 4801 2645 4846 cantu
2668 4790 3047 4870 imperatoris
3067 4795 3417 4870 Leonis,_sed
3441 4795 3509 4870 de
3533 4793 3763 4851 cantico

2115 4858 2188 4913 ab
2243 4858 2369 4943 ipso
2420 4858 2783 4944 composito;
2827 4865 3028 4944 procul
3069 4865 3247 4922 dubio
3279 4858 3609 4944 "legendum
3634 4872 3764 4944 _est

2113 4932 2796 5014 xupgbv,_nisi_mali‘m_us
2827 4932 3051 5014 dicere,
3094 4932 3388 5014 auctorem
3442 4937 3762 5014 admodum

2112 5002 2332 5082 tragice
2364 5002 2619 5082 locutum
2650 5005 2852 5082 fuisse.
2885 5002 3103 5082 Verum
3154 5009 3392 5082 quidem
3431 5013 3547 5082 est,
3578 5009 3764 5080 impe-

2113 5074 2530 5156 ratoreshaud
2556 5093 2688 5134 raro
2716 5076 2874 5156 ipsos
2915 5080 3146 5137 cantica
3170 5074 3358 5156 'orsos
3421 5074 3605 5137 fuisse
3651 5074 3759 5138 suo

2114 5148 2289 5201 cretui
2326 5150 2458 5224 tam
2516 5149 2583 5224 ln_
2631 5148 2897 5224 ecclesia,
2957 5168 3134 5224 quam
3191 5152 3373 5223 domi,
3407 5157 3473 5209 ut
3530 5156 3762 5209 constat

2113 5216 2619 5312 εξεᾞωθξέρειίει
2649 5216 2903 5312 ίτωξτξίέ
2931 5216 3146 5312 δὲξιυο
3195 5216 3495 5312 cedam:
3523 5241 3576 5297 ρο
3613 5224 3711 5279 491
3744 5241 3759 5312 ξ

2113 5286 2314 5369 Είῴςίεήι
2343 5288 2396 5369 ἐν
2421 5294 2541 5369 ταῖς
2581 5286 2938 5369 ψίαλμῳδ-ίαις
2989 5286 3234 5369 ἐξάρχειν
3283 5299 3391 5369 τῶν
3431 5286 3620 5369 αἶ’νῖον,
3669 5293 3764 5348 καὶ

2120 5356 2333 5442 μ’ᾶλιλον
2366 5359 2535 5442 ᾆτεήέν
2665 5356 2774 5442 ’ποῇ’
2794 5356 3301 5442 Χριστοῖίγεῖἷνῇσει
3334 5367 3396 5442 oi:
3413 5373 3532 5442 ‘tﬁg
3568 5356 3766 5439 ἑορτῆς

2113 5430 2333 5492 κανόνες
2365 5430 2705 5510 ἐ-ψᾴλλοντο,
2727 5430 2956 5494 Ξεάᾘὶο
2987 5430 3100 5495 non
3133 5430 3346 5496 dicitur
3377 5430 3485 5496 Leo
3519 5430 3770 5510 hymnos

2115 5520 2356 5584 exorsus
2378 5506 2580 5584 fuisse,
2613 5509 2713 5563 sed
2733 5515 3002 5584 cantores
3023 5511 3304 5568 dicuntur
3329 5506 3612 5584 hymnum
3637 5511 3769 5584 ejus

2115 5579 2388 5654 manibus
2419 5582 2652 5654 textum
2676 5581 3019 5653 calamoque
3047 5585 3175 5654 ejus
3213 5579 3518 5640 exaratum
3563 5579 3767 5639 ordiri.

2113 5647 2352 5724 celeber
2383 5655 2572 5706 autem
2631 5651 2743 5708 Leo
2787 5647 3022 5723 sapiens
3075 5647 3167 5711 Est
3222 5656 3373 5712 inter
3421 5655 3773 5724 bymnogra-

2114 5718 2538 5846 ggggtgraacos,
2591 5728 2655 5780 ut
2705 5740 2774 5780 ex
2819 5718 2983 5783 Actis
3031 5731 3394 5796 sanctorum,
3425 5718 3524 5784 ι.“Ι
3581 5718 3768 5792 Junii,
