4124 6376
390 437 542 496 i387
1458 425 1972 490 CONSTANTINI
2017 427 2040 486 1

2158 425 2550 488 )RPHYROG
2561 428 2654 488 EN
2661 427 2769 488 ITI
3647 430 3676 490 1
3688 427 3809 489 388

386 573 445 625 et
471 567 840 624 introducere
870 570 1045 637 atque
1092 565 1340 622 educere
1389 563 1462 618 ab
1496 561 1754 641 [antiqua
1785 565 1951 633 parte
1981 561 2038 616 in

2158 565 2266 615 τῶν
2324 558 2781 638 σκηπτροφόρων,
2839 555 3228 634 δρακοναρίων,
3287 557 3675 638 σημειοφόρων
3717 560 3812 616 καὶ

392 657 510 714 suis
541 656 874 712 mutatoriis
905 660 962 711 et
1011 653 1444 726 chlamydibus.
1491 651 1932 707 Attendendum
1959 659 2040 708 est

2158 652 2518 732 σιγνοιρόρωνο
2579 651 2814 726 εἰσάγειν
2873 647 2930 706 δὲ
2991 649 3187 713 αὐτοὺς
3245 648 3483 713 ἅπαντας
3528 651 3663 725 μετὰ
3700 655 3810 706 τῶν

385 748 456 803 ad
488 747 688 818 organi
719 746 996 811 sonitum,
1047 759 1386 816 omnesque,
1422 742 1516 797 ubi
1552 742 1608 797 id
1654 741 1910 813 desierit,
1936 742 2035 813 ju-

2158 740 2366 796 οἶκείιυν
2436 739 2830 813 ἀλλαξιμᾶτων
2878 738 3057 815 χωρὶς
3114 742 3224 793 τῶν
3281 737 3606 814 χλανιδίων,
3677 741 3812 802 τοὺς

381 837 556 892 bendi
586 852 828 908 surgere
858 837 930 892 ad
981 835 1227 890 dicenda
1274 833 1534 888 dominis
1571 831 1720 887 bona
1751 831 1948 898 verba,
1982 837 2039 888 et

2158 827 2208 884 δὲ
2244 833 2345 884 τοῦ
2393 827 2631 900 ἡλιακοῦ
2669 831 2786 904 (81)
2830 827 3178 904 παραστάτας
3237 829 3373 901 μετὰ
3423 832 3535 884 τῶν
3587 827 3807 884 οἰκείων

382 925 562 981 simul
594 943 730 980 suas
760 923 1100 993 chlamydes
1129 938 1356 990 exuere,
1404 937 1527 992 quae
1564 920 1800 975 demum
1835 937 2039 976 rursus

2158 919 2494 995 σκαραμαγγί
2503 941 2577 976 ων
2590 964 2603 977 .

380 1017 714 1072 induuntur
739 1015 992 1070 intrante
1023 1014 1208 1069 missu
1231 1011 1593 1078 dulciorum;
1621 1013 1774 1081 quod
1801 1027 1866 1066 eo
1901 1010 2066 1076 tit,ut
2095 1010 2152 1066 in
2180 1012 2297 1067 illis
2327 1029 2532 1068 rursus
2565 1011 2764 1068 eodem
2785 1025 3015 1078 omnes,
3039 1025 3153 1082 quo
3182 1008 3559 1076 intraverant,
3581 1009 3809 1080 ordine,

383 1111 606 1160 exeant.
639 1105 790 1159 439
849 1103 1130 1174 Equestre
1185 1106 1504 1169 certamen,
1556 1100 1712 1172 quod
1773 1100 2054 1171 consequi
2113 1103 2509 1172 exceptorium
2572 1100 2741 1168 solet,
2802 1100 3098 1172 perficitur
3153 1098 3334 1156 altero
3394 1099 3658 1172 proximo
3687 1100 3810 1170 die,

382 1209 567 1264 eoque
621 1195 804 1258 finito,
855 1192 1181 1247 instituitur
1218 1191 1546 1245 convivium
1599 1189 1658 1244 in
1712 1188 1965 1244 triclinio
2023 1189 2466 1254 calbismatum,
2502 1191 2573 1246 ad
2633 1192 2790 1262 quod
2845 1191 3089 1245 invitare
3127 1195 3356 1262 oportet
3381 1189 3656 1246 convivas
3706 1189 3811 1246 do-

385 1282 559 1338 minis
591 1284 814 1338 futuros
849 1297 947 1353 pro
980 1280 1295 1352 capacitate
1329 1295 1538 1334 mensae
1589 1280 1964 1348 magistratus
2011 1294 2078 1334 ex
2118 1281 2276 1336 omni
2317 1285 2522 1336 senatu
2565 1280 2837 1347 delectos,
2873 1283 2936 1335 ut
2967 1279 3294 1352 magistros,
3329 1279 3630 1349 patricios,
3675 1295 3818 1350 pre-

381 1374 622 1444 positos,
664 1370 965 1434 ofﬁciales,
999 1369 1383 1441 primicerios,
1425 1367 1716 1432 ostiarios,
1767 1366 2102 1437 imperiales
2153 1369 2647 1441 protospatharios
2699 1385 2816 1423 una
2863 1384 2999 1424 cum
3050 1371 3313 1424 actuario
3366 1373 3423 1423 et
3480 1367 3818 1440 deesiogra-

379 1463 493 1534 pho
538 1477 639 1516 seu
691 1461 879 1516 scriha
920 1458 1247 1514 libellorum
1307 1458 1636 1529 supplicum
1682 1462 1737 1511 et
1784 1456 1990 1512 beliaci
2054 1460 2358 1530 parastatis
2408 1477 2510 1515 seu
2554 1458 2754 1515 solarti
2787 1460 3292 1526 observatoribus;
3354 1459 3492 1514 item
3551 1469 3814 1531 sceptro-

375 1553 610 1623 phoros,
659 1550 1055 1619 draconarios,
1115 1548 1465 1604 vexilliferos
1522 1555 1579 1602 et
1632 1547 1959 1619 signiferos.
2024 1548 2484 1606 Introducuntur
2537 1550 2593 1605 hi
2625 1566 2828 1606 omnes
2885 1566 3022 1606 cum
3083 1549 3207 1605 suis
3269 1549 3626 1618 mutatoriis,
3660 1550 3816 1607 abs-

384 1658 497 1714 que
522 1641 770 1708 tunicis;
807 1639 912 1695 SOll
946 1638 1150 1694 heliaci
1189 1643 1492 1706 parastatae
1524 1636 1582 1692 in
1607 1639 1731 1693 suis
1763 1639 2208 1710 scaramangiis.

940 1727 1120 1781 Iliense
1150 1727 1474 1782 Februario.

453 1820 726 1876 Secundo
775 1819 868 1874 die
914 1817 1230 1886 Februarii,
1265 1834 1380 1888 quo
1416 1817 1627 1872 festum
1677 1815 2038 1890 hypapantes

379 1911 502 1982 [seu
538 1926 815 1965 occursus
861 1908 1090 1963 Domini
1126 1907 1313 1962 nostri
1347 1906 1482 1962 Jesu
1522 1907 1736 1962 Christi
1766 1909 1852 1963 vel
1889 1907 2041 1978 puri-

383 1999 669 2055 ﬁcationis
700 1999 762 2053 Β.
798 1995 1072 2068 Virginis]
1103 1996 1161 2051 in
1204 1996 1541 2051 Blacbernis
1581 1995 1932 2060 celebratur,
1969 1997 2038 2051 ﬁ-

388 2092 628 2161 nitaque
653 2087 961 2160 Splendida
1012 2086 1403 2157 processione,
1449 2086 1778 2141 instituitur
1808 2103 2038 2142 sacrum

382 2180 712 2235 convivium
751 2179 808 2231 in
843 2176 1054 2231 illustri
1089 2176 1188 2231 illo
1222 2176 1495 2241 triclinio,
1524 2179 1676 2244 quod
1713 2176 1849 2230 olim
1872 2175 2041 2232 Ocea-

384 2286 497 2324 nus
541 2267 948 2340 appellabatur
979 2281 1156 2335 super
1201 2282 1404 2320 mensa
1437 2265 1711 2335 peculiari
1739 2285 1753 2335 ;
1789 2265 1862 2320 ad
1892 2267 2043 2335 quod

381 2357 634 2414 invitare
665 2361 894 2428 oportet
924 2360 1165 2424 amicos,
1199 2356 1268 2410 de
1317 2361 1523 2411 senatu
1572 2364 1854 2428 quotquot
1884 2372 2043 2412 cam-

382 2448 557 2518 pagia
590 2451 822 2517 gerunt,
859 2454 919 2500 ut
962 2445 1296 2515 magistros,
1332 2447 1735 2514 proconsules,
1772 2444 2043 2518 praeposi-

391 2541 499 2601 tos,
529 2537 821 2607 patricios,
843 2534 1138 2600 olﬁciales,
1162 2534 1494 2602 imperiales
1520 2535 2043 2608 protospatharios,

393 2632 904 2697 protoasecretam,
929 2623 1287 2679 chartulariu
1301 2641 1348 2678 m
1384 2625 1812 2695 excubitorum,
1841 2643 2047 2681 consu-

390 2715 494 2779 les,
528 2715 855 2779 vestitores,
891 2713 1261 2784 silentiarios,
1313 2713 1658 2769 allaxemata
1699 2714 1824 2786 [sue
1867 2715 2046 2787 magi-

389 2811 632 2871 stratus,
664 2804 881 2875 quibus
921 2819 1256 2874 comparere
1305 2804 1360 2858 in
1419 2806 1749 2859 mutatoriis
1784 2803 1942 2877 licet]
1977 2821 2045 2860 ex

394 2903 645 2966 quatuor
674 2894 1034 2964 tagmatibus
1066 2910 1167 2948 seu
1211 2894 1521 2951 ordinibus
1571 2893 1929 2950 militaribus
1957 2912 2046 2951 co-

399 2977 851 3051 mitat‘ensibus;
874 2983 932 3037 in
965 2982 1306 3038 universum
1338 2989 1603 3056 tot,quot
1623 3000 1828 3054 capere
1846 3001 2046 3040 mensa

2068 1728 2116 1793 B

2685 1727 2831 1798 Μηνὶ
2882 1720 3271 1802 Φεϐρουαρίῳ.

2223 1821 2302 1891 Τῇ
2346 1813 2402 1872 δὲ
2444 1814 2664 1892 δευτέρᾳ
2704 1815 2886 1892 ἡμέρᾳ
2923 1820 3020 1872 τοῦ
3061 1813 3441 1892 Φεϐρουαρίου
3484 1815 3659 1890 μηνὸς
3684 1816 3814 1892 sop-

2147 1907 2455 1978 ταζομένης
2504 1913 2605 1975 τῆς
2642 1907 2990 1974 Ὑπαπαντῆς
3028 1903 3126 1960 τοῖ’)
3168 1904 3370 1980 Κυρίου
3425 1906 3586 1978 ἡμῶν
3626 1907 3815 1975 Ἰησοῦ

2152 1994 2393 2068 Χριστοῦ
2441 1992 2494 2048 ἐν
2545 1993 2916 2070 Βλαχέρναις,
2972 1993 3064 2049 καὶ
3115 1991 3455 2067 τελουμένης
3510 2000 3613 2063 τῆς
3667 1995 3821 2068 λαμ.-

2152 2088 2294 2156 πρᾶς
2341 2081 2742 2161 προελεύσεως,
2782 2082 3019 2139 τελεῖται
3051 2082 3114 2138 τὸ
3169 2081 3455 2158 βασιλικὸν
3495 2080 3816 2158 κλητώριον

2155 2174 2230 2236 εἷς
2266 2175 2360 2229 τὸν
2399 2168 2769 2248 περίϐλεπτον
2822 2171 3102 2248 τρίκλινον
3159 2172 3252 2227 τὸν
3321 2172 3571 2228 Ὠκεανὸν
3633 2171 3813 2228 πάλαι

2153 2262 2518 2335 ἐπικληθέντα
2595 2264 2683 2318 ἐπὶ
2780 2263 3098 2332 ἆποκοπτῆς
3197 2261 3495 2338 τραπέζης,
3569 2263 3661 2317 καὶ
3729 2259 3819 2318 δεῖ

2153 2355 2301 2425 ἡμᾶς
2365 2351 2696 2428 εὐτρεπίζειν
2745 2350 2821 2412 εἲς
2881 2349 3211 2407 συνεστίασιν
3251 2354 3360 2406 τῶν
3405 2348 3674 2425 βασιλέων
3718 2351 3812 2430 φί-

2155 2441 2287 2503 λους
2353 2440 2412 2496 ἐκ
2475 2446 2580 2496 τῶν
2643 2440 3052 2518 συγκλητικῶν,
3119 2439 3246 2503 τοὺς
3327 2441 3432 2495 ὑπὸ
3499 2441 3819 2517 καμπᾶγιον

2153 2533 2380 2596 πάντας,
2452 2533 2570 2586 οἷον
2645 2530 3002 2607 μαγίστρους,
3080 2531 3434 2601 ἀνθυπάτους,
3514 2531 3816 2608 πραιποσί-

2152 2623 2302 2690 τοὺς,
2343 2619 2688 2698 πατρικίους,
2747 2618 3158 2699 ὀφφικιαλίους,
3214 2618 3536 2695 βασιλικοὺς
3589 2640 3818 2695 πρωτο-

2157 2709 2506 2785 σπαθαρίους,
2585 2708 3010 2785 συγκλητικοὺς,
3104 2709 3196 2764 τὸν
3292 2712 3816 2785 πρωτοασηκρήτις,

2155 2798 2561 2878 χαρτουλάριον
2629 2805 2736 2856 τῶν
2806 2796 3159 2873 ἐξκουϐίτων,
3221 2799 3483 2869 ὑπατους,
3550 2801 3817 2876 βεστήτοο

2155 2911 2272 2966 ρας,
2328 2888 2746 2964 σιλεντιαρίους,
2791 2887 3140 2963 ἀλλαξίματκ
3187 2891 3302 2963 (82)
3350 2889 3410 2945 ἐκ
3455 2893 3565 2945 τῶν
3597 2910 3820 2968 ταγμα-

2153 2985 2321 3036 τικῶν
2362 2980 2670 3057 ἀρχόντων,
2737 2980 2829 3035 τὸν
2877 2978 3110 3053 ἀριθμὸν
3173 2979 3310 3034 κατᾶ
3370 2978 3432 3033 τὸ
3493 2979 3664 3034 ποσὸν
3712 2986 3814 3050 τῆς

400 3072 1083 3145 potest.lntroducuntur
1099 3077 1155 3127 et
1185 3073 1514 3128 educuntur
1543 3088 1676 3128 cum
1710 3073 1833 3129 suis
1858 3079 2040 3130 muta-

2158 3072 2452 3146 τραπέζης’
2494 3069 2726 3145 εἰσάγειν
2783 3066 2841 3124 δὲ
2887 3068 3081 3132 αὐτοὺς
3127 3068 3216 3124 καὶ
3264 3067 3470 3143 ἐξάγειν
3524 3068 3661 3141 μετὰ
3702 3072 3807 3124 τῶν

2194 3159 2208 3176 9
2287 3161 2296 3176 1
2441 3159 2488 3176 ,ἢ
2520 3173 2526 3176 .
2584 3164 2605 3176 ο
2697 3159 2708 3176 Ι
3039 3156 3052 3174 \
3168 3161 3194 3173 υ
3337 3156 3359 3176 Ὗ
3470 3155 3523 3176 Ιθ
3779 3159 3793 3176 ι

392 3163 560 3218 toriis
592 3162 814 3234 absque
848 3160 1273 3232 chlamydibus,
1307 3162 1553 3233 quisque
1597 3163 1922 3219 secundum
1955 3165 2047 3219 di-

393 3253 673 3326 gnitatem
708 3253 796 3307 sui
828 3253 1062 3323 gradus.

883 3343 1173 3396 Dominica
1201 3341 1552 3412 carnt'priviz'.

464 3431 768 3486 Dominica
835 3429 1166 3500 carniprivii
1227 3447 1341 3486 non
1402 3437 1626 3502 Oportet
1684 3431 1756 3487 ad
1813 3449 2042 3488 sacram

395 3535 661 3576 mensam
696 3520 916 3574 amicos
948 3519 1211 3574 invitare.
1239 3520 1403 3583 Quod
1435 3523 1586 3575 enim
1621 3526 1761 3576 tunc
1796 3522 2046 3578 institui-

390 3615 486 3665 tur
508 3607 1722 3682 convivium,subministraturpauperibus
1745 3611 1801 3665 in
1819 3613 2039 3683 upside,

382 3699 663 3770 solosque
724 3713 864 3753 suos
915 3695 1238 3752 familiares
1286 3702 1342 3753 et
1391 3703 1671 3770 cognatos
1721 3701 2044 3772 imperator

2159 3159 2375 3215 οἶκείων
2431 3159 2845 3232 ἆλΛαξιμάτων,
2909 3156 3086 3234 χωρὶς
3127 3161 3236 3213 τῶν
3292 3155 3626 3236 χλαμύδων,
3675 3159 3806 3214 κατὰ

2153 3253 2256 3322 τήν
2289 3252 2500 3323 ἑκάστῳ
2538 3253 2849 3325 προσοῦσαν
2879 3255 2982 3318 τῆς
3021 3245 3184 3318 δόξης
3215 3247 3389 3319 ἀξίαν.

2620 3342 2862 3415 κυριακῇ
2891 3345 2993 3409 τῆς
3044 3339 3336 3413 ἆποκρέας.

2225 3433 2310 3498 Τῆ
2360 3427 2416 3486 δὲ
2458 3432 2698 3506 Κυριακῇ
2746 3434 2846 3498 τῆς
2885 3431 2993 3482 τῶν
3053 3430 3226 3503 κρεῶν
3275 3427 3540 3489 ἀπουσίας
3571 3425 3658 3482 ἐπὶ
3700 3427 3802 3499 μὶν

2151 3529 2251 3591 τῆς
2305 3518 2592 3596 βασιλικῆς
2633 3517 2904 3594 τραπέζης
2972 3516 3168 3594 φίλους
3233 3517 3298 3572 οὐ
3368 3515 3452 3572 δεῖ
3515 3514 3808 3590 συγκαλεῖ-

2151 3614 2292 3670 σθαι.
2347 3611 2423 3668 Τὸ
2487 3609 2591 3685 γὰρ
2654 3605 2786 3663 αὑτὸ
2837 3605 3152 3683 κλητώριον
3219 3611 3336 3669 τοῖς
3420 3605 3640 3676 πένησιν
3703 3607 3814 3686 ὑφ-

2150 3698 2422 3756 απλοῦται
2473 3697 2526 3752 ἐν
2573 3700 2640 3772 τῇ
2702 3693 2854 3771 ἆψίδι
2913 3697 3049 3770 (83),
3103 3695 3193 3751 καὶ
3230 3696 3395 3769 μόνος
3456 3695 3484 3750 ὁ
3545 3696 3812 3770 βασιλεὺς

1436 3817 1632 3874 JOAN.
1671 3816 1817 3872 JAC.
1861 3818 2119 3877 REISKII
2159 3814 2750 3876 COMMENTARIUS.

391 3906 573 3964 randa
604 3921 708 3961 vox
749 3905 885 3978 ῥοκᾶ
928 3905 1015 3980 vel
1049 3901 1238 3980 ῥοκκᾶ,
1284 3908 1434 3980 quod
1490 3907 1575 3963 Du
1626 3909 1817 3980 Gange
1867 3908 2051 3966 inter-

391 3983 651 4051 pretatur
679 3981 895 4049 petilio,
935 3979 1154 4051 libellus
1202 3979 1452 4051 supplex
1506 3979 1771 4051 principi
1815 3981 2048 4048 oblatus,

399 4047 690 4124 ἀναφοραὶ(
723 4055 793 4124 et_
831 4047 1053 4124 afoga
1094 4047 1337 4124 derivat.
1367 4050 1472 4105 Sed
1506 4047 1612 4106 ‘est
1648 4047 1756 4106 vox
1806 4047 2049 4108 Arabica

399 4120 718 4178 schedulam
748 4120 1110 4192 signiﬁcans,
1135 4138 1207 4175 un
1240 4123 1415 4177 billel.

475 4194 587 4264 (81)
636 4195 698 4248 In
753 4190 1112 4264 membranis
1161 4199 1217 4247 et
1263 4194 1597 4264 apographo
1639 4200 1764 4250 erat
1815 4190 1944 4264 Κλιξ
1994 4199 2052 4252 et

401 4260 577 4335 paulo
610 4271 734 4338 post
758 4260 990 4338 κλιακοῦ
1025 4265 1268 4338 integris
1301 4260 1531 4330 litt—eris,
1557 4267 1624 4320 ad
1651 4283 1821 4338 quem
1853 4260 2046 4337 poste-

401 4339 608 4408 riorem
657 4335 849 4408 locum
903 4337 973 4391 cl.
1029 4336 1235 4391 Leiche
1286 4338 1342 4391 in
1394 4335 1948 4408 margine‘ascripto
1975 4355 2050 4394 an

399 4405 684 4473 ἡλιακοῦῗ
733 4416 948 4463 rectum
1011 4408 1160 4462 feriit
1218 4411 1276 4462 et
1327 4410 1614 4479 sagaciter
1676 4405 2041 4480 conjectavit.

398 4480 561 4546 Saape
591 4479 743 4535 enim
777 4481 822 4534 Η
850 4484 907 4534 et
936 4481 978 4534 Κ
1009 4480 1324 4550 permutari
1357 4497 1388 4534 a
1419 4479 1693 4547 librariis,
1726 4479 1898 4537 mede
1928 4481 2045 4537 dixi

396 4556 453 4606 et
478 4552 592 4607 alio
623 4551 884 4621 exemplo
913 4551 1323 4607 demonstravi.

468 4623 578 4694 (82)
610 4624 922 4688 Mulaloria,
959 4623 1014 4678 id
1057 4628 1163 4691 est,
1215 4624 1389 4686 viros,
1447 4623 1661 4694 quibus
1705 4641 2045 4694 comparere

393 4693 450 4748 in
486 4695 816 4750 mutatoriis
849 4697 1002 4751 licet.
1037 4695 1132 4750 Sic
1166 4695 1335 4749 hodie
1359 4693 1646 4764 ehapeaux
1674 4693 2044 4767 appellamus

392 4781 603 4834 mares,
659 4782 908 4838 quorum
971 4767 1272 4839 proprium
1323 4774 1628 4839 gestamen
1691 4776 1822 4822 sunt
1881 4769 2039 4839 pilei,

391 4839 639 4909 chapeau
677 4836 864 4907 rouge
922 4836 1024 4908 pro
1084 4836 1412 4909 cardinal}
1444 4840 1534 4909 ita
1583 4854 1817 4909 quoque
1873 4836 2041 4896 Anna

390 4908 684 4965 Comnena
711 4904 869 4965 Alex.
1034 4910 1156 4983 401,
1209 4907 1344 4980 μετὰ
1393 4904 1487 4983 δύο
1537 4904 2036 4983 χλαμῦδωθόὶκίι,

389 4984 537 5054 quod
568 4998 652 5054 ex
706 4983 1000 5038 sententia
1024 4989 1080 5037 et
1111 4982 1583 5047 interpretatione
1617 4982 1696 5037 Du
1731 4984 1928 5054 Cangii
1964 4985 2036 5039 ad

387 5049 648 5123 Joinvill.
685 5071 738 5122 p.
771 5054 893 5117 160,
928 5055 1079 5108 idem
1130 5057 1283 5108 valet
1329 5061 1502 5123 atque
1543 5069 1670 5109 avee
1699 5049 2038 5112 deum—colles

388 5121 650 5185 d’armes,
708 5123 1040 5180 c'esl-a-dire
1095 5141 1222 5198 aveo
1266 5121 1426 5198 deus}
1487 5125 1837 5188 chevaliers;
1896 5127 2036 5198 quia

387 5207 558 5246 nemo
592 5199 713 5268 tum
750 5199 1024 5268 temporis
1055 5197 1149 5267 jus
1181 5197 1431 5251 habebat
1465 5204 1670 5268 praeter
1702 5197 1942 5259 milites.
1974 5199 2032 5254 id

383 5271 473 5318 est
520 5265 766 5338 equites,
803 5265 1009 5338 loricas
1056 5265 1350 5338 'gestantli.
1408 5265 1492 5323 Ita
1536 5273 1690 5324 scuta
1745 5287 1847 5338 pro
1897 5270 2035 5326 viris

380 5336 936 5414 scuta/is._ltmnnizo
983 5339 1042 5391 in
1073 5336 1214 5394 "vita
1248 5339 1546 5414 Mathildis
1578 5357 1590 5394 :
1626 5336 1767 5395 exiit
1797 5356 1826 5396 ε
1878 5344 2035 5397 Lucis

379 5425 500 5462 cum
552 5406 865 5480 quingentis
888 5479 891 5480 ν
913 5423 1120 5480 quoque
1149 5411 1334 5464 scutis.
1372 5413 1710 5466 Testimonia
1744 5430 1844 5480 pro
1877 5423 2033 5469 testes

377 5485 452 5554 (_v.
495 5482 572 5533 llu
612 5480 800 5554 Cinge
831 5478 919 5532 Gl.
960 5479 1081 5533 Lat.
1131 5497 1183 5534 ν.
1227 5482 1583 5554 Αςῌιναγηὶνρ,
1630 5478 1758 5554 ῳ]ιρ
1808 5489 1896 5538 est
1925 5501 2033 5540 vox

378 5551 744 5614 Germanica,
805 5566 1109 5617 (mrumen;
1156 5569 1207 5604 ν.
1273 5553 1495 5609 Frisob.
1549 5551 1664 5609 Lei
1717 5555 1913 5610 Germ.
1975 5573 2029 5612 v.

379 5625 634 5696 ﬁumen),
670 5624 917 5696 barbatae
951 5638 1052 5696 pro
1099 5621 1235 5676 viris
1265 5622 1602 5696 ‘barbutatis
1633 5642 1734 5682 seu
1766 5626 2028 5696 galeatis.

380 5689 520 5746 Nam
553 5689 860 5748 Arabicum
894 5689 1107 5756 barbal,
1140 5693 1319 5762 (unde
1349 5696 1624 5762 barbiton,
1667 5689 2028 5755 instrumen-

380 5764 509 5816 tum
537 5762 852 5830 musicum,
875 5769 933 5818 et
957 5763 1205 5834 barbata,
1229 5764 1410 5830 navis,
1427 5762 1656 5835 γαῦλος,
1680 5774 1737 5824 et
1761 5769 2027 5838 barbata,

2075 4467 2122 4533 D
2156 4484 2292 4551 bat;
2337 4467 2571 4554 agnalus
2615 4496 2686 4537 ea:

2158 3910 2344 3984 galea)
2375 3924 2549 3984 omne
2597 3906 2987 3984 ventricosum
3039 3905 3345 3984 n_ot_at,_ad
3387 3905 3816 3984 rotunditatem

2158 3977 2459 4038 accedens.
2492 3980 2708 4035 Charta
2738 3983 2906 4034 vetus
2936 3978 3091 4050 apud
3118 3978 3202 4033 Du
3236 3977 3522 4048 Cangium
3541 3977 3630 4032 Gl.
3660 3978 3723 4036 L.
3747 3977 3811 4036 b.

2157 4071 2210 4109 ν.
2252 4069 2264 4107 :
2299 4054 2497 4108 habere
2542 4057 2758 4106 tenetur
2813 4051 2932 4105 suis
2980 4051 3231 4120 expensis
3278 4053 3499 4104 tantum
3549 4050 3816 4107 barbulas

2156 4130 2482 4191 tercentum,
2517 4123 2623 4178 hoc
2653 4129 2738 4177 est
2770 4120 2986 4176 milites
3017 4121 3286 4176 barbutis
3315 4125 3593 4188 armatos,
3623 4126 3691 4177 ut
3719 4121 3809 4178 Du

2157 4197 2347 4269 Gange
2389 4195 2614 4269 ibidem
2673 4193 2934 4269 ait,_qu_i
2966 4198 3023 4269 et
3068 4191 3334 4269 conf._in
3367 4196 3666 4269 trusus.
3711 4194 3812 4269 Sic

2156 4263 2529 4339 appéllabant
2557 4280 2757 4322 sexum
2792 4263 3162 4339 femininum,
3195 4267 3261 4319 ut
3306 4264 3364 4339 in
3397 4264 3527 4333 ejus
3567 4263 3810 4339 opposi-

2155 4335 2312 4396 ti‘o'ne
2341 4341 2593 4395 lanceam
2622 4351 2827 4393 sexum
2857 4335 3104 4393 virilem.
3139 4336 3458 4393 Hereditas
3505 4338 3588 4391 ad
3608 4335 3810 4406 fusum

2151 4414 2396 4468 transire
2425 4428 2460 4464 a
2491 4415 2652 4481 parte
2683 4409 2911 4477 lanceae,
2945 4409 3177 4481 quando
3208 4407 3282 4462 ad
3323 4407 3473 4481 ﬁlias
3503 4409 3810 4479 pervenie-

2767 4487 2896 4535 arle
2931 4479 3110 4550 gladii
3155 4495 3256 4536 seu
3307 4479 3437 4546 viri,
3479 4485 3536 4535 et
3563 4487 3813 4549 agnata:

2157 4570 2228 4610 ex
2254 4551 2410 4623 parte
2427 4555 2541 4626 fusi
2582 4569 2684 4626 seu
2719 4551 2970 4626 feminae,
3002 4557 3094 4608 est
3132 4551 3199 4626 in
3232 4551 3467 4626 speculo
3497 4551 3807 4626 Saxonico.

2155 4621 2371 4698 Θώρακι
2419 4621 2703 4698 πυκτεύειν
2777 4623 3060 4698 adversus
3123 4621 3810 4698 limpdxttnvtlorlealum

2158 4693 2383 4768 luelari,
2418 4697 2591 4754 habet
2618 4695 2981 4768 Artemidor._
3005 4693 3237 4768 p.__121‘,
3282 4710 3413 4766 cap.
3461 4693 3552 4762 33,
3599 4694 3701 4751 lin.
3736 4697 3807 4768 13

2153 4769 2341 4826 Medio
2370 4763 2538 4839 'aevo,
2599 4775 2658 4824 ut
2705 4767 2887 4824 Graeci
2931 4763 3302 4838 ἀλλαξίματα,
3352 4763 3658 4839 ξηαιαιονιά
3712 4767 3807 4824 vel

2148 4844 2441 4912 paraloria
2472 4839 2847 4912 appellabant
2876 4846 3192 4905 senatores,
3235 4840 3319 4912 sic
3351 4838 3534 4912 Latini
3556 4854 3808 4912 quoque

2149 4909 2385 4970 eosdem
2417 4909 2794 4984 appellabant
2819 4914 3101 4984 paralicos
3148 4916 3219 4984 et
3248 4909 3497 4966 homines
3532 4909 3600 4965 de
3641 4927 3808 4981 para-

2148 4988 2271 5040 lieo.
2327 4986 2391 5041 In
2451 4982 2653 5039 charta
2707 4986 2858 5055 apud
2911 4985 2989 5037 du
3035 4982 3328 5055 iCangium
3384 4989 3807 5055 comparantur

2146 5058 2398 5113 homines
2427 5056 2492 5112 de
2525 5053 2776 5127 paralicb
2811 5053 3126 5109 hominibus
3171 5053 3237 5110 de
3281 5069 3476 5127 genere
3511 5054 3761 5127 militari
3781 5075 3805 5124 ;

2144 5130 2264 5184 vid.
2322 5145 2379 5184 ν.
2441 5125 2746 5199 Paragium
2795 5131 2852 5199 et
2889 5127 3179 5199 ΔΡιυίιιιίσί,
3233 5126 3332 5199 ubi
3363 5125 3516 5180 velut
3544 5125 3796 5199 college

2144 5205 2544 5256 memorantur
2571 5195 2944 5263 credenderii,
2979 5196 3032 5251 οἱ
3074 5195 3332 5266 πιστινοί,
3365 5197 3615 5266 consules
3653 5195 3804 5253 υιὲἰ-

2143 5272 2391 5338 uiarum,
2480 5269 2532 5324 cl
2604 5267 3001 5344 γειτονιάρχαι,
3079 5271 3341 5341 paralict',
3417 5267 3486 5322 τὰ
3564 5265 3803 5343 ἆλλαξί-

2148 5363 2310 5415 ματα.
2344 5351 2400 5398 et
2420 5343 2657 5414 judz’ces.

2215 5416 2328 5488 (83)
2361 5411 2686 5488 Quamnam
2735 5411 2999 5488 apsidem
3033 5429 3135 5468 seu
3170 5413 3449 5488 fornicem
3484 5412 3801 5488 intelligat,

2143 5487 2414 5558 palatitne
2445 5505 2518 5542 an
2553 5487 2609 5542 S.
2655 5487 2896 5558 Sophim,
2937 5502 3221 5558 pronaum
3263 5487 3439 5558 (nam,
3471 5487 3616 5541 atria
3646 5492 3802 5543 tem-

2184 5559 2398 5629 lorum,
2424 5564 2489 5614 ut
2517 5553 2805 5629 apsidata,
2829 5553 3002 5612 etiam
3035 5553 3229 5629 ἀψίδας
3255 5553 3533 5629 appellari
3566 5573 3602 5614 a
3633 5558 3802 5615 novis

2194 5633 2355 5686 raecis
2408 5636 2652 5687 testatur
2681 5629 2791 5686 Th.
2827 5629 3054 5701 iSmith.
3103 5629 3174 5701 in,
3218 5630 3398 5701 Epist.
3439 5631 3513 5687 de
3542 5629 3802 5687 Ecclesia

2139 5699 2385 5775 Graeca),
2419 5719 2492 5758 an
2523 5701 2778 5775 denique
2820 5700 3048 5775 Milium
3093 5700 3182 5775 vel
3222 5699 3454 5774 aliquod
3493 5701 3653 5759 aliud
3685 5718 3796 5775 pu-

2138 5771 2358 5830 blicum
2390 5771 2725 5845 aedificium,
2758 5773 2892 5844 quis
2923 5771 3175 5831 dixerit?
