4124 6392
322 516 478 576 1389

1197 518 1296 577 DE
1338 518 1798 580 CERIMONIIS
1839 519 2078 580 AULIE
2121 521 2597 585 ΒΥΖΑΝΤΙΝΛΕ
2642 526 2792 588 LIB.
2841 527 2916 588 Il.

3570 531 3729 595 1390

322 647 448 710 τοὺς
508 645 700 702 ἑαυτοῦ
760 645 996 710 οἰκείους
1060 647 1150 702 καὶ
1205 652 1478 727 συγγενεῖς
1541 649 1679 724 πρὸς
1732 649 1965 705 ἑστίασιν

2097 655 2266 727 :pulis
2298 664 2432 712 tunc
2453 656 2709 714 adhibet.
2733 658 2926 715 Tertia
2954 662 3149 717 autem
3171 661 3477 735 tyrophagi
3501 679 3605 720 seu
3628 681 3732 722 ca-

327 735 703 816 συγιιαλεῖται.
772 735 852 811 Τῇ
909 734 966 792 δὲ
1016 737 1172 812 τρίτῃ
1209 740 1519 816 τυροφάγου
1587 741 1700 813 (84)
1767 738 1981 814 ἡμέρας

329 824 724 904 προσκαλεῖται
773 826 865 880 τὸν
927 825 1153 900 βασιλέα
1207 827 1320 902 ἅμα
1357 833 1426 903 τῇ
1477 829 1600 904 περὶ
1657 828 1816 884 αὐτὸν
1851 850 1981 904 συγ-

327 915 522 990 κλήτῳ
564 917 592 972 ὁ
632 914 1067 991 ἆρχιεπίσκοπος
1120 917 1753 981 Κωνσταντινουπὸλεως
1801 919 1852 974 ἐν
1901 923 1982 992 τῷ

331 1007 510 1084 εύαγεῖ
563 1005 793 1084 μεγάλῳ
867 1007 1242 1083 πατριαρχίῳ,
1319 1010 1408 1063 καὶ
1476 1007 1814 1082 τελουμένης
1881 1016 1983 1079 τῆς

333 1100 482 1172 ἱερᾶς
525 1095 895 1170 Λειτουργίας,
936 1096 1254 1172 προτίθεται
1294 1095 1608 1172 κλητώριον
1648 1097 1700 1152 ἐν
1756 1103 1838 1171 τῷ
1888 1119 1982 1172 με-

331 1185 489 1264 γάλῳ
546 1185 780 1261 σεκρέτῳ
835 1190 932 1242 τοῦ
992 1188 1365 1263 πατριάρχου.
1428 1188 1525 1242 Καὶ
1579 1185 1662 1244 δεῖ
1703 1190 1850 1261 ἡμᾶς
1890 1187 1982 1243 εὐ-

337 1275 604 1354 τρεπίζειν
654 1276 789 1350 πρὸς
837 1275 1032 1345 κλῆσιν
1085 1283 1186 1346 τῆς
1227 1277 1490 1349 τοιαύτης
1539 1281 1831 1353 τραπέζης,
1870 1298 1983 1351 μα-

329 1364 606 1438 γίστρους,
692 1363 1108 1440 πραιποσίτους,
1212 1365 1548 1431 ἀνθυπάτους
1639 1367 1982 1440 πατρικίους,

334 1451 740 1534 ὀφφικιαλίους,
836 1455 1383 1531 πρωτοσπαθαρίους,
1471 1453 1986 1531 σπαθαροκανδιδά-

332 1563 482 1615 τους,
532 1543 878 1618 σπαθαρίους,
931 1546 1251 1620 στράτορας,
1305 1542 1666 1608 κανδιδάτους
1732 1545 1823 1600 καὶ
1891 1541 1986 1620 ἅρ-

333 1652 533 1707 χοντας
563 1636 668 1687 τῶν
702 1632 995 1707 ταγμάτων
1046 1635 1183 1689 κατᾶ
1228 1634 1293 1688 τὸ
1336 1635 1506 1690 ποσὸν
1558 1641 1658 1703 τῆς
1688 1633 1984 1709 τραπέζης·

333 1721 565 1798 εἰσάγειν
617 1719 675 1778 δὶ
722 1721 918 1783 αὐτοὺς
982 1725 1071 1779 xuii
1145 1723 1353 1800 ἒξάγειν
1423 1725 1557 1798 μετά
1604 1729 1712 1780 τῶν
1771 1722 1986 1781 οἷ’κείων

340 1811 762 1888 σκαραμαγγίων
794 1812 886 1868 καὶ
925 1812 1116 1886 μόνον,
1163 1815 1301 1870 Ἀπὸ
1359 1811 1415 1870 δὲ
1463 1820 1560 1871 τοῦ
1613 1815 1984 1892 κουφίσματος

332 1905 430 1957 τοῦ
477 1902 698 1977 πρώτου
752 1903 948 1977 μίνσου
1001 1900 1082 1958 δεῖ
1131 1906 1280 1977 ἡμᾶς
1342 1903 1571 1980 εἰσάγειν
1627 1905 1719 1960 τὸν
1771 1925 1987 1978 πρωτο-

2089 746 2316 802 seivorii
2373 746 2738 818 [septimana
2794 766 2827 805 a
2875 750 3221 822 carniprivio
3279 752 3577 826 proxime]
3637 754 3730 811 die

2087 835 2290 891 invitat
2342 837 2670 909 excipitque
2713 839 2979 894 convivio
3028 840 3443 912 imperatorem
3483 845 3732 915 ejusque

2087 931 2354 982 senatum
2387 926 2858 998 archiepiscopus
2887 929 3155 986 CPtanus
3179 930 3238 986 in
3261 932 3578 988 venerabili
3607 949 3734 990 ma-

2087 1030 2202 1086 gno
2235 1016 2598 1088 patriarcheo
2639 1019 2725 1073 vel
2777 1018 2997 1075 aedibus
3046 1021 3560 1092 patriarchalibus,
3610 1024 3736 1080 lini-

2090 1109 2261 1174 toque
2283 1108 2484 1159 sancto
2507 1103 2696 1161 ofﬁcio
2728 1105 3056 1161 celebratur
3075 1107 3406 1164 convivium
3429 1110 3490 1166 in
3523 1125 3735 1183 magno

2089 1201 2309 1250 secreto
2341 1195 2710 1266 patriarchei.
2742 1197 2825 1251 Ad
2871 1198 3024 1268 quod
3059 1199 3229 1255 nobis
3259 1199 3546 1256 invitandi
3596 1205 3737 1256 sunt

2089 1281 2380 1354 magistri,
2431 1285 2738 1356 praepositi,
2799 1286 3194 1356 proconsules,
3256 1289 3734 1362 protospatharii,

2090 1376 2680 1446 spatharocandidati,
2730 1379 2886 1433 440
2924 1378 3229 1450 spatharii,
3263 1384 3562 1448 stratores,
3595 1395 3737 1436 can-

2091 1462 2272 1518 didati
2305 1472 2358 1519 et
2389 1465 2640 1535 praefecti
2671 1473 3020 1538 tagmatum,
3053 1471 3196 1538 quot
3225 1484 3426 1524 mensa
3454 1468 3627 1539 capit.
3652 1467 3740 1524 In-

2093 1554 2486 1609 troducuntur
2523 1563 2576 1611 et
2606 1555 2940 1612 educuntur
2973 1573 3108 1612 cum
3144 1556 3270 1613 suis
3320 1558 3742 1630 scaramangiis

2091 1646 2342 1698 tantum.
2363 1648 2500 1699 Post
2529 1646 2790 1701 ablatum
2823 1646 3080 1718 primum
3113 1646 3741 1704 ferculumintroduoi-

2092 1737 2189 1788 tur
2222 1734 2654 1803 protonotarius
2673 1735 3013 1806 patriarcha
3044 1751 3178 1790 cum
3213 1752 3320 1792 suo
3350 1737 3615 1805 analogio
3637 1751 3743 1794 seu

2092 1821 2339 1894 pulpito,
2372 1839 2439 1878 ex
2465 1840 2582 1894 quo
2612 1823 2830 1895 aliquid
2866 1823 3064 1896 legens
3091 1826 3289 1882 recitat
3313 1833 3366 1882 et
3405 1842 3538 1882 cum
3569 1825 3738 1898 libro,

2094 1925 2266 1981 quem
2306 1917 2502 1977 tenet;
2552 1910 2986 1984 collocaturque
3033 1913 3103 1969 ad
3153 1913 3454 1971 sinistram
3514 1920 3739 1988 partem

333 1991 583 2065 νοτάριον
639 1996 738 2047 τοῦ
796 1994 1141 2069 πατριάρχου
1197 1999 1332 2067 μετὰ
1398 1999 1496 2050 τοῦ
1556 1994 1758 2052 οἰκείου
1818 1994 1982 2049 αὐτοῦ

341 2081 356 2095 1
433 2079 453 2095 ἱ
550 2081 560 2095 Ι
682 2084 782 2095 ιΛνι
1013 2082 1024 2095 \
1078 2083 1105 2095 Λ
1140 2076 1193 2095 Ως
1220 2082 1231 2095 1
1419 2083 1431 2095 ι
1481 2083 1494 2095 ο
1574 2088 1601 2095 .-
1727 2082 1740 2095 ι
1790 2083 1802 2095 ι
1896 2082 1908 2095 ε
1965 2083 1976 2095 ι

2097 2014 2332 2068 mensas,
2364 2000 2457 2056 cui
2491 2000 2801 2071 imperator
2831 2002 3073 2059 assidet.
3107 2003 3248 2074 Ejus
3288 2008 3379 2059 est
3408 2020 3740 2062 sermonem

332 2079 626 2158 ἀναλογίου
676 2084 788 2156 (85)
837 2102 894 2136 τε
938 2082 1027 2136 καὶ
1077 2076 1297 2157 βιϐλίου
1344 2083 1434 2138 καὶ
1481 2083 1630 2154 ἱστᾷν
1681 2082 1841 2139 αὐτὸν
1892 2082 1980 2138 ἐπὶ

330 2176 429 2240 τῆς
474 2169 758 2244 εὐωνύμου
804 2171 1000 2234 θέσεως
1046 2177 1146 2240 τῆς
1199 2169 1491 2247 βασιλικῆς
1535 2174 1809 2248 τραπέζης
1844 2174 1979 2248 πρὸς

332 2261 395 2316 τὸ
437 2260 818 2338 ὑπαναγνῶναι
847 2263 938 2317 τὸν
977 2261 1100 2336 περὶ
1149 2263 1396 2334 νηστείας
1445 2263 1755 2340 ἁρμόζοντα
1794 2263 1979 2342 λόγον.

334 2351 485 2408 Μετὰ
513 2347 571 2406 δὲ
600 2353 698 2421 τὴν
735 2350 1135 2428 συμπλήρωσιν
1182 2355 1381 2417 παντὸς
1432 2359 1528 2410 τοῦ
1560 2354 1727 2431 λόγου
1758 2356 1849 2413 καὶ
1880 2360 1978 2427 τὴν

332 2437 542 2497 εἴσοδον
574 2446 681 2497 τῶν
721 2445 1026 2516 τυρεψιτῶν
1075 2448 1274 2517 ζωμῶν
1324 2442 1407 2501 δεῖ
1453 2447 1821 2522 προσάγεσθαι
1857 2448 1982 2511 τοὺς

335 2531 545 2606 ψάλτας
603 2530 769 2611 ἄμφω
839 2534 929 2588 σὺν
989 2539 1068 2606 τῷ
1124 2536 1304 2591 αὐτῶν
1363 2534 1693 2610 δομεστίκῳ,
1725 2540 1818 2594 τὸν
1867 2541 1987 2615 ἄρι-

338 2622 474 2694 θμὸν
508 2623 575 2698 ιβ’
610 2641 623 2655 ·
651 2621 912 2686 ὡσαύτως
967 2625 1057 2678 καὶ
1114 2625 1242 2686 τοὺς
1301 2625 1642 2702 ἀναγνώστας
1695 2628 1860 2709 ἄμφω
1893 2630 1985 2686 σὺν

334 2716 416 2784 τῷ
445 2711 623 2769 αὐτῶν
659 2710 988 2787 δομεστίκῳ,
1020 2714 1111 2769 τὸν
1166 2716 1400 2790 ἀριθμὸν
1443 2717 1675 2789 ὁμοίως,
1716 2721 1804 2774 καὶ
1837 2722 1986 2792 ἱστᾷν

339 2800 536 2865 αὐτοὺς
593 2801 675 2876 ἐφ’
741 2801 968 2879 ἑκάτερα
1020 2803 1183 2878 μέρη,
1245 2805 1322 2867 εἰς
1374 2806 1438 2861 τὸ
1495 2806 1784 2882 προσᾴδειν
1842 2812 1988 2886 ἱερὸν

336 2893 487 2948 αἶνον
534 2894 675 2948 κατὰ
722 2893 913 2951 τύπον.
965 2896 1099 2958 Τοῖς
1147 2891 1205 2949 δὲ
1255 2893 1473 2958 λοιποῖς
1504 2901 1619 2972 (86)
1667 2899 1864 2955 ἅπασιν
1898 2902 1992 2957 ἀνᾶ

333 2981 458 3044 ἑνὸς
487 2981 576 3037 καὶ
611 2981 802 3056 μόνον.
843 2984 927 3056 Τῇ
979 2979 1036 3037 δὶ
1077 2981 1299 3058 πέμπτῃ
1345 2987 1443 3054 τῆς
1485 2986 1652 3055 αὐτῆς
1684 2983 1993 3062 ἑϐδομάδος

337 3071 687 3146 συγκαλεῖται
730 3072 809 3135 εἰς
858 3071 1092 3128 ἑστίασιν
1154 3074 1258 3128 ὑπὸ
1303 3079 1412 3130 τῶν
1464 3082 1669 3131 πιστῶν
1719 3077 1992 3153 βασιλέων

335 3159 388 3216 ἐν
428 3165 507 3234 τῷ
548 3162 780 3238 μεγάλῳ
811 3161 1066 3236 παλατίῳ
1087 3164 1115 3218 ὁ
1147 3163 1457 3239 ἁγιώτατος
1489 3166 1580 3221 καὶ
1611 3167 1994 3242 οίκουμενικὸς

336 3252 714 3328 πατριάρχης,
745 3252 836 3307 καὶ
883 3251 1321 3332 συνεισέρχονται
1367 3254 1513 3328 αύτῷ
1566 3257 1996 3332 μητροπολῖται,

343 3341 440 3403 οὓς
499 3340 559 3396 ἃν
601 3340 853 3417 βουληθῇ
913 3343 941 3398 ὁ
994 3343 1158 3406 αὐτὸς
1199 3345 1572 3420 πατριάρχης,
1612 3347 1702 3402 καὶ
1731 3344 1814 3403 δεῖ
1841 3350 1989 3422 ἡμᾶς

2088 2090 2336 2162 tempori
2368 2105 2709 2160 congruum,
2742 2090 2814 2146 de
2853 2091 3083 2164 jejunio
3117 2091 3361 2164 scilicet,
3405 2094 3736 2166 praelegere.

2088 2181 2278 2237 Finita
2308 2181 2648 2238 recitatione
2677 2182 2858 2238 totius
2880 2183 3169 2239 sermonis
3187 2188 3244 2239 et
3275 2189 3406 2256 post
3434 2184 3738 2242 introitum

2083 2271 2454 2342 jusculorum
2485 2287 2518 2328 e
2547 2288 2716 2329 caseo
2744 2280 3042 2330 coctorum
3074 2272 3531 2331 introducantur
3565 2276 3740 2333 ambo

2093 2360 2290 2433 psaltze
2321 2361 2403 2433 [id
2431 2367 2521 2418 est
2559 2367 2824 2419 cantores
2873 2371 2991 2419 tam
3041 2379 3109 2419 ex
3146 2364 3366 2437 templo
3398 2365 3454 2420 S.
3490 2365 3740 2438 Sophia,

2095 2467 2269 2524 quam
2301 2467 2370 2507 ex
2403 2451 2620 2523 templo
2645 2452 2746 2509 SS.
2779 2451 3224 2525 Apostolorum].
3247 2470 3371 2510 cum
3402 2469 3509 2510 suo
3541 2455 3745 2510 dome-

2095 2542 2262 2608 stico,
2295 2541 2365 2596 ad
2404 2557 2710 2597 numerum
2737 2541 3066 2597 duodecim.
3091 2541 3312 2598 Pariter
3332 2543 3510 2598 etiam
3536 2543 3749 2600 utrius-

2098 2647 2210 2703 que
2237 2631 2442 2703 templi
2479 2635 2814 2702 anagnostas
2844 2630 2933 2686 vel
2966 2629 3209 2687 lectores
3241 2647 3374 2686 cum
3408 2648 3515 2688 suo
3545 2633 3746 2688 dome-

2098 2721 2240 2777 stico
2297 2721 2748 2776 introducantur
2815 2720 3092 2788 totidem;
3143 2725 3199 2776 et
3256 2721 3619 2777 collocantur
3674 2722 3748 2777 ad

2101 2816 2411 2881 utramque
2441 2825 2654 2866 mensis
2683 2815 2928 2880 partem.
2964 2809 3171 2865 Eorum
3204 2814 3289 2866 est
3319 2825 3547 2866 sacrum
3580 2810 3750 2883 hym-
3791 2875 3809 2894 .

2103 2917 2241 2956 num
2302 2917 2371 2955 ex
2428 2901 2543 2954 ritu
2604 2907 2882 2955 consueto
2935 2901 3248 2955 decantare
3277 2901 3298 2920 ’
3325 2901 3342 2920 '
3370 2899 3388 2920 ⁸
3416 2899 3456 2955 ⁸.
3492 2899 3753 2971 Reliquis

2103 3001 2296 3046 autem
2327 2989 2603 3046 omnibus
2635 2992 2859 3045 tanturn
2887 2987 3128 3062 singuli.
3163 2989 3374 3053 Quinta
3422 2990 3566 3045 feria
3591 2990 3754 3061 ejus-

2105 3081 2236 3137 dem
2270 3080 2608 3151 septimanm
2640 3079 2921 3135 invitatur
2952 3080 3022 3134 ad
3056 3078 3383 3135 convivium
3417 3096 3451 3134 a
3481 3079 3754 3136 ﬁdelibus

2106 3171 2556 3242 imperatoribus
2588 3171 2646 3224 in
2680 3185 2960 3242 magnum
3013 3168 3289 3240 palatium
3341 3167 3753 3225 sanctissimus

2108 3267 2160 3316 et
2177 3261 2570 3316 oecumenicus
2595 3260 2948 3330 patriarcha,
2972 3258 3094 3330 qui,
3117 3274 3262 3330 quos
3279 3257 3752 3325 voluerit,secum

2109 3350 2291 3404 sumit
2321 3347 2745 3418 metropolitas.
2777 3348 3014 3418 Oportet
3044 3365 3148 3404 nos
3176 3351 3242 3403 ad
3276 3347 3751 3404 communionem

331 3429 661 3506 εὐτρεπίζειν
712 3431 792 3496 εἰς
831 3431 1030 3502 κλῆσιν
1074 3440 1180 3503 τῆς
1227 3435 1414 3506 τιμίας
1470 3434 1647 3491 αὐτῶν
1706 3439 1985 3493 συνεστιά-

2105 3439 2454 3497 venerabilis
2503 3438 2666 3492 illius
2725 3437 2970 3493 convivii
3037 3437 3281 3494 invitare
3349 3437 3752 3509 metropolitus

332 3540 466 3583 σεως
498 3519 550 3591 ἐξ
583 3520 760 3577 αὐτων
807 3525 916 3576 τῶν
963 3522 1410 3598 μητροπολιτῶν,
1463 3524 1560 3587 οὓς
1602 3520 1662 3579 ἃν
1694 3526 1864 3602 τύχῃ,
1895 3528 1983 3583 καὶ

329 3605 728 3684 πρεσϐυτέρους
764 3615 862 3666 τοῦ
906 3611 1151 3688 μεγάλου
1193 3611 1463 3668 παλατίου
1503 3608 1552 3684 ἔξ
1598 3615 1690 3670 καὶ
1738 3615 1985 3694 ἡγουμέ-

330 3719 455 3762 νους
491 3706 600 3756 τῶν
635 3698 938 3775 βασιλικῶν
977 3701 1236 3776 μεγάλων
1282 3705 1688 3777 μοναστηρίων,
1732 3705 1893 3772 ὅσους
1924 3704 1985 3763 ἄν

330 3789 461 3846 εἶναι
503 3790 670 3866 τύχῃ,
712 3791 818 3865 ,καὶ
880 3793 1223 3868 σεκρετικοὺς
1273 3791 1525 3858 παπάδας
1573 3799 1670 3851 τοῦ
1717 3798 1990 3876 πατριάρ-

2100 3534 2474 3602 quotcunque
2497 3529 2730 3583 tandem
2757 3527 2817 3583 in
2851 3527 2992 3582 urbe
3025 3531 3365 3598 praesentes,
3391 3526 3756 3599 presbyteros

2099 3619 2295 3692 magni
2321 3618 2521 3691 palatii
2553 3635 2681 3684 sex;
2709 3618 3073 3690 begumenos
3092 3633 3441 3690 magnorum
3475 3617 3756 3689 imperia-

2098 3709 2245 3766 lium
2279 3707 2758 3765 monasteriorum
2787 3713 3166 3780 quotcunque
3189 3707 3455 3774 tandem;
3479 3710 3537 3762 et
3569 3723 3757 3763 secre-

2101 3800 2244 3858 tales
2287 3799 2630 3873 patriarchae
2681 3799 2960 3871 papades,
2995 3800 3136 3868 quot
3168 3812 3370 3853 mensa
3419 3795 3630 3868 capiat.
3668 3797 3759 3853 In-

1390 3995 1592 4054 JOAN.
1631 3998 1776 4056 JAC.
1817 3999 2080 4058 REISKII
2117 3995 2707 4058 COMMENTARIUS.

401 4170 514 4242 (84)
545 4171 640 4228 Sic
691 4169 1173 4246 appellaturiilla
1217 4173 1574 4246 septimana,
1607 4192 1731 4246 qua
1784 4176 1982 4232 Domi-

333 4244 524 4298 nicam
555 4243 1129 4319 CarnispriviiAnobis
1153 4243 1662 4319 Quinquagesimm
1692 4253 1982 4319 sequitur,

332 4331 448 4385 qua
479 4321 620 4386 tota.
670 4331 857 4383 neque
897 4315 1072 4384 ultra,
1123 4331 1294 4372 caseo
1339 4322 1398 4372 et
1435 4315 1568 4373 ‘ovis
1619 4315 1982 4386 vesci'licet;

337 4387 451 4441 vid.
487 4385 576 4442 Du
606 4389 794 4457 Gange
826 4386 883 4440 b.
917 4402 969 4442 ν.

411 4457 520 4530 (85)
587 4459 932 4529 Analogium
1005 4460 1094 4512 est
1158 4457 1449 4527 pulpitum
1528 4458 1816 4530 portatile,
1890 4459 1985 4514 cui

336 4528 665 4602 imponitur
695 4528 862 4598 liber,
911 4545 942 4584 e
981 4545 1094 4600 quo
1131 4529 1343 4600 aliquid
1382 4528 1688 4598 recitatur;
1727 4534 1844 4586 vid.
1895 4531 1980 4586 Du

334 4600 527 4673 Gange
577 4601 767 4657 Gloss.
804 4610 1053 4672 utroque
1100 4602 1156 4657 h.
1191 4617 1244 4655 ν.
1294 4603 1576 4658 ϐωιενυηι
1609 4604 1985 4659 consuevisse

335 4673 396 4730 in
427 4674 610 4748 ccenis
640 4674 1044 4748 imperialibus
1075 4689 1107 4728 e
1153 4689 1319 4748 sacro
1369 4675 1567 4730 codice
1610 4683 1663 4729 et
1702 4676 1835 4748 aliis
1869 4675 1985 4746 pie-

335 4750 468 4818 latis
527 4746 694 4801 libris
752 4746 1021 4817 quaedam
1078 4747 1334 4818 recitari,
1403 4751 1646 4818 apparet
1702 4764 1732 4802 e
1792 4747 1982 4804 Leone

2095 4173 2383 4242 scribitur,
2416 4189 2528 4242 quo
2577 4187 2725 4242 papa
2765 4167 3096 4225 cardinales
3129 4168 3222 4225 die
3254 4169 3556 4226 Paschatis
3587 4172 3750 4227 exci-

2097 4247 2312 4318 piebat.
2370 4245 2524 4299 inter
2571 4243 2686 4298 alia
2736 4242 2858 4297 haec
2920 4243 3196 4318 leguntur
3243 4257 3260 4318 _:
3320 4242 3394 4297 ad
3440 4243 3748 4318 dimidium

2093 4313 2410 4372 convivium
2439 4331 2510 4371 ea:
2537 4319 2806 4384 praecepto
2855 4313 3252 4369 archidiaconi
3299 4317 3482 4386 surgit
3523 4315 3751 4386 quidam

2093 4388 2363 4444 diaconus
2391 4393 2442 4442 et
2474 4389 2607 4454 legit
2641 4387 2952 4442 lectionem.
2997 4385 3258 4441 Cantores
3287 4385 3476 4442 autem
3507 4385 3576 4442 ea:
3607 4403 3750 4457 prae-

2095 4469 2242 4526 cepto
2272 4459 2483 4514 domini
2518 4457 2797 4528 pontiﬁcis
2839 4462 3072 4512 cantant
3117 4460 3479 4528 sementium,
3529 4475 3651 4530 qure
3679 4459 3752 4513 sit

2093 4531 2422 4587 conveniens
2468 4531 2714 4598 Paschae,
2758 4531 3064 4602 modulatis
3094 4531 3341 4602 organis,
3374 4546 3544 4602 eaque
3590 4532 3751 4600 ﬁnita

2093 4610 2224 4660 eunt
2283 4613 2334 4658 et
2399 4606 2720 4658 osculantur
2774 4601 2939 4671 pedes
2993 4601 3288 4670 pontiﬁcis,
3358 4601 3464 4671 qui
3524 4603 3619 4656 dat
3673 4603 3753 4657 eis

2095 4693 2332 4746 coppam
2390 4677 2610 4744 plenam
2665 4675 2901 4746 potione,
2951 4677 3329 4746 etaccipnunt
3378 4690 3412 4746 α
3450 4671 3752 4746 sacellario

2093 4743 2270 4803 unum
2320 4743 2676 4818 Byzantium.
2737 4744 3135 4818 Ceremoniale
3170 4745 3479 4810 Augustini
3512 4743 3749 4818 Patricii

335 4816 728 4890 Grammatice
769 4813 831 4890 ᾗ).
887 4818 1016 4890 505,
1070 4815 1281 4888 Script.
1322 4813 1496 4889 post
1525 4817 1864 4890 Theophan.
1927 4838 1980 4890 p.
2020 4813 2062 4878 Ο
2094 4821 2193 4888 ΙΙΙ,
2228 4820 2255 4887 §
2291 4813 2448 4890 il'de
2483 4819 2730 4890 lectione,
2759 4817 3072 4890 Scriptura;
3114 4815 3174 4870 in
3205 4832 3394 4870 mensa
3423 4833 3444 4890 ς
3472 4832 3598 4872 cum
3626 4814 3750 4886 pri-

334 4885 464 4953 259,
500 4891 596 4944 ubi
633 4885 792 4962 paene
839 4889 1042 4962 eadem
1082 4885 1277 4962 verba,
1310 4885 1367 4944 et
1411 4885 1701 4962 Symeone'
1727 4885 1983 4962 Magist'r.

335 4962 550 5037 Annal.
585 4957 786 5037 ρξμ488
822 4959 930 5037 ζῇν
973 4957 1263 5037 δὲααίᾼτις
1307 4963 1414 5037 τῶν
1453 4957 1676 5037 ’παίδων
1699 4960 1989 5037 -ἆναγινώ-

338 5049 483 5107 σάων
522 5029 686 5107 ἕν’τῇ
711 5031 956 5107 τραπέζῃ
1001 5029 1186 5088 αὐτοῦ.
1217 5032 1646 5107 -μυὶιρινοηᾱυε
1696 5035 1755 5088 in
1807 5029 1986 5104 Lega-

343 5105 496 5162 tione
527 5122 582 5178 p.
632 5104 760 5161 483‘
787 5109 1002 5172 narrat,
1037 5120 1096 5161 se
1129 5122 1174 5178 _a
1215 5104 1542 5176 Nicephoro
1595 5105 1783 5162 Phoca
1825 5123 1991 5163 caena

335 5175 668 5248 exceptum,
703 5179 762 5231 in
821 5191 948 5248 qua,
999 5175 1141 5247 quod
1191 5175 1371 5248 prius
1404 5192 1512 5232 non
1569 5179 1795 5246 fecerat,
1867 5194 1991 5235 voce

336 5248 537 5303 Latina
587 5248 730 5304 beati
766 5248 1002 5304 Joannis
1045 5249 1416 5320 Chrysoslomi
1453 5250 1742 5303 homitiam
1773 5253 1833 5304 in
1861 5267 1988 5320 apo-

337 5321 604 5376 stolorum
633 5320 856 5375 Actibus
887 5320 1066 5388 legere
1094 5319 1272 5387 iussit.
1307 5319 1588 5376 Observat
1616 5322 1986 5389 Muratorius,

341 5394 487 5448 alios
541 5393 768 5449 codices
814 5391 1029 5446 habere
1088 5407 1189 5462 pro
1240 5393 1433 5446 verbis
1473 5407 1594 5446 voce
1643 5391 1863 5459 Latina,
1896 5409 1988 5449 vos

336 5465 562 5536 celatus,
591 5481 622 5520 e
652 5479 770 5536 quo
803 5463 925 5533 ipse
958 5463 1132 5518 faciat
1161 5478 1289 5519 voce
1316 5463 1498 5536 elata.
1534 5462 1659 5518 Non
1693 5464 1987 5533 improba-

339 5535 475 5591 bilis
520 5553 586 5593 ea
636 5535 1015 5603 conjectura;
1075 5540 1228 5589 certe
1273 5535 1480 5589 melius
1530 5551 1644 5590 non
1697 5537 1991 5592 succurrit

341 5623 523 5676 nunc,
557 5608 822 5676 quamvis
855 5605 1046 5660 visum
1087 5605 1405 5675 aliquando
1437 5606 1632 5673 fuerit,
1660 5607 1718 5661 in
1750 5623 1878 5664 voce
1909 5623 1989 5662 ce-

342 5678 490 5736 latus
549 5679 726 5749 latere
782 5680 1044 5735 Griecum
1103 5676 1359 5749 aliquem
1403 5680 1800 5733 accusativum
1859 5677 1988 5740 τοὺς

336 5790 402 5824 ._.
437 5794 452 5809 .
489 5793 504 5807 .
539 5792 554 5806 .
586 5748 827 5824 λάτουςς
863 5752 960 5807 sed
1014 5748 1454 5824 quem’frustra
1483 5765 1717 5824 quaero.
1751 5749 1812 5824 1n
1854 5751 1990 5824 aula

336 5821 595 5878 Romana
633 5823 785 5894 idem
837 5838 962 5879 mos
1010 5821 1161 5894 inter
1203 5821 1607 5891 prandendum
1640 5823 1989 5894 prelegendi

336 5895 666 5952 obtinebat.
699 5893 762 5951 In
813 5895 1016 5951 ordine
1047 5893 1334 5966 Romano,
1371 5894 1472 5950 ubi
1519 5893 1856 5952 convivium
1898 5897 1995 5952 de-

2096 4908 2248 4945 mum
2275 4889 2582 4946 convivium
2618 4887 2939 4957 incipietur,
2963 4890 3020 4942 in
3055 4887 3167 4942 loco
3203 4889 3550 4943 convenienti
3578 4903 3749 4958 pona-

2101 4967 2192 5017 lur
2217 4961 2516 5032 pulpitum,
2549 4971 2602 5017 et
2647 4961 3040 5032 subdiaconus
3064 4959 3182 5015 sive
3233 4959 3559 5028 capellanus
3600 4975 3752 5032 (mpm

2098 5030 2324 5104 aliquid
2361 5033 2426 5090 de
2479 5050 2639 5089 sacra
2691 5033 2974 5104 Scriptura
3023 5030 3170 5098 legat
3237 5046 3406 5102 usque
3449 5033 3510 5086 in
3587 5031 3753 5100 ﬁnem

2099 5103 2358 5161 convivii.
2411 5106 2638 5160 Interim
2692 5121 2816 5160 cum
2869 5103 3105 5174 silentio,
3159 5108 3212 5158 et
3260 5110 3464 5174 absque
3518 5105 3753 5173 strepitu

2101 5176 2293 5248 omnia
2323 5177 2782 5232 administrentur
2809 5173 3470 5248 quamdiligentissime;
3502 5175 3598 5248 tibi
3630 5174 3748 5248 vid.

2103 5259 2220 5305 not.
2252 5247 2490 5318 Josephi
2522 5247 2780 5303 Catalani
2817 5245 2872 5318 p.
2910 5246 3032 5300 158.
3066 5246 3253 5301 Etiam
3287 5263 3321 5301 a
3348 5247 3558 5303 Turcis
3580 5245 3753 5318 Alco:

2102 5336 2303 5376 ranum
2340 5316 2488 5374 inter
2519 5320 2725 5390 epulas
2754 5316 2890 5390 legi,
2914 5323 3213 5390 testantur
3241 5319 3494 5373 Annales
3515 5316 3749 5373 Turcici

2105 5391 2512 5448 Leunclaviani
2545 5389 2615 5446 ad
2670 5393 2733 5445 A.
2779 5389 2839 5446 C.
2899 5389 3054 5444 1394.
3109 5390 3168 5445 In
3219 5397 3475 5445 veterum
3518 5403 3753 5459 quoque

2105 5465 2522 5535 imperatorum
2575 5462 2994 5535 Romanorum
3013 5461 3204 5535 epulis
3234 5461 3477 5535 lectores
3491 5459 3754 5535 adhibe-

2103 5530 2328 5590 bantur.
2363 5534 2710 5604 Spartianus
2742 5534 2813 5588 de
2864 5530 3136 5604 Adriano,
3182 5532 3242 5586 in
3285 5533 3530 5587 convivio
3574 5530 3659 5604 ait
3691 5546 3746 5600 p.

2098 5608 2224 5674 215,
2285 5603 2597 5677 tragiedias,
2671 5603 2986 5669 com'edias,
3065 5605 3366 5677 Atellanus,
3441 5603 3750 5672 sambucas,

2103 5680 2343 5736 lectores.
2366 5675 2555 5747 poetas
2583 5693 2686 5747 pro
2715 5692 2775 5732 re
2801 5691 3007 5746 semper
3039 5675 3308 5732 exhibuit.

2172 5750 2287 5822 (86)
2318 5747 2633 5822 Antehaac
2689 5751 2863 5822 verba
2911 5747 3124 5822 desunt
3171 5747 3458 5822 quaedam,
3499 5760 3750 5822 quorum

2101 5817 2311 5880 sensus
2343 5821 2520 5878 fuerit
2546 5839 2560 5878 :
2592 5827 2648 5877 et
2677 5819 2802 5876 illis
2837 5820 3075 5892 quidem,
3108 5817 3447 5892 cantoribus
3468 5823 3545 5892 et
3575 5817 3752 5892 lecto;-

2099 5895 2284 5965 ribus,
2321 5894 2532 5951 (lantur
2561 5894 2786 5950 nomine
2828 5889 3180 5965 imperatoris
3219 5891 3340 5948 bini
3367 5889 3536 5948 solidi
3562 5890 3747 5947 aurei.
