4124 6384
369 426 519 486 1391

1444 418 1980 482 CONSTANTINI
2025 419 2717 485 PORPHYROGENITI

3628 431 3789 495 1392

361 555 751 611 troducuntur
780 555 838 608 et
867 551 1190 609 educuntur
1233 566 1370 608 cum
1402 551 1527 607 suis
1559 550 1730 607 stolis
1760 556 1819 606 et
1872 549 2013 621 phe-

2131 568 2238 625 χου
2276 552 2411 607 κατᾶ
2455 551 2518 608 τὸ
2568 551 2928 624 ὑποκείμενον
2980 553 3147 609 ποσὸν
3205 561 3307 626 τῆς
3349 557 3542 630 τιμίας
3587 563 3794 638 τραπά-

361 643 537 700 loniis
566 657 632 698 eo
664 641 862 710 modo,
895 658 1011 714 quo
1056 641 1189 698 illos
1238 641 1422 712 excipi
1473 642 1534 698 in
1586 657 1794 714 magno
1826 641 2016 698 Justi-

361 732 522 789 niani
552 729 806 788 triclinio
837 732 1114 804 superius
1147 730 1511 787 dicebamus.

868 1058 953 1110 De
977 1055 1116 1125 festo
1140 1051 1510 1108 Orthodoxiae.

433 1162 721 1233 Sequente
764 1160 1025 1233 proxime
1069 1160 1163 1215 die
1211 1158 1534 1226 Dominica,
1570 1173 1687 1228 qua
1732 1155 2016 1212 memoria

361 1252 599 1307 sancitaa
648 1249 1002 1306 orthodoxiaa
1045 1264 1272 1316 eorum,
1330 1247 1426 1318 qui
1475 1262 1674 1302 sacras
1723 1244 2012 1314 imagines

357 1345 730 1408 venerantur,
767 1343 899 1410 post
930 1353 1229 1394 occursum
1259 1343 1316 1392 et
1363 1335 1760 1407 exceptionem
1805 1337 2014 1390 tactam

357 1429 674 1501 splendidae
707 1428 1098 1498 processionis
1143 1443 1175 1482 e
1218 1425 1552 1482 Blachernis
1597 1424 1658 1479 in
1693 1424 1892 1479 urbem
1927 1441 2013 1479 re-

359 1519 616 1586 deuntis,
650 1524 1033 1587 sanctumque
1085 1515 1440 1572 celebratum
1495 1514 1684 1569 Missae
1731 1513 2013 1580 ofﬁcium,

357 1609 686 1663 instituitur
735 1607 1064 1663 convivium
1116 1607 1401 1675 impensis
1462 1605 1659 1677 magni
1705 1603 2012 1659 ceconomii

361 1699 486 1769 [seu
522 1713 745 1768 magnae
788 1696 1287 1750 administratum
1319 1695 1616 1749 redituum
1656 1693 2015 1764 patriarcha-

356 1787 550 1858 lium],
589 1804 642 1840 in
689 1785 1164 1856 splendidissimo
1217 1789 1273 1839 et
1304 1800 1517 1855 magno
1551 1781 1886 1852 patriarchae
1917 1797 2010 1837 se-

358 1886 531 1932 crelo.
571 1877 645 1930 Eo
687 1875 929 1929 invitare
977 1891 1083 1929 nos
1135 1877 1362 1944 oportet
1411 1873 1748 1943 imperatori
1799 1879 1857 1926 et
1907 1888 2011 1942 pa-

357 1965 625 2021 triarchae
674 1963 913 2032 amicos,
968 1963 1299 2034 magistros,
1346 1965 1714 2034 praepositos,
1764 1977 2007 2032 procon-

356 2055 540 2122 sules,
573 2054 871 2126 patricios,
914 2052 1342 2124 metropolitas,
1393 2052 1885 2123 archiepiscopos,
1929 2052 2010 2107 of-

356 2144 580 2199 ﬁciales
609 2148 665 2198 et
695 2143 1070 2214 magistratus
1108 2141 1255 2197 alios
1304 2142 1375 2196 de
1415 2139 1628 2197 illustri
1672 2145 1883 2196 senatu
1915 2155 2011 2195 se-

356 2234 614 2289 cundum
647 2231 1028 2302 capacitatem
1070 2246 1308 2286 mensae.
1339 2230 1805 2285 Introducuntur
1834 2244 2012 2285 sena-

355 2323 488 2378 torii
521 2321 757 2393 quidem
791 2319 1017 2375 ordinis
1056 2318 1301 2374 virisuis
1326 2319 1385 2373 in
1417 2318 1846 2391 scaramangiis
1879 2323 2007 2374 tan-

355 2415 507 2478 tum,
550 2407 878 2464 sacerdotes
929 2418 1118 2462 autem
1175 2407 1300 2462 suis
1331 2408 1387 2462 in
1441 2407 1841 2463 schematibus
1906 2421 2010 2462 seu

355 2500 618 2556 vestibus
651 2495 1115 2554 monachalibus.

857 2665 1006 2719 441
1062 2666 1252 2719 Mense
1291 2661 1508 2720 Martio.

424 2771 644 2828 Mensis
678 2771 854 2843 hujus
880 2773 974 2826 die
1003 2772 1288 2843 vigesimo
1319 2772 1524 2842 quinto
1555 2769 1882 2827 celebratur
1907 2785 2009 2826 no-

355 2863 531 2918 tabile
561 2868 617 2918 et
639 2860 863 2917 illustre
879 2862 1096 2916 festum
1117 2859 1600 2916 Annunliationis
1622 2860 2012 2917 sanctissimae

357 2952 620 3008 Dominae
652 2959 860 3007 nostra;
880 2951 1139 3022 Deiparae
1171 2959 1226 3006 et
1257 2965 1488 3021 semper
1519 2949 1761 3022 virginis
1793 2949 2008 3019 Marias,

356 3038 638 3109 ﬁnitaque
665 3045 945 3094 consueta
973 3036 1222 3092 solemni
1247 3035 1620 3108 processione
1641 3037 1700 3091 in
1724 3036 2008 3108 templum

357 3126 894 3197 chalcOprateorum
927 3125 1225 3194 instituta,
1251 3126 1474 3180 intrant
1499 3124 1724 3180 domini
1756 3126 1813 3180 in
1847 3123 2008 3196 pala-

357 3217 497 3272 tium
523 3232 655 3271 cum
675 3220 795 3271 toto
819 3213 1030 3270 illustri
1052 3219 1256 3270 senatu
1290 3213 1611 3285 splendidis
1641 3212 1700 3269 in
1725 3215 2007 3283 vestibus,

2125 645 2243 711 ζης⁶
2286 641 2521 719 είσόίγειν
2571 639 2630 698 δὲ
2677 643 2876 705 αὐτοὺς
2933 643 3026 699 καὶ
3085 643 3293 715 ἰξάγειν
3352 649 3491 722 μετᾶ
3539 656 3651 706 τῶν
3699 655 3785 708 οἶ-

2121 729 2282 784 κείων
2315 729 2528 786 στολῶν
2561 751 2620 786 τε
2649 731 2739 787 καὶ
2772 732 3058 807 φελωνίων
3101 736 3238 790 κατὰ
3266 736 3359 792 τὸν
3396 738 3784 816 προλεχθὲντα

2123 818 2179 962 ἐγ
2232 824 2312 892 τῷ
2374 821 2498 895 περὶ
2551 826 2649 877 τοῦ
2705 825 3091 880 Ἰουστινιανοῦ
3152 823 3378 902 μεγάλῳ
3417 825 3783 908 κλητωροθε-

2123 928 2244 962 σω.

2123 928 2244 982 σιῳ.

2695 1061 2812 1130 Τῆς
2842 1057 3212 1137 Ὁρθοδοείας.

2191 1167 2270 1237 Τῇ
2326 1159 2383 1219 δὲ
2439 1164 2665 1242 ἐπιούσῃ
2725 1171 2967 1244 κυριακῇ
3040 1176 3143 1240 τῆς
3215 1174 3326 1226 τῶν
3393 1171 3566 1251 ἁγίων
3628 1176 3781 1233 εἰκό-

2121 1274 2223 1307 νων
2279 1256 2392 1328 (87)
2451 1253 2768 1331 ὀρθοδοξίας
2833 1258 2968 1331 μετά
3021 1261 3120 1329 τήν
3204 1260 3500 1332 ὑπάντησιν
3555 1269 3656 1330 τῆς
3715 1264 3782 1322 ἐκ

2123 1343 2454 1421 Βλαχερνῶν
2499 1345 2776 1418 εἰσιούσης
2805 1355 3030 1427 φαεινῆς
3081 1348 3352 1414 λιτανείας
3394 1355 3482 1408 καὶ
3533 1356 3636 1424 τήν
3696 1356 3780 1412 ἰε-

2123 1434 2371 1508 ρωτάτην
2407 1436 2793 1512 μυσταγωγίαν
2850 1436 3151 1494 ἒιιτελεῖται
3206 1439 3523 1518 κλητώριον
3575 1443 3636 1500 ἐκ
3673 1447 3780 1515 τῆς

2125 1522 2422 1596 ὑπηρεσίας
2471 1529 2569 1580 τοῦ
2621 1525 2862 1600 μεγάλου
2921 1530 3242 1604 οῗκονομίου
3292 1531 3344 1587 ἰν
3390 1537 3469 1605 τῷ
3519 1532 3784 1608 λαμπρο-

2119 1612 2266 1685 τάτῳ
2317 1615 2404 1667 καὶ
2469 1614 2691 1691 μεγάλῳ
2747 1624 3132 1694 πατριαρχικῷ
3207 1621 3460 1696 σεκρέτῳ,
3539 1624 3628 1678 καὶ
3695 1621 3784 1681 δεῖ

2120 1703 2268 1774 ἡμᾶς
2300 1703 2631 1778 εὐτρεπίζειν
2689 1706 2765 1769 εἰς
2827 1710 3162 1764 συνεστίασιν
3216 1709 3415 1788 φίλους
3445 1718 3524 1786 τῷ
3557 1712 3782 1789 βασιλεῖ

2121 1793 2210 1847 καὶ
2258 1798 2338 1865 τῷ
2380 1795 2665 1871 ἁγιωτάτῳ
2712 1800 3055 1878 πατριάρχῃ,
3119 1801 3471 1878 μαγίστρους,
3523 1825 3779 1879 προιπο-

2124 1884 2325 1954 σίτους,
2389 1885 2748 1958 ἀνθυπάτους,
2796 1889 3135 1964 πατρικίους,
3189 1891 3625 1968 μητροπολίτας,
3675 1896 3777 1972 ἆρ-

2124 1976 2542 2048 χιεπισκὸπους,
2592 1976 2976 2054 ὀφφικιαλίους
3027 1981 3114 2035 καὶ
3167 1979 3441 2060 ἄρχοντας
3482 1990 3582 2054 τῆς
3613 2005 3780 2061 περι-

2121 2068 2316 2138 φανοῦς
2354 2064 2690 2140 συγκλήτου,
2739 2067 2877 2122 κατὰ
2919 2067 3011 2123 τὸν
3056 2067 3291 2144 ἀριθμὸν
3337 2075 3437 2127 τοῦ
3469 2077 3642 2128 ποσοῦ
3671 2081 3779 2145 τῆς

2118 2153 2408 2228 τραπέζης·
2466 2153 2694 2230 εἰσάγειν
2752 2154 2808 2211 δὲ
2876 2157 3078 2220 αὐτοὺς
3128 2160 3366 2223 ἅπαντας
3419 2164 3508 2216 καί
3568 2164 3779 2239 ἐξάγειν

2120 2243 2316 2306 οὓτως’
2347 2245 2474 2307 τοὺς
2511 2244 2605 2318 μὶν
2640 2244 3040 2322 συγκλητικοὺς
3092 2251 3228 2321 μετᾶ
3269 2254 3379 2305 τῶν
3428 2250 3644 2307 οἰκείων
3678 2253 3781 2309 αὐ-

2117 2341 2226 2392 τῶν
2256 2338 2684 2414 σκαραμαγγίων
2741 2337 2832 2393 καὶ
2894 2340 3081 2413 μόνον,
3139 2339 3267 2404 τοὺς
3321 2339 3378 2396 δὲ
3424 2342 3590 2418 ἱερεῖς
3639 2347 3784 2419 μετὰ

2119 2431 2230 2483 τῶν
2262 2427 2477 2483 οἰκείων
2511 2429 2842 2506 σχημάτων.

2727 2668 2849 2738 Μήν
2890 2669 3156 2746 Μάρτιος.
3715 2722 3718 2724 γ

2190 2755 2274 2832 Τῇ
2303 2754 2361 2812 δὲ
2399 2758 2472 2813 κε’
2514 2755 2611 2813 τοῦ
2664 2759 2916 2832 Μαρτίου
2968 2761 3143 2833 μηνὸς
3192 2761 3498 2833 τελεῖταιή
3531 2759 3782 2839 εὔσημος

2119 2847 2205 2903 καὶ
2256 2848 2558 2926 περιφανής
2617 2847 2780 2923 ἑορτή
2837 2854 2936 2904 τοῦ
2977 2850 3396 2928 Εὐαγγελισμοῦ
3441 2860 3545 2924 τῆς
3605 2854 3778 2932 ὑπερ-

2119 2937 2277 3012 αγίας
2307 2937 2606 3008 Δεσποίνης
2652 2940 2811 3011 ἡμῶν
2844 2939 3113 2995 Θεοτὸκου
3145 2941 3234 2996 καὶ
3266 2943 3626 3018 ἀειπαρθὲνου
3654 2951 3780 3002 Μα-

2122 3026 2264 3103 ρίας,
2331 3026 2420 3082 καὶ
2469 3027 2810 3100 τελουμένης
2863 3035 2968 3100 τῆς
3021 3038 3257 3100 τυπικῆς
3306 3033 3688 3110 προελεύσεως
3717 3033 3772 3089 ἐν

2117 3120 2198 3189 τῷ
2225 3120 2338 3188 ναῷ
2391 3119 2500 3171 τῶν
2547 3114 3005 3195 χαλκοπρατείων
3062 3119 3400 3193 εἰσέρχονται
3435 3123 3487 3177 οἱ
3522 3123 3769 3200 βασιλεῖς

2120 3205 2171 3261 ἐν
2211 3210 2292 3278 τῷ
2341 3203 2594 3280 παλατίῳ
2643 3208 2778 3280 μετὰ
2825 3211 2924 3274 τῆς
2975 3207 3282 3285 παραδόξου
3315 3212 3492 3282 πάσης
3524 3212 3776 3291 συγκλή-

352 3304 722 3377 ingressique
772 3305 1072 3376 deponunt
1102 3319 1304 3360 omnes
1353 3319 1489 3360 suas
1529 3303 1710 3360 stolas
1740 3319 1808 3358 ex
1850 3319 2007 3360 more

2129 3316 2212 3350 του
2264 3293 2805 3374 λαμπροφοροῠντες,
2852 3298 2939 3353 καὶ
2993 3299 3128 3371 μετά
3174 3301 3273 3369 τήν
3321 3298 3538 3358 ε’ίσοδον
3570 3302 3776 3374 ταύτην

357 3395 734 3466 praescripto:
769 3394 878 3465 piis
909 3399 1105 3450 autem
1140 3394 1358 3450 nostris
1407 3393 1662 3450 dominis
1696 3409 1874 3450 aurea
1905 3411 2012 3450 sua

357 3483 762 3554 scaramangia
813 3482 1218 3550 induentibus,
1277 3481 1537 3538 induunt
1583 3482 1761 3540 etiam
1820 3484 2013 3540 caeteri

358 3589 564 3628 omnes
592 3588 700 3627 sua
722 3571 1145 3642 scaramangia.
1173 3570 1313 3626 Dein
1354 3573 1682 3628 celebratur
1724 3571 1796 3629 ab
1834 3572 2014 3645 impe-

359 3670 547 3718 ratore
592 3662 652 3716 in
697 3660 1106 3716 illustrissimo
1148 3660 1469 3716 Justiniani
1527 3661 1782 3718 triclinio
1836 3679 2014 3734 super

357 3750 649 3823 peculiare
667 3767 866 3806 mensa
887 3750 1238 3820 convivium,
1256 3750 1329 3806 ad
1353 3751 1509 3822 quod
1533 3750 1819 3806 invitandi
1843 3751 2011 3808 nobis

358 3846 500 3896 sunt
529 3840 813 3912 magistri,
834 3839 1150 3912 praepositi,
1167 3839 1568 3912 proconsules,
1594 3839 1848 3912 patricii,
1865 3848 2010 3897 stra-

361 3930 498 4001 tegi,
529 3930 829 3998 ofﬁciales,
854 3930 1000 4001 regii
1024 3929 1478 4001 protospatharii
1501 3933 1560 3985 et
1580 3929 1791 4001 reliqui
1838 3928 2019 4002 magi-

365 4024 578 4074 stratus
607 4021 882 4075 ordinum
913 4017 1380 4075 comitatensium
1407 4036 1509 4092 pro
1535 4020 2024 4091 capacitatemen-

375 4124 472 4166 sa.
504 4113 786 4164 Evocatos
814 4113 1010 4164 autem
1062 4107 1496 4164 introducimus
1526 4113 1584 4165 et
1625 4109 1930 4165 educimus
1961 4108 2022 4162 in

374 4199 500 4254 suis
530 4198 956 4270 scaramangiis
986 4201 1234 4253 tantum.
1256 4197 1570 4269 Splendida
1600 4197 1696 4253 die
1726 4197 2024 4254 Dominica

377 4287 732 4358 palmarum,
755 4303 885 4358 quae
906 4286 1169 4359 proxime
1193 4287 1670 4343 resurrectionem
1695 4286 1906 4343 Christi
1929 4303 2028 4342 an-

374 4380 603 4447 tecedit,
637 4379 966 4434 celebratur
992 4378 1280 4449 processio
1313 4377 1371 4432 in
1423 4381 1646 4444 sancto,
1671 4377 1824 4448 quod
1868 4376 2024 4433 Deus

375 4469 685 4538 custodiat,
701 4467 940 4540 palatio.
963 4467 1077 4523 Piis
1100 4483 1306 4540 nempe
1325 4467 1547 4524 nostris
1568 4466 2024 4539 imperatoribus

373 4561 433 4614 in
466 4559 906 4631 chrysotriclino
955 4557 1404 4629 praesidentibus
1437 4557 1500 4613 in
1540 4558 1665 4612 suis
1697 4554 2026 4612 mutatoriis

2117 3383 2458 3449 ἀποτίθενται
2489 3385 2681 3448 πάντες
2736 3385 2830 3450 τὰς
2887 3386 3090 3442 ἑαυτῶν
3141 3388 3339 3452 στολὰς
3385 3392 3524 3448 κατὰ
3574 3392 3772 3466 τύπον,

2117 3473 2206 3528 καὶ
2257 3473 2566 3553 φορούντων
2639 3480 2748 3530 τῶν
2822 3471 3058 3532 εὐσεϐῶν
3133 3479 3295 3552 ἡμῶν
3372 3479 3640 3557 βασιλέων
3697 3484 3772 3538 τὰ

2118 3563 2516 3638 κεχρυσωμένα
2591 3563 2768 3620 αὐτῶν
2841 3567 3247 3644 σκαραμάγγια,
3304 3576 3774 3651 συναμφιαζονται

2119 3654 2315 3716 πάντες
2361 3653 2570 3728 ὁμοίως
2626 3654 2694 3710 τὰ
2757 3653 2932 3712 οἰκεῖα
2980 3658 3161 3713 αὐτῶν
3222 3661 3624 3738 σκαραμάγγια,
3682 3661 3781 3717 καὶ

2120 3739 2360 3798 τελεῖται
2391 3741 2708 3817 κλητώριον
2740 3748 2819 3816 τῷ
2860 3743 3082 3819 βασιλεῖ
3130 3745 3182 3802 ἐν
3226 3751 3306 3820 τῷ
3336 3749 3785 3828 περιφανεστάτῳ

2122 3830 2390 3906 τρικλίνῳ
2428 3836 2527 3886 τοῦ
2590 3833 2974 3889 Ἰουστινιανοῦ
3031 3834 3118 3889 ἐπὶ
3159 3836 3485 3908 ἀποκοπτῆς
3514 3840 3786 3914 τραπὲζη,

2124 3919 2216 3974 καὶ
2269 3917 2352 3975 δεῖ
2399 3923 2549 3993 ἡμᾶς
2597 3920 2925 3997 εὐτρεπίζειν
2975 3922 3053 3986 είς
3109 3926 3444 3981 συνεστίασιν
3471 3931 3580 3982 τῶν
3619 3929 3788 4004 βασι-

2128 4007 2269 4064 λέων
2321 4008 2374 4065 ἐν
2432 4012 2501 4082 τῇ
2543 4011 2768 4084 τοιαύτῃ
2832 4013 3013 4087 ἡμέρᾳ
3072 4013 3426 4090 μαγίστρους,
3487 4019 3791 4092 πραιποσί-

2126 4119 2278 4170 τους,
2347 4097 2709 4168 ἂνθυπάτους,
2767 4102 3111 4177 πατρικίους,
3181 4105 3546 4183 στρατηγοὺς,
3617 4107 3790 4187 6?ch-

2128 4187 2400 4258 κιαλίους,
2455 4188 2773 4264 βασιλικοὺς
2818 4194 3342 4268 πρωτοσπαθαρίους
3398 4196 3488 4251 καί
3549 4193 3790 4261 λοιποὺς

2133 4277 2402 4355 ἄρχοντας
2459 4277 2521 4334 ἐκ
2574 4283 2684 4335 τῶν
2733 4280 3038 4355 βασιλικῶν
3087 4285 3382 4360 ταγμάτων
3408 4286 3547 4341 κατὰ
3589 4285 3656 4342 τὰ
3688 4307 3794 4342 πο-

2132 4367 2224 4423 σὸν
2287 4375 2388 4438 τῆς
2445 4367 2740 4444 τραπέζης’
2801 4370 3031 4449 εἰσάγειν
3093 4369 3151 4428 δὲ
3187 4374 3386 4437 αὐτοὺς
3424 4376 3516 4430 καὶ
3580 4374 3790 4452 ἐξάγειν

2131 4452 2185 4509 ἒν
2233 4455 2302 4530 τῇ
2360 4454 2553 4527 κλήσει
2607 4457 2742 4531 μετὰ
2797 4463 2903 4513 τῶν
2964 4460 3177 4516 οἰκείων
3235 4463 3653 4540 σκαραμαγγίων
3692 4464 3795 4520 καὶ

2137 4543 2322 4618 μόνον.
2355 4547 2441 4620 Τῇ
2486 4543 2543 4600 δὲ
2585 4547 2691 4623 πρὸ
2743 4554 2842 4618 τῆς
2895 4549 3132 4624 Χριστοῦ
3186 4550 3525 4616 ἀναστάσεως
3557 4552 3795 4630 λαμπρᾷ

374 4664 490 4704 una
521 4663 656 4704 cum
692 4645 1049 4703 mcumenico
1082 4645 1442 4718 patriarcha,
1477 4647 1594 4714 toto
1624 4642 1893 4700 cubiculo
1924 4659 2015 4698 co-

2134 4639 2375 4729 Κυριακῇ
2421 4639 2529 4690 τῶν
2579 4636 2750 4729 βαῒων
2787 4635 3024 4693 τελεῖται
3055 4641 3090 4708 ἡ
3124 4639 3444 4714 προέλευσις
3476 4641 3528 4696 ἐν
3553 4647 3636 4716 τῷ
3666 4645 3796 4699 θεο-

373 4754 494 4794 ram
529 4737 675 4810 ipsis
708 4737 767 4791 in
800 4735 952 4791 serie
991 4735 1314 4790 secundum
1357 4734 1647 4805 cujusque
1677 4732 2022 4805 dignitatem

371 4832 583 4893 stante,
626 4822 1080 4881 introducantur
1119 4829 1370 4894 quatuor
1403 4821 1703 4878 demestici
1736 4820 2022 4894 [totidem]

371 4920 698 4985 tagmatum
729 4931 862 4970 cum
886 4913 1138 4987 geminis
1163 4910 1519 4977 demarchis,
1542 4910 1897 4967 chartulario
1917 4909 2024 4965 im-

372 5003 606 5072 perialis
637 5003 882 5070 sacellii,
915 5002 1209 5074 simulque
1230 5017 1433 5058 omnes
1456 5001 1748 5074 gerocomi
1769 5006 1826 5055 et
1843 5015 2020 5055 xeno-

372 5090 542 5145 dochi
576 5093 995 5148 venerabilium
1041 5094 1280 5150 mdium.
1331 5091 1442 5158 Qui
1483 5097 1792 5162 postquam
1826 5105 2020 5146 sacras

371 5197 595 5248 cruces,
630 5186 773 5250 quot
819 5199 958 5252 opus
998 5190 1108 5251 est,
1157 5185 1314 5240 intro
1363 5182 1708 5251 attulerunt,
1755 5181 2016 5239 introdu-

2136 4722 2397 4801 φυλάκτῳ
2459 4724 2590 4800 ἰερῷ
2648 4723 2922 4798 παλατίῳ.
2989 4728 3470 4803 Ηρογαθεσθὲντων
3540 4731 3644 4808 γὰρ
3700 4731 3794 4788 ἐπὶ

2134 4816 2232 4868 τοῦ
2287 4811 2751 4887 χρυσοτρικλίνου
2815 4819 2925 4870 τῶν
2995 4812 3234 4873 εὐσεϐῶν
3289 4820 3450 4893 ἡμῶν
3515 4818 3792 4895 βασιλέων

2133 4900 2555 4987 ἐξαλλαγμὲνωγ
2586 4904 2703 4976 (88)
2763 4904 2877 4978 ἅμα
2931 4909 3010 4978 τῷ
3069 4904 3438 4982 οἷκουμενικῷ
3467 4911 3791 4987 πατριάρχῃ

2131 4990 2223 5045 καὶ
2262 4995 2364 5046 τοῦ
2414 4986 2811 5047 κουϐουκλείου
2860 4995 3062 5057 παντὸς
3111 4995 3218 5071 πρὸ
3268 4999 3571 5072 προσώπου
3609 4986 3796 5056 αὐτῶν

2131 5084 2267 5137 κατὰ
2310 5080 2457 5155 τάξιν
2520 5082 2782 5159 στιχηδὸν
2849 5089 3218 5158 παρεστῶτος,
3277 5085 3585 5162 εἷ’σάγονται
3630 5090 3684 5144 οἱ
3744 5087 3792 5146 δ’

2131 5169 2447 5246 δομὲστικοι
2487 5176 2596 5228 τῶν
2648 5173 2942 5250 ταγμάτων
2995 5173 3087 5230 σὺν
3136 5180 3254 5240 τοῖς
3301 5172 3422 5232 δυσῖ
3464 5175 3789 5256 δημάρχοις

1425 5306 1628 5363 JOAN.
1666 5306 1812 5362 JAC.
1857 5303 2124 5362 REISKII
2161 5299 2747 5357 COMMENTARIUS.

448 5403 560 5478 (87)
593 5401 838 5478 Videtur
870 5407 996 5478 post
1028 5407 1270 5478 primam
1313 5420 1527 5478 νοσοωῄ
1545 5403 1668 5478 περί
1713 5403 2019 5478 excidisse.

377 5473 564 5549 Vulgo
599 5476 807 5549 festum
865 5473 1225 5549 Qrthodoxiae
1271 5477 1426 5530 nude
1476 5473 1688 5549 dicitur
1713 5493 1733 5549 ;f
1769 5478 1886 5549 vid.
1934 5475 2020 5530 Du

379 5542 573 5621 Can‘ge
601 5548 661 5621 7h.
693 5542 899 5621 v.,_q_ui
932 5542 1010 5621 ait
1031 5542 1737 5621 Orthodoziamappellari
1772 5546 2023 5621 primam

380 5613 741 5700 qunvinicam
763 5613 1128 5700 jejuniorum
1159 5633 1272 5700 seu
1304 5613 1789 5700 quadragesima},
1820 5617 1879 5670 in
1907 5633 2027 5700 qua

383 5690 711 5744 celebratur
740 5682 896 5755 apud
919 5682 1141 5741 Graecos
1173 5682 1800 5755 festumirestitutioni’s
1829 5682 2022 5743 cultus

383 5773 679 5818 sacrarum
740 5754 1061 5824 imaginum
1120 5756 1230 5812 sub
1281 5754 1561 5814 Michaele
1616 5764 1675 5816 et
1717 5757 2020 5815 Theodore

2133 5401 2314 5470 impp.
2351 5397 2674 5469 legiturque
2724 5399 3072 5470 Synodicum
3106 5399 3165 5458 in
3201 5404 3349 5464 hanc
3380 5423 3500 5463 rem
3535 5408 3792 5470 editum.

2133 5473 2391 5547 Quse‘res
2423 5475 2680 5547 n_ota_est_
2699 5473 3038 5547 exhistoria
3071 5475 3408 5547 Byzantina.

2209 5541 2492 5626 £88).D‘edi
2555 5543 2611 5626 in
2657 5541 2879 5626 Latinis
2905 5547 2989 5626 _in
3032 5541 3393 5626 mutatoriis;
3437 5547 3792 5619 ἐξαλλάττειν

2134 5613 2290 5697 enim
2341 5613 2495 5697 idem
2529 5619 2618 5669 est
2665 5620 2839 5697 atque
2869 5615 3118 5697 simplex
3148 5613 3487 5697 §}la'tce'tv,:
3501 5636 3791 5697 postquam

2131 5688 2305 5765 vestes
2328 5690 2533 5767 veteres
2579 5687 2760 5767 nevis
2778 5687 3102 5767 vastassent,
3145 5691 3299 5751 idem
3331 5700 3423 5752 est
3445 5687 3680 5760 dictum
3704 5706 3794 5767 at-

2133 5767 2246 5828 que
2268 5755 2327 5810 in
2357 5757 2691 5814 mutatoriis.
2723 5759 2884 5816 Conf.
2917 5776 2977 5835 p.
3008 5755 3134 5821 441.
