4124 6372
387 398 543 461 1393

1247 398 1352 460 DE
1396 397 1842 463 CERIMONIIS
1889 401 2125 462 AULB
2165 404 2644 473 BYZANTINAS
2687 415 2833 476 LIB.
2881 416 2960 478 II.

3652 418 3805 479 1394

385 536 479 626 καὶ
538 538 619 626 τῷ
665 529 1060 626 χαρτουλαρίῳ
1104 536 1202 605 τῆς
1250 533 1543 610 βασιλικῆς
1595 531 1893 605 σακέλλης,
1942 535 2031 590 καὶ

2148 551 2363 601 cuntur
2392 563 2600 606 omnes
2632 550 2919 623 magistri,
2946 551 3805 626 proconsules,patriciietofﬁ-

385 625 479 681 σὺν
508 623 729 686 τούτοις
760 620 819 679 δὶ
864 624 1059 687 πάντες
1106 624 1159 679 οἱ
1208 624 1521 701 γηροκόμοι
1550 645 1610 680 τε
1629 624 1719 680 καὶ
1750 622 2037 704 ξενοδόχοι

383 719 493 772 τῶν
524 713 729 788 εὐαγῶν
780 711 966 784 οἷ’κων,
1017 714 1108 770 καὶ
1161 720 1262 784 τῆς
1312 712 1633 789 εισκομιδῆς
1679 719 1788 770 τῶν
1832 715 2033 789 τιμίων

386 805 655 882 σταυρίων
705 805 831 879 παρ’
877 803 1061 867 αὐτοῖς
1118 804 1477 881 τελουμένης,
1525 806 1831 883 εἰσάγονται
1898 806 2037 860 πάν-

381 916 492 966 τες,
534 896 848 971 μάγιστροι,
896 894 1212 965 ἀνθύπατοι,
1268 895 1549 971 πατρίκιοι
1616 897 1704 951 καὶ
1779 896 2033 975 ὀφφικιά-

383 984 501 1042 λιοι
530 983 666 1040 κατά
712 985 1008 1059 πρόσωπον
1053 989 1161 1041 τῶν
1208 981 1442 1043 εὐσεϐῶν
1494 986 1790 1062 βασιλέων,
1820 986 2037 1042 ἐστολι-

384 1074 573 1149 σμένοι
630 1073 727 1137 τάς
779 1074 987 1130 ἑαυτῶν
1041 1072 1240 1140 λευκὰς
1297 1073 1584 1151 χλανίδας,
1641 1075 1731 1132 καὶ
1786 1078 1885 1145 τῆς
1917 1073 2033 1131 δια·

382 1171 564 1238 νομῆς
620 1168 729 1219 τῶν
774 1162 973 1238 τιμίων
1024 1164 1288 1240 σταυρίων
1343 1164 1418 1228 εἷς
1474 1166 1670 1229 αὐτοὺς
1711 1165 2031 1243 γεναμένης,

380 1253 622 1311 τελεῖται
652 1256 687 1324 ἡ
722 1251 968 1317 λιτάνιος
994 1254 1244 1329 ὗμνῳδία
1266 1257 1372 1311 άπὸ
1400 1260 1498 1312 τοῦ
1528 1260 1661 1312 ναοῦ
1710 1262 1810 1326 τῆς
1841 1256 2033 1332 Ἀγίας

382 1344 652 1401 Θεοτόκου
682 1347 781 1399 τοῦ
818 1344 1005 1420 Φάρου
1035 1345 1171 1419 πρὸς
1201 1346 1291 1401 τὸν
1319 1345 1442 1401 ναὸν
1462 1352 1561 1416 τῆς
1586 1344 1770 1420 Ἀγίας
1797 1342 2033 1419 Τριάδος

377 1442 481 1506 τῆς
514 1435 747 1514 Δάφνης,
780 1435 868 1489 καὶ
911 1435 1019 1491 ἀπὸ
1046 1442 1147 1505 τῆς
1202 1436 1553 1515 ὑποστροφῆς
1602 1436 1805 1505 ταύτης
1860 1437 2033 1489 τελεῖ-

376 1546 467 1582 ται
496 1524 811 1600 κλητώριον
842 1530 958 1588 τοῖς
994 1523 1305 1600 βασιλεῦσιν
1356 1525 1443 1582 ἐπὶ
1493 1530 1590 1582 τοῦ
1639 1524 2032 1600 λαμπροτάτου

378 1619 764 1674 Ὶουστινιανοῦ
813 1612 1119 1689 τρικλίνου,
1179 1616 1269 1670 καὶ
1329 1612 1412 1671 δεῖ
1467 1616 1616 1690 ἡμᾶς
1695 1612 2024 1689 εὐτρεπίζειν

381 1706 458 1770 είς
498 1704 832 1763 συνεστίασιν
895 1710 1003 1760 τῶν
1054 1703 1327 1779 βασιλέων
1387 1703 1604 1783 φίλους,
1667 1702 2030 1782 μαγίστραυς,

378 1794 800 1871 πραιποσίτους,
890 1795 1245 1865 ἀνθυπάτους,
1325 1793 1667 1870 πατρικίους,
1771 1795 2031 1873 ὀφφικια-

383 1886 558 1958 λίους,
624 1882 974 1962 ξενοδόχους,
1031 1887 1409 1961 γηροκόμους,
1460 1883 1844 1960 τοποτηρητάς
1919 1888 2026 1939 τῶν

374 1978 664 2053 ταγμάτων
723 1975 857 2031 κατά
911 1975 1002 2030 τὸν
1049 1975 1282 2050 ἀριθμὸν
1337 1979 1435 2031 τοῦ
1474 1979 1645 2031 ποσοῦ
1682 1981 1782 2046 τῆς
1824 1974 2024 2050 τραπέ-

378 2073 497 2138 ζης’
529 2066 621 2122 καὶ
652 2063 1180 2143 εἶσάγονταιπάντες
1239 2066 1291 2120 οί
1350 2064 1683 2138 κεκλημένοι
1738 2066 1875 2139 μετὰ
1914 2069 2023 2121 τῶν

374 2155 592 2212 οἰκείων
620 2154 969 2229 ἀλλαξίμων,
1000 2152 1148 2225 πλὴν
1192 2158 1299 2211 τῶν
1349 2152 1675 2231 χλανιδίων,
1704 2156 1754 2210 οἱ
1815 2152 1873 2210 δὶ
1912 2176 2024 2231 γη-

376 2244 613 2323 ροκόμοι
640 2243 730 2300 καὶ
763 2241 1046 2321 ξενοδόχοι
1090 2245 1183 2301 καὶ
1233 2245 1615 2319 τοποτηρηταὶ
1661 2249 1769 2301 τῶν
1812 2243 2027 2320 ταγμά-

371 2355 482 2390 των
518 2333 653 2409 μετᾶ
677 2334 743 2389 τὰ
775 2334 950 2389 οἰκεῖα
989 2332 1164 2390 αὐτῶν
1216 2336 1621 2410 σκαραμάγγια.
1656 2336 1743 2410 Τῇ
1794 2332 1852 2390 δὲ
1898 2334 2027 2413 ἁγίᾳ

372 2423 465 2481 καὶ
494 2425 614 2496 ἱερᾷ
660 2424 892 2498 Ηὲμπτῃ
947 2429 1047 2494 τῆς
1104 2423 1363 2501 λαμπρᾶς
1418 2420 1585 2486 ὅντως
1643 2425 1733 2480 καὶ
1790 2445 2027 2505 περιφα-

373 2518 503 2580 νοῦς
534 2508 863 2588 ἑϐδομάδος.
899 2512 954 2569 ἐν
985 2513 1022 2588 ᾖ
1054 2515 1082 2569 ὁ
1110 2519 1213 2583 τῆς
1269 2515 1415 2578 θείας
1456 2514 1833 2591 μυσταγωγίας
1883 2513 2029 2590 παρὰ

372 2610 473 2675 τῆς
506 2602 620 2660 ἅνω
676 2602 867 2682 σοφίας
920 2601 1249 2681 ἐφήπλωται
1311 2600 1551 2675 δεῖπνος,
1610 2603 1849 2661 τελεῖται
1897 2624 2030 2678 προ-

377 2694 591 2758 ἰλευσις
650 2695 867 2770 παγανὴ
903 2693 956 2749 ἐν
985 2698 1065 2767 τῷ
1108 2694 1351 2769 λαμπρῷ
1390 2694 1668 2769 παλατίῳ,
1699 2696 1789 2751 καὶ
1831 2714 2029 2770 προευ-

377 2785 686 2862 τρεπίζεται
717 2786 846 2859 παρ’
875 2786 1036 2857 ἡμῶν
1066 2786 1101 2854 ἡ
1131 2788 1233 2839 τοῦ
1279 2783 1570 2860 βασιλικοῦ
1613 2783 1831 2842 δείπνου
1888 2785 2027 2852 κλῆ-

380 2897 467 2939 σις
522 2875 760 2950 πρῶῒας,
784 2873 875 2929 καὶ
934 2870 1018 2929 δεῖ
1072 2876 1221 2947 ἡμᾶς
1262 2873 1592 2951 εὐτρεπίζειν
1650 2875 1727 2940 εἷς
1755 2876 2029 2932 συνεστία-

380 2986 462 3021 σιν
513 2968 622 3021 τῶν
683 2962 957 3021 δεσποτῶν
1021 2964 1373 3039 μαγίστρους,
1432 2965 1848 3039 πραιποσίτους,
1906 2966 2031 3032 ἀνθ-

379 3054 641 3123 υπάτους,
715 3052 1059 3129 πατρικίους,
1147 3051 1555 3131 ὀφφικιαλίους,
1632 3056 2029 3129 πρωτοσπαθα-

380 3143 533 3217 ρίους
583 3142 903 3219 εὐνούχους,
951 3144 1374 3219 πριμικηρίους,
1433 3143 1761 3218 ὀστιαρίους,
1816 3143 2029 3219 μαγλα-

381 3228 556 3300 ϐίτας,
615 3232 863 3306 κόμητας
911 3236 1009 3287 τοῦ
1067 3231 1305 3309 ἀριθμοῦ
1359 3233 1448 3287 καὶ
1506 3234 1835 3310 κεντάρχους
1894 3232 2029 3289 κατά

377 3324 439 3380 τὸ
477 3321 646 3379 ποσόν
678 3324 778 3392 τῆς
807 3322 1101 3397 τραπέζης,
1161 3325 1251 3378 καὶ
1306 3322 1535 3386 τούτους
1599 3324 2027 3399 προσκαλεῖσθαι

376 3411 465 3469 ὶπί
493 3412 585 3468 τὸν
603 3418 706 3481 τῆς
735 3412 964 3484 δσπέρας
995 3409 1239 3472 δεῖπνον.
1309 3411 1731 3485 Ἀπολυομὲνης
1786 3414 1878 3469 οὐν
1927 3421 2027 3484 τῆς

381 3500 697 3581 συγκλήτου
729 3502 909 3573 πάσης
940 3504 1030 3557 καὶ
1060 3500 1227 3558 πάλιν
1276 3506 1413 3580 πρὸς
1460 3502 1603 3578 ὥραν
1664 3506 1707 3568 θ’
1769 3504 2029 3561 ἐπανιού-

382 3610 502 3661 σης,
535 3589 891 3664 συνέρχονται
920 3588 1114 3652 πάντες
1162 3591 1214 3645 οἱ
1264 3590 1593 3663 κεκλημένοι
1621 3592 1697 3655 εἰς
1753 3594 1820 3649 τὸ
1876 3592 2031 3649 τελέ-

382 3699 470 3734 σαι
501 3680 600 3747 τὴν
630 3678 779 3753 ἱεράν
810 3679 1073 3753 εὐωχίαν,
1114 3678 1205 3735 καὶ
1264 3679 1398 3753 μετᾶ
1459 3681 1558 3750 τήν
1610 3681 1875 3738 ἀπόλυσιν
1929 3690 2032 3753 τῆς

382 3774 755 3842 πνευματικῆς
840 3766 1191 3845 λειτουργίας
1248 3768 1561 3844 προτίθεται
1618 3772 1681 3826 τὸ
1742 3771 2028 3846 βασιλικὸν

382 3855 697 3933 κλητώριον
739 3856 826 3914 ἐπὶ
882 3854 979 3914 τοῦ
1026 3853 1389 3923 πεςιϐλέπτου
1436 3859 1721 3936 τρικλίνου
1757 3866 1856 3918 τοῦ
1888 3865 2031 3921 Ἰου-

386 3951 679 4017 στινιανοῦ,
747 3947 837 4004 καὶ
894 3948 1355 4023 προκσθεσθέντος
1402 3954 1500 4005 τοῦ
1585 3946 1857 4015 ϐασιλέως
1942 3952 2031 4009 ἐπὶ

380 4044 479 4107 τῆς
537 4036 724 4111 τιμίας
779 4035 1075 4115 τραπέζης,
1139 4037 1446 4117 εἰσάγονται
1501 4042 1699 4105 πάντες
1730 4045 1780 4098 οἱ
1829 4042 2031 4114 κεκλη-

388 4126 539 4200 μένοι
573 4127 710 4200 μετὰ
765 4131 875 4183 τῶν
930 4126 1147 4184 οἰκείων
1202 4130 1633 4208 σκαραμαγγίων
1691 4133 1781 4187 καὶ
1842 4132 2031 4205 μόνον,

384 4216 473 4273 ἰπὶ
504 4214 564 4273 δὲ
592 4221 662 4292 τῇ
692 4217 868 4273 αὐτῶν
890 4216 1063 4291 ὶξόδῳ
1093 4214 1356 4285 λαϐόντες
1411 4227 1537 4297 παρ’
1586 4225 1747 4294 ἡμῶν
1806 4221 2036 4302 φατλία-

384 4307 476 4361 σὺν
523 4308 660 4379 ἡμῖν
692 4306 1007 4385 ἐξέρχονται
1036 4308 1249 4370 πάντες.
1283 4311 1377 4380 Τῷ
1426 4306 1484 4364 δὶ
1541 4310 1675 4385 ἁγίῳ
1740 4312 1829 4366 καὶ
1860 4314 2034 4386 τιμίῳ

386 4390 649 4470 Σαϐϐάτῳ
680 4394 1049 4475 άνεῳχθέντος
1088 4396 1185 4450 τοῦ
1226 4395 1487 4472 λαμπροῦ
1531 4398 1825 4474 παλατίου,
1858 4401 2033 4458 τελεῖ-

2144 633 2319 691 ciales
2344 635 2403 692 in
2438 645 2815 711 conspectum
2837 642 3066 714 piorum
3089 642 3643 715 principum,induti
3668 643 3797 699 suis

2144 726 2363 798 quique
2383 729 2650 786 candidis
2674 731 3256 789 tunicis.Distributis
3280 733 3435 788 inter
3456 750 3555 789 eos
3579 732 3802 788 sanctis

2142 817 2438 887 crucibus,
2500 821 2793 892 processio
2858 822 2923 878 ﬁt
2980 822 3129 877 inter
3175 822 3426 895 hymnos
3478 839 3513 877 a
3572 821 3795 893 templo

2141 906 2200 962 S.
2233 906 2499 980 Deiparse
2527 910 2697 966 Phari
2729 911 2865 967 inde
2898 927 3083 983 usque
3114 911 3184 967 ad
3218 912 3501 984 templum
3533 916 3590 966 S.
3622 911 3805 967 Trini-

2140 998 2279 1054 tatis
2327 996 2387 1053 in
2418 998 2680 1071 Daphne.
2714 1002 2947 1058 Reversi
2999 1002 3310 1073 perﬁciunt
3339 1001 3560 1058 domini
3591 1002 3798 1057 convi-

2138 1085 2299 1143 vium
2323 1087 2381 1143 in
2404 1088 2886 1160 splendidissimo
2907 1090 3233 1147 Justiniani
3253 1090 3532 1158 triclinio,
3552 1089 3627 1146 ad
3649 1091 3800 1162 quod

2142 1176 2421 1233 invitandi
2454 1178 2622 1235 nobis
2652 1184 2793 1235 sunt
2812 1181 3005 1249 amici,
3025 1195 3237 1252 nempe
3260 1180 3550 1252 magistri,
3582 1196 3801 1251 praepo-

2138 1266 2260 1337 siti,
2280 1268 2674 1340 proconsules,
2701 1268 2944 1339 patricii,
2974 1269 3278 1337 ofﬁciales,
3315 1268 3663 1337 xenodochi,
3697 1285 3797 1340 ge-

2140 1357 2381 1427 rocomi,
2406 1361 2739 1430 topoteretaa
2779 1362 3111 1431 tagmatum
3144 1376 3247 1429 pro
3283 1359 3597 1430 capacitate
3631 1374 3799 1413 men-

2140 1461 2238 1502 sis.
2264 1446 2500 1503 Invitati
2520 1448 2744 1504 intrant
2768 1448 2829 1503 in
2859 1448 2985 1505 suis
3004 1448 3364 1516 mutatoriis,
3398 1449 3621 1521 absque
3642 1448 3796 1503 tuui-

2138 1535 2225 1594 cis
2280 1543 2496 1593 tamen.
2558 1536 2881 1607 Gerocomi,
2934 1537 3258 1593 xenodochi
3334 1542 3391 1592 et
3461 1541 3794 1609 topotercte

2138 1630 2467 1698 tagmatum
2518 1625 2578 1682 in
2617 1626 2743 1683 suis
2783 1626 3229 1699 scaramangiis.
3275 1628 3430 1684 442
3476 1627 3692 1682 Sancta
3740 1630 3798 1682 et

2136 1714 2456 1772 venerabili
2484 1714 2691 1785 quinta
2720 1716 2863 1773 feria
2891 1717 3154 1788 ejusdem
3203 1732 3335 1772 vere
3364 1715 3682 1787 splendidis
3733 1720 3791 1771 et

2136 1803 2386 1862 illustris
2416 1804 2775 1877 septimanae,
2808 1805 2868 1861 in
2920 1822 3038 1877 qua
3067 1804 3247 1861 divini
3279 1804 3457 1861 officii
3491 1819 3658 1859 caena
3689 1821 3793 1876 pu-

2136 1894 2307 1952 blicis
2339 1894 2544 1951 usibus
2576 1913 2608 1951 a
2639 1894 2857 1952 caelesti
2888 1894 3179 1966 sapientia
3194 1894 3527 1967 exponitur,
3563 1893 3627 1948 fit
3658 1910 3791 1965 pro-

2134 1985 2324 2045 cessio
2356 2001 2582 2057 pagana
2609 1984 2668 2041 in
2690 1984 3000 2058 splendido
3026 1983 3265 2056 palatio,
3297 1986 3354 2039 et
3379 2000 3552 2039 mane
3572 2000 3606 2039 a
3626 1982 3792 2039 nobis

2136 2075 2436 2150 perﬁcitur
2482 2075 2550 2130 ad
2593 2090 2821 2131 sacram
2871 2090 3093 2130 cmnam
3141 2072 3426 2130 invitatio.
3470 2072 3791 2129 lnvitamus

2136 2172 2333 2222 autem
2364 2159 3787 2236 magistros.praepositos,proconsules,patricios,

2136 2253 2436 2322 ofﬁciales,
2481 2250 2983 2326 protospatbarios
3029 2249 3354 2320 eunuchos,
3402 2249 3787 2322 primicerios,

2138 2344 2428 2413 ostiarius,
2458 2342 2831 2415 maglabitas,
2848 2340 3091 2398 comites
3113 2340 3261 2397 arith
3272 2340 3350 2395 mi
3374 2343 3429 2396 ct
3448 2339 3789 2397 centarchos

2138 2452 2242 2508 pro
2274 2433 2597 2506 capacitate
2628 2448 2864 2490 mensae.
2887 2432 3072 2488 Finito
3104 2431 3301 2503 itaque
3330 2447 3607 2487 consessu
3629 2429 3791 2485 omni

2138 2530 2196 2583 et
2226 2526 2408 2582 mlsso
2462 2526 2694 2591 senatu,
2742 2521 3073 2591 iterumque
3124 2521 3277 2576 circa
3321 2535 3537 2576 nonam
3587 2518 3789 2574 horam

2139 2613 2800 2681 redeunte,conveniunt
2821 2609 3046 2666 invitati
3068 2625 3274 2666 omnes
3294 2608 3369 2664 ad
3389 2608 3792 2665 celebrandum

2139 2720 2374 2764 sacrum
2402 2703 2753 2765 convivium,
2778 2706 2836 2757 et
2858 2703 2991 2773 post
3012 2699 3246 2755 ﬁnitum
3280 2696 3588 2770 spirituale
3618 2698 3791 2752 servi-

2139 2796 2281 2853 tium
2313 2792 2652 2866 proponitur
2680 2794 2738 2848 et
2786 2789 3050 2847 accessui
3090 2789 3289 2861 pateﬁt
3337 2802 3572 2845 sacrum
3603 2786 3789 2843 convi-

2139 2886 2298 2942 vium
2322 2884 2381 2941 in
2403 2881 2721 2954 conspicuo
2741 2879 3061 2937 Justiniani
3085 2878 3334 2935 triclinio
3356 2877 3716 2947 institutum,
3733 2880 3792 2933 et

2139 2974 2483 3049 praesidente
2536 2972 2883 3043 imperatore
2914 2970 2974 3025 in
3005 2967 3319 3025 venerabili
3350 2983 3573 3033 mensa,
3605 2965 3788 3021 intro-

2140 3066 2439 3121 ducuntur
2486 3060 2715 3117 invitati
2765 3060 2823 3114 in
2875 3058 3003 3114 suis
3061 3056 3482 3126 scaramangiis
3540 3058 3787 3111 tantum.

2141 3154 2332 3211 Finito
2359 3156 2552 3208 autem
2598 3148 2880 3215 convivio,
2913 3163 3047 3203 cum
3100 3150 3329 3216 tempus
3382 3148 3474 3202 est
3513 3144 3791 3211 abeundi,

2140 3247 2354 3300 exeunt
2383 3240 2689 3297 nobiscum
2723 3253 2921 3293 omnes
2951 3252 3083 3294 cum
3117 3235 3323 3291 faculis
3354 3235 3564 3305 cuique
3593 3232 3793 3289 distri-

2141 3333 2315 3390 butis.
2351 3331 2563 3387 Sancto
2585 3333 2643 3384 et
2660 3326 2977 3384 venerabili
3016 3326 3111 3381 die
3130 3324 3366 3381 Sabbati
3400 3323 3663 3394 ejusdem
3700 3338 3791 3377 se-

2139 3422 2575 3495 ptimanae,post
2595 3421 2865 3489 apertum
2884 3415 3259 3487 splendidum
3284 3412 3591 3486 palatium,
3618 3411 3682 3466 fit
3703 3428 3793 3466 so-

2137 3511 2349 3569 lemnis
2372 3519 2427 3566 et
2462 3506 2807 3565 universalis
2847 3504 3141 3578 processio
3174 3505 3245 3560 ad
3278 3502 3568 3575 templum
3596 3508 3654 3555 ὃ.
3686 3500 3795 3556 So-

2139 3601 2292 3676 phim
2314 3620 2329 3670 ;
2355 3599 2456 3656 ubi
2480 3602 2789 3671 postquam
2811 3595 3124 3667 imperator
3154 3594 3469 3650 instratum
3495 3599 3711 3648 sanctae
3740 3597 3795 3646 et

2138 3689 2489 3748 venerabilis
2520 3704 2631 3743 arae
2682 3701 2829 3741 novo
2861 3684 3124 3751 mutavit,
3168 3682 3322 3738 intra
3363 3682 3423 3736 in
3468 3680 3792 3751 sceuophy-

2141 3780 2377 3849 lacium,
2398 3779 2662 3848 factaque
2685 3776 2997 3830 nardorum
3020 3788 3123 3829 seu
3146 3774 3577 3841 unguentorum
3605 3766 3796 3822 distri-

2141 3870 2401 3939 butione,
2436 3867 2585 3923 redit
2614 3880 2746 3920 cum
2786 3863 2968 3934 gloria
2999 3862 3056 3915 in
3085 3876 3260 3916 suum
3308 3858 3608 3931 palatium.
3642 3857 3793 3911 Tum

2141 3963 2370 4033 Oportet
2402 3973 2507 4012 uos
2529 3956 2601 4011 ad
2634 3953 2984 4008 cmnandum
3020 3966 3155 4005 cum
3190 3948 3427 4004 domino
3454 3948 3675 4002 amicos
3706 3961 3798 4001 ex-

2141 4052 2310 4113 ciere,
2337 4046 2672 4118 magistros,
2699 4040 3051 4113 propositos,
3074 4036 3794 4111 proconsules,patricios,

2141 4127 3460 4211 protospatbariosofﬁciales,protospatharios
3472 4126 3796 4196 eunuchos,

2142 4223 2523 4299 primicerios,
2571 4219 2860 4287 ostiarios,
2913 4217 3287 4291 maglabitas,
3340 4219 3697 4287 topoteretas
3741 4220 3837 4283 et.

2142 4319 2431 4373 rectorum
2465 4311 2704 4368 aritbmi
2739 4309 3027 4382 quosdam
3060 4324 3161 4378 pro
3203 4306 3527 4375 capacitate
3558 4321 3793 4360 mensae.

2141 4403 2413 4464 Convivio
2430 4400 2660 4457 interim
2680 4400 2806 4473 peri
2817 4413 2983 4471 psum
2998 4397 3410 4469 imperatorem
3434 4394 3795 4465 coordinato,

382 4506 471 4541 ται
501 4485 823 4562 προέλευσις
855 4482 1094 4559 δημοσία
1142 4484 1279 4560 πρὸς
1322 4489 1421 4555 τὴν
1472 4486 1650 4562 Ἁγίαν
1685 4492 1911 4570 Σοφίαν,
1945 4495 2031 4549 καὶ

2147 4493 2464 4564 amicisque
2493 4505 2667 4563 opera
2690 4496 2888 4545 nostra
2916 4487 3200 4551 invitatis,
3223 4487 3462 4541 domum
3487 4484 3799 4540 discedunt

389 4546 1038 4652 unaliaﬂouévnc'aiq
1092 4546 1320 4645 ἐνδυτῆς
1368 4546 1478 4651 (89)
1540 4546 1642 4648 τῆς
1699 4546 1911 4655 τιμίας,

2148 4582 2525 4643 omnes.Post
2559 4594 2776 4636 nonam
2812 4594 2943 4634 vero
2984 4576 3097 4632 diei
3118 4576 3321 4632 horam
3343 4590 3692 4645 congressus
3724 4574 3796 4629 ad

1420 4677 1623 4734 JOAN.
1666 4680 1813 4737 JAC.
1857 4685 2123 4745 REISKII
2162 4676 2754 4742 COMMENTARIUS.

456 4767 571 4840 (89)
599 4766 839 4840 Endyth
866 4781 966 4840 seu
1008 4769 1233 4838 tapetes
1272 4766 1554 4840 altaribus
1604 4769 1837 4827 instrati
1871 4775 2039 4833 debe-

384 4843 526 4898 bant
553 4838 879 4911 quotannis
924 4838 982 4892 in
1016 4854 1231 4911 magno
1261 4839 1515 4895 Sabbato
1546 4855 1645 4896 seu
1697 4844 1790 4900 die
1823 4846 2035 4905 festum

384 4911 688 4969 Paschalis
720 4910 982 4981 proxime
1002 4910 1402 4979 antecedente,
1426 4913 1643 4967 mutari
1675 4917 1951 4974 omnibus
1976 4919 2035 4975 in

383 4982 671 5041 ecclesiis.
703 4982 992 5054 Endytam
1024 4984 1083 5039 S.
1118 4982 1369 5055 Sophim,
1403 4988 1468 5039 ut
1499 4985 1876 5055 cathedralis,
1909 5006 2035 5045 mu-

387 5057 546 5112 tabat
576 5055 702 5127 ipse
736 5053 1073 5131 imperator.
1108 5053 1270 5131 Conf.
1306 5071 1361 5125 ρ,
1395 5056 1460 5131 gl
1486 5062 1538 5131 et
1574 5059 1694 5114 107.
1733 5053 1953 5131 Regum
1976 5063 2033 5117 id

384 5137 507 5186 erat
537 5125 655 5184 aevo
688 5125 904 5200 medio,
949 5126 1213 5200 endytas
1237 5126 1477 5200 templis
1509 5129 1725 5185 donare
1771 5125 1843 5187 et'
1875 5149 2039 5189 reno-

382 5216 555 5268 vare;
598 5202 676 5266 et,
716 5198 774 5275 _si
812 5199 972 5275 quod
1014 5197 1102 5275 _in'_
1131 5197 1683 5275 celebre'templum
1738 5205 2037 5275 religionis

382 5288 563 5330 causa
600 5268 887 5334 venirent,
940 5268 1232 5326 debebant
1266 5270 1325 5325 in
1373 5268 1539 5340 grati'
1561 5272 1741 5329 animi
1793 5268 2037 5332 testimo-

383 5344 547 5401 nium
581 5359 692 5399 aris
724 5340 1350 5414 pallium_relinquere.
1383 5344 1463 5399 De
1495 5346 1828 5412 Constante,
1862 5347 2036 5404 Hera-

386 5415 478 5473 chi
526 5414 669 5484 ﬁlio,
718 5412 913 5469 narrat
965 5412 1183 5469 Paulus
1228 5415 1578 5471 Warnefrid.
1643 5418 1702 5469 V.
1758 5421 1827 5474 Il.
1874 5420 1960 5476 sic
2018 5435 2032 5474 :

387 5488 655 5545 Constans
715 5487 992 5557 Augustus
1064 5485 1301 5556 Neapoli
1354 5503 1604 5557 egressus
1658 5519 1726 5531 —-
1783 5507 1908 5546 cum
1965 5492 2039 5548 ad

388 5560 593 5615 limina
623 5560 687 5614 Β.
720 5555 870 5630 Petri
912 5555 1263 5630 pervenisset,
1305 5555 1507 5614 obtulit
1542 5559 1597 5614 ei
1630 5561 1869 5630 pallium
1899 5578 2038 5619 auro

390 5634 625 5689 textum.
648 5627 1028 5686 Manavit’hic
1050 5643 1179 5685 mos
1208 5634 1312 5684 aut
1339 5630 1413 5686 ab
1452 5627 1747 5687 Arabibus
1777 5635 1848 5688 ad
1879 5633 2037 5690 Grai-

388 5717 513 5767 cos,
536 5705 641 5757 aut
668 5702 741 5757 ab
756 5702 846 5758 his
877 5701 949 5757 ad
981 5699 1113 5757 illos
1132 5704 1190 5757 et
1208 5700 1592 5760 Turcas.Jam
1619 5707 1753 5761 ante
1773 5704 2034 5763 Muham-

394 5774 622 5832 medem
671 5788 798 5834 mos
847 5777 971 5831 erat
1020 5772 1305 5832 Arabibus
1352 5774 1562 5831 Cabam
1611 5791 1803 5847 suam,
1851 5778 2034 5836 adem

2146 4788 2369 4829 sar-ram
2400 4770 2756 4834 Meccanam,
2785 4768 2999 4821 metam
3024 4781 3145 4821 suae
3173 4762 3580 4829 venerationis,
3606 4761 3797 4832 palliis

2143 4842 2457 4903 Jemanicis
2478 4837 2860 4903 insternendi,
2885 4841 2946 4892 ut
2966 4854 3037 4893 ex
3060 4836 3304 4893 historia
3336 4851 3539 4903 regum
3570 4834 3796 4891 Arabiae

2146 4916 2333 4973 felicis
2353 4916 2604 4971 constat.
2628 4909 2865 4968 Chalifaa
2891 4913 3019 4979 post
3041 4908 3515 4965 Mubammedem
3542 4910 3791 4979 quotan-

2146 4988 2240 5043 nis
2260 5003 2505 5043 munera
2519 4988 2575 5039 et
2590 4981 2768 5055 pallia
2787 4978 3023 5055 totiaedi
3045 4980 3426 5055 instet-nenda
3447 4978 3789 5047 mittebant;

2147 5061 2299 5131 (nam
2323 5051 2608 5131 quadrata
2630 5060 2683 5131 e_t
2709 5056 2862 5131 tacto
2901 5053 3072 5131 plano
3094 5051 3225 5122 est,)
3248 5060 3301 5131 et
3332 5066 3533 5131 eorum
3547 5066 3794 5131 .succes-

2146 5121 2352 5198 sores,'
2375 5126 2722 5187 Ottomanici
2756 5121 3162 5198 imperatores,
3197 5124 3384 5198 adhuc
3424 5121 3597 5198 hodie
3626 5126 3792 5198 quot-

2146 5193 2323 5259 annis
2372 5202 2429 5256 id
2480 5201 2725 5256 faciuut.
2777 5193 3075 5267 Pdmpam,
3128 5213 3259 5267 qua
3302 5195 3646 5267 mittebatur
3692 5193 3792 5249 illa

2146 5276 2359 5346 endyta
2383 5289 2493 5346 suo
2518 5279 2775 5346 tempore
2799 5266 2978 5346 Misra
3001 5266 3384 5346 velAlcahira
3414 5266 3485 5323 ad
3514 5268 3788 5346 lucc-cam,

2146 5336 2426 5402 describit
2473 5346 2532 5399 in
2573 5336 2874 5398 Itinerario
2933 5356 3039 5396 suo
3094 5338 3390 5395 Wansleb.
3437 5356 3493 5410 p.
3534 5336 3789 5410 345:1;

2143 5418 2321 5489 pacha
2349 5415 2623 5489 ﬂl‘partir
2650 5414 2725 5489 du
2755 5412 2911 5489 Gaire
2941 5428 3011 5467 en
3058 5412 3267 5489 grande
3292 5408 3486 5489 pompa
3535 5408 3589 5464 le
3630 5408 3787 5489 Mah-

2143 5478 2252 5545 inel
2280 5478 2356 5544 ou.
2397 5478 2538 5556 ιιι-αι)
2581 5484 3037 5556 ιηονιιιαίνε,ηιιθ
3059 5478 3163 5539 Ἶες
3220 5478 3328 5538 rois
3371 5478 3427 5556 et
3463 5481 3536 5535 les
3579 5478 3786 5556 pachas

2145 5561 2417 5632 d'Egyple
2462 5548 2556 5615 out
2596 5563 2866 5632 coulu_me_
2892 5548 3185 5632 d’envoyer
3231 5552 3469 5632 (omnia:
3511 5566 3612 5632 ans
3650 5548 3786 5632 fila

2143 5620 2358 5702 Μεὸἕίᾶὲ
2394 5646 2534 5703 pour
2581 5629 2801 5703 co_uvrir
2848 5627 2897 5683 le
2943 5620 3199 5703 lomb'eau
3226 5625 3291 5703 de
3342 5620 3785 5703 Μαὴρνῃειί-νοκ

2145 5693 2668 5767 Arabica'bfahmel,
2700 5714 2816 5771 non
2842 5715 3091 5771 pannum
3109 5697 3365 5769 feralem,
3387 5695 3487 5751 sed
3516 5693 3781 5771 lecticam

2145 5779 2327 5847 notat,
2385 5788 2579 5847 neque
2640 5765 2895 5828 mittitur
2968 5770 3065 5827 ille
3110 5765 3374 5842 pannus,
3423 5766 3657 5839 endyta,
3708 5765 3781 5821 ad
