4124 6374
337 397 494 460 1397

1177 397 1278 456 DE
1325 395 1779 458 CERIMONIIS
1825 393 2065 455 AULE
2106 392 2600 456 ΒΥΖΑΝΤΙΝᾹΞ
2642 395 2792 457 LIB.
2842 397 2916 456 II.

3613 403 3766 464 1398

338 529 658 604 μυστηρίων
710 527 1038 605 μετάληψιν,
1062 548 1198 606 προς
1245 529 1436 604 σεμνὸν
1487 533 1671 605 κρᾶμα
1719 527 1846 590 τοὺς
1890 531 1958 595 τῆ

2074 586 2076 591 _
2108 529 2558 587 resurrectionis
2587 529 2942 603 symbolum]
2974 534 3175 588 tenent
3196 549 3209 600 ;
3231 532 3617 607 divinumque
3638 537 3764 594 otti-

334 617 646 696 συγκλήτου
681 617 1038 696 προκρίτους,
1085 618 1160 682 ὡς
1225 617 1522 682 κοινωνοὺς
1579 627 1682 688 τῆς
1737 616 1988 693 χάριτος,

332 711 588 788 ἐμφανῶς
647 705 1189 786 προσλαμϐάνονται.
1246 709 1349 768 Καὶ
1391 707 1474 766 δεῖ
1529 714 1676 784 ἡμᾶς
1734 709 1987 785 εὐτρεπί-

334 807 440 872 ζειν
473 800 525 857 έν
554 803 622 876 τῇ
655 800 794 875 αὐτῇ
824 797 1020 871 κλήσει
1054 803 1150 856 τοῦ
1191 801 1470 876 κράματος
1508 803 1604 856 τοῦ
1650 797 1986 871 τελουμένου

333 889 384 947 έν
411 893 480 966 τῇ
511 893 748 968 Χριστοῦ
778 887 1048 964 καθολικῇ
1089 887 1357 962 ἐκκλησίᾳ
1405 889 1480 952 εἷς
1535 887 1862 944 συνεστίασιν
1907 893 1987 960 τῷ

333 977 552 1055 βασιλεῖ
582 979 776 1058 φίλους
806 979 913 1034 ἀπὸ
942 986 1042 1050 τῆς
1091 979 1290 1050 τάξεως
1331 983 1436 1034 τῶν
1495 977 1829 1056 μαγίστρων,
1863 977 1982 1032 ἀνθ-

329 1071 570 1137 υπάτων,
648 1068 971 1145 πατρικίων,
1052 1073 1366 1146 στρατηγῶν
1443 1089 1502 1125 τε
1569 1069 1658 1125 καὶ
1729 1068 1982 1148 ὁφφικια·

329 1158 605 1230 λίων,τὸν
660 1159 892 1234 ἀριθμὸν
927 1156 1033 1214 ιδ”
1088 1158 1322 1236 εἰσάγειν
1379 1157 1436 1215 δὲ
1491 1157 1688 1221 αὐτοὺς
1740 1157 1824 1213 ἐπὶ
1883 1163 1985 1228 τῆς

324 1249 496 1320 αὐτῆς
549 1247 823 1324 τραπέζης
878 1247 1051 1311 οὕτως
1084 1268 1096 1281 ·
1147 1249 1276 1311 τοὺς
1333 1249 1428 1323 μὲν
1465 1249 1821 1325 μαγίστρους,
1854 1247 1983 1311 ἀνθ-

323 1339 562 1402 υπάτους
611 1337 700 1393 καὶ
740 1336 1084 1414 πατρικίους,
1113 1339 1242 1400 τοὺς
1295 1335 1512 1413 λώρους
1568 1335 1980 1417 ἠμφιεσμένους

327 1428 465 1503 μετᾶ
494 1431 601 1484 τῶν
635 1427 885 1503 χρυσέων
915 1426 1091 1483 αὐτῶν
1144 1427 1426 1501 θωρακίων
1477 1428 1567 1482 καὶ
1622 1427 1807 1500 μόνον,
1841 1445 1978 1500 προ-

321 1521 523 1595 κρίνειν
570 1513 628 1572 δὲ
677 1515 729 1572 έν
775 1521 844 1592 τῇ
894 1517 1120 1593 τοιαύτῃ
1152 1514 1386 1594 καθέδρᾳ
1441 1515 1569 1578 τοὺς
1619 1515 1687 1570 τὰ
1736 1515 1980 1590 θωράκια

321 1605 732 1686 ἠμφιεσμένους
765 1605 898 1681 ὑπὲρ
930 1605 1058 1668 τοὺς
1103 1603 1309 1669 ἄλλους
1371 1605 1690 1682 πατρικίους
1729 1605 1854 1667 τοὺς
1913 1603 1978 1658 τά

322 1695 502 1753 οἰκεῖα
545 1695 777 1768 καμίσια
823 1699 1141 1774 φοροῦντας,
1193 1692 1287 1751 κᾶν
1339 1695 1483 1771 τάχα
1528 1693 1748 1772 τύχοιεν
1811 1691 1976 1750 ἐλάτ-

319 1807 470 1850 τονες
513 1788 650 1842 εἶναι
702 1785 755 1843 ἐν
811 1790 882 1862 τῇ
933 1781 1278 1862 ιτροϐλτιςσει⁶
1337 1784 1464 1849 τοὺς
1524 1782 1581 1841 δὲ
1638 1782 1972 1861 στρατηγοὺς

2103 617 2258 674 cium
2280 620 2588 676 offerentes
2611 619 2727 677 Deo
2752 626 2883 692 post
2899 638 3094 678 assum
3105 623 3362 696 ptionem
3380 641 3559 684 sacras
3583 643 3761 684 coena:

2101 707 2422 764 admittunt
2451 709 2640 781 palam
2697 710 2949 767 delectos
2997 712 3069 768 de
3118 720 3321 769 senatu
3375 730 3645 780 proceres
3685 718 3756 772 ad

2097 799 2426 854 venerabile
2457 815 2652 856 crama
2675 800 3228 874 [seujentaculum],
3257 807 3322 858 ut
3349 804 3544 874 gaudii
3579 807 3762 877 parti-

2099 887 2275 959 cipes.
2308 889 2372 944 In
2405 888 2508 946 illa
2555 889 2681 961 ipsa
2730 891 2799 946 ad
2837 907 3033 947 crama
3063 892 3400 948 evocatione
3437 893 3528 964 (fit
3559 901 3754 951 autem

2097 975 2154 1033 in
2187 977 2476 1035 catholica
2517 978 2729 1036 Christi
2769 979 3033 1051 ecclesia)
3080 986 3303 1051 oportet
3349 999 3458 1039 nos
3508 985 3577 1040 ad
3621 1001 3755 1042 con-

2093 1066 2410 1124 vivandum
2455 1067 2794 1142 imperatori
2847 1070 3072 1127 amicos
3124 1071 3391 1139 invitare,
3432 1073 3503 1129 de
3551 1074 3754 1130 ordine

2097 1157 2537 1229 magistrorum,
2570 1159 2986 1231 proconsulum
3021 1159 3420 1230 patriciorum,
3446 1166 3566 1218 tam
3599 1168 3752 1221 stra-

2093 1251 2384 1320 tegorum,
2416 1265 2594 1321 quam
2629 1248 3003 1318 ofﬁcialium;
3040 1249 3099 1305 in
3133 1249 3472 1307 universum
3504 1268 3750 1309 numero

2093 1338 2566 1409 quatuordecim;
2600 1347 2654 1395 et
2684 1339 2791 1395 bos
2809 1338 2884 1396 ad
2903 1355 3169 1396 mensam
3193 1339 3273 1396 ibi
3298 1341 3545 1412 positam
3563 1341 3748 1399 intro—

2092 1427 2301 1483 ducere
2333 1427 2443 1484 hoc
2475 1429 2683 1485 modo:
2712 1429 2992 1502 Magistri,
3018 1429 3399 1502 proconsules
3429 1439 3482 1487 et
3512 1433 3744 1504 patricii

2090 1515 2314 1573 intrant
2352 1516 2719 1574 solummodo
2768 1517 2906 1574 loris
2934 1526 2991 1574 et
3021 1517 3213 1574 aureis
3245 1519 3370 1574 suis
3401 1519 3742 1576 thoracibus

2089 1605 2302 1662 induti.
2336 1608 2735 1664 Praeferuntur
2754 1612 2950 1663 autem
2983 1608 3173 1680 quoad
3206 1608 3527 1664 sessionem
3562 1610 3740 1681 patri-

2087 1695 2161 1752 cii
2181 1696 2515 1754 thoracibus
2537 1697 2724 1753 induti
2749 1697 2879 1754 aliis
2904 1697 3302 1770 patriciis,qui
3327 1705 3609 1756 consueta
3630 1716 3740 1757 sua

2085 1785 2326 1842 camisia
2363 1790 2594 1858 gerunt,
2627 1785 2861 1842 etiamsi
2896 1787 3040 1841 forte
3071 1785 3164 1842 his
3197 1785 3481 1856 dignitate
3511 1792 3569 1842 et
3600 1804 3736 1860 pro-

321 1879 554 1940 ἅπαντας
587 1877 857 1952 μετὰτῶν
909 1875 1129 1933 οἰκείων
1179 1874 1356 1930 αὐτῶν
1406 1874 1829 1953 σκαραμαγγίων
1878 1873 1965 1928 καὲ

2083 1876 2337 1932 motione
2379 1876 2683 1932 inferiores
2717 1877 2857 1932 sint.
2892 1876 3143 1948 Strategi
3192 1878 3413 1934 intrant
3445 1893 3574 1933 cum
3609 1877 3735 1934 suis

321 1970 520 2044 μόνον’
553 1971 682 2032 τοὺς
727 1965 787 2024 δὲ
843 1966 1235 2043 ὀμφικιαλίους
1285 1967 1374 2024 καὶ
1432 1966 1626 2030 αὐτοὺς
1678 1967 1813 2042 μετὰ
1859 1970 1966 2022 τῶν

316 2059 531 2116 οἰκείων
584 2061 882 2134 καμισὶων,
915 2058 1038 2114 ἄνευ
1087 2056 1270 2131 μέντοι
1327 2062 1435 2113 τῶν
1486 2059 1686 2114 ἑαυτων
1746 2055 1967 2133 χλαμύ-

317 2145 445 2208 δων.
498 2151 620 2209 Ἐπὶ
673 2147 730 2206 δὲ
797 2151 896 2220 τῆς
943 2147 1312 2224 προκειμένης
1363 2145 1414 2202 ἐν
1478 2153 1556 2220 τῷ
1613 2145 1965 2223 περιϐλέπτῳ

316 2242 532 2318 χρυσέῳ
560 2237 822 2316 τρικλίνῳ
852 2247 1068 2315 χρυσῆς
1106 2237 1402 2313 τραπέζης,
1435 2235 1485 2292 έν
1533 2238 1578 2311 ᾦ
1627 2237 1716 2292 καὶ
1765 2235 1827 2293 τὸ
1867 2257 1965 2292 πε-

313 2349 530 2407 ριφανες
560 2335 745 2402 κτῆμα
767 2329 859 2370 θ-ίθ
887 2331 983 2384 τοῦ
1014 2332 1225 2403 χρυσοῦ
1265 2327 1669 2404 πενταπυργίοο
1702 2325 1755 2390 ἐς
1791 2327 1961 2398 τιμήν

310 2419 601 2494 προετέθη,
654 2415 737 2473 δεῖ
792 2420 941 2491 ἡμᾶς
990 2416 1320 2493 εὐτρεπίζειν
1382 2417 1458 2479 εἰς
1507 2414 1836 2471 συνεστίασιν
1885 2419 1964 2488 τῷ

313 2507 530 2584 βασιλεῖ
588 2505 786 2588 φίλους
843 2507 903 2562 ἐκ
960 2512 1070 2562 τῶν
1137 2505 1562 2582 προλεχθέντων
1627 2505 1961 2582 μαγίστρων,

305 2595 662 2670 ἀνθυπάτων,
747 2595 1080 2670 πατρικίων,
1169 2601 1488 2673 στρατηγῶν
1574 2594 1959 2675 ὀφφικιαλίων,

309 2693 652 2764 σεκρετικῶν,
716 2685 821 2742 ἀπὸ
879 2693 978 2756 τῆς
1029 2687 1230 2758 τάξεως
1276 2691 1374 2743 τοῦ
1433 2691 1826 2763 στρατιωτικοῦ
1873 2689 1962 2742 καὶ

307 2775 622 2852 κατωτέρω,
679 2775 1006 2848 ἆσηκρητῶν
1067 2797 1127 2832 τε
1184 2778 1332 2850 ὁμοῦ
1388 2775 1479 2832 καὶ
1537 2778 1797 2848 κομήτων
1853 2779 1960 2831 τῶν

310 2865 534 2944 σχολῶν
562 2867 654 2922 καὶ
694 2863 1034 2942 σκριϐώνων,
1058 2867 1152 2921 σὺν
1195 2871 1304 2922 τῶν
1363 2863 1458 2921 δύο
1517 2863 1578 2921 ἐκ
1626 2864 1960 2942 Βουλγάρων

309 2956 510 3034 φίλων,
538 2957 630 3012 τὸν
665 2955 895 3032 ἀριθμὸν
927 2955 974 3012 λ’
997 2973 1010 2986 '
1041 2957 1097 3012 ἒν
1128 2953 1185 3012 δὲ
1215 2961 1333 3017 ταῖς
1383 2955 1634 3032 περιεξῆς
1685 2958 1798 3028 (95)
1842 2955 1962 3010 τέσ-

310 3066 465 3124 σαρσι
496 3051 604 3102 τῶν
635 3052 898 3122 καμαρῶν
955 3045 1247 3122 τραπέζαις
1303 3046 1408 3102 ἀπὸ
1462 3052 1563 3116 τῆς
1607 3045 1810 3116 τάξεως
1852 3050 1960 3100 τῶν

313 3135 613 3212 βασιλικῶν
661 3134 1017 3206 κανδιδάτων,
1051 3137 1399 3211 βεστητόρων
1448 3156 1504 3191 τε
1550 3135 1640 3190 καὶ
1691 3135 1961 3192 σιλεντια·

2075 1966 2494 2040 scaramangiis
2525 1971 2776 2038 tantum,
2809 1965 3089 2022 ofﬁciales
3120 1982 3254 2022 cum
3289 1968 3416 2023 suis
3447 1969 3730 2034 camisiis,

2071 2058 2294 2130 absque
2324 2057 2755 2130 chlamydibus.
2798 2058 2884 2114 Ad
2935 2073 3170 2113 auream
3203 2073 3333 2114 vero
3366 2073 3630 2114 mensam
3665 2057 3725 2113 in

2072 2146 2381 2220 splendido
2429 2146 2899 2221 chrysotriclinio
2945 2147 3212 2218 positam,
3273 2147 3332 2202 in
3391 2164 3506 2220 quo
3547 2147 3723 2204 etiam

2069 2237 2301 2295 illustre
2332 2237 2622 2312 peculium
2657 2237 2818 2295 aurei
2869 2237 3232 2311 pentapyrgii
3281 2237 3520 2295 honoris
3551 2253 3722 2294 causa

2070 2328 2435 2402 propositum
2465 2333 2572 2399 est,
2603 2328 2894 2384 invitandi
2925 2345 2958 2384 a
3001 2327 3172 2384 nobis
3219 2331 3360 2384 sunt
3392 2327 3576 2384 futuri
3616 2327 3726 2384 do-

2071 2418 2232 2475 mino
2261 2417 2515 2475 convivae
2546 2417 2720 2474 amici
2752 2434 2818 2473 ex
2851 2416 3080 2484 iisdem,
3105 2433 3248 2488 quos
3272 2419 3443 2474 modo
3471 2417 3726 2473 diximus

2072 2506 2386 2578 magistris,
2436 2506 2906 2578 proconsulibus,
2951 2506 3231 2578 patriciis,
3267 2507 3562 2579 strategis,
3593 2508 3727 2562 oili-

2069 2597 2335 2666 cialibus,
2354 2596 2654 2653 secreticis
2675 2595 2900 2653 ordinis
2917 2595 3179 2652 militaris
3200 2601 3257 2651 et
3279 2594 3475 2652 adhuc
3495 2595 3726 2652 inferio-

2069 2687 2256 2757 ribus,
2280 2687 2419 2743 item
2453 2685 2730 2742 asecretis
2760 2689 2916 2742 444
2937 2690 2996 2741 et
3023 2683 3340 2744 comitibus
3363 2685 3720 2752 scholarum,

2069 2776 2454 2846 scribonibus,
2487 2776 2721 2848 duoque
2767 2775 3008 2846 insuper
3049 2792 3080 2832 e
3119 2774 3384 2844 Bulgaria
3415 2775 3622 2844 amici;
3655 2774 3718 2830 in

2070 2867 2406 2923 universum
2439 2866 2683 2939 triginta
2714 2881 2981 2923 numero.
3029 2866 3115 2922 Ad
3148 2865 3594 2922 circumstantes
3625 2881 3725 2921 or-

2069 2957 2204 3013 dine
2226 2957 2503 3013 continuo
2529 2965 2781 3029 quatuor
2810 2971 3043 3013 mensas
3062 2973 3164 3028 per
3193 2956 3434 3013 totidem
3468 2955 3721 3012 fornices

2069 3047 2384 3120 dispositas
2401 3047 2723 3102 invitantur
2738 3046 2943 3102 delecti
2964 3046 3202 3117 quidam
3226 3046 3297 3102 de
3317 3045 3522 3102 ordine
3545 3045 3728 3118 regio-

2071 3153 2200 3192 rum
2215 3137 2682 3204 candidatorum,
2705 3134 3067 3201 vestitorum,
3087 3134 3572 3202 silentiariorum,
3596 3137 3730 3192 dra-

312 3225 463 3301 ρίων,
543 3223 942 3302 δρακοναρίων,
1032 3225 1492 3305 σκηπνροφόρων,
1573 3224 1956 3304 σημειοφόρων

2074 3227 2469 3294 conariorum,
2522 3226 3098 3297 sceptrophororum,
3157 3223 3615 3280 vexilliferorum
3670 3228 3727 3280 et

307 3315 397 3370 καὶ
457 3315 757 3391 σενατόρων
822 3315 915 3370 τὸν
982 3313 1214 3390 ἀριθμὸν
1289 3313 1409 3380 lg"
1459 3314 1798 3389 Ἀγαρηνοὺς
1873 3313 1958 3369 δε-

309 3404 506 3479 σμίους
555 3403 615 3460 ἐκ
661 3409 758 3460 τοῦ
810 3403 1053 3482 μεγάλου
1103 3407 1214 3478 (96)
1241 3403 1578 3481 πραιτωρίου
1607 3405 1697 3460 τὸν
1733 3405 1959 3480 ἀριθμὸν

315 3496 406 3567 ιη’,
453 3495 545 3551 καὶ
584 3492 644 3552 ἐκ
691 3498 797 3550 τῶν
847 3494 1176 3570 Βουλγάρων
1238 3494 1414 3572 φίλων
1476 3495 1794 3560 ἀνθρώπους
1850 3494 1957 3564 ιη’·

311 3583 543 3662 εἰσάγειν
574 3581 631 3640 δὲ
661 3585 860 3647 αὐτοὺς
891 3583 983 3640 καὶ
1025 3584 1399 3660 προστιχίζειν
1445 3584 1552 3657 πρὸ
1599 3590 1698 3654 τῆς
1749 3580 1960 3639 εἰσόδου

308 3673 655 3747 αὖτῶν,τοί›ς
693 3673 786 3748 μὶν
817 3671 904 3729 ἐπὶ
935 3679 1034 3744 τῆς
1080 3680 1294 3749 χρυσῆς
1343 3673 1637 3748 βασιλικῆς
1684 3674 1961 3744 τραπέζης

307 3769 620 3842 περιφανεῖς
673 3759 1006 3838 δαιτυμόνας
1068 3763 1202 3837 μετᾶ
1249 3767 1356 3819 τῶν
1409 3762 1622 3819 οἰκείων
1661 3761 1962 3836 ἀλλαξιμά-

303 3874 411 3909 των
444 3854 534 3908 καὶ
567 3849 903 3933 χλανιδίων,
935 3851 1361 3927 προσκαλεῖσθαι
1422 3849 1478 3908 δὲ
1504 3851 1652 3928 hoc;
1703 3852 1809 3907 ἀπὸ
1852 3855 1959 3908 τῶν

303 3940 629 4018 Βουλγάρων
687 3941 885 4020 φίλους
946 3941 1052 3997 ἀπὸ
1099 3949 1199 4012 τῆς
1247 3941 1448 4015 τάξεως
1490 3945 1596 3998 τῶν
1644 3945 1963 4019 στρατηγῶν

302 4029 356 4087 ἰν
400 4036 479 4104 τῷ
529 4028 768 4106 δευτέρῳ
820 4031 994 4106 μίνσῳ
1041 4030 1128 4086 ἐπὶ
1179 4038 1280 4102 τῆς
1313 4030 1594 4105 εὐωνύμου
1628 4029 1827 4096 θέσεως
1861 4037 1959 4101 τῆς

301 4117 574 4190 τραπέζης
633 4119 772 4196 πρὸς
830 4120 894 4176 τὸ
953 4119 1303 4195 ἀριθμεῖσθαι
1381 4119 1580 4184 αὐτοὺς
1655 4121 1958 4194 πέμπτους,

299 4207 336 4278 ἢ
365 4209 454 4265 καὶ
509 4205 703 4272 ἓκτους
752 4207 976 4284 φίλους,
1007 4209 1275 4284 στιχίζειν
1327 4206 1384 4264 δὲ
1415 4209 1653 4272 ἅπαντας
1685 4207 1828 4273 ἔνθεν
1862 4210 1958 4262 κάο

299 4301 472 4354 κεῖθεν
545 4299 680 4354 κατὰ
754 4299 852 4368 τὴν
935 4297 1282 4372 ἁρμόζουσαν
1339 4304 1438 4366 τῆς
1491 4298 1694 4368 τάξεως
1754 4299 1961 4369 ἑκάστῳ

299 4384 476 4460 δόξαν.
511 4387 646 4447 Ἀπὸ
697 4384 756 4442 δὶ
799 4388 898 4456 τῆς
949 4386 1188 4449 στάσεως
1241 4390 1350 4441 τῶν
1394 4385 1700 4462 λεχθέντων
1748 4385 1955 4441 τούτων

295 4477 562 4554 στιχίζειν
610 4475 769 4543 αὖθις
817 4474 960 4542 ἔνθεν
1012 4475 1257 4541 κάκεῖθεν
1306 4475 1432 4537 τοὺς
1480 4475 1588 4531 ἀπὸ
1624 4483 1725 4546 τῆς
1757 4475 1962 4546 τάξεως

293 4571 403 4624 τῶν
464 4564 800 4624 κανδιδάτων
855 4567 945 4623 καὶ
976 4566 1271 4642 κατωτέρω
1329 4565 1468 4642 πρὸς
1513 4566 1576 4621 τὸ
1624 4567 1948 4635 καθεσθῆναι
1984 4609 2028 4675 D

300 4656 315 4675 9
368 4656 382 4674 1
463 4660 490 4672 ο
580 4657 594 4675 1
719 4658 731 4675 ν
889 4653 942 4675 θ’
1209 4654 1221 4675 Ι
1564 4658 1626 4675 νυ
1720 4661 1774 4675 ιη
1825 4654 1839 4671 ‘
1896 4650 1940 4675 (λς

296 4656 384 4712 ἰπὶ
424 4660 530 4714 τῶν
580 4657 852 4732 ἑκατέρων
885 4653 980 4711 δύο
1022 4654 1336 4733 προκρίτων
1385 4658 1685 4732 τραπεζῶν.
1720 4654 1840 4710 Ἐπὶ
1893 4650 1952 4710 δὲ

295 4750 414 4808 ταῖς
449 4747 783 4822 κατωτέραις
812 4744 1103 4822 τραπέζαις
1149 4743 1232 4801 δεῖ
1279 4748 1679 4822 προστιχίζειν,
1713 4744 1801 4802 ἐπὶ
1853 4747 1948 4819 μὲν

293 4841 394 4906 τῆς
438 4834 491 4910 ἐξ
541 4835 822 4911 εὐωνύμου
881 4836 1080 4899 θέσεως
1123 4834 1250 4898 τοὺς
1301 4835 1354 4908 ἐξ
1387 4838 1632 4913 Ἀγάρων
1665 4833 1945 4910 δεσμίους,

293 4923 382 4983 ἰπὶ
415 4923 473 4983 δὲ
499 4931 600 4996 τῆς
640 4925 824 5001 ἑτέρας
853 4923 1128 5000 τραπέζης
1158 4923 1286 4988 τοὺς
1317 4931 1425 4980 τῶν
1478 4925 1652 5004 φίλων
1702 4927 1946 5002 Βουλγά-

294 5035 405 5091 ρων
449 5015 775 5093 ἀνθρώπους
823 5015 1024 5079 πάντας
1058 5033 1073 5049 ⁶
1115 5014 1349 5093 εἰσάγειν
1419 5013 1477 5072 δὲ
1536 5016 1736 5083 αὐτοὺς
1782 5018 1948 5074 ἅπαν-

289 5125 388 5170 τας
434 5107 523 5162 καὶ
567 5104 774 5186 ἐξάγειν
822 5105 1030 5176 οὕτως’
1071 5104 1200 5170 τοὺς
1252 5106 1350 5181 μὶν
1401 5105 1507 5164 ἀπὸ
1555 5114 1656 5178 τῆς
1700 5106 1948 5184 συγκλή-

2072 3322 2429 3384 senatorum,
2461 3315 2533 3370 ad
2567 3315 2806 3385 triginta
2835 3330 2970 3382 sex;
3017 3316 3312 3386 Agarenoa
3343 3313 3493 3370 bello
3522 3318 3724 3385 captos

2070 3419 2101 3460 e
2133 3420 2341 3476 magno
2382 3403 2652 3475 praetorio
2691 3402 3010 3460 octodecim
3040 3412 3094 3458 et
3133 3402 3372 3458 totidem
3403 3405 3723 3458 amicorum

2068 3509 2101 3549 e
2124 3492 2396 3565 Bulgaria
2416 3491 2700 3549 homines.
2721 3492 2838 3548 Hos
2861 3492 3252 3559 introducere,
3272 3497 3349 3560 et,
3377 3491 3725 3563 priusquam

2067 3583 2382 3651 introeant,
2416 3583 2677 3640 seriatim
2721 3583 3030 3652 disponere
3085 3587 3330 3654 oportet.
3383 3582 3492 3647 Qui
3538 3597 3727 3638 aureas

2067 3689 2246 3729 sacres
2281 3689 2495 3729 mensae
2525 3672 2818 3745 splendidi
2872 3676 3013 3728 sunt
3051 3672 3322 3740 convivae,
3375 3672 3458 3726 illi
3507 3671 3632 3728 suis
3662 3671 3728 3728 in

2069 3762 2402 3819 mutatoriis
2433 3768 2490 3820 et
2522 3763 2738 3819 tunicis
2767 3763 3008 3819 intrant.
3033 3766 3107 3816 At
3135 3761 3364 3832 Bulgari
3398 3760 3568 3816 amici
3595 3765 3724 3831 post

2069 3851 2311 3910 classem
2345 3857 2734 3925 strategorum
2767 3852 2878 3908 sub
2927 3851 3185 3907 secundo
3237 3849 3422 3905 missu
3467 3849 3725 3906 introvo-

2067 3953 2274 4002 cantur
2304 3946 2376 4002 ad
2427 3945 2729 4002 sinistram
2772 3959 2950 4000 sacras
3009 3959 3223 3998 mensae
3284 3942 3559 4015 plagam;
3608 3959 3723 4014 quo

2068 4036 2256 4107 quinti
2300 4039 2397 4090 aut
2437 4035 2579 4091 sexti
2623 4035 2774 4090 inter
2815 4033 3036 4089 amicos
3076 4032 3196 4088 sint
3228 4031 3584 4104 [ferculaque
3615 4049 3722 4090 sua

2067 4126 2272 4198 quinto
2296 4128 2398 4181 aut
2417 4128 2577 4180 sexto
2601 4125 2727 4180 loco
2748 4122 3078 4195 accipiant].
3103 4125 3319 4178 Omnes
3341 4128 3536 4178 autem
3559 4124 3720 4194 prius

2065 4215 2123 4270 in
2157 4213 2420 4270 ordinem
2451 4212 2800 4284 disponendi
2830 4213 2897 4266 ad
2923 4212 3184 4268 dextram
3212 4215 3269 4267 et
3291 4210 3593 4267 sinistram
3626 4227 3718 4266 se-

2064 4303 2323 4361 cundum
2359 4317 2682 4373 congruum
2713 4301 2929 4373 cuique
2959 4317 3130 4358 suum
3163 4301 3428 4370 gradum.
3471 4301 3551 4356 Ah
3583 4299 3720 4356 isto-

2063 4409 2194 4448 rum
2227 4393 2480 4448 statione
2511 4392 2646 4448 inde
2671 4408 2837 4463 porro
2853 4408 3060 4447 rursus
3083 4391 3389 4448 ordinandi
3424 4395 3564 4446 sunt
3580 4405 3718 4445 can-

2064 4483 2383 4539 didatorum
2402 4479 2630 4536 ordinis
2643 4485 2700 4536 et
2717 4479 3060 4536 inferiorum
3085 4479 3377 4544 homines,
3399 4476 3718 4534 collocandi

2063 4587 2274 4644 nempe
2295 4569 2368 4625 ad
2392 4569 2542 4625 duas
2565 4585 2634 4626 ex
2666 4573 2908 4639 utraque
2928 4573 3088 4642 parte
3118 4567 3406 4640 imperiali
3433 4568 3720 4639 proximas

2063 4661 2381 4721 nobiliores
2404 4677 2657 4718 mensas.
2686 4661 2770 4718 Ad
2797 4660 3052 4732 reliquas
3074 4661 3224 4717 duas
3243 4659 3472 4715 inﬁmas
3486 4674 3720 4716 mensas

2057 4753 2509 4811 introducantur
2540 4750 2802 4808 seriatim
2832 4750 3122 4824 dispositi,
3157 4768 3190 4807 a
3219 4749 3460 4807 sinistra
3481 4749 3720 4821 quidem

2057 4846 2218 4914 parte
2247 4842 2462 4913 captivi
2487 4841 2769 4912 Agareni;
2796 4857 2829 4895 a
2851 4840 3051 4896 dextra
3082 4855 3215 4895 vero
3232 4837 3466 4911 Bulgari
3486 4852 3714 4894 omnes.

2058 4931 2520 4988 Introducuntur
2551 4935 2746 4987 autem
2795 4934 2852 4986 et
2903 4929 3233 4986 educuntur
3278 4927 3362 4984 sic
3395 4945 3410 4986 :
3442 4925 3716 4983 senatorii

2056 5037 2259 5079 omnes
2290 5029 2343 5078 et
2374 5020 2674 5092 tagmatici
2705 5035 2803 5074 seu
2839 5017 3062 5075 militiae
3092 5016 3492 5074 comitatensis
3525 5017 3709 5087 magi-

2056 5115 2278 5168 stratus
2308 5111 2366 5166 in
2400 5109 2529 5167 suis
2563 5107 2935 5177 mutatoriis;
2984 5107 3225 5198 iigareni
3265 5107 3326 5163 in
3357 5106 3624 5164 candidis
3657 5109 3714 5162 et

1663 5237 1906 5295 VARUS
1944 5236 2350 5296 LECTIONES.

363 5345 460 5390 ⁹-¹⁰
489 5350 675 5420 κτῆμα
705 5350 797 5418 R.,
828 5343 1025 5421 κλῆμα
1052 5348 1178 5406 cod.
1210 5350 1270 5406 et
1297 5348 1390 5407 6d.

1334 5475 1534 5536 JOAN.
1573 5476 1723 5534 JAC.
1767 5476 2034 5535 REISKII
2071 5473 2659 5536 COMMENTARIUS.

364 5589 483 5662 (95)
515 5589 676 5648 idem
707 5605 835 5648 esse
865 5593 1213 5664 puto_atqne
1241 5590 1398 5664 πέριξ
1430 5590 1577 5664 ὶξῆς,
1611 5592 1756 5649 duas
1784 5607 1952 5649 voces

289 5662 358 5722 in
387 5677 565 5720 unam
594 5662 950 5733 contractas,
981 5662 1259 5721 sibilante
1284 5662 1452 5733 elisa,
1473 5662 1606 5732 ηοξ
1644 5671 1756 5722 tam
1788 5664 1950 5722 brevi

287 5733 600 5791 intervallo
633 5739 956 5794 recurreret
984 5743 1039 5794 et
1071 5749 1240 5792 aures
1268 5734 1523 5793 leaderet.

2133 5591 2248 5664 (96)
2273 5591 2519 5648 Videtur
2545 5590 2667 5664 haec
2706 5607 2815 5648 vox
2861 5591 3529 5664 suspicionemmovere
3560 5601 3635 5664 ac
3665 5585 3716 5640 si

2062 5657 2239 5736 plura
2260 5663 2607 5736 praetoricia
2643 5664 2785 5720 urbe
2808 5657 3073 5720 fuissent.
3098 5664 3224 5728 Oua
3243 5661 3313 5717 de
3343 5675 3404 5717 re
3428 5657 3576 5716 mihi
3597 5673 3710 5714 non

2061 5740 2315 5794 constat.
