4124 6386
359 421 516 484 1399

1411 416 1934 478 CONSTANTIN
1942 416 1964 478 Ι
2011 419 2108 479 PO
2119 419 2484 482 RPHYROG
2497 423 2703 484 ENITI

3622 430 3785 495 1400

363 555 588 626 absque
616 553 779 609 zonis
811 551 1209 623 calceatique;
1246 549 1477 622 Bulgari
1529 551 1731 622 poprio
1762 550 1874 606 sibi
1903 568 2010 608 suo

2142 572 2221 608 του
2280 552 2484 617 πάντας
2539 556 2628 611 καὶ
2689 560 2799 612 τῶν
2854 558 3150 634 ταγμάτων
3215 560 3350 636 μετᾶ
3403 569 3511 619 τῶν
3573 566 3787 626 οἰκείων

367 645 426 700 in
459 644 686 699 habitu.
709 643 951 715 Oportet
981 658 1153 714 porro
1176 643 1247 697 ad
1281 642 1641 697 musicorum
1663 657 2015 713 organorum

358 731 785 788 intonationem
806 732 1127 798 attendere,
1144 737 1196 785 et
1219 732 1448 800 quando
1471 745 1706 785 carmen
1739 734 1864 785 tum
1885 731 2017 787 cani

359 823 598 881 solitum
635 823 822 878 exorsi
863 823 1105 890 fuerint,
1137 836 1448 893 exsurgere
1471 822 1679 890 jubere
1711 837 1914 876 omnes
1945 822 2016 878 ad

364 916 511 971 bene
570 913 828 969 dominis
869 912 1247 984 precandum,
1306 910 1757 983 chlamydesque
1788 927 2017 981 exuere,

364 1019 497 1076 qua:
529 1019 733 1058 rursus
762 1002 874 1057 sub
922 1002 1248 1070 ingressum
1295 999 1512 1056 missus
1562 1000 1892 1056 dulciorum
1926 1003 2019 1056 in-

363 1093 636 1161 duendas,
669 1107 784 1163 quo
835 1091 892 1145 in
927 1091 1022 1160 iis,
1057 1090 1293 1161 quando
1327 1097 1552 1160 tempus
1581 1090 1896 1145 excedendi
1929 1107 2022 1146 ve-

366 1185 540 1251 nerit,
574 1183 803 1238 abeant.
840 1182 919 1238 Eo
950 1189 1234 1253 tempore,
1269 1198 1387 1254 quo
1417 1181 1888 1254 consurgendum
1908 1187 2022 1250 est,

365 1278 594 1345 oportet
617 1273 857 1346 signum
877 1271 1293 1344 consurgendi,
1319 1272 1473 1343 quod
1506 1271 1821 1344 imperator
1845 1288 2022 1328 manu

366 1381 478 1421 sua
507 1365 628 1434 dat,
652 1364 981 1430 observare,
1013 1362 1310 1434 simulque
1341 1364 1652 1418 clamorem
1685 1363 1765 1418 ibi
1787 1363 2024 1418 adstan-

367 1453 444 1509 tis
475 1451 846 1520 cubicularii,
891 1456 949 1507 et
997 1452 1264 1523 protinus
1304 1467 1544 1523 surgere
1580 1452 1807 1523 jubere,
1851 1456 2028 1523 atque

368 1543 616 1598 educere
645 1541 916 1597 convivas
963 1541 1220 1612 primum
1270 1545 1527 1612 quatuor
1581 1556 1938 1610 mensarum,
1972 1544 2029 1598 et

371 1639 498 1702 post
527 1631 802 1702 exiguam
836 1630 1237 1701 interpositam
1272 1646 1494 1686 moram
1528 1630 1780 1701 reliquos
1824 1631 2026 1702 primae

369 1725 428 1775 et
460 1735 706 1775 summa;
733 1734 952 1774 mensa}
973 1718 1344 1786 accubantes,
1377 1724 1437 1775 ut
1469 1720 1552 1776 sic
1577 1725 1859 1791 quotquot
1889 1737 2024 1777 con-

369 1807 656 1875 venerint,
710 1823 913 1863 omnes
951 1812 1177 1865 exeant.
1239 1808 1507 1864 Secundo
1557 1809 1650 1864 die
1698 1809 2029 1866 celebratur

2123 641 2468 716 ἀλλαξίμων,
2499 646 2626 708 τοὺς
2687 643 2744 702 δὲ
2802 649 3146 724 Ἀγαρηνοὺς
3195 650 3586 731 λευκοφόρους,
3638 658 3786 729 ἀζώ-

2123 753 2249 794 νους
2298 735 2388 789 καὶ
2441 732 2888 808 ὑποδεδεμένους,
2922 739 3054 802 τοὺς
3101 738 3158 796 δέ
3207 743 3540 820 Βουλγάρων
3571 746 3786 823 ἀνθρώ-

2125 843 2262 885 πους
2324 826 2460 897 μετά
2515 830 2623 880 τῶν
2687 827 2902 882 οἰκείων
2959 829 3138 885 αὐτῶν
3203 833 3530 908 σχημάτων.
3590 843 3682 892 Δεῖ
3729 835 3787 893 δέ

2126 915 2414 990 προσέχειν
2446 916 2546 985 τὴν
2581 915 2884 994 ἐκφώνησιν
2938 921 3028 974 καὶ
3081 921 3369 1001 ἀπηχησιν
3420 929 3531 980 τῶν
3588 949 3790 999 μουσι-

2125 1008 2235 1058 κῶν
2270 1004 2533 1080 ὀργάνων,
2565 1008 2656 1060 καί
2708 1007 2870 1076 ἡνίκα
2901 1009 2962 1064 τὸ
3019 1007 3284 1084 ᾀδόμενον
3313 1010 3415 1088 ᾄσῃ
3465 1015 3658 1087 μέλος,
3690 1017 3788 1072 ἀν-

2131 1097 2277 1163 ιστᾷν
2322 1095 2560 1156 ἅπαντας
2604 1095 2680 1158 εἰς
2729 1097 2987 1172 εὐθυμίαν
3022 1105 3132 1155 τῶν
3183 1098 3459 1158 δεσποτῶν
3489 1105 3580 1160 καὶ
3634 1105 3790 1171 αὖθις

2125 1183 2222 1244 τὰς
2275 1183 2477 1239 ἑαυτῶν
2536 1182 2944 1252 ἐκδιδόσκεσθαι
2999 1188 3316 1264 χλαμύδας,
3361 1195 3451 1247 καὶ
3503 1196 3642 1268 μετὰ
3687 1203 3790 1266 τῆς

2129 1272 2362 1348 ἀφίξεως
2426 1277 2524 1328 τοῦ
2611 1275 2806 1349 μίνσου
2877 1281 2986 1333 τῶν
3044 1277 3314 1336 δουλκίων
3379 1281 3544 1337 πάλιν
3593 1284 3790 1348 ταύτας

2131 1357 2528 1435 ἀναλαμϐάνειν
2583 1366 2720 1439 πρὸς
2776 1367 2839 1421 τὸ
2894 1370 3008 1440 μετ’
3068 1368 3240 1425 αὐτῶν
3299 1369 3681 1448 ἐκπορεύεσθαι
3741 1373 3796 1429 ἐν

2130 1454 2201 1524 τῇ
2235 1450 2408 1506 αὐτῶν
2439 1451 2627 1526 ἐξόδῳ.
2663 1456 2749 1511 Ἑν
2780 1451 2838 1510 δὲ
2867 1455 2935 1530 τῇ
2980 1457 3118 1532 αὐτῇ
3167 1459 3449 1516 ἀναστάσει
3499 1459 3582 1517 δεῖ
3628 1484 3798 1539 προσο

2135 1540 2278 1615 ίχευ
2311 1542 2374 1596 τὸ
2407 1541 2466 1596 ἐκ
2500 1542 2796 1617 βασιλικῆς
2826 1547 3014 1621 χειρὸς
3043 1544 3330 1622 διδόμενον
3377 1557 3480 1620 τῆς
3529 1548 3794 1628 ἐγέρσεως

2134 1638 2357 1710 σχῆμα,
2404 1632 2496 1686 σὺν
2545 1633 2694 1706 αὐτῷ
2734 1631 2791 1689 δέ
2840 1636 2930 1691 καὶ
2987 1637 3087 1706 τὴν
3139 1637 3444 1718 ἐκφώνησιν
3495 1639 3593 1696 τοῖ’)
3652 1663 3797 1718 παρ-

2135 1727 2369 1784 εστῶτος
2431 1721 2541 1777 ἐκεῖ
2600 1719 3084 1801 κουϐικουλαρίου,
3138 1728 3228 1783 καὶ
3287 1727 3441 1792 αὖθις
3517 1729 3792 1804 ἐξανιστᾷν

2134 1811 2226 1866 καὶ
2258 1813 2602 1886 προπέμπειν
2651 1813 2777 1876 τοὺς
2819 1819 2928 1870 τῶν
2961 1812 3006 1870 δ’
3055 1822 3336 1893 τραπεζῶν
3393 1821 3796 1895 κεκλημένους,

372 1899 650 1969 postfesta
690 1912 795 1952 seu
830 1911 1106 1965 magnum
1139 1901 1194 1952 et
1226 1896 1566 1966 primarium
1601 1897 1815 1952 festum
1866 1897 2019 1952 diem

2145 1900 2338 1976 μικρὸν
2381 1901 2657 1978 εἴργοντας
2714 1904 2844 1966 τοὺς
2903 1904 3012 1961 ἅνω
3073 1905 3292 1983 φίλους,
3326 1909 3415 1965 καὶ
3473 1909 3568 1965 εἶθ’
3621 1911 3798 1975 οὕτως

371 2003 740 2058 consequens
771 1985 1064 2058 processio
1095 1985 1155 2040 in
1188 1986 1368 2041 edem
1403 1985 1737 2058 principum
1771 1991 1827 2043 et
1847 1987 2025 2043 Sanc-

373 2085 560 2132 torum
583 2074 1021 2148 Apostolorum;
1055 2090 1340 2147 sacroque
1371 2075 1564 2131 officio
1595 2075 1906 2149 completo,
1940 2077 2025 2132 in-

369 2165 636 2222 stituitur
665 2165 992 2221 convivium
1016 2180 1194 2234 super
1224 2163 1516 2236 peculiare
1546 2169 1603 2220 et
1636 2165 1796 2237 priva
1829 2181 2032 2222 mensa

371 2255 432 2311 in
478 2270 689 2327 magno
724 2253 977 2310 triclinio
1027 2254 1376 2325 palatiorum
1406 2271 1419 2322 ;
1453 2254 1525 2310 ad
1558 2255 1714 2325 quod
1747 2254 2029 2311 invitandi

371 2344 537 2400 vobis
584 2346 727 2400 sunt
757 2343 1049 2415 magistri,
1083 2342 1399 2415 praepositi,
1433 2343 1586 2399 445
1627 2343 2027 2416 proconsules,

375 2432 626 2504 patricii,
659 2432 927 2504 strategi,
960 2432 1361 2503 metropolitaa,
1393 2433 1690 2502 officiales,
1726 2437 2029 2506 protospa-

381 2522 584 2591 tharii,
615 2526 907 2589 asecretae,
964 2520 1330 2590 chartularii,
1378 2522 1670 2590 consules,
1703 2524 2026 2594 vestitores,

373 2611 685 2668 silentiarii
716 2617 770 2666 et
822 2611 1199 2683 magistratus
1258 2612 1556 2683 tagmatici
1601 2628 1705 2669 seu
1747 2613 2031 2670 militares

377 2700 812 2771 comitatenses,
845 2699 1164 2757 mutatoria
1194 2705 1513 2773 gestantes,
1558 2719 1662 2775 pro
1708 2705 2030 2774 capacitate

377 2806 613 2847 mensas.
648 2788 1114 2846 Introducuntur
1143 2794 1201 2845 et
1230 2790 1566 2846 educuntur
1597 2791 1652 2846 in
1682 2791 1805 2848 suis
1836 2799 2027 2848 muta-

373 2880 543 2938 toriis
599 2884 658 2936 et
701 2878 985 2947 camisiis,
1053 2879 1277 2953 absque
1335 2881 1742 2953 chlamydibus
1807 2887 2026 2938 tamen.

374 2971 636 3042 Tempus
660 2969 1091 3026 observandum
1129 2977 1236 3039 est,
1287 2986 1404 3042 quo
1459 2971 1738 3027 factiones
1767 2975 1894 3027 acta
1925 2987 2028 3028 seu

376 3061 602 3116 faustas
635 3057 1084 3116 acclamationes
1108 3075 1382 3132 peragere
1409 3064 1466 3116 et
1495 3061 1765 3117 dominos
1789 3060 2031 3118 laudare

376 3148 770 3220 incipiunl.Eo
795 3153 1054 3221 tempore
1075 3148 1358 3204 debemus
1378 3149 1638 3207 convivis
1660 3151 2031 3221 omnibus,ut

377 3242 621 3311 surgant
650 3243 709 3294 et
737 3237 850 3310 ipsi
886 3253 1119 3311 quoque
1151 3237 1266 3295 leni
1295 3253 1431 3295 voce
1461 3238 1638 3296 simul
1668 3255 1802 3296 cum
1827 3240 2030 3297 factio-

377 3328 554 3385 nibus
584 3326 838 3385 dominis
868 3326 1232 3397 benedicant,
1266 3329 1570 3402 imperare.

455 3618 647 3676 Tertio
678 3624 805 3689 post
841 3617 1059 3673 Pascha
1085 3617 1180 3673 die
1218 3617 1512 3689 peragitur
1550 3633 1778 3690 pagana
1808 3633 2034 3690 proces-

385 3710 472 3768 sio
501 3709 562 3764 in
595 3707 926 3764 mutatoriis
973 3707 1131 3763 intra
1177 3706 1459 3777 palatium
1515 3715 1571 3763 et
1610 3706 1942 3763 convivium
1971 3706 2034 3762 in

385 3797 848 3870 chrysotriclinio
867 3797 936 3854 ad
962 3797 1199 3854 modum
1224 3797 1399 3868 primi
1420 3795 1555 3852 diei.
1580 3799 1942 3868 Quapropter
1963 3796 2034 3850 ad

386 3903 620 3945 auream
653 3887 889 3960 quidem
925 3903 1187 3944 mensam
1233 3887 1517 3942 invitandi
1549 3886 1716 3942 nobis
1747 3890 1887 3942 sunt
1932 3884 2035 3941 ho-

392 3978 586 4036 mines
615 3976 838 4034 ordinis
865 3977 1300 4048 magistrorum,
1334 3977 1876 4049 patriciorum,etc.,
1901 3991 2034 4031 cum

398 4066 719 4124 domestico
767 4067 1102 4124 scholarum
1145 4071 1202 4122 et
1240 4065 1580 4123 hominibus
1611 4064 2036 4138 imperialibus,

388 4157 460 4214 ab
493 4155 694 4213 ordine
724 4155 861 4212 inde
891 4155 1612 4228 spatharocandidatorum
1638 4171 1826 4227 usque
1849 4156 1919 4210 ad
1952 4170 2040 4211 or-

391 4247 585 4304 dinem
619 4251 958 4316 stratorum,
1003 4265 1106 4321 pro
1144 4247 1462 4320 capacitate
1511 4263 1744 4316 mensae,
1777 4246 1945 4303 amici
1979 4245 2038 4301 in

391 4337 733 4393 universum
750 4337 1612 4409 triginta.Quosintroducimus
1634 4342 1692 4393 et
1713 4337 2036 4406 educimus,

392 4428 712 4486 senatorios
741 4428 981 4500 quidem
1001 4427 1156 4484 viros
1187 4427 1490 4500 campagia
1512 4431 1808 4499 gestantes
1840 4443 2043 4484 omnes

392 4519 452 4574 in
484 4518 606 4574 suis
624 4518 978 4583 mutatoriis,
1001 4517 1226 4590 absque
1256 4517 1510 4585 tunicis;
1545 4517 2043 4589 protospatharios

394 4618 586 4665 autem
618 4622 750 4664 cum
786 4607 999 4680 speciis
1031 4612 1088 4662 et
1135 4606 1320 4662 russis
1352 4608 1542 4678 sagis;
1573 4605 1906 4678 imperiales
1937 4606 2046 4662 ho-

2059 3301 2106 3368 C

2142 1993 2633 2067 συνεξερχομένους
2707 1995 2964 2058 ἅπαντας.
3026 1996 3151 2053 Ἐπί
3227 1995 3285 2053 δὲ
3357 2005 3459 2068 τῆς
3544 1997 3798 2073 δευτέρας

2141 2081 2352 2155 ἡμέρας
2433 2081 2670 2138 τελεῖται
2773 2084 3066 2160 μεθέορτος
3166 2087 3489 2162 προέλευσις
3576 2087 3628 2144 ἐν
3715 2095 3799 2163 τῷ

2136 2175 2272 2244 σικῷ
2305 2174 2418 2247 (97)
2467 2177 2573 2227 τῶν
2635 2174 2947 2253 κορυφαίων
3004 2177 3094 2231 καὶ
3154 2177 3358 2254 Ἀγίων
3417 2179 3797 2238 Ἀποστόλων.

2136 2263 2238 2321 Καὶ
2282 2264 2681 2340 πληρουμένης
2729 2275 2830 2337 τῆς
2875 2269 3023 2345 ἱερᾶς
3072 2270 3445 2347 λειτουργίας,
3476 2271 3793 2348 προτίθεται

2133 2353 2446 2430 κλητώριον
2507 2357 2596 2413 ἐπὶ
2644 2357 2965 2429 ἀποκοπτῆς
3005 2361 3280 2435 τραπέζης
3322 2361 3373 2416 ἐν
3425 2367 3502 2434 τῷ
3561 2363 3795 2438 μεγάλῳ

2132 2444 2395 2520 τρικλίνῳ
2439 2451 2546 2502 τῶν
2611 2447 2914 2518 παλατίων,
2956 2449 3046 2505 καὶ
3109 2447 3192 2506 δεῖ
3240 2454 3388 2524 ἡμᾶς
3457 2452 3793 2529 εὐτρεπίζειν

2135 2534 2211 2596 εἰς
2272 2537 2600 2591 συνεστίασιν
2655 2542 2736 2610 τῷ
2798 2537 3016 2614 βασιλεῖ
3091 2541 3444 2617 μαγίστρους,
3495 2543 3801 2618 πραιποσί-

2131 2645 2280 2695 τους,
2342 2628 2698 2698 ἀνθυπάτους,
2759 2629 3098 2704 πατρικίους.
3161 2633 3522 2710 στρατηγοὺς,
3576 2655 3793 2710 μητρο-

2134 2713 2387 2785 πολίτας,
2450 2715 2858 2796 ὀφφικιαλίους,
2935 2719 3481 2794 πρωτοσπαθαρίους,
3541 2722 3790 2797 άσηκρη-

2133 2822 2249 2873 τας,
2282 2802 2743 2880 χαρτουλαρίους,
2785 2805 3049 2879 ὓπάτους,
3100 2810 3460 2883 βεστῆτορας,
3510 2809 3794 2867 σιλεντιά-

2135 2891 2283 2965 ρίους
2353 2892 2442 2949 καὶ
2520 2893 2841 2968 ἀλλαξίμων
2908 2901 3016 2952 τῶν
3086 2903 3435 2975 ταγματικῶν
3504 2899 3792 2976 ἀρχόντων

2135 2985 2270 3038 κατὰ
2327 2985 2390 3039 τὸ
2447 2986 2617 3040 ποσὸν
2678 2987 2775 3054 τῆς
2824 2981 3096 3062 τραπέζης
3130 3009 3142 3022 '
3196 2988 3430 3065 εἰσάγει)
3496 2988 3556 3046 δὲ
3599 2991 3797 3052 αὐτοὺς

2133 3071 2222 3126 καί
2282 3073 2490 3150 ἐξάγειν
2557 3075 2691 3146 μετὰ
2740 3079 2847 3130 τῶν
2905 3076 3120 3131 οἰκείων
3179 3076 3502 3152 ἀλλαξίμων
3550 3081 3642 3135 καὶ
3695 3101 3790 3136 κα-

2138 3161 2356 3235 μισίων,
2389 3160 2512 3218 ἄνευ
2557 3165 2749 3236 μέντοι
2808 3169 2915 3220 τῶν
2971 3166 3171 3222 ἑαυτῶν
3229 3166 3535 3242 χλαμύδων
3568 3190 3581 3202 ·
3623 3191 3794 3242 προσο

2144 3251 2291 3324 ἐχειν
2321 3248 2378 3306 δὲ
2409 3257 2526 3314 τοῖς
2568 3251 2876 3330 εὐφημοῦσι
2929 3252 3152 3328 δήμοις,
3185 3255 3276 3311 καὶ
3334 3257 3490 3327 ἡνίκα
3546 3256 3798 3334 ἄρξονται

2145 3338 2463 3416 ἀκτολογεῖν
2513 3341 2640 3405 τοὺς
2699 3339 2986 3412 δεσπότας,
3021 3342 3104 3399 δεῖ
3131 3344 3398 3417 ἐξανιστᾷν
3441 3348 3639 3410 πάντας
3671 3349 3798 3411 τοὺς

2139 3428 2514 3502 κεκλημένους
2570 3432 2708 3506 πρὸς
2766 3433 2828 3488 τὸ
2877 3432 2966 3488 καὶ
3017 3432 3211 3495 αὐτοὺς
3260 3436 3476 3511 πραέως
3524 3457 3798 3514 συνευφη-

2145 3525 2263 3594 μεῖν
2294 3519 2423 3583 τοὺς
2456 3518 2738 3585 δεσπότας.

2214 3612 2296 3685 Τῇ
2348 3607 2405 3666 δὲ
2450 3611 2608 3686 τρίτῃ
2660 3614 2842 3688 ἡμέρᾳ
2886 3620 2987 3683 τῆς
3022 3613 3186 3684 αὐτῆς
3224 3609 3529 3690 ἑϐδομάδος
3560 3615 3806 3674 τελεῖται

2143 3702 2360 3775 παγανή
2394 3698 2716 3774 προέλευσις
2764 3704 2900 3776 μετᾶ
2947 3701 3338 3776 ἀλλαξιμάτων
3373 3701 3522 3760 ἔνδον
3571 3711 3668 3762 τοῦ
3698 3727 3806 3762 πα-

2145 3789 2360 3859 λατίου,
2388 3789 2478 3844 καὶ
2509 3789 2746 3846 τελεῖται
2776 3791 3092 3867 κλητώριον
3134 3792 3222 3848 ἐπὶ
3265 3795 3362 3850 τοῦ
3409 3795 3806 3872 χρυσοτρικλί-

2147 3900 2241 3934 νου
2279 3881 2417 3934 κατά
2462 3880 2524 3935 τὸ
2589 3888 2784 3956 σχῆμα
2841 3889 2942 3952 τῆς
3001 3883 3228 3957 πρώτης
3288 3883 3522 3959 ἡμέρας.
3557 3886 3661 3943 Καὶ
3724 3883 3810 3942 δεῖ

2148 3972 2295 4042 ἡμᾶς
2337 3969 2671 4045 εὐτρεπίζειν
2705 3970 2780 4032 εἰς
2815 3970 3014 4037 κλῆσιν
3065 3971 3150 4028 ἐπὶ
3200 3975 3299 4042 τῆς
3350 3975 3562 4050 χρυσῆς
3601 3977 3804 4050 τραπέο

2152 4065 2248 4130 ζης
2286 4058 2392 4113 ἀπὸ
2439 4061 2537 4127 τῆς
2592 4057 2794 4130 τάξεως
2833 4066 2941 4116 τῶν
2992 4063 3324 4137 μαγίστρων,
3369 4063 3670 4140 πατρικίων
3713 4065 3807 4120 καὶ

2153 4149 2362 4204 λοιπῶν
2395 4150 2487 4203 σὺν
2538 4153 2617 4221 τῷ
2665 4146 2972 4224 δομεστίκῳ
3011 4155 3118 4206 τῶν
3171 4150 3394 4228 σχολῶν
3447 4154 3537 4207 καὶ
3584 4153 3804 4229 βασιλι-

2150 4258 2259 4293 κων
2318 4238 2613 4313 ἀνθρώπων
2655 4238 2760 4294 ὰπὸ
2803 4246 2902 4309 τῆς
2948 4240 3149 4314 τάξεως
3209 4245 3316 4296 τῶν
3368 4241 3808 4318 σπαθαροκανδι-

2153 4325 2327 4382 δάτων
2388 4325 2556 4408 μέχρι
2612 4336 2712 4398 τῆς
2761 4329 2962 4399 τάξεως
3017 4334 3126 4384 τῶν
3180 4332 3510 4407 στρατόρων,
3559 4333 3696 4388 κατᾶ
3743 4333 3810 4389 τὸ

2151 4419 2320 4472 ποσὸν
2370 4421 2470 4480 τῆς
2509 4419 2787 4494 τραπέζης
2835 4418 3030 4496 φίλους
3080 4417 3166 4474 λ’⁶
3219 4420 3454 4498 εἰσάγειν
3501 4418 3558 4476 δὲ
3610 4421 3812 4486 αὐτοὺς

2154 4505 2242 4562 καὶ
2301 4507 2521 4582 ἐξάγειν,
2570 4509 2698 4569 τοὺς
2759 4509 2855 4581 μὲν
2906 4508 3009 4564 ὑπὸ
3062 4510 3375 4587 καμπάγιον
3423 4511 3624 4573 πάντας
3676 4514 3818 4586 μετὰ.

2155 4601 2262 4653 τῶν
2296 4597 2517 4653 οἰκείων
2550 4597 3130 4672 ἀλλαξιμάτων,πλήν
3176 4600 3265 4654 καὶ
3325 4598 3589 4679 χλανίδος
3614 4622 3627 4636 ’
3686 4602 3818 4667 τοὺς

395 4697 582 4753 mines
634 4710 765 4752 cum
827 4694 1248 4766 scaramangiis
1310 4700 1552 4752 tantum.
1613 4697 1698 4750 Ad
1751 4693 2034 4751 inferiore:

2162 4686 2219 4744 δὲ
2266 4689 2791 4765 πρωτοσπαθαρίους
2845 4691 2980 4762 μετά
3038 4688 3270 4744 σπεκίων
3328 4690 3416 4745 καὶ
3476 4693 3660 4766 ῥωέων
3721 4715 3814 4748 σας

395 4792 589 4844 autem
649 4793 902 4859 quatuor
951 4786 1239 4842 fornicum
1291 4801 1524 4841 mensas
1573 4784 1858 4840 invitandi
1907 4790 2049 4840 sunt

395 4875 734 4946 imperiales
764 4875 1086 4944 candidati,
1109 4873 1485 4930 mandatores
1504 4877 1562 4929 et
1584 4873 1838 4930 minores
1870 4873 2048 4946 magi-

398 4969 616 5020 stratus
630 4964 851 5021 ordinis
872 4963 1298 5031 scholarum,in
1315 4963 1650 5019 universum
1677 4964 2050 5035 septuaginta

400 5053 536 5108 duo.
571 5053 1035 5111 lntroducuntur
1057 5059 1116 5110 et
1147 5053 1208 5109 hi
1229 5069 1364 5110 cum
1397 5053 1521 5109 suis
1551 5052 1969 5126 scaramangiis
1993 5057 2050 5108 et

405 5141 749 5198 mutatoriis.
779 5145 992 5208 Quarto
1052 5143 1147 5200 die
1198 5143 1462 5215 ejusdem
1513 5141 1861 5199 universalis
1905 5141 2049 5215 regii

401 5231 649 5290 convivii
680 5235 975 5305 peragitur
1000 5237 1290 5308 processio
1321 5250 1530 5291 rursus
1562 5250 1793 5307 pagana
1822 5233 1880 5289 in
1913 5248 2048 5290 mu-

2153 4778 2322 4855 γίων·
2371 4779 2499 4841 τοὺς
2541 4777 2598 4833 δὲ
2651 4777 2970 4854 βασιλικοὺς
3031 4779 3166 4852 μετά
3211 4783 3322 4834 τῶν
3377 4783 3811 4859 σκαραμαγγίων

2152 4867 2241 4922 καὶ
2277 4868 2460 4939 μόνον.
2500 4867 2622 4924 Ἐπὶ
2655 4866 2713 4923 δὲ
2740 4872 2859 4930 ταῖς
2895 4869 3048 4923 κάτω
3096 4867 3348 4944 τέσσαρσι
3395 4874 3502 4925 τῶν
3547 4876 3810 4946 καμαρῶν

2152 4959 2442 5033 τραπέζαις
2492 4955 2578 5013 δεῖ
2635 4961 2783 5032 ἡμᾶς
2841 4958 3126 5032 συγκαλεῖν
3185 4957 3506 5035 βασιλικοὺς
3554 4959 3813 5017 κανδιδά-

2152 5071 2280 5113 τους
2311 5052 2399 5106 καὶ
2443 5049 2784 5125 μανδάτορας
2826 5051 2916 5105 καὶ
2965 5051 3196 5126 μικροὺς
3246 5049 3514 5131 ἄρχοντας
3550 5058 3649 5109 τοῦ
3678 5056 3812 5131 τάγ-

2159 5161 2325 5213 ματος
2357 5145 2464 5196 τῶν
2497 5140 2746 5216 σχολῶν,
2771 5141 2863 5196 τὸν
2889 5140 3123 5216 ἀριθμὸν
3169 5141 3256 5216 οβ’
3279 5161 3291 5173 ο
3343 5141 3577 5221 εἰσάγειν
3622 5141 3679 5200 δὲ
3714 5144 3810 5200 a5-

2153 5229 2280 5293 τοὺς
2316 5231 2450 5296 μετὰ
2478 5234 2585 5286 τῶν
2621 5230 2836 5286 οἰκείων
2884 5231 3309 5306 σκαραμαγγίων
3357 5232 3447 5286 καὶ
3499 5231 3813 5308 ἀλλαξιμα-

1451 5332 1645 5390 JOAN.
1685 5332 1832 5389 JAC.
1878 5330 2140 5388 REISKII
2179 5329 2763 5388 COMMENTARIUS.

472 5432 590 5502 (97)
619 5428 742 5502 Vox
773 5427 894 5484 haec
922 5431 1170 5488 vetustis
1201 5433 1416 5490 Graecis
1446 5431 1564 5487 fere
1586 5435 1816 5488 tantum
1860 5431 1931 5486 de
1959 5447 2055 5487 sa-

402 5501 538 5561 cello
569 5501 921 5575 dicebatur,
967 5502 1140 5575 novis;
1177 5505 1353 5559 etiam
1402 5503 1723 5558 maximum
1782 5503 2056 5575 quodque

403 5574 686 5648 templum
721 5578 830 5648 est.
864 5574 984 5648 Ita_,_
1007 5577 1071 5628 ut
1111 5573 1183 5628 de
1228 5577 1425 5648 multis
1458 5575 1664 5648 saltem
1688 5573 1882 5648 unum
1915 5573 2055 5648 alla-_-

404 5643 562 5721 gem'.
623 5647 778 5718 apud
837 5644 1065 5721 Scylitz.
1124 5661 1213 5721 pL
1262 5647 1362 5721 821
1427 5663 1440 5701 :
1499 5645 1560 5721 ’φ
1619 5643 1896 5721 μέγιστος
1962 5643 2053 5699 καὶ

406 5714 733 5800 ⁸ξιιερίπυστος
766 5722 864 5784 τῆς
893 5714 1155 5800 τοῦιθεοῦ
1179 5715 1377 5800 Σοφίας
1412 5714 1598 5800 σηκός.
1617 5714 1763 5800 :I‘am
1792 5719 2053 5800 frequen-

409 5787 489 5844 tis
516 5791 668 5844 certe
719 5793 843 5843 tum
893 5791 1019 5842 erat
1067 5801 1234 5853 usus,
1270 5787 1350 5842 'ut
1395 5787 1570 5842 etiam
1622 5789 1804 5844 Latini
1839 5805 1870 5843 a
1899 5787 2050 5844 Grae-

2166 5431 2251 5505 cis
2279 5430 2788 5505 assumerentLDu
2833 5428 3027 5505 _Cange
3074 5446 3126 5505 ν.
3151 5431 3385 5505 _Siccus,
3413 5431 3594 5505 idest
3624 5433 3820 5505 σηκός,

2165 5501 2324 5559 hunc
2357 5502 2548 5558 locum
2582 5517 2613 5557 e
2635 5500 2919 5574 Chronico
2943 5501 3426 5574 Magdeburgensi
3447 5504 3588 5560 citat
3616 5522 3629 5560 :
3653 5500 3817 5564 duces

2163 5589 2228 5628 ac
2253 5577 2643 5644 praefectorum
2666 5573 2947 5645 principes
2976 5588 3101 5646 cum
3130 5573 3302 5646 manu
3328 5575 3649 5646 principum
3677 5593 3817 5634 con-

2160 5646 2644 5724 gregrrtiigsiccp
2664 5644 2947 5724 lhoclest
2984 5644 3042 5700 in
3103 5644 3348 5724 aadicula
3402 5644 3812 5724 vel'oratorio]

2165 5715 2410 5774 basilicae
2440 5716 2620 5788 Magni
2652 5717 2836 5774 Caroli
2863 5715 3184 5775 cohaerenti.
