4124 6434
297 395 454 457 1403

1385 387 1937 454 GONSTANTINI
1982 389 2680 456 PORPHYBOGENITI

3567 393 3723 454 14οΔ

297 533 368 591 de
398 532 599 591 ordine
627 531 906 588 comitum
939 533 996 586 et
1025 528 1473 586 centarchorum
1503 525 1743 584 srilbmi
1774 532 1828 581 et
1848 523 1941 579 hi-

2064 526 2154 581 καὶ
2200 524 2430 591 λοιποὺς
2490 528 2582 584 σὺν
2643 532 2751 584 τῶν
2800 526 2859 584 ἐκ
2907 526 3238 604 Βουλγάρων
3279 525 3456 604 φίλων
3495 526 3585 582 καὶ
3643 531 3724 600 τῷ

294 631 656 686 canatorum,
690 621 1006 676 admodum
1057 619 1490 692 quinquaginta
1532 623 1804 690 quatuor,
1837 619 1893 670 et
1921 629 1952 669 ο

293 711 567 784 Bulgaria
597 711 921 767 amicorum
975 710 1242 766 homines
1272 709 1596 766 octodecim
1625 724 1639 774 ;
1674 707 1947 763 ordinare

294 807 484 859 autem
524 803 632 858 hos
663 801 946 873 Bulgaros
978 806 1211 873 oportet
1258 802 1326 856 ad
1381 801 1650 856 ultimam
1685 812 1948 854 mensam

297 893 562 949 seorsim.
590 893 1042 948 lntroducuntur
1061 895 1118 947 et
1145 891 1476 946 educuntur
1504 889 1564 943 in
1597 887 1723 944 suis
1752 901 1949 942 scara-

299 981 570 1054 maugiis.
604 982 865 1052 Septimo
896 980 986 1038 die
1025 981 1286 1051 ejusdem
1335 977 1754 1035 convivationis
1787 993 1951 1046 pera-

297 1075 453 1147 gitur
481 1073 754 1129 similiter
802 1087 1030 1143 pagana
1060 1070 1352 1143 processio
1382 1068 1536 1124 intra
1565 1067 1871 1139 palatium,
1895 1069 1952 1121 et

299 1161 629 1219 convivium
665 1160 720 1215 in
750 1161 952 1217 eodem
985 1159 1242 1217 triclinio
1287 1174 1463 1231 super
1491 1159 1694 1215 eadem
1728 1154 1948 1221 tabula,

297 1251 648 1323 pariterque,
674 1257 735 1304 ut
766 1254 920 1317 ante,
944 1249 1266 1305 invitantur
1282 1249 1351 1303 ad
1385 1246 1812 1304 convivandum
1845 1245 1949 1299 imo

297 1339 547 1415 peratori
582 1339 870 1409 magistri,
906 1338 1160 1412 patricii,
1211 1338 1522 1410 praefectus
1562 1335 1743 1405 urbis,
1777 1334 1952 1390 ambo

297 1429 625 1497 domestici,
668 1445 1048 1486 numerorum
1103 1427 1327 1485 scilicet
1371 1432 1544 1498 atque
1601 1429 1947 1490 castrorum,

298 1521 617 1577 eorundem
685 1519 856 1576 ambo
922 1524 1278 1590 topoleretts,
1339 1515 1644 1574 rationalis
1702 1513 1953 1587 prmtorii

298 1610 532 1681 adjutor
556 1607 840 1682 [praefecti
867 1608 1076 1679 urbis],
1109 1607 1169 1662 in
1189 1607 1528 1662 universum
1559 1603 1801 1678 triginta
1821 1603 1948 1660 viri.

299 1696 757 1754 Introducuutur
785 1705 838 1751 et
887 1698 1221 1752 educuntur
1265 1695 1324 1750 in
1367 1696 1493 1752 suis
1542 1692 1874 1750 mulatoriis
1898 1696 1953 1748 et

298 1786 536 1842 tunicis.
563 1787 646 1842 Ad
683 1785 980 1841 inferiores
1012 1793 1207 1842 autem
1240 1801 1478 1841 mensas
1509 1784 1830 1840 invitantur
1851 1781 1950 1838 tri-

298 1875 442 1932 buni
473 1874 697 1941 vicarii,
719 1875 964 1941 gentiles
988 1891 1090 1930 seu
1124 1873 1461 1948 alienigenas
1491 1889 1560 1930 ex
1592 1871 1825 1929 hetaeria
1849 1890 1863 1940 ;
1891 1875 1954 1927 ut

300 1965 496 2032 Turci,
522 1966 671 2023 447
698 1965 1006 2029 Chazares,
1041 1964 1161 2033 alii,
1187 1965 1500 2020 admodum
1524 1963 1954 2036 quinquaginta

301 2060 568 2131 quatuor.
599 2056 682 2112 Ad
717 2055 1100 2112 venerabilem
1135 2071 1270 2111 vero
1317 2071 1581 2110 mensam
1630 2054 1955 2109 invitantur

300 2147 606 2203 duodecim
630 2145 1006 2220 gitoniarcbte
1020 2144 1106 2201 vel
1128 2144 1804 2218 vicomagislri,quatuor
1823 2159 1952 2215 epo-

299 2241 409 2310 pte
440 2236 530 2293 vel
551 2238 770 2307 aediles,
805 2237 920 2293 duo
952 2235 1451 2310 protocancellarii
1487 2233 1737 2306 praefecti
1769 2233 1948 2288 urbis.

299 2322 845 2380 Introducunturhi
877 2322 1000 2378 suis
1029 2322 1089 2377 in
1113 2321 1373 2379 camisiis
1406 2326 1672 2388 tantum;
1704 2319 1952 2393 gentiles

297 2429 436 2471 vero
459 2413 519 2469 in
553 2413 678 2469 suis
709 2412 994 2469 cabadiis.
1020 2412 1413 2469 Gitoniarcbis
1445 2417 1502 2467 et
1533 2411 1776 2483 reliquis
1807 2409 1951 2465 dan-

300 2509 392 2558 tur
422 2500 671 2570 singulis
701 2500 923 2574 singuli
963 2501 1187 2558 nummi
1220 2501 1405 2558 aurei.
1433 2499 1816 2572 Temporibus
1844 2514 1950 2556 au-

299 2600 412 2650 tem
442 2592 867 2666 antiquioribus
905 2592 1299 2648 iuvitabantur
1329 2591 1454 2648 loco
1495 2590 1741 2647 istorum
1781 2589 1950 2646 char-

301 2683 499 2742 tularii
559 2682 991 2756 sceuophylacii
1053 2686 1109 2737 S.
1169 2682 1422 2755 Sophia,
1471 2680 1952 2754 accipiebantque

301 2774 545 2830 eandem
569 2772 1034 2830 benedictionem
1052 2789 1153 2828 seu
1178 2771 1662 2829 munificentiam.
1683 2771 1842 2827 Nova
1859 2769 1954 2826 die

301 2863 603 2920 Dominica
633 2863 714 2918 sic
745 2863 921 2928 dicta,
957 2879 1025 2919 ea
1047 2877 1278 2932 nempe,
1301 2878 1428 2936 quas
1457 2860 1710 2933 proxime
1737 2859 1951 2916 festum

302 2953 609 3011 Paschatis
639 2952 930 3024 sequitur,
965 2951 1271 3024 splendida
1315 2950 1612 3024 peragitur
1659 2950 1953 3022 processio

304 3043 612 3117 splendido
631 3044 691 3098 in
715 3042 927 3098 vestitu
951 3043 1010 3098 in
1035 3041 1361 3099 venerabile
1383 3040 1666 3115 templum
1691 3040 1790 3096 SS.
1812 3041 1958 3109 Apo-

303 3132 627 3199 stolorum;
683 3131 965 3203 finitoque
1017 3147 1182 3188 sacro
1235 3131 1447 3200 ofﬁcio,
1509 3129 1846 3202 proponitur
1901 3132 1958 3184 et

304 3221 486 3278 initur
534 3221 864 3278 convivium
922 3221 983 3276 in
1034 3219 1311 3289 triclinio,
1369 3220 1524 3292 quod
1575 3219 1843 3291 superius
1880 3218 1952 3274 ad

2059 612 2413 695 δρουγγαρίῳ
2472 625 2572 689 τῆς
2635 616 2841 696 βίγλης
2890 616 2980 672 καὶ
3009 617 3089 690 τῷ
3119 613 3429 692 δομεστίκφ
3459 620 3568 672 τῶν
3594 618 3720 672 ἱκα-

2057 705 2256 778 νάτων,
2285 709 2377 764 τόν
2405 707 2635 784 ἀριθμὸν
2667 707 2736 764 λ’·
2765 707 3032 784 στιχίζειν
3091 705 3147 763 δὲ
3215 707 3418 771 αὐτοὺς
3466 708 3554 764 καὶ
3609 707 3720 764 εἷσ-

2060 797 2208 873 άγειν
2235 797 2373 853 γατᾶ
2399 799 2494 854 τὸν
2535 796 2805 878 λεχθέντα
2832 797 3002 853 τύπον
3052 803 3153 866 τῆς
3189 797 3414 873 πρώτης
3481 798 3718 872 ἡμέρας.

2061 885 2184 944 Ἐπὶ
2227 883 2284 942 δὲ
2341 891 2448 942 τῶν
2499 887 2646 942 κάτω
2706 890 2988 963 τραπεζῶν
3041 883 3124 941 δεῖ
3181 884 3469 961 συγκαλεῖν
3503 886 3610 941 ἀπό
3656 907 3714 942 τε

2057 979 2322 1051 κομήτων
2352 977 2443 1032 καὶ
2500 977 2818 1054 κεντάρχων
2875 981 2974 1032 τοῦ
3014 976 3255 1050 ἀριθμοῦ
3283 975 3374 1031 καὶ
3432 980 3542 1032 τῶν
3590 977 3715 1033 im-

2057 1069 2228 1124 νάτων
2266 1065 2462 1146 ἄνδρας
2516 1065 2613 1136 νδ’,
2646 1069 2736 1123 καὶ
2771 1067 2830 1124 ἐκ
2886 1071 2991 1123 τῶν
3052 1066 3383 1144 Βουλγάρων
3413 1067 3590 1145 φίλων
3620 1067 3712 1123 ἀν-

2062 1158 2328 1237 φρώπους
2359 1166 2450 1230 ιη’·
2513 1158 2775 1235 στιχίζειν
2828 1155 2885 1213 δὶ
2937 1155 3020 1213 δεῖ
3073 1156 3203 1220 τοὺς
3253 1156 3588 1235 Βουλγάρων
3621 1157 3713 1213 άν-

2058 1247 2313 1319 θρώπους
2371 1245 2460 1303 ἐπὶ
2503 1253 2603 1318 τῆς
2663 1247 2813 1302 κάτω
2867 1245 3183 1309 τελευταίας
3245 1251 3371 1319 μιᾶς
3434 1247 3712 1321 τραπέζης

2061 1337 2280 1410 μόνους·
2332 1336 2570 1415 εἰσάγειν
2631 1334 2686 1393 δὲ
2745 1336 2946 1398 αὐτοὺς
3002 1337 3093 1392 καὶ
3160 1333 3364 1412 ἐξάγειν
3422 1335 3558 1411 μετὰ
3606 1339 3716 1392 τῶν

2059 1425 2276 1482 οἴκείων
2337 1428 2516 1483 αὐτῶν
2579 1424 3030 1502 σκαραμαγγίωνι
3071 1430 3152 1501 Τῇ
3205 1422 3262 1481 δὲ
3287 1419 3499 1500 ἕϐδόμῃ
3534 1424 3719 1502 ἡμέρᾳ

2059 1522 2157 1586 τῆς
2231 1515 2398 1587 αὐτῆς
2471 1515 2769 1588 δεξιώσεως
2840 1514 3083 1571 τελεῖται
3165 1514 3424 1578 ὡσαύτως
3501 1515 3716 1590 παγανῆ

2058 1602 2381 1682 προέλευσις
2433 1600 2585 1660 ἔνδον
2638 1608 2737 1660 τοῦ
2794 1603 3090 1676 παλατίου,
3121 1604 3213 1659 καὶ
3250 1603 3455 1678 γίνεται
3495 1601 3718 1673 κλητώ-

2060 1715 2176 1770 ριον
2229 1693 2280 1750 ἔν
2332 1699 2412 1766 τῷ
2465 1694 2612 1768 αὐτῷ
2659 1693 2926 1769 τρικλίνῳ
2956 1691 3044 1748 ἐπὶ
3074 1698 3176 1763 τῆς
3226 1693 3396 1758 αὐτῆς
3421 1690 3718 1768 τραπέζης,

2059 1793 2140 1840 κα¹
2188 1784 2581 1859 συγκαλοῦνται
2616 1782 2693 1846 είς
2732 1782 2966 1839 ἐπίασιν
2999 1786 3080 1855 τῷ
3114 1779 3336 1858 βασιλεῖ
3365 1781 3581 1854 ὁμοίως
3610 1781 3719 1837 ἀπὸ

2063 1882 2164 1945 τῆς
2213 1876 2416 1946 τάξεως
2473 1878 2581 1930 τῶν
2648 1872 2962 1948 μαγίστρων
3019 1871 3110 1927 καὶ
3159 1871 3462 1947 πατρικίων
3501 1871 3592 1925 σὺν
3638 1874 3719 1942 τῷ

2067 1965 2302 2041 ὑπάρχῳ
2355 1971 2456 2035 τῆς
2504 1961 2722 2026 πόλεως
2769 1961 3002 2024 καὶτοῖς
3036 1959 3155 2018 δυσὶ
3183 1959 3554 2037 δομεστίκοις,
3585 1980 3718 2017 νου-

2063 2054 2245 2131 μέρων
2289 2075 2349 2110 τε
2395 2055 2486 2109 καὶ
2523 2054 2780 2129 τειχέων,
2812 2052 2903 2108 καί
2950 2057 3058 2108 τῶν
3087 2051 3266 2108 αὐτῶν
3314 2053 3712 2126 τοποτηρητῶν

2064 2144 2157 2198 σὺν
2215 2148 2293 2216 τῷ
2349 2143 2619 2220 λογοθέτῃ
2676 2147 2773 2198 τοῦ
2825 2141 3165 2219 πραιτωρίου
3209 2140 3300 2197 καὶ
3329 2145 3410 2214 τῷ
3450 2139 3713 2214 συμπὸνῳ

2061 2234 2153 2288 τὸν
2207 2232 2439 2308 ἀριθμὸν
2506 2231 2574 2290 λ’.
2625 2230 2951 2307 Εἶσάγονται
3003 2229 3058 2287 δὲ
3115 2232 3207 2288 καὶ
3255 2231 3536 2306 ἐξάγονται
3578 2230 3717 2304 μετὰ

2059 2326 2167 2378 τῶν
2199 2321 2415 2378 ο⁵ικείων
2463 2320 2642 2377 αὐτῶν
2683 2319 3074 2395 ἀλλαξιμάτων
3123 2319 3214 2376 καὶ
3261 2317 3589 2402 χλανιδίων.
3621 2320 3715 2378 Ἐν

2063 2409 2121 2467 δε
2148 2416 2267 2474 ταῖς
2311 2413 2461 2468 κάτω
2498 2411 2790 2486 τραπέζαις
2847 2408 3246 2487 συγκαλοῦνται
3293 2405 3570 2487 τριϐοὖνοι
3625 2411 3716 2486 βι-

2062 2501 2269 2578 κάριοι,
2303 2500 2354 2556 οἶ
2399 2500 2602 2557 ἐθνικοὶ
2659 2503 2760 2570 τῆς
2816 2500 3102 2576 ἑταιρείας,
3135 2503 3256 2556 οἷον
3313 2504 3572 2576 τοῦρκοι,
3601 2500 3718 2559 Χα-

2063 2592 2241 2667 ζάρεις
2292 2589 2382 2646 καὶ
2445 2589 2658 2660 λοιποὶ,
2693 2591 2785 2646 τὸν
2847 2591 3080 2666 ἀριθμὸν
3109 2588 3206 2649 νδ’.
3240 2590 3363 2648 Ἐπὶ
3397 2587 3456 2646 δὲ
3500 2596 3601 2660 τῆς
3635 2611 3720 2646 τι·

2069 2681 2193 2756 μίας
2221 2678 2495 2756 τραπέζης
2527 2679 2934 2758 συγκαλοῦνται
2965 2683 3020 2735 οἱ
3055 2677 3267 2737 δώδεκα
3312 2681 3720 2759 γειτονιάρχαι,

2066 2773 2120 2829 οἱ
2176 2769 2218 2827 δ’
2284 2770 2513 2827 ἐπόπται
2561 2770 2652 2826 καὶ
2711 2771 2763 2826 o't
2826 2768 2922 2827 δύο
2989 2771 3578 2850 πρωτοκαγκελλάριοι
3621 2773 3724 2826 τοῦ

2063 2863 2331 2939 ἐπάρχου.
2394 2861 2718 2938 Εἶσάγονται
2777 2858 2836 2917 δὲ
2892 2864 3030 2935 μετᾶ
3057 2866 3166 2918 τῶν
3196 2861 3412 2918 οἰκείων
3447 2861 3722 2937 καμισίων

2063 2954 2151 3009 καὶ
2191 2953 2372 3026 μόνον,
2396 2951 2448 3007 οἱ
2479 2949 2537 3007 δὶ
2565 2949 2769 3016 ἐθνικοὶ
2810 2951 2944 3026 μετᾶ
2991 2957 3100 3007 τῶν
3162 2953 3342 3007 αὐτῶν
3410 2946 3719 3009 καϐαδίων.

2066 3039 2284 3100 Δίδοται
2318 3039 2376 3097 δὲ
2402 3046 2519 3105 τοῖς
2575 3042 2984 3118 γειτονιάρχαις
3033 3042 3124 3098 καὶ
3166 3045 3385 3104 Λοιποῖς
3434 3041 3531 3097 ἆνᾶ
3557 3041 3719 3116 νομί-

2067 3151 2272 3206 σματσς
2330 3132 2470 3192 ἑνός.
2502 3131 2627 3188 Ἐπὶ
2669 3128 2726 3186 δὲ
2763 3135 2870 3186 τῶν
2903 3127 3298 3207 προλαϐόντων
3335 3131 3553 3208 χρόνων
3597 3152 3716 3186 συν-

2066 3220 2361 3277 εκαλοῦντο
2421 3220 2537 3278 ἀντὶ
2585 3220 2794 3276 τούτων
2852 3220 2905 3276 οἱ
2960 3225 3059 3278 τοῦ
3128 3219 3558 3300 σκευοφυλακίου
3617 3227 3718 3291 τῆς

304 3312 629 3369 secundum
651 3310 807 3368 diem
830 3310 1280 3367 nominavimus.
1304 3310 1653 3367 Convivatur
1675 3313 1800 3364 tum
1825 3325 1954 3364 san-

2064 3310 2248 3388 Ἀγίας
2299 3310 2508 3385 Σοφίας
2557 3308 2981 3390 χαρτουλάριοι,
3042 3305 3415 3383 λαμϐάνοντες
3469 3311 3571 3382 τὴν
3620 3310 3720 3366 αύ-

303 3402 604 3459 ctissimus
633 3401 963 3474 patriarcha
992 3405 1191 3458 noster
1218 3401 1554 3474 imperatori
1588 3401 1658 3458 ad
1693 3399 1954 3472 peculia-

304 3507 425 3548 rem
459 3491 1160 3559 mensam,etinvitantur
1182 3493 1248 3546 ad
1270 3490 1694 3546 convivandum
1715 3487 1954 3545 domino

307 3579 482 3636 amici
510 3579 775 3649 ejusdem
826 3579 1078 3652 generis,
1111 3584 1287 3651 atque
1330 3580 1396 3634 ad
1431 3579 1756 3634 secundum
1785 3578 1956 3648 hujus

307 3666 725 3727 convivationis
743 3667 897 3722 diem
931 3684 964 3723 a
988 3667 1128 3724 festo
1149 3667 1449 3723 Paschatis
1470 3667 1805 3722 immediate
1828 3682 1957 3739 pro-

2061 3401 2160 3470 τήν
2209 3399 2487 3478 εὐλογίαν.
2521 3402 2606 3476 Τῇ
2657 3397 2716 3456 δὲ
2757 3400 2851 3471 νέᾳ
2901 3398 3166 3475 κυριακῇ,
3213 3403 3281 3475 τῇ
3318 3399 3591 3476 μεθεόρτῳ
3619 3403 3720 3456 τοῦ

2064 3490 2282 3570 Πάσχα,
2343 3488 2644 3546 ἰκτελεῖται
2702 3488 3029 3566 προέλευσις
3088 3487 3489 3570 λαμπροφόρος
3531 3489 3582 3543 ἐν
3633 3491 3716 3560 τῷ

2065 3574 2347 3653 σεϐασμίῳ
2392 3583 2506 3652 ναῷ
2558 3583 2668 3636 τῶν
2715 3577 2918 3654 ’Λγίων
2963 3577 3345 3635 Ἀποστόλων·
3381 3579 3472 3634 καὶ
3513 3576 3718 3634 τελου-

2069 3668 2234 3744 μένης
2255 3672 2357 3734 τῆς
2395 3670 2543 3742 ἱερᾶς
2602 3666 2977 3747 λειτουργίας,
3037 3666 3357 3745 προτίθεται
3406 3667 3717 3738 κλητώριον

306 3758 527 3816 ximum
562 3756 839 3814 diximus.
862 3757 1056 3814 Altero
1088 3762 1222 3829 post
1249 3773 1457 3813 novam
1481 3755 1840 3813 Dominicam
1863 3755 1954 3812 die

2065 3757 2118 3814 ἐν
2164 3762 2244 3831 τῷ
2278 3755 2534 3833 λεχθέντι
2570 3758 2835 3835 τρικλίνῳ
2881 3758 2970 3815 ἐπὶ
3017 3765 3118 3829 τῆς
3176 3756 3428 3832 δευτέρας
3485 3757 3721 3832 ἡμέρας,

309 3849 600 3922 excipitur
628 3853 682 3904 et
712 3848 1130 3904 beneventatur
1169 3848 1241 3903 ab
1281 3846 1626 3920 imperatore
1656 3846 1954 3902 deximum

2064 3848 2157 3902 καὶ
2216 3852 2548 3903 συνεστιᾶται
2601 3852 2682 3921 τῷ
2744 3847 2962 3925 βασιλεῖ
2999 3848 3028 3904 ὁ
3079 3848 3385 3924 ἁγιώτατος
3424 3848 3586 3918 ἡμῶν
3615 3867 3726 3901 πα-

309 3955 408 3996 seu
441 3953 657 4010 corpus
689 3940 1024 3994 senatorum
1049 3937 1353 3993 dominum
1385 3935 1699 3992 salutatum
1729 3935 1954 3992 venien-

2064 3939 2340 4014 τριάρχης
2396 3936 2486 3993 ἐπὶ
2543 3939 2862 4003 ἆποκοπττῖς
2912 3937 3208 4011 τραπέζης,
3236 3938 3329 3993 καὶ
3380 3935 3719 4012 συγκαλοῦν-

307 4028 481 4095 tium,
509 4027 729 4100 absque
760 4027 983 4082 saximo
1007 4030 1199 4084 tamen
1233 4042 1329 4083 seu
1362 4026 1602 4094 chorea;
1627 4025 1954 4096 residetque

2064 4047 2156 4084 ται
2190 4027 2268 4091 εἷς
2331 4026 2565 4083 ἑστίασιν
2625 4026 2718 4082 σὺν
2771 4032 2851 4101 τῷ
2913 4027 3132 4103 βασιλεῖ
3186 4025 3343 4102 φίλοι
3380 4026 3518 4083 κατὰ
3553 4026 3726 4081 τύπον

305 4117 628 4190 imperator
656 4116 716 4172 in
746 4117 1066 4173 Justiniani
1097 4116 1353 4174 triclinio
1374 4117 1441 4172 ad
1469 4115 1819 4189 peculiarem
1843 4114 1954 4171 sibi

2067 4123 2167 4186 τῆς
2217 4113 2466 4190 δευτέρας
2523 4119 2734 4192 ἡμέρας
2779 4121 2849 4192 τῇ
2907 4117 3164 4192 ἐπαύριον
3207 4121 3305 4173 τοῦ
3346 4118 3495 4190 ἱεροῦ
3526 4115 3724 4191 Πάσχα

311 4222 575 4265 mensam
599 4207 657 4262 in
681 4223 784 4263 suo
807 4207 1116 4264 dibetesio.
1150 4206 1437 4264 Invitandi
1469 4216 1590 4263 tum
1625 4211 1764 4262 sunt
1793 4205 1954 4262 nobis

2076 4210 2156 4281 Τῇ
2189 4203 2246 4262 δὶ
2277 4205 2531 4280 ἐπαύριον
2573 4209 2670 4275 τῆς
2723 4205 2842 4270 νέας
2874 4211 3153 4284 Κυριακῆς
3202 4203 3385 4282 ἡμέρᾳ
3423 4203 3726 4262 ἐκτελεῖται

311 4297 692 4369 magistratus
723 4295 931 4352 horum
966 4297 1262 4364 ordinum,
1312 4297 1596 4369 magistri,
1644 4295 1954 4368 praepositi,

2071 4294 2315 4367 δεξίωσις
2370 4293 2589 4369 δεξίμου
2642 4295 2768 4353 ἄνευ
2797 4297 3050 4372 σαξίμου,
3108 4296 3197 4353 καὶ
3228 4297 3510 4367 καθέζεται
3549 4297 3578 4351 ὁ
3624 4295 3726 4371 βα-

311 4385 713 4459 proconsules,
763 4384 1012 4457 patricii,
1069 4384 1351 4442 ofﬁciales
1380 4391 1438 4441 et
1480 4385 1690 4457 reliqui
1731 4401 1954 4456 campa-

2073 4383 2257 4449 σιλεὺς
2303 4383 2398 4442 ἒπὶ
2466 4385 2790 4457 ἆποκοπτῆς
2833 4387 3108 4459 τραπέζης
3164 4385 3301 4460 μετᾶ
3354 4388 3452 4441 τοῦ
3518 4385 3728 4440 οἱκείου

311 4473 622 4547 giorgeruli
643 4489 848 4530 omnes
871 4490 975 4547 pro
987 4473 1310 4546 capacitate
1331 4475 1954 4532 mensaeJntroducuu-

2073 4469 2384 4544 διϐητισίου
2442 4473 2532 4530 ἐπὶ
2587 4479 2686 4532 τοῦ
2745 4476 3126 4534 Ἰουστινιανοῦ
3162 4473 3468 4552 τρικλίνου.
3505 4473 3604 4528 Καὶ
3644 4471 3732 4529 δεῖ

309 4569 411 4621 tur
429 4568 488 4620 et
506 4564 833 4621 educuntur
853 4579 1056 4621 omnes
1076 4564 1134 4620 in
1159 4564 1284 4620 suis
1305 4564 1635 4620 mutatoriis
1656 4572 1710 4620 et
1726 4563 1954 4621 tunicis.

2073 4566 2224 4638 ἡμᾶς
2281 4561 2568 4639 συγκαλεῖν
2623 4565 2698 4627 είς
2761 4565 2995 4622 ἑστίασιν
3050 4565 3157 4621 ἀπὸ
3211 4571 3314 4635 τῆς
3361 4565 3563 4634 τάξεως
3618 4565 3730 4618 τῶν

310 4651 749 4712 Observandum
782 4652 991 4710 deinde
1013 4653 1182 4710 nobis
1200 4660 1290 4710 est
1313 4657 1568 4727 tempus,
1587 4669 1704 4726 quo
1725 4669 1954 4710 carmen

2079 4653 2427 4730 μαγίστρων,
2492 4653 2902 4730 πραιποσίτων,
2974 4655 3324 4724 ἀνθυπάτων,
3398 4652 3726 4730 πατρικίων,

310 4743 536 4800 musice
568 4742 868 4812 recitatur,
901 4749 960 4800 et
992 4743 1396 4815 tuncjubendi
1426 4742 1679 4801 conviva
1719 4758 1954 4816 surgere

2071 4743 2470 4824 ὀφφικιακλίων
2499 4742 2587 4798 καὶ
2617 4742 2827 4801 λοιπῶν
2850 4749 2956 4801 τῶν
2987 4744 3091 4801 ὕπὸ
3141 4745 3456 4820 καμπάγιον
3511 4744 3727 4799 πάντων

309 4835 380 4891 ad
422 4834 628 4891 laudes
659 4838 718 4890 et
747 4834 844 4907 pia
875 4834 1051 4891 verba
1097 4833 1336 4890 domino
1387 4833 1657 4890 dicenda.
1701 4833 1801 4889 Die
1834 4837 1964 4904 post

310 4924 451 4980 illud
482 4927 782 4982 deximum
827 4925 1093 4998 proximo
1143 4923 1442 4996 peragitur
1490 4922 1542 4980 ei
1576 4922 1881 4980 adhmrens
1906 4926 1964 4978 et

311 5028 680 5084 consequens
727 5015 902 5072 ludus
949 5012 1241 5088 equestris
1294 5011 1660 5069 absolutivus
1709 5028 1815 5070 seu
1860 5012 1963 5086 qui

314 5100 496 5158 ﬁnem
527 5102 756 5159 solenni
785 5103 925 5161 huic
945 5101 1336 5161 convivationi
1364 5101 1521 5159 facit.
1565 5101 1962 5160 Remittuntur

314 5198 455 5248 tunc
485 5191 678 5259 amici,
727 5193 828 5264 qui
861 5211 893 5252 ο
944 5194 1221 5269 Bulgaria
1274 5197 1577 5266 venerant,
1633 5193 1702 5251 ad
1746 5210 1874 5262 sua,
1909 5201 1965 5251 et

314 5277 663 5354 proponitur
703 5281 1029 5341 convivium
1094 5285 1155 5341 in
1203 5283 1514 5357 splendido
1563 5282 1815 5341 triclinio
1861 5301 1958 5341 ca-

313 5369 698 5438 thismatum;
731 5373 786 5424 et
829 5374 1208 5430 convivantur
1251 5373 1590 5446 imperatori
1642 5375 1961 5448 praepositi,

313 5459 564 5534 patricii,
596 5455 900 5524 officiales,
932 5464 1409 5535 protospatbarii,
1431 5462 1796 5532 chartularii,
1830 5480 1962 5521 con-

314 5550 497 5621 sules,
525 5549 854 5617 vestitores,
888 5547 1220 5612 silentiarii.
1259 5551 1556 5609 actuarius
1585 5556 1643 5608 et
1671 5553 1742 5608 ad
1773 5551 1963 5610 helia-

312 5658 446 5698 cum
471 5641 830 5715 pertinentes
855 5644 914 5699 et
952 5640 1420 5714 deeseographus
1445 5658 1546 5700 seu
1577 5643 1775 5701 scriba
1806 5643 1964 5702 libel-

315 5729 504 5786 lorum
545 5731 877 5805 supplicum
921 5747 1023 5804 pro
1065 5731 1384 5802 capacitate
1424 5747 1660 5789 menses.
1694 5734 1960 5790 Introdu-

2069 4833 2204 4890 κατᾶ
2250 4833 2314 4889 τὸ
2361 4833 2528 4890 ποσὸν
2563 4838 2667 4900 τῆς
2718 4835 3015 4912 τραπέζης·
3067 4833 3303 4910 εἷσάγειν
3360 4831 3418 4889 δὲ
3480 4832 3574 4889 καὶ
3641 4830 3728 4907 ἐξ-

2072 4926 2216 5000 ἀγειν
2269 4923 2476 4986 πάντας
2512 4925 2648 4997 μετᾶ
2694 4928 2804 4980 τῶν
2847 4924 3064 4981 οἰκείων
3114 4923 3290 4980 αὐτῶν
3336 4920 3727 4996 ἆλλαξιμάτων

2069 5034 2128 5070 τε
2157 5014 2248 5069 καὶ
2292 5011 2618 5090 χλανιδίων·
2653 5013 2946 5093 προσέχειν
2998 5011 3056 5070 δὲ
3093 5014 3269 5070 καὶτὸ
3311 5013 3576 5088 μουσικὸν
3636 5009 3733 5087 μ’ἐ·

2071 5102 2170 5169 λος
2225 5103 2315 5160 καὶ
2379 5103 2658 5176 ἐξανιστᾷν
2703 5103 2834 5168 τοὺς
2876 5103 3248 5180 κεκλημένους
3297 5102 3350 5161 ἰν
3397 5106 3479 5175 τῷ
3516 5100 3730 5176 προδηο

2074 5193 2302 5250 λωθέντι
2353 5194 2544 5274 χρόνῳ
2599 5195 2674 5258 εἰς
2727 5194 3006 5269 εὐφημίαν
3062 5198 3172 5251 τῶν
3209 5191 3510 5250 δεσποτῶν.
3549 5197 3632 5267 Τῇ
3673 5189 3734 5248 δὶ

2069 5280 2329 5358 ἐπαύριον
2376 5287 2476 5340 τοῦ
2510 5285 2676 5340 αὐτοῦ
2725 5282 2947 5359 δεξίμου
2991 5283 3234 5341 τελεῖται
3275 5280 3546 5358 ἐπόμενον
3574 5281 3735 5338 inm-

2067 5373 2165 5428 κὸν
2211 5371 2583 5446 ἀπολύσιμον,
2617 5375 2708 5429 καὶ
2763 5371 3261 5445 ἐξαποστέλλονται
3292 5371 3432 5449 πρὸς
3458 5369 3530 5428 τὰ
3558 5370 3738 5428 οἰκεῖα

2071 5463 2123 5518 οἱ
2153 5461 2262 5518 ἀπὸ
2306 5462 2643 5540 Βουλγάρων
2695 5461 2875 5543 φίλοι,
2899 5463 2989 5524 καὶ
3047 5463 3366 5539 προτίθεται
3418 5461 3735 5536 κλητώριον

2069 5549 2123 5608 ἐν
2175 5555 2256 5624 τῷ
2303 5547 2663 5627 περιϐλέπτῳ
2709 5552 2985 5630 τρικλίνῳ
3035 5558 3145 5610 τῶν
3203 5551 3581 5628 καθισμάτων,
3637 5552 3730 5608 καὶ

2072 5642 2408 5708 συνισθίουσι
2461 5647 2540 5718 τῷ
2594 5641 2815 5720 βασιλεῖ
2864 5644 2917 5701 οἳ
2981 5642 3363 5723 πραιπόσιτοι,
3421 5639 3724 5720 πατρίκιοι,

2072 5729 2437 5810 ὸφφικιάλιοι,
2473 5733 2956 5810 πρωτοσπαθάριοι
2998 5733 3088 5790 καὶ
3129 5731 3557 5811 χαρτουλάριοι,
3590 5730 3723 5786 ῧπα-
