4124 6372
316 363 470 425 1405

1176 361 1277 422 DE
1323 361 1772 426 CERIMONIIS
1817 358 2052 424 AULE
2093 357 2576 420 ΒΥΖΑΝΤΙΝᾹΞ
2619 359 2766 420 LlB.
2813 359 2891 421 Il.

3583 362 3735 426 1406

313 521 423 571 τοι,
489 500 838 574 βεστήτορες,
896 495 1277 567 σιλεντιάριοι,
1328 499 1357 554 ὁ
1404 497 1729 574 ἁκτουὰριος
1779 498 1870 553 καὶ
1916 497 1966 551 οἱ

2087 504 2290 552 cuntur
2314 500 2370 553 et
2399 497 2730 554 educuntur
2747 499 2920 555 modo
2953 515 3132 572 supra
3161 501 3399 575 scripto.
3425 502 3575 561 Dum
3595 521 3731 562 vero

314 596 414 648 τοῦ
445 589 684 660 ἡλιακοῦ
733 586 824 641 σὺν
856 591 934 659 τῷ
984 583 1359 666 δεησογράφῳ,
1418 589 1510 644 τόν
1566 587 1799 664 ἀριθμὸν
1829 585 1965 642 κατὰ

312 681 378 738 τὸ
434 679 600 735 ποσὸν
634 680 734 741 τῆς
792 675 1085 753 τραπέζης.
1150 677 1464 753 Εἰσάγονται
1497 675 1554 734 δὲ
1618 679 1709 732 καὶ
1749 676 1966 752 ἐξάγον-

317 793 410 830 ται
439 768 576 826 κατὰ
605 768 694 824 τὸν
730 765 983 842 ἀνωτέρω
1018 767 1284 843 λεχθέντα
1311 769 1538 844 τρόπον.
1585 768 1876 836 Μεσοῦσης
1909 764 1966 822 δὲ

315 867 417 932 τῆς
473 860 669 933 ἑορτῆς
702 860 780 932 (4)
811 861 907 914 τοῦ
950 857 1140 933 Πάσχα
1169 857 1409 914 τελεῖται
1440 856 1761 934 προέλευσις
1794 856 1966 933 δημο-

318 949 428 1018 σία,
488 949 578 1005 καὶ
636 948 1006 1024 προέρχονται
1075 949 1126 1002 οἱ
1189 945 1432 1023 βασιλεῖς
1498 947 1820 1023 ἐμπράττως
1891 947 1964 1009 εἷς

315 1042 407 1099 τὸν
466 1040 591 1094 ναὸν
656 1041 752 1094 τοῦ
810 1037 997 1112 Ἁγίου
1048 1037 1300 1110 Μωκίου,
1361 1039 1448 1094 καὶ
1482 1037 1819 1113 τελουμένης
1862 1046 1962 1109 τῆς

316 1131 464 1204 ἱερᾶς
512 1125 859 1204 λειτουργίας
909 1125 1222 1201 προτίθεται
1269 1125 1582 1204 κλητώριον
1620 1132 1698 1201 τῷ
1752 1125 1969 1204 βασιλεῖ

316 1217 404 1276 ἰπὶ
453 1218 780 1286 ἀποκοπτῆς
835 1217 1106 1290 τραπέζης
1158 1215 1210 1272 ἔν
1269 1222 1384 1280 τοῖς
1435 1217 1607 1274 ἐκεῖσε
1660 1215 1966 1294 τρικλίνοις

314 1310 406 1366 καί
466 1311 810 1363 συνεστιᾶται
865 1306 892 1361 ὁ
952 1306 1300 1383 πατριάρχης
1353 1312 1434 1379 τῷ
1468 1305 1706 1382 βασιλεῖ,
1735 1307 1826 1362 καὶ
1883 1304 1968 1361 δεῖ

315 1402 468 1474 ἡμᾶς
502 1397 834 1474 εὐτρεπίζειν
885 1395 963 1458 εἷς
1013 1396 1340 1451 συνεστίασιν
1392 1396 1567 1452 αὐτῶν
1620 1395 1812 1476 φίλους
1863 1393 1968 1450 ὰπὸ

316 1494 418 1559 τῆς
448 1487 650 1558 τάξεως
699 1490 808 1540 τῶν
858 1485 1196 1563 μαγίστρων,
1246 1485 1590 1555 ἀνθυπάτων,
1642 1485 1969 1560 πατρικίων,

325 1573 765 1652 μητροπολίτας,
827 1573 1212 1654 ὀφφικιαλίους
1267 1575 1357 1630 καὶ
1439 1576 1832 1650 ταγματικοὺς,
1880 1575 1970 1630 καὶ

322 1670 429 1723 τῶν
458 1664 521 1722 ἐκ
559 1671 661 1734 τῆς
715 1663 1024 1741 συγκλήτου
1059 1664 1384 1739 καμπαγίων
1439 1664 1576 1720 κατὰ
1623 1666 1665 1703 ¹¹
1713 1665 1775 1720 τὸ
1807 1665 1972 1720 ποσὸν

321 1763 422 1827 τῆς
471 1753 766 1828 τραπέζης·
816 1755 1049 1829 εἰσάγειν
1108 1751 1165 1809 δὲ
1205 1751 1398 1818 αὖτοὺς
1446 1753 1536 1810 καὶ
1586 1753 1787 1829 ἐξάγειν
1840 1755 1973 1827 μετὰ

326 1849 434 1901 τῶν
465 1844 680 1900 οἰκείων
722 1842 1041 1918 ἀλλαξίμων
1089 1843 1266 1922 χωρὶς
1314 1848 1422 1898 τῶν
1473 1840 1792 1918 χλανιδίων
1829 1840 1880 1898 ἒν
1916 1841 1973 1897 δὲ
2005 1875 2052 1942 Β

323 1937 404 2006 τῷ
450 1931 811 2009 προλεχθέντι
853 1938 954 2001 τῆς
1006 1931 1335 2005 ἁκτολογίας
1381 1935 1488 1986 τῶν
1537 1928 1729 2005 δήμων
1787 1925 1974 2006 χρόνῳ

325 2023 598 2094 ἰξανιστᾷν
656 2020 888 2082 ἅπαντας
941 2019 1069 2082 τοὺς
1119 2019 1492 2092 κεκλημένους
1550 2019 1626 2082 είς
1697 2019 1972 2100 εὐφημίαν

321 2116 429 2168 τῶν
499 2109 798 2168 δεσποτῶν.
856 2111 975 2167 Ἐπὶ
1025 2108 1080 2165 δὲ
1131 2117 1232 2180 τῆς
1280 2110 1427 2173 θείας
1495 2113 1585 2165 καὶ
1641 2110 1788 2185 ἱερᾶς
1842 2109 1977 2183 μετὰ

328 2202 523 2279 σαρκὸς
563 2200 640 2263 εἰς
693 2198 956 2276 οὐρανοὺς
1008 2197 1336 2274 ἀναλήψεως
1392 2203 1491 2254 τοῦ
1550 2197 1754 2274 Κυρίου
1812 2202 1972 2272 ἡμῶν

328 2293 509 2364 Ἰησοῦ
557 2293 791 2367 Χριστοῦ
827 2293 1140 2362 θαυμαστῆς
1197 2289 1407 2364 ἡμέρας
1457 2286 1695 2344 τελεῖται
1736 2287 1979 2362 δημοσία

330 2379 652 2458 προέλευσις
685 2380 831 2456 παρὰ
870 2385 976 2436 τῶν
1034 2378 1302 2454 βασιλέων
1346 2380 1511 2452 ἡμῶν
1565 2383 1674 2435 τῶν
1725 2379 1888 2455 ἁγίων
1924 2376 1976 2434 ἒν

331 2477 410 2546 τῷ
440 2469 731 2543 πανσέπτῳ
760 2469 850 2524 καὶ
906 2463 1185 2543 σεϐασμίῳ
1231 2472 1345 2542 ναῷ
1373 2474 1474 2539 τῆς
1544 2467 1834 2543 ὑπεραγῖονς
1894 2464 1979 2522 δε-

331 2561 558 2632 σποίνης
590 2561 753 2634 ἡμῶν
795 2557 1059 2615 eaet/mou
1092 2561 1190 2629 τῆς
1247 2564 1468 2633 Πηγῆς,
1507 2557 1596 2612 καὶ
1642 2555 1980 2632 τελουμένης

327 2658 429 2721 τῆς
464 2653 609 2724 ἱερᾶς
660 2649 1023 2724 λειτουργίας,
1053 2646 1369 2723 προτίθεται
1401 2647 1715 2722 κλητώριον
1768 2651 1848 2720 τῷ
1882 2648 1984 2724 βα-

333 2738 478 2796 σιλεῖ
530 2737 618 2794 ἐπί
672 2736 995 2801 ἁποκοπτῆς
1043 2736 1344 2811 τραπέζης,
1395 2735 1486 2790 καὶ
1548 2735 1888 2792 συνεπιᾶται
1957 2736 1986 2790 ὁ

333 2826 683 2904 πατριάρχης
726 2830 806 2899 τῷ
863 2822 1103 2900 βασιλεῖ,
1153 2824 1242 2879 καὶ
1303 2820 1704 2899 συγκαλοῦνται
1740 2824 1816 2889 εἷς
1865 2846 1985 2880 συνο

334 2917 567 2975 εστίασιν
613 2915 762 2988 αὐτῷ
806 2914 958 2993 φίλοι
1016 2913 1122 2969 ἀπό
1169 2921 1270 2984 τῆς
1301 2913 1503 2985 τάξεως
1531 2919 1638 2968 τῶν
1677 2914 1988 2990 μαγίστρων

341 3006 432 3063 καὶ
479 3005 768 3080 κατωτέρω
827 3005 964 3059 κατὰ
1017 3005 1118 3074 τήν
1160 3001 1366 3058 ἔκθεσιν
1421 3003 1512 3058 καὶ
1561 3003 1624 3059 τὸ
1656 3011 1852 3078 σχῆμα
1882 3009 1990 3059 τῶν

339 3095 751 3171 προλιχθεισῶν
785 3098 1097 3169 περιφανῶν
1127 3091 1524 3169 προελεύσεων.

923 3182 987 3240 Ἡ
1023 3184 1365 3254 Πεντηκοστή
1379 3224 1392 3237 .

2084 588 2338 643 medium
2372 593 2457 644 est
2489 590 2697 644 festum
2752 589 3043 661 pascbatis
3077 591 3157 666 [id
3203 599 3290 649 est
3327 595 3418 649 die
3464 595 3614 652 inter
3644 595 3728 652 fe-

2079 681 2234 733 stum
2266 677 2560 749 paschatis
2591 685 2648 734 et
2679 679 2891 735 festum
2921 689 3282 752 pentecostes
3303 683 3537 758 medio].
3566 702 3728 756 pera-

2079 767 2234 838 gitur
2267 768 2563 838 processio
2606 767 2857 839 publica,
2908 777 2964 826 et
3011 774 3299 845 prodeunt
3349 775 3727 846 imperatores

2084 855 2142 910 in
2172 855 2430 913 solemne
2465 874 2676 930 pompa
2713 861 2780 914 ad
2815 860 3095 932 templum
3129 863 3187 918 S.
3222 863 3733 937 Mocii,sanctoque

2079 946 2272 1003 ofﬁcio
2294 946 2377 1002 ibi
2404 953 2657 1020 peracto,
2677 949 2832 1006 448
2856 956 3172 1022 apparatur
3193 957 3249 1008 et
3272 955 3612 1025 praponitur
3628 956 3734 1012 im-

2081 1037 2329 1108 peratori
2345 1038 2664 1093 convivium
2681 1055 2853 1109 super
2868 1040 3156 1112 peculiare
3171 1059 3372 1100 mensa
3385 1044 3441 1098 in
3459 1044 3732 1101 tricliniis

2081 1143 2183 1182 seu
2218 1125 2454 1199 palatio,
2481 1129 2634 1200 quod
2662 1145 2839 1200 penes
2872 1129 3014 1186 illud
3048 1131 3332 1204 templum
3353 1137 3460 1190 est.
3485 1133 3734 1190 Patriar—

2080 1215 2191 1273 cha
2237 1214 2318 1272 ibi
2349 1218 2684 1274 convivatur
2726 1219 3056 1292 imperatori
3084 1237 3098 1288 ;
3129 1220 3529 1295 invitandique
3560 1223 3730 1279 nobis

2082 1309 2218 1362 sunt
2247 1305 2318 1361 ad
2366 1306 2791 1363 convivandum
2843 1308 3012 1364 amici
3063 1311 3131 1366 de
3163 1311 3368 1366 ordine
3417 1311 3730 1384 magistro-

2083 1411 2238 1459 rum,
2285 1396 2722 1468 proconsulum,
2765 1398 3168 1470 patriciorum,
3201 1400 3731 1474 metr0politarum,

2084 1483 2423 1540 ofﬁcialium
2469 1490 2526 1541 et
2576 1488 3020 1558 lagmaticorum
3072 1488 3545 1561 magistratuum,
3588 1490 3729 1548 item

2082 1581 2417 1630 senatorum
2449 1576 2756 1649 campagia
2807 1577 3141 1648 ferentium,
3175 1583 3280 1649 tot,
3330 1583 3474 1650 quot
3529 1596 3733 1637 mensa

2083 1665 2258 1736 capit.
2292 1665 2756 1720 Introducuntur
2785 1670 2842 1722 et
2870 1665 3202 1723 educuntur
3231 1667 3289 1723 in
3322 1668 3442 1726 suis
3485 1675 3734 1726 mutato-

2084 1755 2209 1821 riis,
2243 1753 2466 1826 absque
2495 1755 2732 1811 tunicis.
2764 1755 3002 1820 Quando
3035 1757 3318 1815 factiones
3349 1762 3476 1815 acta
3502 1776 3608 1816 sua
3629 1777 3730 1816 seu

2083 1842 2286 1900 laudes
2309 1843 2684 1900 dominorum
2714 1852 2766 1899 et
2799 1845 2893 1918 pia
2923 1849 3054 1901 vota
3083 1847 3730 1921 exclamant,jubemus

2080 1933 2354 1991 convivas
2391 1949 2596 1990 omnes
2643 1950 2904 2007 surgere,
2940 1940 3002 1990 ut
3031 1940 3089 1992 et
3139 1936 3249 2008 ipsi
3281 1937 3539 1995 dominis
3583 1939 3732 1998 bene

2081 2029 2413 2095 precentur.
2449 2023 2652 2079 Divino
2684 2029 2879 2080 autem
2914 2023 3013 2081 illo
3044 2031 3363 2098 sanctoque
3393 2031 3450 2082 et
3478 2027 3734 2086 admira-

2082 2111 2183 2167 bili
2207 2111 2300 2168 die
2332 2113 2498 2179 festo,
2518 2129 2634 2186 quo
2663 2113 2879 2170 Christi
2900 2113 2958 2169 in
2983 2129 3158 2171 carne
3180 2117 3507 2189 assumptio
3538 2118 3596 2174 in
3621 2134 3734 2174 coa-

2083 2200 2205 2256 lum
2236 2200 2590 2269 celebratur,
2623 2201 2917 2274 peragitur
2944 2202 3172 2272 publica
3207 2204 3496 2276 processio
3519 2222 3552 2261 a
3571 2221 3738 2264 vene-

2084 2289 2368 2346 rabilibus
2399 2290 2615 2347 nostris
2641 2291 3092 2363 imperatoribus
3131 2292 3191 2349 in
3221 2293 3539 2350 admodum
3561 2311 3735 2351 vene-

2085 2379 2268 2436 rabile
2299 2379 2798 2452 reverendumque
2827 2381 3114 2453 templum
3146 2383 3524 2439 sanctissimas
3546 2383 3740 2440 Domi-

2085 2485 2173 2526 ne
2205 2475 2414 2524 nostrae
2449 2469 2702 2541 Deiparre
2737 2469 2894 2542 Pigis
2943 2486 3043 2526 seu
3075 2471 3148 2526 ad
3182 2473 3395 2530 fontem
3425 2491 3440 2542 ;
3475 2488 3741 2546 peracto-

2087 2574 2201 2632 que
2223 2575 2388 2614 sacro
2419 2559 2632 2627 ofﬁcio,
2664 2559 3009 2632 proponitur
3038 2559 3375 2631 imperatori
3410 2562 3741 2619 convivium

2090 2666 2268 2722 super
2325 2648 2618 2720 peculiare
2663 2649 2888 2719 tabula,
2921 2656 2974 2704 et
3023 2649 3360 2706 convivatur
3407 2650 3740 2722 patriarcha

2093 2739 2349 2808 domino,
2414 2739 2856 2810 invitanturque
2914 2740 2987 2794 ad
3046 2739 3264 2811 pariter
3311 2739 3742 2796 convivandum

2093 2829 2270 2887 amici
2301 2829 2374 2885 ab
2433 2828 2633 2885 ordine
2691 2829 3103 2902 magistrorum
3137 2829 3273 2885 inde
3329 2833 3386 2886 et
3436 2830 3520 2886 sic
3569 2845 3742 2902 porro

2093 2919 2349 2976 minores
2379 2915 2756 2990 magistratus
2780 2917 3101 2974 secundum
3129 2918 3400 2992 superius
3423 2919 3742 2991 expositam

2096 3007 2410 3064 formulam
2461 3006 2868 3080 pradictarum
2919 3005 3365 3080 splendidarum
3414 3007 3745 3080 processio-

2094 3112 2261 3154 num.

2437 3187 2510 3243 De
2538 3183 2861 3242 cerimoniis
2889 3185 3019 3256 festi
3046 3185 3405 3243 Pentecostes.

405 3278 482 3350 Τῇ
516 3272 572 3330 δὲ
601 3273 726 3350 ἁγίᾳ
750 3279 851 3344 τῆς
895 3241 1275 3343 [Ιεντηκοστῆς
1317 3241 1499 3348 ἠλιέρᾳ
1546 3271 1786 3330 τελεῖται
1844 3294 1977 3349 προ-

2170 3276 2380 3333 Sancto
2428 3241 2932 3332 dieil’entecoste's
2987 3241 3626 3349 peragiturprocesslo
3657 3293 3748 3334 se-

335 3365 548 3430 ὲλευσις
603 3363 740 3420 κατὰ
795 3364 888 3419 τὸν
951 3361 1120 3418 τύπον
1177 3368 1279 3432 τῆς
1307 3365 1405 3418 τοῦ
1456 3358 1757 3438 σεϐασμίου
1789 3363 1988 3444 Ηάσχα

223 3476 235 3484 ’
333 3455 390 3511 ἒν
421 3459 488 3530 τῇ
519 3453 646 3529 ἁγίᾳ
694 3457 792 3510 τοῦ
825 3457 958 3509 Θεοῦ
1014 3451 1284 3525 καθολικῇ
1341 3451 1429 3506 καὶ
1480 3451 1821 3528 ἁποστυλικῇ
1865 3455 1988 3510 Ἐκ-

337 3543 563 3616 κλησία,
594 3543 684 3598 καὶ
716 3542 1025 3619 προτίθεται
1056 3547 1242 3616 κρᾶμα
1285 3539 1456 3597 ἐκεῖσε
1501 3547 1620 3605 τοῖς
1681 3543 1985 3618 βασιλεῦσι,

336 3635 426 3690 καὶ
466 3635 911 3709 προσκαλοῶται
943 3631 995 3685 oi.
1025 3630 1281 3706 ἀνωτέρω
1330 3629 1616 3707 λεχθέντες
1674 3631 1850 3711 φίλοι.
1885 3634 1987 3691 Καὶ

341 3724 692 3799 ὑποστροφῆς
742 3726 849 3778 τῶν
902 3718 1170 3797 βασιλέων
1231 3719 1284 3775 ἐν
1340 3725 1420 3794 τῷ
1474 3719 1704 3800 μεγάλῳ
1735 3722 1989 3798 παλατίῳ

343 3813 479 3888 μετὰ
505 3811 884 3889 προελεύσεως
914 3812 1236 3886 γενομένης,
1294 3811 1607 3885 προτίθετποι
1655 3813 1718 3868 τὸ
1781 3813 1992 3891 βασιλι-

337 3903 434 3959 κὸν
483 3900 794 3976 κλητώριον
844 3899 931 3956 ἐπὶ
991 3899 1312 3970 ἁποκοπτῆς
1357 3900 1634 3976 τραπέζης
1676 3901 1729 3958 ἐν
1775 3908 1856 3977 τῷ
1895 3925 1992 3960 πε-

335 3986 614 4067 ριὸλέπτῳ
680 3991 1058 4049 Ἰουστινιανοῦ
1113 3988 1402 4064 τρικλίνῳ,
1460 3990 1550 4046 καὶ
1613 3999 1990 4050 συνεστιῶνται

330 4087 413 4157 τῷ
446 4079 664 4158 βασιλεῖ
692 4082 745 4136 οἱ
773 4081 910 4137 κατὰ
937 4080 1106 4136 τύπον
1154 4081 1407 4158 ἀνωτέρω
1470 4082 1761 4160 λεχθέντες
1813 4085 1990 4165 φίλοι,

334 4172 679 4248 εἶσαγὸμενοι
710 4172 798 4226 καὶ
833 4171 1152 4249 ἐξαγόμενοι
1182 4172 1318 4246 μετὰ
1345 4177 1453 4228 τῶν
1485 4173 1704 4229 οἰκείων
1762 4174 1993 4247 ἁλλαξι-

337 4263 519 4336 μάτων
577 4261 754 4337 χωρὶς
821 4259 1144 4339 χλανιδίων.
1207 4261 1355 4317 Μετὰ
1413 4258 1469 4316 δὲ
1534 4264 1632 4332 τήν
1690 4263 1842 4338 ἁγίαν
1889 4272 1989 4334 τῆς

335 4357 714 4422 Πεντηκοστῆς
772 4349 982 4424 ἡμέραν
1037 4348 1338 4404 έκτεΛεῖται
1410 4350 1473 4405 τὸ
1553 4351 1814 4425 στέψιμεν
1887 4359 1982 4409 τοῦ

2089 3367 2353 3423 cundum
2388 3365 2724 3431 formulam,
2765 3381 2890 3437 quas
2923 3365 3016 3421 die
3047 3365 3396 3422 venerabilis
3445 3365 3750 3423 Pascbatis

2091 3457 2238 3514 festo
2270 3456 2630 3520 obserVatur,
2667 3455 2726 3510 in
2759 3459 3018 3510 sanctam
3051 3454 3399 3511 catholicam
3431 3460 3489 3512 et
3517 3463 3750 3527 aposto-

2091 3545 2266 3602 licam
2301 3545 2401 3602 Dei
2435 3544 2754 3618 [magnam]
2786 3544 3135 3614 Ecclesiam;
3170 3545 3620 3618 proponituribi
3643 3546 3752 3602 im'

2093 3639 2462 3713 peratoribus
2492 3637 2743 3694 mixtum
2769 3654 2784 3705 ;
2817 3641 2874 3694 et
2902 3637 3074 3694 amici
3101 3635 3274 3710 paulo
3313 3642 3447 3693 ante
3476 3636 3618 3693 dicti
3649 3638 3748 3694 in-

2097 3731 2356 3787 vitantur
2386 3728 2459 3784 ad
2518 3727 2873 3784 convivium.
2924 3727 3146 3783 Interea
3199 3728 3441 3782 redeunt
3499 3726 3752 3797 impera-

2098 3828 2252 3877 tores
2277 3819 2339 3877 in
2369 3834 2652 3891 magnum
2686 3817 2968 3889 palatium
3002 3815 3060 3871 in
3103 3815 3497 3887 processione,
3539 3829 3754 3886 propo-

2100 3911 2377 3982 niturque
2400 3923 2631 3964 sacrum
2665 3905 3000 3962 convivium
3035 3920 3209 3974 super
3239 3903 3530 3977 peculiare
3553 3919 3758 3958 mensa

2098 4001 2159 4058 in
2207 3998 2510 4072 splendido
2561 3994 2817 4052 triclinio
2862 3992 3208 4064 Justiniani,
3265 3998 3323 4050 et
3372 3993 3755 4050 convivantur

2098 4087 2454 4163 imperatori,
2491 4101 2638 4159 quos
2691 4101 2794 4157 par
2836 4091 2920 4140 est
2965 4100 3035 4139 ex
3085 4082 3308 4152 rituali,
3349 4083 3521 4139 amici
3575 4099 3754 4156 supra

2097 4177 2406 4246 nominati,
2428 4174 2747 4232 introducti
2767 4178 2826 4230 et
2853 4174 3048 4230 educti
3071 4189 3206 4231 cum
3241 4173 3366 4229 suis
3397 4173 3748 4241 mutatoriis,

2095 4272 2318 4341 absque
2349 4266 2585 4323 tunicis.
2621 4266 2757 4321 Post
2804 4270 3074 4320 sanctum
3129 4263 3491 4320 Pentecostes
3535 4263 3747 4320 festum

2098 4359 2424 4416 celebratur
2482 4355 2698 4412 natalis
2759 4353 3152 4410 coronalionis
3219 4354 3494 4426 despota.
3554 4353 3749 4410 Primo

325 4439 591 4500 δεσπότου
622 4443 724 4514 (5).
753 4442 838 4514 Τῇ
866 4436 923 4493 δὲ
952 4438 1147 4514 πρώτῃ
1191 4438 1288 4492 τοῦ
1347 4437 1528 4496 Μαΐου
1591 4443 1763 4514 μηνὸς
1829 4442 1977 4500 ἐκτε-

2090 4451 2226 4508 Maii
2257 4447 2628 4505 celebrantur
2673 4444 2933 4503 encmnia
2969 4443 3066 4516 vel
3115 4443 3404 4502 dedicatio
3453 4442 3624 4501 Novae
3653 4457 3750 4499 ec-

1689 4544 1933 4604 VARIZE
1981 4547 2394 4608 LECTlONES.

406 4635 448 4672 “
485 4633 572 4691 Ita
593 4647 706 4691 em.
739 4630 832 4702 11.,
863 4626 1190 4706 καμπαγίων
1221 4631 1331 4685 τῶν
1363 4628 1497 4684 κατὰ
1527 4630 1658 4688 cod.
1690 4638 1750 4689 et
1777 4636 1872 4696 ed.

1379 4729 1581 4788 JOAN.
1620 4731 1764 4790 JAC.
1807 4735 2065 4797 REISKII
2105 4735 2696 4798 COMMENTARIUS.

399 4835 478 4905 (4)
492 4833 717 4904 Ergone
730 4827 952 4905 Pascba
962 4831 1021 4884 et
1034 4828 1248 4905 festum
1262 4829 1564 4905 Paschalis
1576 4830 1984 4905 appellabatur

331 4901 521 4964 totum
550 4901 780 4974 tempus
797 4901 1224 4974 quinquaginta
1239 4901 1978 4974 dierum,quiDominicam

333 4975 635 5034 Paschatis
663 4972 720 5031 et
746 4972 1113 5031 PentecOStes
1131 4972 1608 5029 intercedebant?
1641 4974 1977 5034 Dixerintne

331 5048 516 5108 Graeci
557 5049 688 5103 novi
723 5047 903 5117 μισεῖν
937 5060 1040 5114 pro
1075 5041 1348 5117 μεσάζειν,
1382 5061 1497 5100 non
1531 5045 1677 5102 bene
1709 5048 1974 5104 memini.

334 5125 518 5200 Erunt
547 5123 702 5200 certe
726 5115 1234 5200 'qui_peea§edar,c
1290 5116 1387 5172 hic
1426 5133 1716 5200 reponere
1755 5119 1984 5200 malint.

332 5191 571 5250 Nullum
621 5187 804 5246 alium
851 5187 1030 5256 diem,
1081 5204 1258 5260 quam
1310 5187 1568 5244 medium
1614 5189 1764 5246 inter
1813 5193 1986 5249 ambo

333 5265 485 5323 festa
533 5278 639 5320 seu
685 5260 1034 5332 vigesimum
1085 5259 1358 5332 quintum
1407 5276 1442 5316 a
1490 5262 1636 5332 festo
1681 5261 1984 5320 Paschatis

332 5335 473 5393 inde
502 5331 808 5406 designari
829 5332 1015 5406 liquet
1043 5331 1232 5406 eaeo,
1271 5332 1422 5402 quod
1467 5331 1649 5388 media
1677 5336 1813 5404 festo
1846 5341 1984 5391 Pas-

331 5408 512 5466 chalis
557 5403 657 5463 hic
702 5403 812 5461 loci
860 5403 1078 5476 dicitur
1125 5403 1776 5476 imperatorprocedere
1819 5407 1893 5460 ad
1927 5407 1981 5463 S.

331 5482 580 5538 Mecium.
615 5476 784 5548 Atqui
820 5474 989 5548 p.69,
1015 5489 1115 5530 seu
1149 5474 1259 5548 1.1,
1291 5491 1420 5544 cap.
1455 5475 1544 5540 t7,
1571 5475 1636 5548 in
1668 5477 1986 5548 ipsoititulo

329 5552 547 5608 dicitur
575 5543 885 5619 imperator
913 5545 1070 5620 ill_uc_
1085 5543 1296 5603 vadere
1322 5543 1392 5620 τῇ
1419 5543 1638 5619 τετράδι
1666 5543 1768 5616 τῆς
1801 5547 1985 5605 Μεσο-

333 5616 733 5749 πενῃὶκοσῖιῆς,
793 5634 898 5676 seu
954 5616 1106 5692 feria
1157 5616 1377 5691 quarta
1412 5616 1730 5690 septimanae
1775 5624 1986 5693 quartae

336 5711 431 5749 vos
530 5708 618 5748 asc
659 5709 711 5746 α.

373 5703 454 5752 ost
485 5703 711 5749 Pascha.

331 5713 454 5770 pos:
485 5713 711 5749 rascna.

404 5768 483 5838 (5)
533 5765 603 5820 At
663 5763 878 5834 cujus?
935 5762 1141 5821 Leonis
1199 5762 1453 5834 profecto
1502 5763 1813 5836 Sapientis,
1875 5765 1985 5824 sub

2094 4854 2210 4910 quo
2241 4835 2687 4907 Cletorologium
2719 4833 2832 4889 hoc
2875 4831 3178 4890 conditum
3221 4832 3421 4898 fuisse,
3455 4829 3661 4888 multis
3691 4831 3749 4887 et

2093 4907 2440 4965 indubitatis
2495 4905 2856 4977 argumentis
2901 4909 3151 4977 constat.
3205 4903 3386 4977 Atqui
3433 4911 3746 4977 coronatus

2094 4979 2194 5036 ille
2225 4997 2259 5036 a
2317 4981 2483 5036 Patre
2531 4975 2742 5034 Basilio
2790 4977 2896 5032 fuit
2947 4975 3236 5047 disiecto
3293 4975 3746 5047 Epipbaniasia.

2130 5053 2221 5124 70.
2271 5051 2565 5124 (ViduDu
2626 5045 3090 5124 Cange_Fami_l.
3164 5045 3413 5124 Byzant.‘
3463 5063 3520 5118 p.
3562 5046 3750 5124 ιιι.)

2096 5118 2336 5180 Etiamsi
2366 5121 2506 5178 velis
2531 5122 2677 5178 forte
2706 5118 3012 5190 cunjicere,
3039 5118 3290 5175 Leonem
3323 5118 3417 5176 die
3449 5121 3580 5191 post
3600 5119 3748 5191 Pen-

2095 5200 2357 5251 tecosten
2417 5193 2684 5267 proximo
2742 5193 3050 5267 imperium
3085 5191 3343 5267 adiisse,
3380 5190 3581 5267 patre
3603 5190 3748 5267 vivis

2095 5272 2386 5332 exempto,
2417 5261 2608 5336 neque
2634 5265 2743 5321 hoc
2773 5261 3052 5336 procedit.
3085 5261 3233 5319 Nam
3265 5261 3514 5336 Basilius
3545 5261 3745 5336 Calen:

2095 5339 2186 5394 dis
2241 5337 2468 5395 Martiis
2516 5333 2679 5404 obiit,
2732 5333 2792 5391 ut
2838 5335 2926 5391 Du
2967 5338 3168 5408 Gange
3203 5334 3486 5408 perbibet,
3538 5339 3637 5389 aut
3676 5333 3747 5388 29

2095 5412 2267 5492 Aug,
2320 5414 2386 5465 ut
2427 5409 2660 5492 Foster.
2717 5408 2882 5492 Ergo
2923 5411 3026 5492 aut
3084 5406 3218 5490 sub’
3248 5406 3362 5464 alio
3386 5406 3746 5492 imperatore

2095 5473 2532 5554 scri'p'tumhl‘uit
2594 5479 2704 5536 hoc
2771 5473 3242 5554 (fletur-elegiam,
3302 5482 3405 5534 aut
3457 5473 3746 5554 particula

2094 5547 2232 5611 basc—
2247 5555 2321 5609 ab
2347 5551 2537 5609 aliena
2567 5568 2744 5607 manu
2772 5555 2862 5607 est
2890 5547 3110 5606 addita.
3137 5551 3279 5621 Ergo
3309 5565 3411 5621 per
3439 5547 3744 5621 desp_ot_am

2093 5624 2446 5704 intelligitur
2475 5623 2899 5704 Constantinus
2917 5617 3263 5704 _Porp_byr1,
3297 5617 3506 5678 Leonis
3554 5617 3742 5674 ﬁlius.

2094 5693 2400 5776 Despotas,
2433 5694 2715 5776 appellari
2740 5695 2866 5768 jam
2917 5693 3173 5776 Hei-aelii
3201 5697 3744 5776 temporenconnaue:

2092 5761 2247 5828 visae
2280 5761 2432 5826 ﬁlios
2457 5761 2896 5842 imperatorum,
2939 5767 3181 5839 apparet
3204 5779 3274 5822 ex
3293 5761 3350 5838 p'.
3383 5763 3508 5821 363.
3550 5761 3739 5822 Simul
