4124 6384
395 409 548 472 14οἾ

1468 401 1987 463 CONSTANTlNl
2029 403 2730 469 PORPHYROGENITI

3655 405 3814 470 1408

391 542 620 610 οΙοεὶδε;
655 541 923 614 factaque
969 538 1223 595 solemne
1265 553 1400 594 cum
1432 536 1614 593 cereis
1646 539 1704 592 et
1747 535 2029 608 supplica-

2155 534 2386 594 λοῦνταέ
2430 539 2498 595 τὰ
2556 537 2804 617 έγκαίνια
2836 545 2937 610 τῆς
2995 540 3137 602 Νέας
3175 533 3490 609 ἐκκλησίας,
3521 536 3612 593 καὶ
3652 537 3809 594 λιτα-

391 634 652 690 tionibus
684 630 1054 703 processione
1083 646 1114 685 e
1142 627 1360 700 templo
1383 628 1441 684 S.
1478 627 1724 698 Deiparas
1759 626 1953 694 Phari,
1979 629 2037 682 et

391 731 514 782 tum
562 729 795 798 peracto
849 739 1014 779 sacro
1063 721 1275 788 ofﬁcio,
1327 724 1731 793 proponuntur
1779 718 2033 774 dominis

390 819 569 888 dapes
601 818 658 872 in
683 815 947 888 jucundo
979 812 1441 886 chrysotriclino,
1474 811 1816 867 convivante
1848 811 2032 882 impe-

388 908 563 964 ratori
585 905 928 978 ‘patriarcba
953 924 967 972 ;
1001 903 1434 974 invitanturque
1465 901 1536 956 ad
1562 901 1832 956 eumdem
1859 900 2034 956 finem

390 995 681 1066 magistri,
707 992 1026 1066 prepositi,
1057 991 1308 1064 patricii,
1332 989 1522 1046 ceteri
1554 988 1823 1045 homines
1856 989 2035 1060 impe-

389 1085 564 1141 riales
592 1093 646 1141 et
672 1083 1054 1154 metropolitze
1088 1099 1190 1154 pro
1223 1080 1444 1136 ratione
1483 1078 1712 1135 tabula.
1747 1079 1900 1135 449
1934 1077 2036 1134 Die

389 1174 697 1232 undecimo
729 1171 858 1227 Maii
896 1172 1192 1244 peragitur
1220 1169 1430 1226 natalis
1459 1169 1634 1240 hujus
1665 1169 1829 1225 urbis
1860 1177 1913 1224 et
1943 1168 2039 1223 ad-

386 1265 643 1322 mittitur
663 1263 965 1320 deximum
997 1278 1100 1317 seu
1142 1261 1315 1316 turba
1345 1260 1730 1317 salutantium
1765 1265 1818 1314 et
1840 1264 2037 1331 gratu-

385 1353 636 1410 lantium
683 1355 906 1424 absque
955 1351 1178 1407 saximo
1221 1354 1460 1419 tamen;
1496 1348 1824 1405 celebratur
1862 1349 2034 1404 etiam

385 1447 657 1514 equestre
704 1445 1000 1498 certamen
1051 1439 1400 1506 cursoriam,
1433 1439 1722 1510 modoque
1763 1437 2036 1510 praedicto

382 1529 1052 1588 convivium.Dieoclavo
1067 1527 1204 1582 Maii
1219 1527 1516 1599 peragitur
1530 1526 1824 1598 processio
1837 1542 2038 1584 memo-

387 1621 484 1678 riae
515 1619 708 1674 Sancti
739 1618 990 1674 Joannis
1017 1615 1295 1688 Theologi
1329 1615 1385 1670 in
1419 1615 1734 1684 hebdomo,
1755 1616 2038 1689 ﬁnitoque

385 1725 553 1767 sacro
596 1708 811 1774 ofﬁcio,
859 1713 1276 1779 proponuntur
1305 1704 1507 1776 dapes,
1540 1709 1597 1762 et
1636 1712 2039 1763 convocantur

385 1802 705 1856 secundum
722 1800 895 1853 ritum
913 1797 1191 1853 senatorii
1216 1813 1420 1852 omnes
1437 1813 1539 1866 pro
1561 1797 1785 1852 ratione
1799 1813 2032 1854 mensae.

383 1889 486 1946 Die
524 1888 803 1959 vigesimo
828 1886 966 1942 Julii
1008 1885 1307 1958 peragitur
1349 1902 1480 1940 cum
1512 1885 1771 1942 solemne
1801 1887 2032 1960 suppli-

383 1976 647 2032 cabunda
674 1974 1048 2047 processicne
1078 1975 1234 2030 intra
1265 1972 1545 2044 palatium
1579 1974 1868 2030 memoria
1890 1975 2029 2030 Elia!

382 2065 700 2137 prophetas,
730 2072 781 2121 et
816 2080 919 2137 per
957 2079 1086 2119 eam
1135 2062 1467 2118 celebratur
1505 2063 1791 2119 memoria
1820 2063 2030 2119 dimis-

382 2156 566 2213 sionis
599 2154 679 2227 pii
707 2154 928 2211 domini
961 2153 1144 2210 nostri
1173 2151 1409 2224 (Leonis
1436 2153 1755 2224 Sapientis)
1783 2170 1814 2210 e
1843 2159 2032 2210 custo-

381 2247 494 2304 dia.
531 2244 720 2301 Pridie
741 2243 899 2300 illius
929 2243 1043 2300 diei
1074 2246 1267 2299 autem
1291 2259 1394 2299 seu
1414 2243 1473 2298 in
1497 2243 1714 2317 vigiliis
1737 2247 2033 2318 peragitur

381 2336 442 2392 in
477 2340 842 2392 antecessum
885 2333 944 2388 S.
989 2332 1244 2388 ofﬁcium
1293 2334 1688 2404 vespertinum
1720 2334 1780 2390 in
1821 2335 2029 2404 Pharo,

381 2430 440 2481 et
470 2423 696 2480 canitur
726 2422 797 2479 ab
827 2424 1100 2478 omnibus
1139 2426 1347 2478 cantus
1378 2421 1738 2480 absolutivus
1766 2426 2029 2496 ejusdem

382 2513 648 2570 melodiaa
679 2516 850 2584 atque
879 2515 1157 2585 hymnus,
1191 2512 1291 2583 qui
1323 2512 1529 2585 incipit
1559 2531 1592 2569 a
1621 2529 1756 2570 voce
1789 2531 1802 2570 ε
1835 2520 2032 2570 Συντα-

381 2601 586 2680 ιρέντες,
635 2603 964 2674 danturque
1013 2601 1085 2657 ab
1130 2601 1480 2673 imperatore
1527 2619 1596 2658 ex
1644 2611 1872 2676 recepto
1913 2605 2029 2662 ritu

379 2691 699 2760 magistris,
751 2690 1102 2764 praepositis,
1154 2691 1621 2763 proconsulibus,
1673 2693 1933 2766 patriciis
1972 2699 2032 2752 et

380 2779 734 2838 ofﬁcialibus
766 2779 1078 2837 cruciculaa
1124 2785 1432 2852 argenteas.
1485 2781 1680 2838 Altero
1716 2787 1909 2839 autem
1936 2785 2031 2842 die

379 2874 536 2944 post,
563 2869 662 2926 illo
694 2887 925 2943 nempe,
959 2887 1074 2941 quo
1123 2869 1314 2942 ipsum
1353 2869 1488 2926 Elis:
1520 2871 1736 2928 festum
1764 2873 2028 2931 celebra-

382 2975 537 3028 mus,
573 2960 844 3031 praasidet
891 2957 1210 3031 imperator
1247 2959 1307 3014 in
1341 2961 1667 3017 mutatoriis
1697 2979 1876 3034 super
1903 2964 2026 3036 glo-

383 3048 539 3104 rioso
570 3048 1041 3121 chrysotriclino,
1065 3049 1336 3105 adstante
1367 3055 1588 3107 secreto
1620 3051 1908 3120 cubiculo,
1943 3053 2027 3111 in-

381 3138 894 3210 troducunturque
937 3139 1244 3211 prafectus
1294 3137 1488 3195 sacelli
1536 3144 1592 3195 et
1620 3141 1940 3197 xenodochi
1971 3147 2028 3199 et

383 3231 700 3302 gerccomi,
736 3234 1112 3301 apportantes
1155 3245 1358 3286 cruces
1403 3246 1545 3286 auro
1576 3230 1923 3288 incrustatas
1951 3234 2023 3288 ad

2143 627 2260 683 νίου
2288 628 2664 703 προελεύσεως
2695 628 2993 707 γινομένης
3026 628 3133 684 ἂπὸ
3153 627 3251 684 τοῦ
3282 633 3434 703 ναοῦ,
3460 635 3562 698 τῆς
3611 628 3807 705 Ἀγίας

2146 720 2414 773 Θεοτόκου
2471 723 2566 775 τοῦ
2613 718 2820 795 Φάρου,
2875 719 3117 775 τελεῖται
3169 721 3205 790 ἡ
3259 717 3377 774 θεία
3462 715 3807 795 λειτουργία,

2145 809 2236 862 καὶ
2294 808 2604 884 προτίθεται
2675 808 2992 884 κλητώριον
3045 815 3161 865 τοῖ)
3234 806 3547 885 βασιλεῦσιν
3613 806 3666 863 έν
3723 813 3808 882 τῷ

2143 905 2360 975 τερπνῷ
2391 900 2856 980 χρυσοτρικλίνῳ,
2889 902 2979 956 καὶ
3040 905 3378 956 συνεστιᾶται
3433 903 3516 972 τῷ
3583 898 3809 976 βασιλεῖ

2149 991 2176 1046 ὁ
2209 993 2582 1068 πατριάρχης,
2629 992 2718 1048 καὶ
2770 996 3162 1070 συγκαλοῦνται
3206 993 3282 1056 είς
3339 993 3674 1048 συνεστίασιν
3707 990 3805 1047 αὖ-

2144 1084 2241 1136 τοῦ
2267 1080 2372 1136 ἀπὸ
2409 1088 2512 1152 τῆς
2560 1083 2759 1152 τάξεως
2828 1087 2934 1138 τῶν
2997 1081 3336 1159 μαγίστρων,
3394 1081 3800 1157 πραιποσίτων,

2144 1170 2443 1246 πατρικίων
2476 1171 2565 1226 καὶ
2601 1170 2810 1227 λοιπῶν
2864 1168 3164 1246 βασιλικῶν
3221 1171 3519 1246 ἀνθρώπων
3565 1170 3658 1226 σὺν
3692 1175 3806 1226 τῶν

2149 1257 2579 1333 μητροπολιτῶν
2627 1260 2763 1314 κατᾶ
2817 1257 2880 1314 τὸ
2939 1259 3109 1314 ποσὸν
3157 1265 3259 1328 τῆς
3306 1259 3601 1334 τραπέζης.
3634 1260 3719 1332 Τῇ
3749 1255 3810 1312 δὲ

2149 1349 2214 1402 ια’
2233 1351 2330 1404 τοῦ
2379 1348 2545 1404 αὐτοῦ
2588 1347 2766 1404 Μαΐου
2823 1345 3042 1405 τελεῖτα
3095 1349 3158 1404 τὸ
3217 1346 3500 1424 γενέθλιον
3559 1355 3662 1418 τῆς
3701 1347 3810 1403 πό-

2147 1435 2286 1500 λεως
2333 1436 2558 1508 ταύτης,
2608 1439 2697 1492 καὶ
2738 1435 3032 1492 έκτελεῖται
3078 1433 3325 1507 δεξίωσις
3369 1433 3593 1510 δεξίμου
3626 1436 3812 1513 χωρὶς

2147 1527 2374 1602 σαξίμου
2405 1528 2492 1583 καὶ
2535 1528 2760 1583 ἱππικὸν
2809 1526 3208 1604 ἱπποδρόμιον,
3241 1527 3331 1584 καὶ
3384 1527 3626 1583 τελεῖται
3662 1534 3807 1598 κλη-

2144 1619 2341 1694 τώριον
2383 1617 2519 1673 κατὰ
2549 1618 2640 1674 τὸν
2693 1616 2956 1693 λεχθέντα
3005 1616 3196 1674 τύπον.
3245 1619 3326 1692 Τῇ
3382 1613 3441 1671 δὶ
3489 1612 3658 1690 όγδόῇ
3719 1618 3818 1692 (6)

2145 1712 2242 1763 τοῦ
2297 1707 2462 1763 αὐτοῦ
2519 1708 2700 1764 Μαΐου
2764 1707 2936 1781 μηνὸς
2988 1704 3230 1762 τελεῖται
3287 1705 3620 1782 προέλευσις
3696 1712 3807 1775 τῆς

2150 1800 2373 1872 μνήμης
2403 1801 2500 1853 τοῦ
2529 1796 2802 1872 Θεολόγου
2835 1796 2886 1851 έν
2914 1800 2995 1869 τῷ
3030 1791 3278 1870 ἑϐδόμῳ,
3328 1795 3421 1851 καὶ
3459 1793 3806 1870 τελουμένης

2143 1895 2245 1958 τῆς
2278 1884 2651 1963 λειτουργίας,
2684 1886 2995 1962 προτίθεται
3057 1886 3396 1962 κλητώριον,
3454 1885 3546 1940 καὶ
3601 1906 3812 1960 συγκα-

2144 1976 2364 2034 λοῦνται
2423 1977 2558 2032 κατᾶ
2613 1977 2781 2033 τύπον
2833 1977 2886 2031 οἱ
2913 1979 3016 2042 τῆς
3073 1973 3387 2050 συγκλήτου
3435 1976 3633 2037 πάντες
3667 1975 3813 2030 κατᾶ

2142 2070 2205 2124 τὸ
2229 2067 2399 2123 ποσὸν
2432 2070 2530 2136 τῆς
2557 2065 2850 2142 τραπέζης.
2884 2069 2964 2140 Τῇ
2989 2063 3047 2121 δέ
3098 2067 3144 2121 κ’
3188 2067 3287 2121 τοῦ
3327 2063 3564 2122 Ἰουλίου
3627 2064 3802 2138 μηνὸς

2141 2156 2439 2213 ἒκτελεῖται
2473 2154 2564 2212 διὰ
2589 2155 2836 2213 λιτανίου
2868 2152 3246 2231 προελεύσεως
3279 2150 3430 2209 ἔνδον
3484 2156 3582 2210 τοῦ
3619 2151 3804 2208 παλα-

2139 2247 2264 2301 τίου
2296 2248 2330 2316 ἡ
2367 2246 2561 2320 μνήμη
2596 2243 2790 2302 Ἠλιοῦ
2822 2247 2918 2299 τοῦ
2957 2245 3268 2322 προφήτου,
3302 2241 3392 2298 καί
3438 2238 3510 2296 δι’
3558 2241 3729 2310 αὐτῆς
3761 2241 3800 2308 ἡ

2140 2334 2442 2405 ἂνάκλησις
2478 2336 2558 2408 (7)
2616 2336 2717 2404 τῆς
2769 2333 3146 2408 περιορήσεως
3189 2335 3286 2386 τοῦ
3332 2325 3583 2393 εὐσεϐοῦς
3636 2332 3806 2404 ἡμῶν

2145 2424 2435 2501 βασιλέως.
2474 2421 2895 2500 ΙΙροεκτελεῖται
2946 2419 3004 2478 δὲ
3052 2421 3159 2496 πρὸ
3217 2420 3389 2490 αὐτῆς
3441 2426 3544 2489 τῆς
3589 2416 3809 2496 ἡμὲρας

2139 2515 2192 2570 ἐν
2237 2517 2306 2589 τῇ
2337 2517 2632 2588 παραμονῇ
2664 2512 2940 2587 ἒσπερινὸν
2965 2511 3016 2567 ἐν
3070 2515 3152 2583 τῷ
3213 2509 3408 2587 Φάρῳ,
3467 2508 3557 2564 καί
3610 2507 3803 2579 ᾅδεται

2140 2604 2284 2679 ποιρᾶ
2341 2603 2554 2659 πάντῶν
2591 2599 2940 2675 άπολύσιμον
2991 2602 3069 2675 (8)
3125 2599 3275 2673 ᾆσμα
3351 2597 3616 2673 ίσόμελον
3672 2603 3801 2668 τοῦ,

2146 2718 2167 2744 ι
2203 2689 2632 2770 Συνταφέντες,ν
2668 2692 2758 2746 καὶ
2790 2687 2999 2746 δίδοται
3045 2695 3163 2752 τοῖς
3227 2691 3581 2765 μαγίστροις,
3637 2709 3804 2764 πραι-

2139 2781 2413 2853 ποσίτοις,
2493 2782 2840 2849 ἀνθυπάτοις,
2899 2781 3206 2855 πατρικίοις
3275 2778 3367 2834 καὶ
3419 2777 3806 2858 όφφικιαλίοις

2143 2872 2212 2934 ιῖς
2263 2871 2432 2928 τύπον
2488 2872 2634 2948 παρᾶ
2689 2875 2785 2926 τοῦ
2847 2869 3120 2946 βασιλέως
3177 2868 3495 2944 σταυρίτζια
3561 2869 3798 2947 ἀργυρᾶ.

2136 2967 2218 3037 Τῇ
2251 2960 2308 3017 δὲ
2339 2960 2594 3036 ἐπαύριον
2628 2959 2831 3036 ἡμέρᾳ,
2857 2959 2909 3016 έν
3019 2961 3118 3029 τήν
3179 2960 3376 3034 ἑορτὴν
3434 2956 3793 3032 ἐκτελοῦμεν,

2135 3053 2529 3128 προκαθέζεται
2590 3053 2618 3107 ὁ
2661 3049 2918 3128 βασιλεὺς
2950 3051 3085 3124 μετὰ
3136 3048 3533 3121 ἀλλαξιμάτων
3581 3048 3670 3104 ἐπὶ
3697 3053 3792 3104 τοῦ

2137 3140 2356 3213 ἐνδόξου
2385 3140 2870 3218 χρυσοτρικλίνου,
2903 3141 2995 3196 καὶ
3050 3143 3399 3214 παρεστῶτος
3447 3142 3544 3193 τοῦ
3597 3159 3789 3214 μυστι-

2139 3237 2238 3288 κοῦ
2269 3229 2688 3301 κουϐουκλείου,
2722 3230 3027 3306 εἰσάγονται
3055 3227 3083 3284 ὅ
3111 3249 3171 3284 τε
3211 3233 3316 3284 τοῦ
3374 3226 3674 3286 σακελλίου
3702 3227 3795 3284 καὶ

379 3293 1028 3372 ἶωίίοιὶοοέω’ίιὶιυυω
1061 3317 1188 3373 festi
1234 3316 1586 3388 palmarum,
1636 3321 2029 3392 omnibusque

2143 3319 2508 3403 οἶξενοδὸχοι
2537 3322 2629 3378 καὶ
2675 3293 3025 3398 ’γηροκόμοῃ
3084 3320 3456 3395 προσάγοντες
3525 3319 3795 3396 σταυροὺς

377 3405 684 3478 splendide
714 3406 954 3474 indulis,
988 3407 1383 3463 introducitur
1413 3409 1553 3463 ordo
1586 3411 2025 3482 magistrorum,

375 3494 814 3566 proconsulum,
847 3496 1222 3566 patriciorum
1255 3500 1312 3552 et
1341 3497 1677 3555 ofﬁcialium
1710 3500 1768 3556 in
1797 3517 2030 3572 conspe-

379 3587 538 3639 ctum
599 3583 844 3652 domini,
897 3585 994 3656 qui
1055 3589 1363 3657 postquam
1425 3586 1612 3643 dictas
1668 3606 1868 3646 cruces
1923 3609 2029 3648 sua

379 3688 558 3728 manu
612 3673 931 3743 distribuit,
968 3673 1314 3741 instituitur,
1373 3683 1434 3731 ut
1476 3676 1754 3749 diximus,
1793 3680 2030 3751 publica

378 3762 659 3819 solemnis
690 3762 1160 3835 supplicabunda
1190 3764 1536 3835 processioa
1567 3767 1784 3839 templo
1807 3769 1864 3825 S.
1900 3769 2028 3826 Dei-

379 3867 531 3923 paras
563 3852 732 3908 Phari
763 3853 836 3908 ad
889 3853 1118 3909 illustre
1149 3854 1436 3926 templum
1473 3871 1696 3928 magna;
1725 3855 1894 3914 Novae
1923 3875 2028 3915 ec-

379 3939 600 4008 clesias;
623 3952 972 4014 peracloque
1001 3959 1169 3998 sacro
1185 3942 1398 4012 officio,
1415 3950 1820 4017 proponuntur
1840 3949 2029 4021 epulas

378 4029 635 4087 dominis
664 4031 722 4086 in
754 4031 1220 4102 chrysotriclino,
1255 4032 1704 4093 convivantibus
1726 4053 1856 4093 cum
1882 4038 2028 4110 ipsis

376 4119 712 4192 patriarcha
764 4125 824 4177 et
865 4121 1276 4192 metropolitis,
1318 4122 1640 4195 magistris,
1675 4129 2025 4200 praepositis,

374 4209 849 4282 proconsulibus,
883 4211 1542 4282 patriciis,’ofﬁcia1ibus
1574 4219 1630 4269 et
1661 4214 1901 4287 reliquis
1923 4218 2030 4274 im-

373 4301 696 4372 perialibus
711 4300 1053 4357 hominibus
1064 4303 1387 4358 secundum
1402 4304 1781 4374 capacitatem
1795 4325 2024 4366 mensae.

372 4389 649 4446 Praesidet
694 4389 1017 4460 imperator
1056 4391 1118 4446 in
1149 4407 1253 4446 suo
1285 4391 1586 4460 dibetesio,
1624 4400 1682 4450 et
1711 4399 1962 4454 convivae
1995 4417 2028 4456 a

373 4479 543 4535 nobis
573 4479 1032 4536 introducuntur
1051 4480 1110 4534 in
1131 4479 1256 4536 suis
1279 4481 1528 4554 quisque
1551 4487 1876 4543 mutatoriis
1898 4489 2026 4544 abs-

371 4584 485 4640 que
516 4569 750 4625 tunicis.
777 4573 1019 4626 Postero
1046 4570 1140 4625 die
1163 4571 1502 4627 instituitur
1529 4575 1792 4645 exceptio
1810 4578 2024 4636 deximi

2141 3409 2674 3492 χρυσοστοιϐάστους
2739 3413 2878 3468 κατᾶ
2937 3409 3172 3485 μίμησιν
3225 3416 3326 3480 τῆς
3405 3409 3601 3484 ἑορτῆς
3684 3414 3800 3466 τῶν
3899 3479 3902 3482 ,

2139 3504 2342 3577 Βαΐων,
2401 3504 2491 3560 καὶ
2551 3502 3096 3580 λαμπροφορούντων
3137 3500 3378 3570 πάντων,
3449 3497 3713 3575 εἰσάγεται
3755 3501 3795 3570 ἠ

2137 3595 2287 3666 τάξις
2345 3599 2454 3651 τῶν
2547 3593 2885 3670 μᾶγίστρων,
2937 3589 3277 3662 ἀνθυπάτων,
3339 3587 3643 3665 πατρικίων
3701 3589 3803 3644 καὶ

2141 3683 2508 3764 όφφικιαλίων
2568 3682 2870 3758 ἔμπροσθεν
2911 3683 3010 3737 τοῦ
3054 3677 3341 3748 δεσπότου,
3374 3677 3464 3734 καὶ
3523 3675 3800 3752 διανομῆς

2138 3781 2247 3832 τῶν
2280 3775 2589 3856 λεχθέντῶν
2630 3774 2900 3848 σταυρίων
2933 3771 3038 3827 ὕπὸ
3085 3774 3184 3826 τοῦ
3227 3767 3501 3846 βασιλέως
3559 3768 3801 3845 γενομέ-

2138 3887 2258 3936 νης,
2315 3863 2579 3933 τελεῖται,
2638 3862 2712 3924 ὡς
2777 3857 3000 3940 ἔφαμεν,
3048 3856 3290 3934 δημοσία
3347 3857 3590 3922 λιτάνιος
3649 3879 3798 3935 προ-

2139 3954 2348 4018 έλευσις
2380 3954 2484 4009 ἀπὸ
2514 3957 2611 4008 τοῦ
2640 3955 2772 4007 ναοῦ
2815 3954 2914 4016 τῇς
2974 3949 3166 4026 Ἀγίας
3206 3948 3474 4004 Θεοτόκου
3533 3953 3633 4004 τοῦ
3675 3949 3800 4004 Φά-

2140 4066 2235 4120 ρου
2294 4044 2382 4100 ἐπὶ
2434 4045 2526 4098 τὸν
2580 4035 2945 4116 περίϐλεπτον
3001 4038 3127 4094 ναὸν
3178 4041 3280 4104 τῇς
3327 4038 3590 4112 Μεγάκης
3648 4040 3798 4102 Νέας

2139 4133 2456 4205 ἐκκλησίας,
2505 4132 2595 4188 καὶ
2661 4128 3002 4203 τελουμένης
3057 4135 3159 4198 τῆς
3217 4127 3364 4202 ἱερὰς
3415 4126 3801 4205 λειτουργίας,

2138 4223 2455 4294 προτίθεται
2484 4221 2804 4295 κλητώριον
2837 4223 2916 4292 τῷ
2960 4217 3178 4294 βασιλεῖ
3217 4215 3304 4272 ἐπὶ
3343 4221 3442 4272 τοῦ
3494 4237 3803 4293 χρυσοτρι-

2137 4311 2354 4384 κλίνου,
2383 4310 2474 4367 καὶ
2507 4313 2842 4365 συνεστιᾶται
2871 4313 2988 4371 τοῖς
3025 4305 3338 4384 βασιλεῦσιν
3381 4307 3412 4364 ὅ
3440 4327 3498 4362 τε
3525 4308 3804 4383 πατριάρ-

2139 4422 2248 4479 χης
2299 4401 2391 4456 καὶ
2449 4401 2500 4456 οἱ
2557 4396 2989 4473 μητροπολῖται,
3036 4398 3350 4474 μάγιστροι,
3411 4394 3799 4470 πραιπόσιτοι.

2138 4491 2454 4560 ἀνθύπατοι,
2501 4489 2806 4563 πατρίκιοι,
2861 4484 3206 4565 όφφικιάλιοι
3252 4486 3344 4540 καὶ
3395 4483 3585 4541 λοιποὶ
3644 4487 3807 4561 βασι-

2137 4583 2286 4638 λικοί
2319 4580 2456 4637 κατὰ
2483 4581 2546 4636 τὸ
2586 4581 2755 4635 ποσὸν
2803 4585 2904 4648 τῆς
2931 4577 3221 4653 τραπέζης.
3280 4576 3676 4653 Προκαθέζεται
3737 4575 3802 4636 δὲ

370 4659 495 4730 [seu
529 4657 912 4716 salutantium
936 4674 1240 4731 procerum
1266 4659 1472 4734 turbaa]
1495 4665 1552 4733 et
1573 4665 1766 4737 magni
1789 4668 2020 4736 saximi,

2141 4671 2159 4726 5
2220 4667 2477 4746 βασιλεὺς
2539 4668 2674 4741 μετᾶ
2728 4670 2826 4724 τοῦ
2877 4665 3079 4722 οἰκείου
3137 4659 3491 4736 διϐητησίου,
3547 4665 3640 4721 καὶ
3709 4663 3804 4724 δεῖ

367 4749 799 4822 propositisque
813 4749 998 4821 epulis
1013 4749 1418 4823 imperialibus
1438 4768 1614 4824 super
1626 4771 1834 4827 magna
1855 4775 2022 4816 men-

369 4855 435 4894 sa
469 4840 528 4895 in
550 4839 875 4898 Justiniani
897 4839 1157 4896 triclinio
1188 4840 1458 4912 praesidet
1481 4841 1799 4916 imperator
1829 4849 1888 4904 in
1915 4867 2022 4907 suo

369 4927 681 5000 dibetesio;
706 4933 1098 5004 nostrumque
1123 4934 1214 4986 est
1234 4930 1481 4988 invitare
1503 4933 1576 4988 ad
1597 4937 1922 4995 convivium
1950 4941 2021 4997 ab

371 5016 572 5072 ordine
589 5018 726 5076 inde
744 5021 1220 5094 praepositorum,
1237 5021 1640 5092 patriciorum,
1657 5026 2019 5101 ofﬁcialium,

2130 4761 2280 4833 ἡμᾶς
2309 4759 2542 4834 εἰσάγειν
2575 4758 2666 4812 καὶ
2713 4756 2918 4832 ἐξάγειν
2967 4757 3173 4817 πάντας
3225 4756 3354 4816 τοὺς
3411 4753 3797 4829 κεκλημένους

2137 4851 2270 4924 μετᾶ
2341 4853 2450 4904 τῶν
2502 4848 2717 4902 οἰκείων
2769 4845 2945 4901 αὐτῶν
3003 4843 3395 4917 ἁλλαξιμάτων
3459 4845 3635 4921 χωρὶς
3683 4849 3800 4902 τῶν

2132 4936 2462 5016 χλανιδίων.
2514 4937 2596 5013 Τῇ
2639 4934 2696 4993 δὶ
2744 4936 2998 5011 ἐπαύριον
3053 4933 3298 4991 τελεῖται
3365 4931 3610 5006 δεξίωσις
3661 4933 3801 5008 δεξί-

2137 5051 2242 5105 μου
2272 5028 2362 5085 καὶ
2408 5027 2654 5104 μεγάλου
2714 5025 2967 5100 σαξίμου,
3026 5025 3114 5080 καὶ
3171 5023 3525 5100 προτεθέντος
3573 5023 3801 5101 βασιλι-

1411 5137 1617 5196 JOAN.
1657 5139 1802 5198 JAC.
1846 5145 2104 5204 REISKII
2142 5143 2740 5205 COMMENTARIUS.

371 5231 615 5310 apparet
644 5243 712 5282 ex
744 5227 853 5310 hoc
899 5231 1045 5299 loco,
1078 5232 1523 5310 Constantinum
1567 5251 1601 5290 a
1644 5242 1808 5308 patre
1840 5239 2029 5299 Leone

367 5302 500 5380 vivo
533 5302 1064 5380 coronatum_,_non_
1089 5309 1224 5380 post
1272 5304 1398 5375 ejus
1448 5302 1748 5366 excessum
1787 5312 2026 5372 domum

370 5373 579 5435 fuisse,
613 5374 678 5425 ut
701 5367 885 5440 aliqui
917 5367 1230 5432 tradidere.

441 5443 521 5516 (6)
548 5441 674 5528 Non
709 5441 865 5496 inest
891 5441 1101 5526 vitium
1123 5445 1258 5528 huic
1282 5463 1552 5528 numero,
1574 5453 1725 5522 quod
1758 5453 2026 5528 aliquan-

369 5514 458 5595 do"
486 5515 788 5595 putabam,
821 5514 1092 5595 quamvis
1123 5523 1320 5595 auctor
1351 5514 1616 5595 ordinem
1650 5540 1828 5582 suum
1857 5514 2030 5585 dese-

368 5591 460 5642 rat
488 5585 550 5643 et
579 5591 847 5643 octavum
879 5585 1014 5641 Maii
1038 5592 1167 5654 post
1196 5589 1576 5647 undecimum
1608 5595 1871 5654 collocat.
1893 5600 2026 5656 Maii

370 5657 611 5745 enimn8
641 5657 1045 5745 celebrabatur
1103 5660 1387 5716 memoria
1433 5661 1676 5724 Joannis
1723 5669 2025 5745 Theolcgi,

373 5732 439 5784 ut
467 5744 497 5784 e
530 5728 767 5787 Menaeis
801 5730 1050 5786 constat.

2208 5243 2285 5316 (7)
2312 5243 2438 5316 Vid.
2474 5243 2723 5305 Cedren,
2747 5240 3030 5316 p_ag._596,
3050 5240 3109 5294 et
3129 5235 3344 5316 script.
3367 5243 3509 5316 post
3527 5239 3796 5316 Theoph.

2140 5307 2339 5386 p.215
2385 5331 2436 5386 ο,
2478 5316 2599 5386 100.
2652 5307 3005 5386 lntélligitur
3035 5307 3277 5386 e_x_.hoc’
3304 5307 3454 5386 loco,
3487 5307 3710 5386 factum
3734 5313 3797 5369 id

2143 5379 2274 5464 esse
2304 5387 2376 5464 29
2401 5385 2567 5464 Julii,
2597 5402 2711 5464 quo
2742 5379 3193 5464 memoriaﬁlie
3221 5381 3516 5464 prophetae
3546 5383 3800 5464 celebra:-

2137 5462 2237 5514 tur
2267 5475 2300 5513 a
2330 5456 2569 5516 Graecis.
2617 5453 2880 5528 Tempus
2930 5453 3065 5511 facti
3111 5453 3522 5526 prseterierunt
3569 5454 3794 5514 laudati

2135 5535 2473 5600 scriptores.

2207 5601 2284 5672 (8)
2315 5601 2646 5672 Canticum,
2677 5599 2835 5672 quod
2866 5597 2925 5654 in
2948 5595 3292 5672 ﬁne_of_ficii,
3325 5593 3488 5672 tv_-:ﬁ
3524 5595 3789 5672 άπολύσει

2137 5665 2399 5744 canitur;
2431 5671 2547 5744 vid.
2581 5665 2668 5728 Du
2694 5665 2891 5741 Cange
2935 5685 2989 5726 ν.
3023 5665 3343 5744 ᾼ’πόλοσις.
3377 5667 3484 5726 Pro
3524 5666 3792 5744 ζσόμυλον

2138 5745 2201 5798 ut
2229 5743 2287 5799 in
2318 5738 2676 5802 membranis
2705 5738 3007 5816 estfpatet
3035 5741 3345 5814 legendum
3375 5756 3502 5799 esse
3525 5738 3785 5816 ίσόμελον
