4124 6434
336 477 488 537 1411

1446 439 1984 528 CONSTANTINI
2029 469 2724 536 POBPHYROGENITI

3599 468 3757 528 1412

331 623 464 664 nem
499 621 606 662 nos
635 606 862 676 oportet
907 600 1130 658 amicos
1173 600 1246 657 de
1284 598 1488 656 ordine
1538 597 1973 668 magistrorum,

2106 604 2240 681 ἑγειν
2305 605 2439 679 μετὰ
2494 609 2604 660 τῶν
2664 600 2882 658 οῗκείων
2949 597 3342 673 ἆλλαξιμάτων
3409 595 3588 674 χωρὶς
3642 601 3756 652 τῶν

331 697 796 768 praepositorum,
839 690 1282 765 proconsulum,
1335 689 1736 763 patriciorum,
1769 689 1984 746 ofﬁcia-

332 784 502 856 lium,
535 782 1034 854 metropolitarum
1055 786 1111 837 et
1130 780 1483 853 reliquorum
1510 781 1982 851 magistratuum,

333 879 454 931 tam
489 874 908 946 palatinorum,
960 887 1135 943 quam
1188 869 1551 935 militarium,
1613 885 1716 940 pro
1765 870 1986 926 ratione

335 964 770 1035 capacitateque
803 978 1045 1017 mensae.
1081 960 1544 1017 lntroducuntur
1574 967 1627 1014 et
1659 956 1987 1014 educuntur

335 1054 421 1110 sic
453 1068 469 1109 :
501 1050 792 1123 magistri,
828 1049 1141 1122 prepositi,
1175 1048 1424 1119 patricii,
1477 1048 1758 1103 officiales
1801 1056 1855 1103 et
1885 1046 1986 1119 qui

337 1145 643 1214 campagia
674 1145 886 1213 gerunt
906 1155 1134 1205 omnes,
1158 1139 1214 1194 in
1236 1139 1357 1194 suis
1382 1136 1710 1193 mutatoriis
1734 1154 1748 1195 :
1775 1136 1986 1209 reliqui

337 1231 802 1288 basilicitantum
833 1229 889 1284 in
913 1227 1036 1285 suis
1059 1226 1779 1298 scaramangiis.Ejusdem
1800 1225 1988 1298 ipsius

338 1322 452 1378 diei
469 1337 711 1392 vespera
728 1319 856 1392 [seu
879 1318 1040 1374 boris
1065 1317 1507 1389 pomeridianis]
1533 1316 1656 1371 abit
1678 1315 1991 1388 imperator

338 1411 400 1467 in
432 1409 712 1482 templum
737 1408 796 1464 S.
826 1407 1148 1474 Diomedis;
1174 1413 1228 1462 et
1259 1407 1442 1461 altero
1466 1407 1559 1459 die
1582 1412 1733 1475 post,
1758 1409 1992 1476 peracto

339 1515 502 1555 sacro
531 1497 746 1565 officio,
781 1500 1186 1568 proponuntur
1228 1495 1430 1566 dapes,
1484 1509 1644 1548 more
1686 1498 1988 1560 consueto,

337 1589 725 1646 convivantur
771 1586 1006 1641 domino
1072 1585 1250 1639 etiam
1305 1595 1442 1639 tunc
1492 1584 1564 1639 de
1605 1587 1724 1640 toto
1781 1588 1989 1638 senatu

340 1678 548 1734 delecti
580 1675 778 1732 amici.
813 1674 913 1730 Die
957 1674 1242 1746 vigesimo
1275 1690 1428 1729 nono
1460 1673 1723 1744 ejusdem
1767 1672 1991 1728 mensis

341 1766 669 1824 celebratur
701 1764 979 1821 memoria
1011 1763 1090 1835 [et
1137 1763 1263 1818 dies
1301 1760 1668 1833 emortualis]
1713 1761 1899 1817 sancti
1938 1768 1992 1817 et

342 1856 646 1914 orthodoxi
679 1853 873 1927 magni
913 1851 1098 1908 nostri
1146 1853 1520 1925 imperatoris
1547 1851 1746 1908 Basilii
1779 1849 1869 1924 [eo
1899 1850 1994 1906 die

345 1945 437 2020 pie
468 1943 772 2018 defuncti].
807 1942 1058 1998 Solenne
1089 1950 1226 1997 tunc
1253 1941 1676 2012 splendidaque
1699 1941 1755 1995 in
1780 1956 1992 2012 pompa

261 2043 268 2050 '
346 2035 670 2108 procedunt
715 2034 1098 2106 imperatores
1143 2034 1324 2086 nostri
1361 2031 1493 2102 [Leo
1543 2035 1599 2085 et
1646 2029 1992 2100 Alexander]

345 2125 532 2181 induti
565 2123 986 2194 scaramangiis
1017 2123 1077 2177 in
1110 2120 1396 2192 templum
1419 2121 1520 2177 SS.
1546 2120 1990 2193 Apostolorum;

345 2220 666 2287 sanctoque
701 2214 890 2270 oificio
923 2211 1107 2278 linito,
1149 2211 1391 2267 redeunt
1420 2213 1620 2267 eodem
1657 2211 1829 2265 modo
1862 2225 1992 2264 cum

345 2305 527 2378 gloria
557 2305 821 2372 domum,
853 2306 910 2358 et
960 2305 1338 2373 apponuntur
1368 2299 1552 2372 epulaa
1589 2300 1649 2356 in
1673 2299 1993 2355 Justioiani

346 2393 622 2461 triclinio,
646 2395 715 2450 ad
748 2407 990 2464 quarum
1012 2390 1489 2446 communionem
1520 2388 1804 2445 invitandi
1827 2389 1995 2445 nobis

348 2491 487 2540 sunt
505 2483 701 2549 amici,
729 2487 791 2537 ut
814 2481 1096 2553 magistri,
1119 2479 1384 2536 homines
1409 2478 1996 2544 senatorii,bomines

345 2571 704 2645 imperiales,
738 2588 840 2643 pro
889 2571 1077 2642 spatio
1136 2587 1372 2626 mensaa.
1439 2569 1899 2625 lntroducuntur
1940 2571 1997 2624 et

344 2665 672 2721 educuntur
700 2662 758 2717 in
793 2662 916 2718 suis
948 2667 1176 2717 tantum
1219 2659 1661 2732 scaramangiis,
1693 2664 1998 2730 propterea

347 2752 501 2826 quod
540 2760 594 2807 et
651 2751 762 2824 ipsi
823 2749 1046 2807 domini
1096 2751 1197 2805 tali
1250 2748 1311 2804 in
1368 2749 1569 2804 habitu
1622 2749 1994 2804 accumbunt.

348 2843 544 2900 Altero
573 2842 666 2898 die
698 2846 828 2914 post
857 2840 1184 2896 celebratur
1214 2856 1348 2894 cum
1392 2839 1624 2893 deximo
1657 2855 1757 2894 seu
1790 2837 1994 2894 solen-

352 2934 414 2989 ni
444 2930 821 2989 salutantium
869 2934 925 2986 et
973 2928 1392 3000 gratulantium
1439 2928 1775 3000 exceptione
1832 2934 1998 2984 auto-

353 3023 603 3078 cratoria
633 3038 736 3078 seu
789 3018 1004 3076 natalis
1045 3019 1126 3092 pii
1169 3019 1227 3074 in
1276 3017 1508 3074 Christo
1568 3018 1797 3089 imperii
1857 3019 1996 3075 ﬁde-

346 3112 490 3170 lium
581 3115 1002 3183 imperatorum
1070 3109 1278 3165 Leonis
1348 3113 1406 3164 et
1476 3109 1824 3176 Alexandri;
1897 3109 1998 3165 ab-

345 3202 652 3274 soluteque
728 3216 862 3256 cum
923 3200 1288 3255 solemnibus
1347 3199 1686 3255 cerimoniis
1744 3199 1997 3268 deximo,

341 3309 551 3349 rursus
619 3291 933 3364 praesident
991 3290 1070 3361 pii
1149 3287 1371 3344 domini
1436 3290 1495 3344 in
1566 3289 1777 3345 throno
1835 3289 1998 3344 auxi-

337 3382 487 3439 lium
549 3361 958 3454 tis—gitantibus
1032 3377 1294 3434 oblatum
1367 3383 1424 3435 et
1493 3381 1732 3451 praemia
1807 3361 2070 3435 hono-C

342 3486 549 3543 resque
581 3469 947 3526 merentibus
979 3468 1254 3524 collatum
1283 3486 1295 3536 ;
1345 3483 1456 3540 quo
1491 3470 1635 3524 facto
1668 3485 1872 3524 rursus
1907 3468 1995 3523 in-

341 3559 584 3616 struitur
630 3573 862 3614 sacrum
908 3556 1258 3623 convivium,
1285 3557 1356 3611 ad
1381 3557 1532 3627 quod
1567 3557 1995 3613 invitamusde—

342 3647 525 3704 lectos
556 3647 628 3702 de
651 3647 853 3701 ordine
880 3645 1319 3716 magistrorum,
1345 3646 1813 3717 praepositorum,
1859 3663 1994 3716 pro-

345 3733 1438 3808 consulum,patriciorum,ofﬁcialium
1465 3741 1670 3807 praeter
1691 3736 1994 3792 eunuchos

341 3828 633 3895 omnium,
663 3827 760 3882 sed
795 3824 1064 3880 ordinum
1097 3828 1330 3879 tantum
1383 3828 1603 3895 partem
1650 3823 1990 3894 dimidiam;

341 3917 413 3974 de
443 3920 648 3973 caetero
699 3913 1002 3986 campagia
1029 3916 1268 3985 gerente
1316 3917 1522 3968 senatu
1555 3920 1609 3969 et
1641 3912 1994 3969 militaribus

341 4005 579 4062 urbanis
593 4003 1026 4077 magistratibus
1047 4003 1342 4059 mutatoria
1357 4003 1700 4075 gerentibus
1714 4007 1996 4076 quotquot

343 4112 551 4152 mensa
581 4094 752 4166 capit.
786 4093 854 4148 Hi
889 4094 1011 4149 suis
1039 4093 1100 4148 in
1135 4093 1466 4149 mutatoriis
1487 4098 1545 4149 et
1576 4092 1794 4149 tunicis
1817 4093 1997 4150 intro-

343 4186 659 4241 ducuntur.
697 4182 970 4255 Reliquos
1020 4188 1216 4238 autem
1261 4199 1463 4238 omnes
1514 4198 1878 4239 reservamus
1921 4184 1995 4240 ad

342 4275 636 4341 cboream,
661 4290 789 4346 qua
821 4271 1183 4328 exhilarandi
1216 4273 1432 4328 domini
1468 4274 1653 4329 nostri
1687 4275 1871 4338 gratia
1900 4276 1994 4330 in-

343 4364 626 4422 stituitur.
658 4363 812 4421 452
843 4363 904 4418 ln
937 4363 1137 4419 orbem
1172 4362 1231 4417 hi
1266 4361 1533 4419 saltando
1565 4365 1756 4420 aureis
1785 4365 1841 4420 in
1872 4365 1996 4422 tho-

341 4455 577 4511 racibus
603 4454 836 4525 peplum
858 4451 1040 4507 veluti
1074 4452 1313 4508 laudum
1345 4452 1458 4525 piis
1489 4453 1708 4509 nostris
1742 4455 1995 4511 dominis

340 4548 429 4601 tot
447 4560 654 4600 vocum
687 4549 808 4599 tam
841 4541 1001 4598 vario
1031 4550 1085 4597 et
1115 4559 1228 4598 non
1254 4543 1560 4599 desinente
1582 4550 1869 4600 concentu
1907 4551 1993 4601 te-

342 4642 506 4691 xunt.
541 4633 650 4690 Pro
677 4649 792 4706 quo
825 4630 1018 4688 studio
1041 4631 1335 4703 accipiunt
1356 4631 1581 4688 denarii
1611 4633 1846 4691 nomine
1868 4634 1993 4690 auri

2089 692 2392 769 χλανιδίων
2424 691 2514 748 διὰ
2567 694 2631 748 τὸ
2687 690 2777 748 καὶ
2817 690 2909 746 τὸν
2963 687 3193 766 βατιλέα
3241 687 3376 762 μιτᾶ
3416 692 3515 742 τοῦ
3548 687 3755 742 οίκείου

2093 777 2417 854 διϐητησίου
2484 782 2940 858 προκαθεσθῆναι.
3009 781 3095 851 Τῇ
3176 775 3234 833 δὲ
3315 784 3369 832 ιε’
3425 780 3522 832 τοῦ
3589 776 3756 832 αὐτοῦ

2095 873 2267 944 μηνὸς
2299 870 2479 946 ἡμέρᾳ
2509 869 2748 927 τελεῖται
2790 867 3033 943 δημοσία
3081 865 3406 944 προελευσις
3469 873 3571 936 τῆς
3622 871 3753 920 Κοι-

2096 963 2314 1035 μήσεως
2343 969 2442 1031 τῆς
2487 961 2774 1035 ὕπεραγίας
2826 958 3127 1028 Δεσποίνης
3167 959 3326 1030 ἡμῶν
3379 956 3645 1011 Θεοτὸκου
3700 955 3753 1010 ἐν

2090 1056 2170 1123 τῷ
2210 1048 2500 1124 πανσέπτῳ
2548 1054 2661 1122 ναῷ
2727 1048 2896 1118 αὐτῆς
2950 1052 3030 1121 τῷ
3106 1046 3158 1102 ἐν
3228 1044 3595 1120 Βλαχέρναις,
3659 1044 3753 1100 καὶ

2091 1140 2433 1216 τελουμένης
2471 1149 2570 1212 τῆς
2627 1142 2774 1216 ίερᾶς
2837 1137 3208 1214 λειτουργίας,
3249 1137 3559 1213 προτίθεται
3608 1135 3755 1208 κλη-

2091 1235 2294 1307 τώριον
2355 1231 2439 1288 ἐπὶ
2491 1231 2809 1300 ἆποκοπτῆς
2854 1227 3129 1303 τραπέζης
3197 1227 3249 1282 ἐν
3299 1231 3380 1300 τῷ
3428 1225 3578 1281 κάτω
3636 1246 3758 1301 τρι-

2093 1318 2266 1394 κλίνῳ
2312 1327 2393 1394 τῷ
2440 1318 2555 1376 ὄντι
2595 1320 2681 1375 ἐπὶ
2745 1319 2812 1375 τὰ
2859 1316 3102 1374 παλάτια
3158 1323 3258 1386 τῆς
3319 1315 3622 1385 θαλάσσης,
3666 1314 3756 1369 καὶ

2096 1411 2484 1482 προκαθέζεται
2551 1410 2578 1465 ὁ
2641 1409 2896 1485 βασιλεὺς
2945 1406 3036 1462 σὺν
3094 1410 3174 1479 τῷ
3231 1405 3557 1481 πατριάρχῃ
3617 1403 3758 1476 μετᾶ

2095 1504 2192 1554 τοῦ
2233 1500 2434 1556 οἰκείου
2495 1500 2661 1556 αὐτοῦ
2717 1493 3066 1570 διϐητησίου.
3102 1497 3198 1552 Καὶ
3263 1493 3350 1551 δεῖ
3393 1497 3542 1569 ἡμᾶς
3574 1494 3759 1569 εὔτρε-

2097 1591 2273 1659 πίζειν
2331 1589 2407 1652 είς
2438 1589 2765 1646 συνεστίασιν
2798 1589 2965 1644 αὐτοῦ
2997 1585 3193 1662 φίλους
3243 1586 3349 1641 ἀπὸ
3404 1590 3504 1652 τῆς
3552 1585 3757 1658 τάξεως

2096 1685 2204 1735 τῶν
2266 1680 2593 1757 μαγίστρων,
2659 1677 3058 1756 πραιποσίτων,
3127 1676 3465 1743 ἀνθυπάτων,
3557 1693 3758 1747 πατρι-

2097 1772 2252 1843 κίων,
2286 1770 2670 1852 ὀφιρικιαλίων,
2709 1767 3138 1846 μητροπολιτῶν
3177 1766 3268 1824 καὶ
3310 1765 3526 1824 λοιπῶν
3560 1765 3759 1842 ἀρχόν-

2098 1883 2206 1917 των
2271 1860 2570 1936 βασιλικῶν
2625 1882 2685 1916 τε
2739 1857 2828 1914 καί
2885 1861 3234 1934 ταγματικῶν
3293 1857 3430 1912 κατᾶ
3471 1855 3533 1911 τὸ
3586 1853 3753 1909 ποσὸν

2025 1988 2069 2052 Β
2098 1956 2196 2021 τῆς
2229 1952 2522 2026 τραπέζης.
2559 1949 2880 2025 Εἷσάγονται
2940 1945 2996 2004 δὲ
3043 1948 3133 2003 καὶ
3194 1947 3475 2024 ἐξάγονται
3528 1943 3703 2006 οὕτως
3739 1962 3753 1976 ο

2138 2041 2149 2052 .
2273 2041 2286 2052 .
2471 2038 2480 2050 .
2980 2037 2992 2052 .
3383 2035 3393 2052 .
3611 2034 3624 2052 ν

2107 2041 2156 2094 οἱ
2233 2041 2328 2113 μὲν
2408 2038 2720 2114 μαγιστροι,
2788 2037 3162 2114 πραιπὸσιτοι,
3232 2035 3532 2112 πατρίκιοι,
3601 2034 3760 2112 ὀφφι-

2105 2129 2313 2185 κιάλιοι
2363 2133 2450 2184 καὶ
2504 2129 2554 2184 οἱ
2597 2129 2701 2184 ὑπὸ
2751 2126 3061 2203 καμπάγιον
3104 2132 3298 2188 πάντες
3344 2125 3478 2197 μετᾶ
3527 2128 3632 2179 τῶν
3676 2123 3758 2178 οἷο

2105 2219 2264 2275 κείων
2320 2217 2749 2290 ἀλλαξιμοὶτων·
2793 2217 2842 2272 o't
2905 2213 2961 2271 δέ
3029 2214 3218 2271 λοιποὶ
3282 2211 3558 2289 βασιλικοὶ
3627 2211 3768 2285 μετᾶ

2106 2314 2212 2366 τῶν
2280 2307 2494 2364 οἰκείων
2548 2305 2972 2384 σκαραμαγγίων
3049 2305 3136 2360 καὶ
3220 2305 3410 2378 μόνον.
3467 2304 3555 2360 Ἑν
3597 2298 3654 2357 δὲ
3693 2304 3764 2374 τῇ

2107 2399 2242 2472 αὐτῇ
2298 2398 2480 2473 ἡμέρᾳ
2537 2393 2728 2468 δείλης
2787 2395 3081 2471 ἀπέρχεναι
3128 2395 3155 2450 ὑ
3219 2391 3477 2468 βασιλεὺς
3541 2390 3614 2454 si;
3667 2391 3762 2446 τὸν

2107 2488 2229 2544 ναὸν
2281 2493 2379 2543 τοῦ
2441 2487 2636 2564 ’Δγίου
2687 2484 3020 2560 Διομήδους,
3072 2485 3160 2540 καὶ
3219 2486 3287 2549 τῆ
3341 2481 3595 2557 ἐπαύριον

2105 2575 2446 2650 τελουμένης
2491 2584 2592 2645 τῆς
2644 2573 3013 2652 λειτουργίας,
3065 2573 3374 2648 προτίθεται
3443 2571 3760 2644 κλητώριον

2105 2668 2241 2723 κατὰ
2294 2665 2486 2735 τύπον,
2518 2667 2608 2721 καὶ
2671 2665 3030 2732 συνεσθίουσι,
3061 2669 3139 2736 τῷ
3183 2661 3403 2739 βασιλεῖ
3442 2662 3656 2735 ὁμοίως
3687 2659 3760 2731 {ei

2107 2753 2166 2808 ἐκ
2203 2756 2303 2824 τῆς
2365 2753 2677 2830 συγκλήτου
2717 2751 2929 2814 πάντες.
2959 2753 3042 2826 Ίῇ
3085 2748 3142 2805 δέ
3183 2755 3260 2814 κθ¹
3317 2750 3431 2823 (13)
3459 2751 3556 2803 τοῦ
3589 2747 3758 2802 αὐτοῦ

2112 2843 2286 2916 μηνὸς
2353 2843 2537 2917 ἡμέρᾳ
2589 2840 2886 2897 ἐκτελεῖται
2936 2842 2970 2910 ἡ
3034 2840 3227 2914 μνήμη
3295 2841 3391 2894 τοῦ
3451 2836 3609 2911 ἁγίου
3665 2836 3759 2892 καὶ

2111 2929 2403 3007 ὀρθοδόξου
2449 2929 2688 3006 μεγᾶιιιου
2750 2928 3021 3005 βασιλέως
3080 2931 3241 3002 ἡμῶν
3303 2924 3615 2996 Βασιλείου,
3672 2924 3764 2980 καὶ

2109 3022 2479 3097 προέρχονται
2549 3020 2682 3093 μετὰ
2750 3017 3173 3095 σκαραμαγγίων
3235 3014 3288 3072 ἐν
3344 3019 3424 3089 τῷ
3479 3019 3591 3087 ναῷ
3656 3019 3764 3070 τῶν

2109 3111 2310 3188 ’Λγίων
2377 3109 2725 3169 Ἀποστόλων
2813 3110 2864 3164 οἳ
2953 3106 3200 3184 βασιλεῖς
3275 3105 3625 3181 ἓμπράττως,
3675 3104 3761 3160 καὶ

2108 3199 2449 3275 τελουμένης
2522 3207 2622 3270 τῆς
2699 3201 2848 3274 ἱερᾶς
2916 3196 3287 3273 λειτουργίας,
3339 3196 3766 3272 ὑποστρέφουσιν

2112 3290 2320 3365 ὁμοίως
2362 3287 2545 3345 οἷ’γαδε
2594 3288 2728 3362 μετᾶ
2776 3285 2959 3358 δόξης,
3017 3288 3107 3342 καί
3167 3287 3485 3362 προτίθεται
3543 3283 3770 3355 κλητὼ-

2112 3401 2225 3454 ριον
2286 3381 2344 3436 ἐκ
2403 3384 2482 3454 τῷ
2545 3381 2933 3436 ἰουστινιανοῦ
2985 3375 3274 3453 τρικλίνῳ,
3340 3373 3430 3430 καὶ
3480 3371 3562 3431 δεῖ
3619 3375 3770 3447 ἡμᾶς

2111 3470 2440 3546 εὐτρεπίζειν
2511 3469 2588 3534 εἷς
2646 3469 2981 3525 συνεστίοισιν
3046 3471 3162 3529 τοῖς
3225 3465 3507 3543 βασιλεῦσι
3569 3463 3768 3538 φίλους

2110 3560 2216 3615 ἀπὸ
2254 3566 2356 3630 τῆς
2419 3560 2618 3630 τάξεως
2672 3564 2778 3613 τῶν
2835 3557 3168 3632 μαγίστρων,
3209 3561 3317 3611 τῶν
3384 3550 3765 3631 συγκλητικῶν

2113 3648 2411 3725 βασιλικῶν
2465 3648 2789 3724 ἀνθρώπων,
2821 3647 2957 3703 κατὰ
3001 3647 3065 3702 τὸ
3115 3645 3282 3701 ποσὸν
3323 3650 3424 3715 τῆς
3451 3643 3726 3718 τραπέζης
3752 3661 3766 3676 ·

2110 3737 2340 3813 εἰσάγειν
2399 3735 2456 3793 δὲ
2516 3736 2713 3800 αὐτοὺς
2779 3736 2869 3792 καὶ
2936 3736 3142 3812 ἐξάγειν
3207 3734 3341 3808 μετᾶ
3397 3738 3504 3789 τῶν
3555 3730 3772 3787 οίκείων

2110 3827 2534 3903 σκαραμαγγίων
2577 3827 2666 3881 καὶ
2721 3826 2885 3899 μόνον
2948 3823 3037 3880 διὰ
3081 3825 3144 3880 τὸ
3199 3822 3291 3880 καὶ
3346 3821 3472 3884 τοὺς
3520 3817 3768 3896 βασιλεῖς

2107 3915 2158 3972 ἐν
2190 3922 2269 3990 τῷ
2321 3917 2558 3989 τοιούτῳ
2607 3918 2860 3991 σχήματι
2899 3909 3272 3989 ἂκουμὸίζειν.
3297 3913 3382 3986 Τῇ
3413 3909 3470 3967 δὲ
3510 3909 3766 3985 ἐπαύριον

2109 4007 2405 4064 ἐκτελεῖται
2460 4002 2549 4060 διὰ
2611 4003 2833 4079 δεξίμου
2893 4006 2929 4076 ἡ
2997 4004 3051 4059 ἐν
3103 4005 3322 4080 Χριστῷ
3373 3999 3767 4076 αὖτοκρατορία

2107 4099 2221 4172 (14)
2241 4101 2350 4152 τῶν
2383 4100 2590 4152 πιστῶν
2636 4093 2927 4170 βασιλέων.
2971 4092 3202 4158 Λέοντος
3249 4094 3336 4149 καὶ
3387 4089 3768 4166 Ἀλεξάνδρου,

2105 4188 2193 4242 καί
2253 4185 2586 4260 τελουμένου
2643 4184 2831 4247 αἰσίως
2898 4188 2994 4240 τοῦ
3046 4182 3292 4255 δεξίμου,
3343 4182 3768 4257 προκαθέζονται

2107 4277 2272 4334 πάλιν
2307 4278 2358 4333 οἱ
2391 4271 2629 4338 εὐσεϐεῖς
2679 4274 2934 4332 δεσπόται
2975 4275 3050 4338 εἷς
3081 4273 3312 4331 πολλῶν
3345 4271 3638 4346 ἀντίληψιν
3678 4270 3769 4326 ἐπὶ

2105 4371 2203 4422 τοῦ
2262 4366 2476 4442 θρόνου,
2510 4365 2601 4420 καὶ
2633 4365 2785 4427 αὖθις
2844 4369 3147 4440 στοιχεῖται
3187 4363 3251 4419 τὸ
3305 4361 3624 4434 κλητώριον
3674 4361 3774 4414 τοῦ

2109 4454 2371 4511 δεσπότου
2433 4457 2568 4530 (l5),
2627 4454 2716 4509 καὶ
2778 4451 2862 4510 δεῖ
2907 4457 3057 4527 ἡμᾶς
3114 4452 3444 4528 εὐτρεπίζειν
3507 4449 3581 4510 εἷς
3642 4470 3772 4504 συν-

2108 4547 2341 4602 εστίασιν
2395 4550 2502 4600 τῶν
2563 4544 2836 4620 βασιλέων
2880 4543 2985 4599 ἀπὸ
3039 4550 3140 4614 τῆς
3191 4541 3392 4612 τάξεως
3445 4544 3555 4596 τῶν
3607 4537 3778 4611 μαγί-

2108 4657 2308 4714 στρων,
2377 4635 2779 4712 πραιποσίτων,
2860 4634 3202 4702 ἀνθυπάτων,
3275 4630 3600 4706 πατρικίων,
3668 4627 3773 4708 ὀφ-

341 4723 511 4780 litras
543 4723 793 4779 sedecim
819 4741 833 4791 ;
868 4737 999 4793 quas
1024 4720 1176 4777 inter
1204 4719 1365 4790 ipsos
1405 4739 1438 4776 a
1468 4723 1919 4793 protomagistro
1940 4727 1994 4781 et

2107 4725 2425 4801 φικιαλίων,
2460 4725 2606 4797 πλὴν
2639 4730 2747 4781 τῶν
2801 4725 3106 4800 εὐνούχων,
3132 4721 3273 4795 ,τοὺς
3324 4719 3561 4795 ἡμίσους
3600 4719 3770 4773 ἁπαν-

340 4815 500 4887 regio
518 4812 801 4871 artoclino
824 4812 1150 4869 secundum
1175 4809 1488 4867 formulam
1513 4817 1569 4867 et
1591 4814 1992 4886 prescriptum

341 4904 598 4962 codicem
628 4901 856 4975 collegii
889 4900 1071 4958 nostri
1102 4900 1565 4956 distribuuntur.
1591 4901 1883 4973 Sequente
1904 4905 1997 4963 die

341 4993 641 5066 perﬁcitur
667 4989 950 5063 consequi
972 4989 1283 5063 praedictas
1305 4987 1631 5045 hilaritates
1661 4989 1860 5046 solens
1879 5008 2000 5049 cer-

2105 4838 2237 4885 των,
2271 4817 2359 4872 καὶ
2419 4817 2524 4872 ἄπὸ
2578 4819 2677 4882 τῆς
2735 4817 2934 4886 τάξεως
2988 4818 3087 4885 τῆς
3141 4814 3242 4870 ὑπὸ
3290 4812 3606 4888 καμπάγιον
3641 4831 3771 4885 συγ-

2102 4904 2337 4977 κλήτου,
2406 4905 2497 4961 καὶ
2553 4910 2662 4961 τῶν
2734 4908 3088 4982 ταγματικῶν
3168 4901 3561 4975 ἆλλαξιμάτων
3634 4899 3770 4954 κατά

2105 4996 2168 5050 τὸ
2227 4996 2397 5051 ποσὸν
2450 5001 2552 5066 τῆς
2600 4995 2900 5069 τραπέζης,
2932 4993 3023 5050 καὶ
3069 4992 3300 5068 εἰσάγειν
3363 4991 3499 5064 μετὰ
3547 4993 3654 5045 τῶν
3686 4985 3768 5043 οἳ·

1394 5098 1596 5158 JOAN.
1635 5099 1779 5160 JAC.
1823 5103 2086 5164 REISKlI
2121 5107 2720 5165 COMMENTARIUS.

417 5198 534 5271 (t2)
593 5199 809 5255 Incidit
874 5199 1031 5256 enim
1100 5197 1163 5256 in
1220 5197 1345 5255 XVI
1404 5200 1650 5269 Augusti
1711 5205 1997 5262 memoria

349 5275 406 5329 S.
426 5270 758 5327 Diomedis.

420 5343 530 5415 (13)
571 5345 711 5422 r1011
750 5341 974 5422 video,_
1001 5343 1115 5422 qui_
1157 5342 1445 5422 potuerit.
1473 5341 1582 5422 die_
1624 5342 1697 5399 29
1744 5347 2002 5422 ‘Augusti

350 5411 630 5472 memoria
653 5411 872 5486 Basilii
925 5411 1256 5486 Macedonis
1306 5413 1609 5486 celebrari,
1659 5417 1757 5486 qui
1804 5424 2001 5476 tamen

349 5487 618 5543 Calendis
651 5482 882 5557 Martiis
908 5483 974 5539 A.
1002 5483 1111 5557 _8_86
1141 5486 1303 5540 obiit.
1327 5485 1554 5557 Ergone
1587 5482 1880 5546 memoriis
1902 5491 2004 5548 de-

349 5559 688 5616 functorum
724 5573 836 5612 non
873 5555 930 5610 in
983 5555 1186 5609 diebus
1215 5555 1429 5614 eorum
1449 5560 1878 5617 emortualibus
1911 5581 2002 5620 re-

353 5628 896 5704 novabantur?_Aut
926 5625 990 5704 in
1019 5624 1179 5704 aliud
1214 5631 1445 5704 tempus
1473 5631 1688 5704 dilatae,
1720 5641 2004 5704 occupato

353 5701 444 5757 die
462 5703 582 5769 jam
607 5701 850 5756 alterius
871 5697 1098 5769 antiqui
1123 5703 1182 5751 et
1204 5697 1443 5765 majoris
1463 5703 1657 5757 Sancti
1677 5697 2006 5763 memoria?

424 5767 538 5849 ςμι)
573 5772 670 5849 Die
720 5786 929 5849 nempe
976 5767 1047 5849 ξο
1095 5770 1338 5849 Augusti
1372 5771 1606 5849 fuerunt
1635 5775 1724 5849 (ut
1752 5777 2004 5849 ridetur)

355 5854 389 5894 ι
418 5839 583 5894 Patre
613 5838 827 5894 Basilio
870 5839 1200 5893 diademate
1247 5839 1465 5894 donati.
1498 5845 1611 5898 Aut
1644 5838 1707 5899 ἐἰ
1754 5838 2006 5906 Basilius

2108 5206 2341 5262 Macedo
2373 5223 2572 5263 revera
2609 5206 2703 5262 die
2760 5207 2910 5277 Aug.
2967 5205 3039 5259 29
3072 5203 3211 5277 rivis
3239 5197 3770 5277 excessit,_incepit

2115 5279 2298 5336 altero
2329 5279 2424 5334 die
2457 5284 2604 5349 post,
2639 5284 2704 5334 ut
2735 5295 2830 5348 par
2852 5272 2998 5346 Erat,
3035 5275 3290 5332 filiorum
3325 5272 3632 5349 collegiate
3656 5273 3768 5325 im-

2113 5351 2364 5478 perium.
2397 5343 3250 5434 Cdnfirmattho'o'superiorem
3288 5343 3768 5426 notam’chrono-

2137 5439 2386 5478 omcam.
2421 5439 2454 5478 a
2486 5427 2672 5478 morte
2705 5423 2923 5478 Basrln.
2955 5437 3086 5478 quae
3115 5421 3174 5475 d.
3213 5419 3286 5472 29
3319 5426 3468 5478 Aug.
3503 5421 3768 5478 contige-

2137 5424 2386 5494 ogicam,
2421 5439 2454 5478 a
2486 5427 2672 5478 morte
2705 5421 2923 5489 Basilii,
2955 5415 3086 5494 quae
3115 5421 3191 5494 d.7
3213 5419 3286 5472 29
3319 5426 3468 5490 Aug.
3503 5415 3770 5494 contigcf

2113 5485 2208 5550 ritv.
2233 5485 2385 5566 Quis'
2403 5511 2542 5566 ergo
2568 5499 2791 5561 auctor,
2814 5499 2873 5549 et
2905 5485 3023 5565 quo
3056 5485 3441 5566 fundamento
3471 5485 3772 5566 perhibuit

2113 5582 2244 5622 eum
2275 5565 2396 5622 Kal.
2433 5558 2656 5623 παριείς
2685 5558 2939 5630 οδὶἰεεεξ
2970 5566 3123 5637 quod
3153 5564 3249 5637 _du
3277 5563 3474 5637 Gange
3510 5558 3772 5614 afﬁrmat

2114 5644 2172 5694 et
2199 5639 2424 5694 Fabric.
2459 5645 2500 5694 t.
2534 5638 2634 5704 VI,
2662 5637 2812 5693 Bibl.
2847 5638 2940 5692 Gr.
2979 5630 3033 5706 p.
3067 5635 3177 5690 710
3208 5630 3475 5705 repetiit?

2186 5710 2416 5782 (15)lta
2445 5726 2582 5782 ergo
2613 5699 2834 5782 dictum
2859 5699 3346 5782 fuit-convivium,
3365 5719 3482 5782 quo
3508 5699 3765 5782 natalem

2118 5769 2350 5852 imperii
2408 5769 2742 5838 oelébrabat
2796 5781 3135 5854 imperator.
3186 5769 3401 5851 Aptius
3449 5772 3662 5832 fuisset
3701 5769 3766 5826 τὸ

2120 5849 2431 5907 κλητώοιον
2462 5857 2566 5907 τῆς
2595 5849 2928 5907 δεσποτειας.

2120 5869 2346 5925 κΑητωρ
2357 5871 2431 5907 ιον
2462 5871 2531 5922 τη
2541 5872 2566 5914 ς
2595 5869 2928 5914 οεσποτειας.
