4124 6374
329 427 485 488 1413

1182 427 1283 486 DE
1325 424 1778 487 CERIMONIIS
1822 420 2056 488 ΑΙ]ιῶ
2098 422 2570 489 ΒΥΖΑΝΤΙΝᾹΞ
2611 428 2758 490 LIB.
2807 431 2891 491 II.

3596 439 3751 500 MM

329 564 488 621 κείων
528 563 914 639 ἆλλαξιματων
964 563 1054 621 καὶ
1104 561 1431 641 χλανιδίων,
1461 564 1592 627 τοὺς
1647 561 1704 620 δέ
1752 559 1984 624 λοιποὺς

2107 567 2292 622 tamen
2325 568 2612 639 equestris
2651 585 2882 637 cursus,
2925 572 2984 625 et
3014 575 3419 643 proponuntur
3465 575 3652 647 epulas
3683 577 3746 633 in

331 655 566 718 ἅπαντας
613 654 889 729 ταμιεύειν
940 653 1016 718 εἷς
1075 653 1330 731 χόρευσιν
1383 661 1482 724 τῆς
1529 657 1705 731 χαρᾶς
1747 657 1846 710 τοῦ
1897 649 1987 713 δε,

330 746 556 802 σπότου.
614 742 816 817 Κύκλῳ
864 745 964 821 γὰρ
1025 745 1344 820 χορεύοντες
1407 744 1540 818 μετᾶ
1601 746 1821 820 χρυσῶν
1879 743 1988 797 θω-

332 833 535 912 ρακίων
582 832 711 895 τοὺς
759 833 1011 896 ἐπαίνους
1051 831 1320 889 πλέκουσι
1368 837 1478 888 τῶν
1525 828 1758 889 εὐσεϐῶν
1787 829 1989 888 δεσπο-

327 925 460 994 τῶν,
512 923 604 979 καὶ
653 920 866 979 δίδοται
923 927 1083 979 πᾶσιν
1137 921 1464 998 φιλοτιμίας
1525 919 1726 999 δῶρον,
1777 925 1988 1000 γρυσοῦ

331 1011 514 1089 λίτραι
549 1018 634 1082 ις’,
664 1011 753 1067 καὶ
806 1010 1110 1086 διανέμετοιι
1170 1015 1304 1068 πᾶσι
1344 1013 1493 1088 παρᾶ
1545 1017 1644 1069 τοῦ
1683 1031 1986 1087 πρωτομα-

330 1101 552 1180 γίστρου
599 1101 686 1156 καὶ
733 1105 830 1155 τοῦ
891 1098 1187 1176 βασιλικοῦ
1242 1098 1572 1175 ἀρτοκλίνου
1627 1102 1763 1156 κατᾶ
1815 1098 1986 1154 τύπον

332 1195 440 1248 τῶν
498 1190 615 1245 καθ’
672 1191 821 1263 ἡμᾶς
896 1187 1224 1248 κονδακίων.
1271 1193 1356 1263 Τῇ
1413 1187 1468 1246 δὲ
1526 1188 1751 1265 ἐπιούσῃ
1805 1189 1988 1265 ἡμέρᾳ

331 1279 569 1338 τελεῖται
629 1277 913 1353 ἑπομένως
945 1279 1170 1334 ἱππικὸν
1219 1277 1614 1354 ἱπποδρόμιον,
1659 1279 1748 1334 καὶ
1799 1280 1988 1354 προτί-

335 1382 481 1437 θεται
532 1369 594 1425 τὸ
652 1367 968 1444 κλητώριον
1033 1367 1122 1424 ἐπὶ
1171 1373 1274 1425 τοῦ
1339 1368 1624 1445 τρικλίνου
1683 1374 1789 1424 τῶν
1852 1371 1988 1424 καθ-

337 1461 601 1536 ισμάτων,
631 1460 722 1515 καὶ
755 1459 1148 1537 συγκαλοῦνται
1200 1459 1276 1522 εἷς
1326 1460 1659 1516 συνεστίασιν
1691 1463 1780 1532 .τῴ
1830 1460 1988 1533 βασι-

336 1550 425 1609 λεῖ
461 1548 614 1630 φίλοι
643 1551 780 1606 κατὰ
810 1551 899 1606 τὸν
950 1548 1003 1606 ἐν
1037 1555 1155 1614 τοῖς
1186 1548 1620 1625 ἱπποδρομικοῖς
1646 1547 1989 1624 κλητωρίοις

334 1639 606 1720 γραφέντα
682 1639 873 1700 τύπον.
949 1643 1030 1714 Τῇ
1100 1637 1158 1695 δέ
1210 1637 1382 1717 ὀγδόῃ
1449 1640 1547 1695 105
1607 1633 1988 1713 Σεπτεμϐρίου

339 1732 508 1806 μηνὸς
565 1728 747 1803 ἡμέρᾳ
802 1728 1038 1785 τελεῖται
1122 1725 1445 1799 προέλευσις
1511 1733 1618 1784 τῶν
1700 1729 1990 1793 Γενεθλίων

338 1828 438 1892 τῆς
493 1819 783 1896 ὑπεραγίας
835 1819 1135 1890 Δεσποίνης
1187 1821 1350 1893 ἡμῶν
1399 1822 1666 1876 Θεοτόκου
1713 1819 1802 1874 καὶ
1847 1819 1990 1876 Ἀει-

2099 654 2352 714 triclinio
2369 659 2804 728 catbismatum,
2819 670 2874 716 et
2893 659 3216 718 invitantur
3233 664 3302 720 ad
3326 664 3749 724 convivandum

2100 743 2334 802 domino
2365 746 2558 814 amici,
2591 765 2740 820 quos
2774 749 2982 808 rituale
3006 752 3260 821 postulat
3289 752 3362 808 ad
3400 755 3659 812 convivia
3688 757 3749 812 in

2097 835 2471 905 equestribus
2502 837 2718 894 talibus
2749 838 3045 896 exercitiis
3096 841 3461 900 instituenda
3491 845 3748 902 invitari.

2099 922 2314 982 Octavo
2345 926 2437 982 die
2459 927 2819 1000 Septembris
2844 931 3143 1003 peragitur
3165 932 3458 1003 processio
3479 935 3552 990 ob
3587 940 3746 992 nata-

2100 1013 2212 1070 lem
2234 1016 2386 1072 diem
2405 1019 2792 1075 sanctissimas
2815 1019 3074 1076 Dominae
3099 1028 3312 1079 nostra:
3334 1024 3435 1080 Dei
3451 1024 3749 1094 genitricis

2098 1107 2154 1158 et
2183 1121 2409 1176 semper
2433 1105 2675 1180 virginis
2706 1107 2940 1177 Mariis;
2972 1127 3086 1181 qua
3119 1111 3502 1184 imperatores
3528 1115 3588 1170 in
3621 1130 3752 1170 ma-

2097 1207 2213 1264 gna
2244 1211 2458 1267 pompa
2489 1213 2622 1252 cum
2647 1201 2766 1253 toto
2789 1203 2998 1254 senatu
3022 1199 3091 1254 ad
3113 1201 3397 1273 templum
3416 1206 3473 1257 S.
3490 1200 3749 1272 Deiparas

2098 1281 2627 1356 cbalcopratiorum
2683 1289 3024 1358 procedunt.
3075 1287 3181 1344 Ubi
3239 1297 3551 1362 postquam
3597 1289 3753 1347 ﬁniit

2099 1387 2332 1428 sacrum
2363 1373 2644 1445 ol‘ﬁcinm,
2679 1376 2827 1432 redit
2857 1378 3175 1449 imperator
3205 1380 3262 1434 in
3294 1396 3468 1451 equo,
3505 1380 3750 1438 indutus

2100 1477 2274 1516 aureo
2299 1465 2721 1537 scaramangio,
2751 1482 2962 1538 magna
2984 1484 3114 1523 cum
3147 1485 3389 1541 pompa;
3417 1486 3752 1542 preponun-

2101 1554 2198 1606 tur
2217 1552 2400 1624 epulae
2424 1571 2601 1626 super
2617 1563 2884 1627 separata
2899 1559 3458 1614 mensaJustmianei
3485 1560 3752 1631 triclinii,

2100 1648 2151 1695 et
2168 1643 2442 1697 senatorii
2465 1660 2672 1701 omnes
2696 1645 2933 1701 domino
2957 1647 3752 1707 c0nvivantur.lntroducun-

2099 1732 2198 1784 tur
2226 1737 2418 1787 autem
2453 1733 2512 1787 in
2556 1732 2680 1789 suis
2727 1735 3149 1807 scaramangiis
3189 1738 3617 1796 tantummodo.
3656 1739 3754 1796 Die

2101 1818 2549 1892 derimoquarto
2571 1824 2835 1893 ejusdem
2855 1827 3072 1880 mensis
3097 1825 3678 1898 peragiturexaltatio
3696 1833 3754 1885 et

337 1913 602 1986 παρθένου
646 1910 880 1984 Μαρίας,
921 1910 1010 1965 καὶ
1069 1907 1430 1985 προέρχονται
1488 1909 1544 2005 οἱ
1596 1909 1842 1986 βασιλεῖς
1891 1907 1988 1982 έμ-

2107 1911 2444 1966 monstratio
2473 1911 2822 1967 venerabilis
2851 1919 2907 1969 et
2935 1913 3179 1970 viviticas
3200 1917 3406 1972 crucis.
3429 1917 3752 1990 Imperato-

336 1999 589 2076 πράττως
624 1998 759 2072 μετᾶ
787 1998 966 2066 πάσης
997 2004 1097 2067 τῆς
1130 1997 1444 2072 συγκλήτου
1493 1995 1545 2052 ἐν
1591 2001 1668 2070 τῷ
1717 2001 1830 2070 ναῷ
1885 2004 1985 2067 τῆς

339 2087 528 2167 ’Λγίας
559 2088 826 2144 Θεοτόκου
869 2093 980 2143 τῶν
1025 2085 1476 2164 Χαλκοπρατίων,
1511 2086 1599 2142 καὶ
1647 2084 1986 2159 τελουμένης

343 2182 443 2245 τῆς
486 2179 638 2253 ἱερᾶς
678 2175 1038 2251 λειτουργίας,
1092 2175 1414 2255 ὑποστρέφει
1456 2178 1483 2233 ὁ
1542 2174 1796 2254 βασιλεὺς
1838 2175 1990 2252 ἔφιπ-

342 2289 445 2332 πος
517 2270 653 2343 μετὰ
729 2270 939 2343 χρυσοῦ
1011 2266 1423 2342 σκαραμαγγίου
1494 2264 1842 2342 ἐμπράττως,
1897 2267 1986 2322 καὶ

340 2357 657 2430 προτίθεται
701 2355 1014 2431 κλητώριον
1091 2355 1177 2413 ἐπὶ
1239 2357 1557 2426 ἀποκοπτῆς
1613 2357 1886 2431 τραπέζης
1936 2355 1989 2412 ἐν

341 2451 420 2522 τῷ
478 2448 868 2505 Ἰουστινιανοῦ
941 2444 1226 2521 τρικλίνῳ,
1285 2446 1376 2502 καὶ
1461 2451 1838 2502 συνεστιῶνται
1913 2450 1994 2520 τῷ

345 2536 564 2615 βασιλεῖ
613 2538 664 2592 0".
730 2535 836 2592 ἀπὸ
893 2543 994 2607 τῆς
1045 2538 1354 2612 συγκλήτου
1412 2537 1626 2600 πάντες.
1667 2537 1993 2614 Εἰσάγονται

345 2624 404 2683 δὲ
456 2628 592 2702 μετᾶ
639 2630 748 2682 τῶν
795 2626 1014 2682 οἰκείων
1065 2625 1494 2704 σκαραμαγγίων
1547 2627 1636 2683 καὶ
1697 2627 1876 2701 μόνον.
1912 2629 1994 2702 Τῇ

348 2713 408 2773 δὶ
465 2713 1015 2792 τεσσαρεσκαιδεκάτῃ
1069 2719 1166 2771 τοῦ
1225 2716 1388 2773 αὐτοῦ
1448 2718 1620 2790 μηνὸς
1676 2715 1916 2773 τελεῖται
1958 2719 1994 2788 ἡ

347 2803 554 2880 ὕψωσις
600 2806 690 2861 καὶ
749 2804 1014 2884 ἐμφάνεια
1057 2808 1154 2861 τοῦ
1196 2805 1386 2882 τιμίου
1413 2806 1504 2861 καὶ
1539 2811 1814 2877 ζωοποιοῦ
1845 2827 2000 2863 σταυ-

345 2898 466 2971 ροῦ,
497 2896 588 2950 καὶ
638 2891 961 2974 ἀνέρχονται
1002 2895 1055 2950 οἱ
1113 2894 1364 2971 βασιλεῖς
1422 2891 1620 2970 ὄρθρου
1682 2897 1885 2971 βαθέος
1943 2897 1995 2954 ἰν

339 2987 420 3057 τῷ
445 2987 558 3056 ναῷ
598 2990 699 3054 τῆς
728 2984 913 3062 Ἀγίας
946 2982 1175 3062 Σοφίας,
1205 2985 1338 3041 ποτὶ
1385 2981 1442 3040 δὲ
1473 2984 1561 3040 καὶ
1594 2983 1699 3040 ἀπὸ
1730 2982 1957 3061 ἔσπέρας
1982 3005 1998 3021 ο

341 3072 434 3127 καὶ
480 3072 819 3146 τελουμένης
877 3079 976 3144 τῆς
1030 3071 1223 3146 τρίτης
1275 3073 1541 3149 ὑψώσεως
1587 3078 1686 3130 τοῦ
1729 3077 2000 3154 παναγίου

344 3159 536 3233 ξύλου,
585 3161 944 3238 κατέρχονται
1001 3159 1161 3218 αάλιν
1222 3160 1407 3219 οἴκαδε
1451 3162 1541 3219 διὰ
1586 3168 1695 3220 τῶν
1756 3162 2000 3221 διαϐατι-

339 3254 453 3307 κῶν
507 3250 560 3307 ἐν
598 3252 864 3328 πρώτοις,
894 3252 986 3308 καὶ
1035 3252 1372 3327 τελουμένης
1426 3261 1678 3332 παγανῆς
1734 3253 2000 3330 προελεύυ

2101 2014 2192 2053 res
2222 2003 2348 2054 tum
2381 2001 2708 2056 ascendunt
2744 2019 2978 2060 summo
3022 2021 3210 2074 mane,
3243 2005 3538 2063 interdum
3571 2007 3752 2065 etiam

2101 2092 2232 2159 post
2266 2104 2559 2160 vesperam
2593 2089 2950 2164 [vigiliarum
2985 2095 3485 2168 prmeedenttum],
3519 2096 3575 2152 in
3608 2102 3754 2154 tem-

2101 2175 2259 2248 plum
2279 2181 2336 2232 S.
2363 2178 2613 2250 Sophise,
2635 2187 2984 2255 peractaque
3008 2189 3174 2240 terna
3191 2186 3384 2242 crucis
3405 2185 3753 2244 exultatione

2103 2268 2322 2323 abeunt
2353 2285 2554 2326 rursus
2575 2272 2813 2327 domum
2845 2287 2946 2344 per
2977 2274 3237 2344 porticus
3266 2276 3532 2332 omnium
3552 2277 3750 2349 primi.

2106 2357 2476 2414 Processione
2490 2359 2762 2432 deinceps
2777 2378 3000 2434 pagana
3015 2363 3166 2419 intra
3179 2363 3456 2436 palatium
3472 2367 3752 2437 confecta,

2104 2448 2414 2520 exponitur
2432 2448 2759 2506 convivium
2787 2453 2842 2506 in
2867 2451 3186 2509 Justiniani
3209 2454 3577 2523 triclinio,ad
3601 2459 3752 2527 quod

2106 2535 2425 2594 invitamus
2445 2540 2664 2596 amicos
2687 2540 2931 2610 domini,
2956 2542 3160 2614 quales
3177 2544 3300 2614 jam
3326 2561 3481 2617 saepe
3499 2547 3755 2603 diximus

2107 2628 2175 2682 ad
2237 2628 2472 2700 publica
2514 2621 2654 2684 talia
2696 2630 2958 2686 convivia
2998 2631 3248 2687 invitari.
3298 2633 3758 2692 Introducuntur

2108 2731 2312 2772 omnes
2343 2718 2403 2772 in
2436 2719 2556 2773 suis
2597 2720 3022 2792 scaramangiis
3053 2725 3306 2779 tantum.
3341 2727 3538 2780 Mense
3559 2731 3752 2782 autem

2107 2804 2416 2862 Novembri
2450 2813 2809 2878 peraguntur
2839 2808 3129 2864 brumalia
3177 2812 3574 2881 dominorum,
3620 2813 3758 2870 ﬁni-

2108 2899 2277 2966 taque
2303 2902 2437 2969 post
2466 2897 2932 2970 uniuscujusque
2963 2897 3193 2970 [Leonis
3227 2911 3385 2972 puta,
3426 2903 3757 2975 Alexandri,

2109 2984 2504 3052 Augustorum
2519 2996 2566 3041 el
2583 2983 2724 3040 Zoes
2739 2986 3036 3058 Augustae]
3060 3002 3284 3044 arenam
3308 2990 3636 3062 vespertina
3649 2992 3760 3046 sub

2110 3070 2275 3128 taedis
2301 3072 2534 3140 eborea,
2568 3075 2782 3129 dantur
2809 3075 3156 3145 apocombia
3185 3076 3344 3132 haec:
3373 3077 3434 3134 in
3468 3079 3764 3136 brumalia

2115 3163 2342 3230 Leonis,
2363 3162 2663 3218 Christum
2697 3163 2950 3219 amantis
2977 3164 3223 3234 domini,
3248 3165 3374 3222 auri
3404 3166 3550 3222 litraa
3575 3168 3766 3241 vigin-

2113 3249 2151 3305 ti
2178 3268 2193 3318 ;
2231 3249 2558 3306 felicissimi
2589 3256 2786 3306 autem
2819 3249 3130 3307 Alexandri
3163 3253 3416 3326 Augusti
3449 3253 3600 3310 litrae
3634 3255 3763 3311 auri

343 3362 480 3406 σεως
509 3337 661 3397 ἔνδον
715 3343 817 3398 τοῦ
880 3342 1176 3414 παλατίου,
1223 3343 1540 3419 προτίθεται
1588 3343 1901 3418 κλητώριον
1945 3344 1997 3402 ἐν

2113 3339 2334 3408 decem,
2364 3340 2598 3395 tandem
2632 3341 2692 3396 in
2724 3340 3014 3396 brumalio
3049 3341 3228 3413 [quod
3258 3319 3462 3399 editur
3502 3344 3760 3418 nomine]

342 3433 840 3506 τῷἸουστινιανοῦ
898 3432 1184 3508 τρικλίνῳ,
1243 3433 1334 3489 καὶ
1389 3431 1471 3489 δεῖ
1528 3436 1678 3509 ἡμᾶς
1733 3435 2002 3511 συγκαλέ-

349 3523 538 3577 σασθαι
598 3520 674 3584 είς
733 3523 1066 3578 συνεστίασιν
1122 3527 1230 3578 τῶν
1287 3521 1555 3598 βασιλέων
1633 3523 1826 3604 φίλους
1866 3525 2004 3582 κατά

348 3611 444 3667 τὸν
474 3608 584 3683 ἤδη
625 3615 734 3667 τῶν
789 3611 1122 3689 κλητωρίων
1182 3610 1451 3691 λεχθέντα
1498 3612 1666 3670 τύπον
1698 3632 1712 3646 ·
1766 3615 1999 3693 είσοὶγειν

347 3697 406 3756 δὲ
460 3699 664 3764 πάντας
733 3702 869 3775 μετὰ
942 3706 1050 3758 τῶν
1131 3703 1350 3758 οἰκείων
1432 3706 1859 3783 σκαραμαγγίων
1909 3705 2001 3763 καὶ

348 3790 536 3864 μόνον.
573 3789 696 3848 Ἐπὶ
729 3787 787 3846 δὲ
841 3795 939 3846 τοῦ
1000 3792 1172 3865 μηνὸς
1219 3787 1531 3870 Νοεμϐρίου
1588 3793 1872 3851 τελοῦνται
1935 3797 2002 3852 τὰ

349 3879 671 3956 βρουμάλια
719 3887 828 3939 τῶν
869 3878 1174 3954 δεσποτῶν,
1205 3881 1298 3938 καὶ
1349 3881 1686 3958 τελουμένου
1744 3884 1827 3964 ἐφ’
1876 3884 2004 3943 ὲκάο

341 3990 472 4026 στου
500 3968 700 4041 κλήσει
740 3973 838 4025 τοῦ
887 3969 1138 4044 ἑσπερίου
1198 3976 1554 4050 φωτοφανοῦς
1614 3974 1868 4050 σαξίμου,
1921 3973 2002 4030 δί-

340 4056 526 4116 δονται
585 4054 902 4134 ἀποκόμϐια
955 4056 1122 4116 τάδε’
1184 4059 1273 4116 ἐ.πί
1345 4063 1438 4137 μὲν
1499 4067 1596 4118 τοῦ
1657 4064 2000 4140 βρουμαλίου

349 4149 576 4212 Λέοντος
599 4153 696 4204 τοῦ
728 4145 1096 4227 φιλοχρίστου
1129 4147 1396 4207 δεσπότου
1453 4157 1664 4231 χρυσοῦ
1701 4151 1884 4228 λίτραι
1914 4156 1960 4210 κ’
1987 4175 1999 4189 ·

341 4236 428 4295 ἐπὶ
479 4236 538 4295 δέ
583 4241 681 4294 τοῦ
738 4237 1006 4315 εὐτυχοῦς
1057 4237 1418 4311 Ἀλεξάνδαου
1483 4241 1798 4317 Αὐγούστου
1858 4263 1999 4318 χρυ-

339 4331 433 4384 σοῦ
463 4326 644 4404 λίτραι
678 4328 745 4383 ι”
797 4325 884 4382 ἐπὶ
935 4325 993 4382 δὲ
1037 4330 1138 4396 τῆς
1187 4323 1442 4390 εὐσεϐοῦς
1489 4331 1648 4401 Ζώης
1678 4331 1997 4408 Αὑγούστης

336 4421 545 4491 χρυσοῦ
589 4415 768 4492 λίτραι
811 4415 892 4486 η’⁶
932 4415 966 4470 ἃ
1021 4415 1112 4470 ubi
1154 4412 1500 4488 διανέμονται
1534 4417 1640 4474 ὑπὸ
1682 4423 1780 4475 τοῦ
1827 4421 1997 4498 μεγά-

2108 3427 2216 3499 pias
2245 3428 2385 3484 Zoes
2415 3430 2686 3500 Augustis
2721 3429 2848 3485 auri
2881 3429 3027 3485 litras
3053 3437 3203 3500 octo,
3238 3448 3366 3504 quas
3398 3433 3766 3490 distribuun-

2107 3525 2206 3572 tur
2229 3535 2264 3574 a
2296 3534 2503 3590 magno
2529 3521 2981 3591 protomagistro
3004 3525 3062 3576 et
3089 3538 3121 3576 a
3142 3519 3471 3579 clarissimo
3496 3523 3766 3581 articlino

2109 3609 2437 3665 secundum
2453 3609 2766 3666 formulam
2780 3609 3182 3669 codicillorum
3207 3613 3392 3669 nostri
3409 3613 3764 3685 collegiiﬂas

2109 3716 2246 3772 ergo
2271 3717 2476 3758 omnes
2495 3700 2734 3758 rituales
2754 3710 2807 3759 et
2825 3701 3117 3760 solemnes
3140 3703 3551 3760 anniversaria:
3572 3705 3768 3760 convi-

2110 3793 2367 3848 vationes
2396 3792 2710 3864 important
2741 3809 2943 3849 secum
2976 3793 3353 3866 peculiarem,
3397 3798 3461 3850 ut
3483 3794 3760 3862 diximus,

2111 3882 2378 3939 ordinem
2408 3883 2862 3940 cerimoniarum
2894 3881 3303 3938 convivalium.
3327 3882 3483 3940 453
3505 3885 3766 3956 Quapro-

2111 3976 2238 4044 pter
2266 3971 2440 4028 etiam
2473 3970 2579 4028 hos
2595 3986 2727 4028 cum
2760 3975 3031 4028 accurato
3063 3971 3484 4044 diligenterque
3506 3972 3577 4029 ab
3597 3989 3761 4030 erro-

2111 4061 2275 4118 ribus
2305 4065 2616 4133 repurgato
2647 4075 2919 4117 sermone
2943 4060 3001 4115 in
3040 4059 3358 4132 conspicuo
3389 4063 3767 4134 proposueri-

2111 4167 2244 4206 mus
2277 4153 2570 4207 memoriss
2596 4148 2781 4221 gratia
2810 4165 3176 4222 eorum,quas
3209 4167 3244 4207 a
3274 4151 3445 4208 nobis
3469 4169 3766 4225 peragun-

2108 4245 2204 4296 tur
2247 4241 2565 4313 peragique
2622 4244 2680 4296 et
2738 4239 3036 4296 observari
3096 4240 3330 4309 debent,
3381 4258 3660 4314 rogamus
3698 4243 3759 4301 in

2107 4332 2222 4387 fine
2253 4329 2447 4386 velitis
2490 4328 2665 4384 etiam
2725 4327 2818 4384 bis
2875 4328 3140 4386 animum
3194 4331 3512 4400 attendere,
3557 4347 3674 4403 quo
3705 4335 3764 4388 et

2106 4420 2450 4494 dignitatem
2509 4418 2735 4476 ordinis
2785 4417 2971 4475 nostri
3013 4419 3374 4477 conservatis
3422 4425 3480 4476 et
3509 4420 3758 4493 gloriam

334 4503 436 4562 λου
465 4506 960 4584 πρωτομαγίστρου
989 4505 1080 4560 καὶ
1109 4509 1206 4560 τοῦ
1246 4503 1469 4562 κλεινοῦ
1519 4507 1840 4585 ἀρτικλίνου
1888 4519 1987 4570 τοῦ

2107 4517 2434 4583 famamque
2467 4508 2768 4565 auferatis.

337 4602 626 4680 βασιλικοῦ
683 4605 819 4660 κατᾶ
881 4604 972 4660 τὸν
1023 4604 1423 4682 περιεχόμενον
1479 4607 1648 4664 τύπον
1697 4615 1796 4666 τοῦ
1843 4616 1962 4671 καθ’
2010 4618 2159 4692 ἡμᾶς
2216 4606 2527 4668 κονδακίου.
2573 4605 2742 4663 Αὗται
2801 4603 2892 4660 οῦν
2946 4610 3114 4662 πᾶσαι
3172 4606 3227 4662 αἱ
3277 4607 3499 4664 τυπικαὶ
3569 4628 3758 4685 περιο-

332 4692 501 4760 δικῶς
552 4693 846 4773 ἐρχόμεναι
913 4699 994 4769 τῷ
1051 4697 1239 4772 χρόνῳ
1311 4694 1538 4768 κλήσεις
1593 4697 1803 4774 εἷδικήν
1877 4726 1997 4763 τινα
2077 4706 2400 4780 εἰσάγουσιν,
2457 4699 2532 4763 ὡς
2587 4696 2809 4772 ἔφαμεν,
2866 4701 2972 4754 τῶν
3037 4696 3364 4773 κλητῶρίῳν
3440 4699 3611 4772 τάξιν.
3665 4701 3758 4757 Διὸ

331 4785 422 4842 καὶ
471 4786 670 4853 ταύτας
725 4788 802 4850 εἰς
870 4787 1179 4862 ὑπόμνησιν
1237 4792 1348 4845 τῶν
1409 4791 1524 4846 καθ’
1602 4793 1752 4866 ἡμᾶς
1821 4795 2165 4871 τελουμένων
2221 4793 2476 4872 ἐμφανῶς
2531 4791 2874 4866 ’προθέμενοι
2949 4789 3232 4863 ἀπταίστῳ
3295 4790 3446 4864 λόγῳ
3546 4789 3762 4863 αῖτησιν

336 4877 684 4955 προσάγομεν
715 4877 1006 4955 προσέχειν
1033 4879 1258 4943 ταύταις
1288 4877 1367 4944 εἷς
1398 4883 1558 4956 ἡμῶν
1591 4886 1923 4961 συντήρησιν
1955 4888 2046 4944 καὶ
2076 4885 2272 4950 κλέους
2305 4881 2462 4955 δόξαν
2499 4882 2545 4920 ¹³
2584 4885 2721 4957 (16).

937 4970 1197 5028 ΚΕΦΑΛ.
1239 4970 1364 5028 ΝΓ’.

335 5056 467 5129 Περὶ
517 5053 790 5135 διανομῶν
829 5060 947 5135 ’τῶν
1000 5051 1258 5135 εύσεβιῶν
1322 5062 1430 5135 τοῦ
1493 5059 1778 5135 βασιλέως
1823 5060 1876 5119 ἔν
1934 5085 1994 5121 τε

403 5128 528 5220 τοῖς
602 5128 970 5204 βρουμαλίοις
1044 5130 1135 5184 καὶ
1215 5128 1504 5206 στεψίμοις
1568 5134 1658 5188 καὶ
1725 5134 1990 5213 αὖτοκρα.

403 5219 636 5276 τοριαις.

399 5287 626 5362 Ἐπειδή
677 5310 820 5352 τινες
904 5294 1011 5347 τῶν
1089 5289 1144 5347 ἐν
1202 5290 1476 5367 ἀξιώμασι
1558 5291 1991 5371 διαπρεπόντων,

2749 4971 2907 5030 CAP.
2951 4972 3092 5029 LIII.

2104 5073 2184 5125 De
2238 5065 2632 5123 distributione
2685 5064 2910 5132 piarum
2967 5063 3334 5135 largitionum
3397 5065 3762 5133 imperatori:

2173 5146 2292 5196 tam
2321 5138 2382 5195 in
2421 5135 2737 5220 brumaliis,
2768 5151 2934 5207 quam
2972 5137 3032 5191 in
3075 5135 3359 5193 natalibus
3387 5136 3763 5194 coronalioni:

2172 5215 2224 5267 el
2253 5211 2500 5282 imperii.

2176 5301 2320 5366 Quia
2348 5316 2485 5357 vero
2516 5297 2761 5372 quidam
2795 5296 2852 5354 in
2885 5295 3276 5370 dignitatibus
3307 5298 3609 5356 constituti
3632 5298 3752 5356 avi-

1688 5413 1932 5473 VARl/E
1974 5415 2385 5473 LECTIONES.

405 5503 454 5542 υ
485 5507 816 5584 συντήρησιν
846 5502 1043 5571 κλέους
1074 5507 1164 5564 καὶ
1197 5505 1353 5584 δόξαν
1387 5511 1542 5584 conj.
1578 5513 1646 5570 Η.

1371 5610 1577 5670 JOAN.
1617 5614 1761 5670 JAC.
1803 5614 2066 5674 REISKII
2108 5612 2695 5675 COMMENTARIUS.

405 5704 712 5797 (16)Forte
739 5708 1203 5797 transponende
1236 5714 1377 5797 sunt
1422 5725 1608 5797 voces
1638 5709 1728 5797 καὶ
1765 5718 1822 5797 et
1849 5708 1982 5797 κλί-
2087 5719 2358 5797 nostrain.
2407 5714 2535 5797 Ant,
2568 5712 2736 5797 deest
2785 5709 3014 5797 aliquid
3061 5715 3195 5797 ante
3223 5710 3384 5797 ᾑμῶν
3415 5726 3468 5770 c.
3519 5725 3571 5770 ο.
3622 5706 3754 5767 δου-

337 5791 454 5850 ους,
488 5783 547 5834 in
572 5783 776 5836 nostra
821 5784 1289 5841 conservationem
1335 5785 1508 5854 fama:
1553 5793 1608 5842 et
1651 5786 1713 5842 in
1742 5785 1980 5857 gloriam

2091 5783 2261 5860 λείος,
2298 5783 2628 5860 ὑπουργίας,
2650 5783 2738 5843 vel
2771 5783 2969 5842 simile
2998 5783 3372 5842 vocabulum.
