4124 6382
359 393 516 452 1415

1415 381 1948 446 CONSTANTINI
1993 379 2696 443 PORPHYROGENITI

3618 387 3774 447 1416

357 520 624 579 diusoule
654 519 918 578 nummis
940 518 1239 576 inhiantes
1268 517 1423 574 rixas
1455 519 1610 574 circa
1642 514 2004 572 distributio-

2119 508 2444 587 λιχνοτέραν
2474 513 2571 583 τήν
2626 505 2804 590 ἔφεσιν
2863 515 2972 568 τῶν
3015 514 3322 589 χρημάτων
3389 512 3632 592 ἔχοντες,
3667 518 3772 591 ἀμ-

358 627 490 667 nem
517 612 787 666 datorum
812 624 1126 666 munerum
1163 607 1410 664 excitare
1435 607 1641 673 solent,
1668 611 1724 662 et
1755 618 2006 662 consue-

359 700 650 768 tudinem,
675 717 801 772 qua
835 699 908 756 ab
939 698 1202 772 antiquis
1231 698 1366 754 inde
1394 697 1753 769 temporibus
1784 696 1851 750 ad
1886 693 2006 748 hac

359 799 561 846 nostra
586 789 888 862 pertinuit,
921 794 1170 845 evertere
1211 789 1471 853 student,
1511 786 1802 859 agendum
1829 783 2003 840 etiam

356 879 464 936 hac
496 880 568 936 de
606 895 665 936 re
697 895 868 952 quem
903 896 936 935 a
980 877 1304 949 majoribus
1351 878 1631 933 traditum
1675 872 2006 945 accepimus

355 968 563 1025 litteris
594 969 939 1025 mandatum
972 973 1176 1041 typum
1209 971 1265 1023 et
1292 965 1598 1024 modulum
1630 964 1793 1022 vobis
1813 963 2004 1020 trada-

359 1058 707 1115 mus.0mne
727 1057 877 1114 enim
895 1057 966 1113 ab
979 1057 1329 1130 antiquitate
1349 1058 1613 1112 eminens
1627 1053 2005 1110 reverentiam

355 1149 447 1206 sui
478 1147 706 1204 incutit.
726 1147 924 1218 Neque
940 1148 1210 1203 addendo
1222 1143 1887 1217 vetustislargitionibus
1902 1158 2005 1197 no-

357 1255 490 1294 vare
503 1239 826 1310 quidquam
849 1236 1141 1308 volumus,
1157 1253 1346 1308 neque
1361 1237 1622 1292 minuere
1635 1238 1693 1290 et
1707 1234 2007 1290 decurtare

354 1328 495 1384 olim
540 1329 712 1383 facta.
763 1325 1009 1399 Oportet
1050 1327 1252 1398 itaque
1300 1323 1658 1392 articlinum,
1709 1323 1874 1393 cujus
1923 1324 2009 1376 est

351 1418 692 1491 largitiones
706 1417 1081 1484 distribuere,
1097 1422 1230 1472 ante
1252 1416 1452 1472 omnia
1466 1413 1846 1486 quantitatem
1872 1409 2008 1466 doni

355 1523 549 1574 nosse,
575 1507 711 1562 dein
743 1511 1011 1563 accurate
1041 1506 1402 1562 differentias
1434 1503 1786 1576 dignitatum
1808 1504 1864 1556 et
1887 1516 2010 1554 mu-

357 1613 563 1654 nerum
596 1597 805 1668 cuique
837 1594 1295 1666 competentium
1318 1593 1749 1666 proportionem
1783 1606 2010 1662 suppu-

357 1691 562 1752 tare,et
579 1689 808 1742 tandem
835 1690 976 1757 quot
1000 1686 1071 1741 de
1094 1699 1449 1756 unoquoque
1477 1682 1827 1754 dignitatum
1851 1680 2006 1736 ordi-

356 1793 430 1832 ne
461 1775 723 1832 muneris
757 1775 1063 1846 participes
1099 1773 1280 1829 futuri
1313 1773 1428 1828 sint
1461 1789 1474 1826 :
1507 1769 1732 1826 etiamsi
1767 1767 2006 1842 quidam

355 1881 557 1922 eorum
589 1865 907 1936 dignitates
939 1863 1135 1952 nullas
1167 1867 1379 1952 gerunt
1409 1862 1488 1934 [et
1520 1857 1856 1952 axiomatioi
1890 1874 2002 1952 non
2039 1888 2087 1952 B

357 1960 516 2021 sunt,
543 1959 738 2010 tamen
758 1953 827 2010 ad
853 1951 1186 2009 axiomatici
1208 1952 1458 2023 alicujus
1477 1949 1826 2024 obsequium
1844 1947 2011 2020 perti-

357 2044 636 2115 nent].Ita
647 2042 818 2100 classi
836 2043 1248 2114 magistrorum
1268 2042 2008 2110 accensereoportetrecto-

361 2150 480 2190 rem
513 2142 567 2190 et
597 2141 796 2190 zosten
828 2133 1157 2205 patriciam,
1206 2130 1552 2204 syncellum,
1599 2127 2006 2198 exmagistros,

359 2223 533 2280 vitam
567 2221 971 2281 monachalem
1004 2223 1280 2293 deinceps
1313 2219 1611 2290 amplexos
1641 2223 1699 2273 et
1730 2215 2009 2290 praeposi-

357 2318 486 2370 tum
515 2331 530 2382 ;
563 2313 701 2369 item
735 2311 1030 2385 privatum
1062 2309 1261 2382 magni
1296 2309 1481 2365 nostri
1513 2307 1730 2363 domini
1762 2322 2012 2378 paracm-
2047 2323 2050 2328 ·

362 2417 701 2458 momenum
750 2417 848 2457 seu
902 2399 1318 2456 accubitorem.
1353 2397 1539 2453 Classi
1591 2395 2007 2468 proconsulum

356 2491 659 2550 eunuchos
693 2489 986 2563 patricios,
1021 2489 1191 2544 classi
1226 2488 1578 2560 reliquorum
1625 2486 2002 2560 patriciorum

355 2579 634 2640 ofﬁciales
656 2579 716 2636 in
739 2579 862 2636 velo
887 2578 1267 2651 patriciorum
1292 2579 1666 2644 constitutos,
1686 2577 1742 2632 id
1769 2580 1859 2632 est
1881 2592 2007 2649 pro-

353 2671 750 2743 tospatharios
803 2669 1166 2742 praepositos,
1211 2669 1597 2724 domesticum
1647 2666 2005 2733 scholarum,

356 2759 1304 2832 domesticumpxcubitorum,prae
1315 2757 2009 2829 fectumUrbis,genicum

359 2867 460 2907 seu
523 2850 858 2922 praefectum
925 2848 1133 2912 azrarii,
1195 2847 1586 2914 sacellarium,
1646 2850 2008 2918 quaestorem,

361 2939 743 3012 drungarium
774 2938 1006 3011 vigiliae,
1041 2937 1549 3010 protovestiarium
1583 2935 1829 3006 domini,
1862 2951 2006 3006 pris-

357 3031 577 3088 fectum
611 3046 825 3086 mensas
856 3034 913 3085 et
943 3030 1175 3102 papiam
1207 3045 1488 3100 magnum
1521 3031 1696 3099 atque
1713 3025 2006 3083 hetaeriar-

356 3119 522 3176 cham
546 3117 1081 3191 protospatharium
1103 3119 1259 3175 454
1281 3116 1694 3185 eunuchum,si
1719 3124 1841 3171 tum
1867 3121 2008 3170 tem-

355 3208 510 3281 poris
539 3208 598 3264 hi
631 3209 744 3264 duo
795 3207 1074 3279 postremi
1103 3207 1162 3263 in
1195 3207 1474 3263 comitatu
1511 3205 1781 3262 existant.
1807 3202 2005 3259 Ordini

353 3296 722 3354 secretalium
767 3296 1106 3353 ofﬁcialium
1155 3295 1449 3352 accenseri
1493 3295 1706 3351 debent
1744 3291 2000 3350 eunuchi

353 3386 826 3459 protospatharii,
855 3386 1194 3458 primicerii,
1219 3386 1496 3443 ostiarius
1531 3394 1588 3441 et
1615 3384 1868 3457 judices,
1902 3382 2001 3439 sed

355 3476 414 3532 hi
447 3476 803 3532 iunctionem
835 3481 1168 3532 exercentes
1192 3480 1448 3531 tantum.
1472 3475 1557 3531 Ab
1587 3474 1792 3530 ordine
1815 3482 2002 3530 autem

355 3566 958 3640 protospathariorum
993 3581 1293 3621 secernere
1340 3569 1567 3636 oportet
1608 3564 1912 3620 ministros
1949 3567 2007 3619 et

353 3654 654 3726 praefectos
685 3653 1118 3726 chrysotriclini
1140 3659 1196 3710 et
1221 3653 1566 3726 maglabitas
1596 3660 1649 3709 et
1679 3654 2002 3710 articlinas.

352 3739 470 3798 Hos
501 3741 656 3797 enim
688 3742 850 3796 decet
881 3738 1015 3812 plus
1047 3739 1328 3810 accipere.
1362 3737 2004 3811 Spatharocubicularis

351 3846 730 3887 accensemus
751 3829 1395 3902 spatharocandidatos,
1417 3827 1775 3901 spatharios,
1800 3831 2007 3883 strato-

353 3937 465 3991 res,
501 3920 864 3990 candidatos,
899 3921 1303 3987 mandatores;
1337 3917 1602 3975 secretici
1618 3921 1812 3973 autem
1836 3924 2002 3974 nota-

352 4009 967 4066 riieximunlursolide
981 4008 1256 4064 omnibus
1278 4007 1519 4063 lausiaci
1540 4007 2004 4080 magistratibus.

355 4098 496 4155 Cum
529 4100 728 4170 itaque
751 4098 1068 4168 unicuique
1094 4096 1270 4153 classi
1292 4095 1703 4153 convenienter
1722 4101 2006 4170 supputa-

354 4187 496 4244 verit
525 4192 747 4260 partem
778 4186 1047 4243 muneris
1080 4185 1326 4253 laturos,
1356 4190 1497 4241 tunc
1527 4185 1694 4241 debet
1725 4202 1794 4241 ex
1825 4203 2006 4258 quan-

351 4275 518 4332 titate
574 4276 710 4331 doni
769 4275 1061 4331 calculum
1115 4273 1380 4331 beneﬁcii
1432 4273 1640 4344 cuique
1705 4273 2004 4329 individuo

354 4363 732 4436 competentis
754 4364 912 4420 hunc
935 4363 995 4419 in
1015 4363 1253 4419 modum
1278 4361 1443 4418 inire.
1461 4361 1704 4428 Quando
1726 4363 2008 4433 magister

351 4456 679 4527 portionem
712 4454 1210 4525 integram,quam
1236 4469 1369 4508 cum
1406 4451 1517 4508 alio
1540 4450 1703 4506 nullo
1735 4453 2004 4524 partitur,

351 4544 733 4617 accipit,e.c.,
770 4543 980 4615 viginti
1013 4559 1311 4613 nummos,
1343 4547 1484 4597 tunc
1516 4540 1728 4612 accipit
1757 4559 2003 4613 procon-

2115 595 2476 678 φισϐητήσεις
2514 601 2604 656 καὶ
2637 600 2841 676 λόγους
2880 601 3154 676 ἐγείρουσι
3187 603 3310 676 περί
3350 609 3451 673 τῆς
3503 601 3774 680 διανομῆς

2115 693 2225 745 τῶν
2283 687 2579 764 διδομένων
2622 689 2928 766 χρημάτων
2969 693 3059 746 καὶ
3110 693 3211 762 τήν
3260 691 3311 763 ἒξ
3355 694 3600 772 ἀρχαίων
3662 700 3772 750 τῶν

2116 775 2332 855 χρόνων
2429 778 2988 855 παρακολουθήσασαν
3080 783 3363 853 συνήθειαν
3460 783 3773 859 ἀνατρέπειν

2119 867 2523 940 σπουδάζουσι·
2587 872 2713 947 φέρε
2782 868 2848 940 δὴ
2910 872 3089 934 καθὼς
3157 869 3218 927 ἐκ
3271 878 3381 927 τῶν
3435 875 3541 949 πρὸ
3608 877 3771 948 ἡμῶν

2118 959 2402 1040 ἐγγράφως
2451 955 2836 1034 παρελάϐομεν
2882 962 3074 1030 τύπον,
3112 963 3204 1016 καί
3255 963 3384 1036 ὑμῖν
3429 961 3771 1037 παραδώσω-

2121 1071 2240 1122 μεν.
2304 1055 2412 1105 Ηᾶν
2469 1050 2575 1125 γὰρ
2649 1051 2712 1105 τὸ
2763 1049 3098 1125 ἀρχαιότητι
3148 1049 3404 1130 διαφέρον
3465 1050 3770 1128 αἰδέσιμον,

2119 1136 2240 1194 οὔτε
2298 1141 2620 1214 προσθήκην
2687 1144 2794 1195 τῶν
2865 1137 3036 1195 πάλαι
3095 1139 3375 1216 διανομῶν
3434 1149 3774 1221 καινουργεῖν

2117 1226 2462 1296 σπεύδοντες,
2533 1225 2653 1284 οὔτε
2737 1228 3035 1285 ἐλάττωσιν
3112 1235 3218 1286 τῶν
3305 1233 3771 1309 προπραχθέντων

2117 1321 2461 1394 ποιούμενοι.
2497 1325 2588 1374 Δεῖ
2615 1321 2718 1396 γὰρ
2769 1321 2860 1376 τὸν
2910 1317 3170 1395 διανομέα
3216 1327 3324 1378 τῶν
3358 1325 3624 1380 τοιούτων
3673 1324 3776 1400 ἀρ-

2115 1405 2369 1478 τικλίνην
2455 1409 2562 1485 πρό
2637 1431 2697 1484 γε
2776 1410 2990 1465 πάντων
3041 1411 3104 1466 τὸ
3161 1413 3330 1468 ποσὸν
3399 1421 3501 1483 τῆς
3570 1410 3780 1488 δωρεᾶς

2117 1496 2489 1572 ἐκμανθάνειν,
2539 1499 2628 1553 καὶ
2687 1500 2790 1554 εἷθ’
2843 1497 3017 1562 οὕτως
3076 1496 3460 1578 ἀκριϐολογεῖν
3514 1503 3610 1566 τὰς
3665 1508 3779 1560 τῶν

2118 1588 2443 1661 ἀξιωμάτων
2507 1586 2792 1668 διαφορὰς,
2847 1591 2932 1645 καὶ
2992 1591 3190 1666 ἑκάστῃ
3244 1592 3571 1667 ἀξιωμάτων
3629 1594 3778 1667 τάξει

2119 1680 2575 1754 συγκαταριθμεῖν
2632 1680 2760 1741 τοὺς
2819 1679 2987 1750 αὑτῆς
3052 1683 3346 1757 μετόχους,
3397 1682 3492 1738 κᾶν
3545 1683 3778 1740 ἐλαττο-

2119 1788 2203 1832 νες
2227 1773 2332 1822 τῶν
2372 1767 2694 1842 ἀξιωμάτων
2737 1769 3106 1844 τυγχάνουσι·
3158 1771 3248 1826 καὶ
3305 1777 3424 1836 τοῖς
3467 1773 3562 1845 μὲν
3615 1774 3783 1849 μαγί-

2118 1877 2301 1931 στροις
2361 1855 2784 1933 συγκαταλέγειν
2817 1855 2909 1913 τόν
2961 1880 3019 1914 τε
3078 1860 3339 1936 ῥαίκτορα
3395 1861 3489 1916 καὶ
3530 1864 3631 1932 τήν
3667 1869 3778 1933 ζω-

2117 1949 2246 2017 στήν
2293 1948 2606 2022 πατρικίαν,
2663 1948 2756 2002 τὸν
2815 1947 3118 2023 σύγκελλον
3177 1949 3266 2005 καὶ
3321 1950 3449 2014 τοὺς
3509 1951 3614 2006 ἀπὸ
3668 1972 3780 2024 μα-

2115 2038 2354 2113 γίστρων
2404 2033 2728 2110 μοναδικοὺς
2778 2040 2889 2111 (17)
2938 2037 3027 2093 καὶ
3088 2039 3182 2094 τὸν
3219 2040 3606 2114 πραιπόσιτον,
3659 2043 3775 2114 ἅμα

2117 2124 2175 2181 δὲ
2230 2127 2319 2182 καὶ
2376 2131 2454 2199 τῷ
2509 2125 2765 2199 οἷ’κειακῷ
2821 2134 3310 2203 παρακοιμωμένῳ
3365 2136 3462 2186 τοῦ
3525 2129 3774 2208 μεγάλου

2121 2219 2274 2290 ἡμῶν
2333 2215 2646 2292 βασιλέως’
2683 2216 2758 2277 εἷς
2828 2214 2885 2272 δὲ
2937 2221 3036 2288 τήν
3089 2222 3197 2274 τῶν
3259 2219 3579 2285 ἀνθυπάτων
3623 2220 3771 2292 τάξιν

2113 2309 2459 2382 συναριθμεῖν
2518 2307 2647 2370 τοὺς
2707 2306 3004 2383 εὐνούχους
3062 2308 3422 2383 πατρικίους.
3477 2309 3527 2365 ἐν
3592 2308 3650 2366 δὲ
3700 2313 3773 2384 τῇ

2111 2395 2255 2469 τάξει
2293 2397 2401 2450 τῶν
2435 2395 2650 2451 λοιπῶν
2681 2398 2983 2472 πατρικίων
3037 2401 3486 2473 συγκατατάττειν
3532 2401 3659 2463 τοὺς
3718 2399 3780 2455 ἐν

2110 2490 2190 2559 τῷ
2225 2485 2386 2560 βήλῳ
2415 2490 2523 2541 τῶν
2577 2486 2875 2561 πατρικίων
2934 2490 3297 2564 τεταγμένους
3352 2489 3772 2570 ὀφφικιαλίους,

2112 2575 2279 2653 ἤγουν
2321 2577 2448 2638 τοὺς
2508 2576 3028 2653 πρωτοσπαθαρίους
3091 2578 3182 2633 καὶ
3243 2581 3606 2656 στρατηγοὺς,
3642 2579 3774 2643 τοὺς

2111 2664 2640 2742 πρωτοσπαθαρίους
2685 2665 2773 2721 καὶ
2827 2669 3246 2740 πραιποσίτους,
3302 2670 3392 2724 τὸν
3441 2665 3772 2743 δομέστικον

2112 2759 2218 2809 τῶν
2303 2752 2551 2830 σχολῶν,
2617 2757 2709 2810 τὸν
2788 2751 3126 2826 ἐξκούϐιτον,
3169 2757 3260 2812 τὸν
3348 2758 3621 2834 ὕπαρχον,
3681 2759 3775 2814 τὸν

2112 2845 2457 2920 γενικὸν,τὸν
2511 2843 2894 2920 σακελλάριον,
2945 2846 3037 2902 τὸν
3082 2847 3372 2922 κυέστορα,
3421 2847 3514 2902 τὸν
3579 2845 3779 2923 δρουγ-

2111 2934 2296 3011 γάριον
2327 2941 2429 3003 τῆς
2470 2933 2695 3009 βίγλης,
2728 2935 2820 2990 τὸν
2869 2930 3367 3011 πρωτοϐεστιάριον
3418 2939 3517 2992 τοῦ
3570 2933 3767 2992 δεσπόο

2111 3045 2232 3094 του,
2291 3024 2384 3078 τὸν
2443 3030 2546 3093 τῆς
2630 3027 2926 3098 τραπέζης,
2979 3025 3092 3095 καὶ,
3153 3023 3203 3080 εἷ’
3255 3025 3503 3104 τύχοιεν,
3569 3027 3772 3088 παπίας

2116 3113 2283 3187 μέγας
2324 3113 2414 3168 καὶ
2473 3113 2859 3189 έταιρειάρχης
2911 3115 3404 3189 πρωτοσπαθάριος
3454 3115 3721 3194 εὐνοῦχος
3752 3133 3763 3145 ·

2119 3202 2171 3257 ἐν
2224 3199 2279 3257 δὲ
2333 3205 2402 3276 τῇ
2459 3201 2603 3271 τάξει
2679 3206 2787 3256 τῶν
2846 3206 3167 3278 σεκρετικῶν
3223 3202 3594 3282 όιρφικιαλίων
3654 3226 3776 3281 συγ⁴

2118 3295 2469 3368 καταριθμεῖν
2524 3293 2650 3354 τοὺς
2703 3291 2997 3367 εὐνούχους
3059 3293 3584 3369 πρωτοσπαθαρίους
3642 3315 3776 3368 πρι-

2120 3382 2414 3457 μικηρίους
2445 3381 2536 3436 καὶ
2569 3379 2877 3458 ὀστιαρῖους
2908 3381 2997 3436 καὶ
3029 3382 3157 3443 τοὺς
3189 3381 3534 3458 ἐμπράττους
3583 3383 3778 3458 κριτὰς

2113 3473 2204 3529 καὶ
2241 3471 2424 3546 μόνον.
2469 3471 2566 3527 Ἐκ
2596 3468 2652 3525 δὲ
2693 3477 2791 3541 τῆς
2847 3470 3048 3541 τάξεως
3107 3475 3214 3525 τῶν
3266 3472 3770 3546 πρωτοσπαθαρίων

2116 3561 2197 3618 δεῖ
2219 3559 2557 3617 διαστέλλειν
2588 3560 2714 3622 τοὺς
2757 3565 2855 3616 τοῦ
2911 3560 3369 3636 χρυσοτρικλίνου
3422 3561 3513 3616 καὶ
3566 3560 3774 3637 μαγλα-

2116 3647 2270 3714 ϐίτας
2336 3652 2426 3706 καὶ
2483 3648 2799 3726 ἀρτικλίνας
2826 3693 2837 3705 .
2873 3693 2886 3706 .
2924 3691 2939 3706 .
2975 3693 2989 3708 .
3025 3651 3220 3725 μικρὸν
3279 3649 3447 3706 πλέον
3500 3654 3773 3725 προτιμᾶ-

2117 3743 2258 3800 σθαι.
2301 3739 2442 3800 Τοὺς
2504 3737 2561 3795 δὲ
2616 3737 3224 3816 σπαθαροκανδιδάτους
3251 3784 3263 3797 .
3300 3785 3312 3798 .
3351 3784 3364 3798 .
3420 3745 3773 3816 συναριθμεῖν

2114 3837 2232 3894 τοῖς
2290 3825 3015 3908 σπαθαροκουϐικουλαρίοις
3087 3831 3221 3905 μετᾶ
3281 3836 3393 3886 τῶν
3449 3833 3772 3906 σπαθαρίων

2117 3923 2209 3977 καὶ
2242 3922 2550 3997 στρατόρων
2584 3920 2673 3976 καὶ
2718 3922 2810 3975 ἀπ’
2843 3921 3022 3976 αὐτῶν
3055 3920 3188 3984 τοὺς
3232 3919 3587 3986 κανδιδάτους
3638 3941 3778 3995 μαν-

2118 4009 2351 4085 δάτορας
2431 4008 2871 4086 συγκαταλέγειν,
2931 4008 3189 4081 δηλονότι
3262 4016 3370 4066 τῶν
3449 4014 3778 4086 σεκρετικῶν

2115 4099 2377 4175 νοταρίων
2435 4097 2901 4172 ὑπεξαιρουμένων
2957 4097 3016 4153 ἐκ
3062 4099 3277 4155 πάντων
3330 4104 3437 4154 τῶν
3493 4105 3591 4155 τοῦ
3638 4097 3779 4156 λαυ-

2118 4193 2306 4245 σιακοῦ
2373 4189 2676 4264 ἀρχόντων.
2722 4188 2825 4244 Καὶ
2900 4189 3064 4258 ἡνίκα
3148 4191 3341 4264 ἑκάστῃ
3415 4190 3778 4264 ἁρμοζόντως

2115 4280 2258 4349 τάξει
2299 4279 2424 4340 τους
2475 4277 2858 4354 συμμετόχους
2912 4277 3270 4353 ἐξαριθμῆσῃ,
3303 4279 3440 4334 κατὰ
3495 4280 3558 4334 τὸ
3604 4279 3776 4334 ποσὸν

2117 4372 2213 4425 τοῦ
2253 4365 2431 4442 δώρου
2460 4374 2560 4437 τῆς
2601 4365 2908 4444 εὓεργεσίας
2937 4370 3209 4422 ποιεῖσθαι
3241 4368 3335 4422 τὸν
3363 4366 3776 4442 συλλογισμὸν,

2118 4458 2192 4521 ὡς
2235 4455 2588 4533 λεχθήσεται.
2620 4455 2807 4514 Ἦνίκα
2855 4457 2956 4533 γὰρ
3009 4457 3035 4510 6
3081 4458 3375 4532 μάγιστρος
3414 4454 3621 4531 ἄτομον
3680 4479 3780 4512 τυ-

2117 4547 2218 4622 χὸν
2280 4542 2423 4620 λάϐῃ
2481 4552 2703 4621 μοῖραν,
2765 4545 2932 4601 οἱονεὶ
2991 4547 3055 4616 κ’,
3114 4544 3324 4622 ὀφείλει
3387 4541 3686 4619 λαμϐάνειν
3744 4547 3774 4601 6

350 4633 443 4690 sul
475 4608 800 4703 dimidiam,
831 4608 890 4688 id
935 4637 1025 4690 est
1063 4632 1260 4688 decem
1285 4608 1306 4700 ς’
1335 4638 1388 4686 et
1426 4608 1705 4702 patricius
1739 4608 1846 4687 hoc
1879 4631 2006 4704 ipso

2116 4636 2416 4696 ἀνθύπατος
2473 4636 2535 4691 τὸ
2591 4635 2764 4708 ἣμισυ
2814 4635 3039 4706 τούτου,
3105 4636 3422 4710 νομίσματα
3485 4637 3537 4694 ι’.
3596 4637 3652 4689 '0
3714 4633 3779 4690 δὲ

351 4739 470 4781 uno
501 4739 744 4780 nummo
760 4722 979 4793 minus,
1003 4722 1060 4778 id
1084 4726 1174 4779 est
1192 4737 1396 4777 novem
1423 4720 2006 4777 nummos.0fﬁcialis

351 4813 576 4871 bessem
609 4812 840 4885 accipit,
872 4813 930 4868 id
962 4815 1048 4868 est
1079 4827 1350 4867 nummos
1387 4825 1508 4866 sex.
1543 4811 2004 4882 Protospatbarii

350 4903 650 4976 simplices
679 4903 982 4976 accipiunt
1005 4900 1320 4957 dimidium
1354 4899 1504 4971 ejus,
1528 4899 1680 4971 quod
1724 4900 2004 4970 patricius

349 4993 582 5063 accipit,
605 4991 664 5048 id
681 5001 1062 5050 estnummos
1091 4995 1362 5063 quatuor.
1405 4988 1652 5044 Ministri
1690 4989 2004 5059 chrysotri-

347 5079 972 5154 clini,protospatharii
997 5081 1290 5154 maglabii,
1317 5084 1373 5136 et
1394 5079 1675 5136 articlinae
1708 5080 2007 5151 accipiunt

348 5181 548 5228 ternos
563 5187 840 5228 nummos
856 5175 1194 5247 plus,quam
1219 5172 1514 5246 simplices
1531 5173 2001 5244 protospatharii.

353 5258 988 5334 Spatharocubicularii
1019 5273 1072 5318 et
1103 5261 1685 5334 spatharocandidati
1714 5263 2008 5336 accipiunt

351 5355 470 5407 tres
493 5351 733 5422 quartas
757 5353 949 5418 partes
969 5351 1276 5422 ejus,quod
1303 5350 1778 5423 protospatharii;
1799 5369 2007 5427 nempe

2116 4727 2403 4800 πατρίκιος
2489 4723 2696 4804 ὀφείλει
2782 4724 3109 4781 ὑποπίπτειν
3187 4729 3267 4798 τῷ
3355 4725 3640 4798 ἀνθυπάτῳ
3698 4725 3767 4793 α’,

2110 4819 2197 4870 καὶ
2252 4809 2544 4888 λαμϐάνειν
2602 4813 2832 4887 νομίσμ.
2868 4815 2932 4882 θ’,
2965 4815 2992 4869 6
3053 4811 3111 4869 δὲ
3169 4812 3522 4892 ὄφφικιάλιος
3567 4815 3631 4869 τὸ
3690 4811 3768 4868 δί-

2117 4925 2309 4980 μοιρον
2373 4908 2472 4960 τοῦ
2525 4905 2812 4980 πατρικίου
2869 4903 3097 4977 νομίσμ.
3134 4905 3198 4975 ς’,
3229 4905 3279 4958 οἱ
3342 4901 3401 4958 δὲ
3441 4924 3775 4980 πρωτοσπα-

2115 4998 2295 5069 θάριοι
2327 4992 2469 5049 λιτοὶ
2503 4995 2564 5049 τὸ
2595 4993 2770 5066 ἥμισυ
2800 4997 2897 5048 τοῦ
2929 4994 3221 5069 πατρικίου
3254 4995 3490 5068 νομίσμ.
3527 4991 3604 5049 δ”
3638 5015 3776 5069 προ-

2113 5089 2382 5158 τιμῶνται
2434 5081 2490 5138 δὲ
2537 5085 2588 5138 οἱ
2635 5087 2733 5139 τοῦ
2782 5083 3250 5159 χρυσοτρικλίνου
3290 5084 3380 5138 καὶ
3413 5084 3468 5139 οἱ
3511 5088 3608 5139 τοῦ
3672 5104 3778 5157 μα-

2113 5170 2344 5252 γλαῦίου
2429 5173 2914 5250 πρωτοσπαθάριοι
2973 5174 3066 5229 καὶ
3139 5173 3192 5228 οἱ
3264 5171 3567 5248 ἀρτικλίνοι
3647 5174 3779 5248 ὑπὲρ

2113 5265 2242 5327 τοὺς
2314 5261 2505 5322 λιτοὺς
2578 5263 3108 5339 πρωτοσπαθαρίους
3190 5262 3425 5336 νομίσμ.
3474 5265 3544 5336 γ’,
3614 5262 3667 5318 οἱ
3717 5259 3777 5317 δὲ

2119 5347 2823 5430 σπαθαροκουϐικουλάριυι
2908 5351 2998 5408 καὶ
3085 5349 3644 5428 σπαθαροκανδιδάτοι
3709 5353 3775 5408 τὸ

1403 5509 1612 5567 JOAN.
1653 5511 1797 5570 JAC.
1841 5515 2100 5574 REISKII
2140 5514 2720 5574 COMMENTARIUS.

423 5658 540 5730 (t7)
595 5656 874 5730 Solebant
941 5667 1153 5730 nempe
1224 5670 1494 5730 proceres
1552 5658 1851 5730 Byzantini
1911 5669 2013 5720 aut

352 5724 538 5789 amoti
560 5728 632 5783 ab
656 5724 1165 5784 administratione
1197 5724 1529 5799 reipublicae
1550 5724 1616 5786 et
1624 5731 2012 5805 dignitatibus

2122 5665 2273 5750 eauti
2323 5667 2425 5750 aut
2468 5669 2861 5750 accepta.per
2908 5664 3156 5750 atat-em.
3191 5662 3437 5750 honesta
3473 5660 3776 5750 missione,

2121 5737 2254 5794 vitae
2285 5737 2541 5809 reliquos
2567 5736 2695 5794 dies
2723 5736 2782 5794 in
2814 5736 3192 5794 monasteriis
3223 5747 3588 5796 consumere.
