4124 6368
300 461 450 522 1417

1140 462 1240 521 DE
1283 460 1750 523 CERIMONIIS
1799 460 2034 522 AUL/E
2075 462 2546 524 BYZANTIN/E
2593 465 2737 527 LIB.
2786 466 2866 528 II.

3545 472 3701 532 1418

296 596 546 670 δίμοιρον
574 599 671 652 τοῦ
700 597 1191 671 πρωτοσπαθαρίου
1221 617 1269 652 ν.
1313 598 1382 670 γ’.
1437 596 1504 653 Οἱ
1545 592 1600 650 δὲ
1647 590 1930 650 κουϐικου-

2050 598 2248 652 ternos
2296 614 2588 655 nummos.
2635 599 3007 671 Cubicularii,
3058 603 3364 677 spatbarii,
3418 609 3700 666 stratores

295 684 506 762 λάριοι,
560 685 650 740 καὶ
709 685 1018 758 καθάριοι,
1089 685 1180 740 καὶ
1243 685 1532 759 στράτορες
1593 677 1934 756 λαμϐάνουσι

289 776 354 831 τὸ
383 773 558 847 ἥμισυ
579 778 677 830 τοῦ
697 775 1188 849 πρωτοσπαϐαρίου
1209 797 1254 830 ν.
1293 775 1358 849 β’,
1375 772 1436 828 δ’·
1472 773 1523 828 οἰ
1548 770 1604 827 δὲ
1625 769 1936 828 κανδιδάτοι

295 859 632 939 μαγλαόἷται
695 863 792 918 ἆνά
845 887 895 920 ν.
945 864 1007 926 ς’.
1059 865 1127 920 Οἱ
1168 861 1224 918 δὲ
1274 863 1572 937 σεκρετικοὶ
1623 860 1934 937 χαρτουλά-

292 975 400 1028 ριοι
454 952 544 1008 καὶ
591 953 835 1028 νοτάριοι
887 952 1254 1007 ὑποπίπτουσι
1308 958 1424 1014 τοῖς
1479 955 1573 1006 τοῦ
1641 950 1936 1006 λαυσιακοῦ

291 1042 579 1124 ἄρχουσιν,
608 1043 834 1105 ἕκαστος
865 1043 1001 1098 κατᾶ
1037 1044 1098 1097 τὸ
1139 1041 1281 1098 ’ἰδιον
1328 1042 1562 1116 ἀξίωμα,
1612 1042 1811 1116 τρίτον.
1865 1043 1932 1100 Οἱ

292 1136 349 1194 δὲ
387 1136 647 1218 ἄρχοντες
697 1142 795 1194 τοῦ
855 1137 1146 1212 βασιλικοῦ
1209 1137 1515 1212 βεστιαρίου
1568 1138 1932 1193 ὑποπίπτουσι

289 1227 379 1283 καὶ
429 1227 579 1282 αὐτοί
630 1227 765 1281 κατὰ
811 1228 904 1288 τὰς
949 1226 1152 1290 οἷιιείας
1201 1227 1349 1296 ἀξίας
1401 1227 1505 1282 ἀπὸ
1552 1231 1661 1282 τῶν
1724 1226 1934 1301 βασιλι-

288 1320 399 1372 κῶν
436 1321 533 1372 τοῦ
562 1314 859 1371 λαυσιακοῦ
889 1315 1024 1372 κατᾶ
1051 1319 1113 1372 τὸ
1146 1315 1394 1391 δίμοιρον
1433 1317 1595 1392 μέρος
1636 1321 1733 1371 τοῦ
1780 1337 1930 1391 πρω-

287 1405 548 1473 τοτὺπου,
583 1406 700 1460 οἷον
729 1407 781 1459 οἱ
812 1408 1290 1479 πρωτοσπαθάριοι
1333 1407 1439 1461 ἀπὸ
1490 1410 1598 1462 τῶν
1647 1406 1934 1460 οἷκειακῶν

290 1493 456 1549 λιτῶν
511 1493 1036 1570 πρωτοσπαθαρίων,
1095 1496 1158 1550 τὸ
1213 1493 1464 1570 δίμοιρον
1519 1517 1566 1551 ν.
1627 1496 1696 1570 γ’,
1745 1497 1835 1549 καὶ
1881 1496 1932 1549 οἱ

289 1581 848 1658 σπαθαροκανδιδάτοι
881 1589 988 1640 τῶν
1015 1589 1182 1658 τριῶν
1215 1586 1275 1639 τὸ
1327 1583 1577 1658 δίμοιρον
1627 1606 1672 1641 ν.
1727 1585 1794 1659 β’,
1845 1583 1935 1638 καί

288 1675 340 1729 οἱ
373 1673 660 1748 σπαθάριοι
693 1673 782 1728 καὶ
814 1671 1102 1748 στρσὶτορες
1131 1681 1239 1730 τῶν
1276 1671 1370 1728 δύο
1392 1676 1454 1729 τὸ
1487 1671 1842 1750 δίμοιρον.α“,
1865 1675 1935 1749 γ’,

289 1764 341 1818 οἱ
375 1760 430 1818 δὲ
460 1759 773 1818 κανδιδάτοι
822 1765 914 1838 ςγ“.
960 1762 1089 1841 φολ.
1132 1765 1198 1831 κ’,
1245 1763 1298 1818 οἱ
1340 1762 1397 1819 δὲ
1445 1761 1591 1818 λιτοὶ
1640 1765 1729 1818 καὶ
1778 1758 1935 1818 ἐϐδο-

289 1851 481 1927 μάριοι
525 1851 631 1907 ἀπὸ
685 1854 782 1923 ζς“,
830 1853 881 1907 οἱ
931 1851 988 1907 δὲ
1046 1853 1311 1928 ὑπουργοὶ
1364 1860 1462 1923 τῆς
1510 1851 1780 1928 τραπέζης
1839 1850 1934 1908 τοὺ

289 1941 559 2018 βασιλέως
599 1940 690 1997 καὶ
737 1948 837 2010 τῆς
888 1943 1210 2018 Αὑγούστης
1259 1943 1363 1997 ἀπὸ
1421 1944 1460 2012 ξ’
1509 1944 1721 2013 πάντες,
1772 1943 1824 1997 οἱ
1877 1940 1934 1997 δὲ

285 2027 376 2086 δια
431 2030 648 2093 πόλεως
699 2032 1185 2105 πρωτοσπαθάριοι
1235 2031 1342 2086 ἀπὸ
1390 2031 1618 2105 νομίσμ.
1671 2033 1737 2102 α’,
1783 2032 1832 2086 οἱ
1884 2029 1942 2086 δὲ

286 2116 844 2196 σπαθαροκανδιδάτοι
892 2119 1000 2174 ἀπὸ
1051 2121 1147 2189 ζς“,
1201 2121 1250 2174 οἱ
1303 2117 1360 2176 δὲ
1410 2122 1703 2196 σπαοάριοι
1778 2122 1942 2195 στρά-

283 2230 439 2283 τορες
499 2205 846 2283 λαμϐάνουσι
907 2209 969 2264 τὸ
1035 2210 1210 2282 ἤμισυ
1276 2213 1372 2264 τοὺ
1439 2211 1941 2285 πρωτοσπαθαρίου

284 2321 331 2356 ν.
368 2301 434 2374 β’,
470 2295 535 2365 δ’,
580 2299 632 2353 οἱ
665 2297 721 2353 δὶ
751 2295 1062 2353 κανδιδάτοι
1099 2293 1428 2374 μαγλαϐίται
1461 2298 1559 2353 ἀνὰ
1589 2321 1637 2356 ν.
1672 2300 1739 2368 ς’,
1782 2301 1832 2353 οἱ
1884 2297 1940 2355 δὶ

285 2387 586 2462 σεκρετικοί
659 2385 1061 2463 χαρτουλάριοι
1119 2389 1208 2442 καὶ
1267 2388 1513 2463 νοτσὶριοι
1570 2387 1939 2443 ὑποπίπτουσι

281 2483 397 2540 τοῖς
429 2482 526 2533 τοῦ
560 2476 856 2532 λαυσιακοῦ
887 2478 1177 2552 ἄρχουσιν,
1225 2477 1448 2538 ’ὲκαστος
1502 2477 1640 2532 κατὰ
1683 2478 1744 2532 τὸ
1795 2474 1936 2532 ἴδιον

283 2567 498 2641 ἀξίωμα
527 2589 576 2634 ν,
610 2570 679 2642 γ’.
712 2568 779 2625 Οἱ
812 2565 869 2622 δὶ
913 2572 1173 2642 ἄρχοντες
1227 2566 1324 2622 τοῖ’)
1377 2569 1668 2644 βασιλικοὺ
1723 2568 1937 2643 βεστια-

289 2657 406 2733 ρίου
441 2656 807 2712 ὑποπίπτουσι
857 2656 947 2710 καὶ
997 2657 1151 2711 αὐτοὶ
1203 2657 1340 2712 κατὰ
1386 2657 1481 2718 τὰς
1535 2656 1737 2721 οἰκείας
1793 2656 1940 2726 ἀξίας

283 2746 389 2800 ἀπὸ
421 2750 528 2802 τῶν
566 2743 869 2821 βασιλικῶν
899 2749 998 2800 τοῦ
1032 2744 1331 2800 λαυσιακοῦ
1389 2746 1523 2800 κατὰ
1567 2746 1631 2800 τὸ
1689 2743 1939 2819 δίμοιρον

285 2833 449 2908 μέρος
479 2838 578 2888 τοῦ
609 2833 994 2909 πρωτοτὺπου,
1056 2833 1107 2887 οἱ
1157 2830 1214 2888 δὲ
1264 2834 1576 2909 σπαοάριοι,
1628 2836 1936 2908 στράτορες,

282 2923 474 2980 ὑπατοι
505 2923 613 2980 ἀπὸ
647 2927 709 2994 ζ’,
759 2925 810 2980 οἱ
860 2922 918 2980 δὲ
965 2921 1275 2980 κανδιδάτοι
1341 2927 1662 3000 βεστήτορες
1706 2926 1811 2980 ἀπὸ
1860 2929 1934 3002 γ’.

280 3011 498 3069 Δίδοται
529 3011 586 3069 δὶ
624 3015 716 3069 καὶ
757 3011 860 3083 ἔξω
912 3014 1110 3069 τούτου
1151 3013 1210 3068 ἐκ
1252 3014 1360 3083 ’τῆς
1407 3015 1573 3083 αὐτῆς
1627 3015 1935 3086 ποσότητος

275 3107 356 3175 τῷ
428 3104 522 3176 μὶν
587 3098 1074 3178 πρωτοόεστιαρίῳ
1124 3106 1234 3177 (18)
1287 3147 1300 3160 .
1364 3147 1376 3160 .
1444 3149 1456 3162 .
1499 3104 1635 3158 κατὰ
1681 3106 1780 3173 τήν
1831 3125 1933 3159 πο-

279 3192 484 3260 σότητα
511 3196 618 3248 τῶν
650 3192 852 3268 λιτρῶν
897 3194 966 3264 τῇ
1024 3191 1184 3267 λίτρῃ
1243 3193 1312 3263 α’,
1363 3197 1442 3266 τῷ
1501 3190 1558 3248 δὶ
1613 3199 1712 3263 τῆς
1770 3214 1931 3248 κατα-

278 3282 516 3343 στάσεως
547 3304 596 3338 ν.
627 3283 694 3351 κ“,
726 3281 815 3337 καὶ
845 3287 924 3354 τῷ
956 3281 1216 3357 ὀστιαρίῳ
1246 3304 1294 3338 ν.
1337 3283 1403 3352 κ’,
1453 3287 1534 3354 τῷ
1574 3281 1724 3356 μέρει
1777 3283 1925 3339 Βεειέ-

275 3393 386 3426 των
419 3393 465 3427 ν.
501 3369 563 3440 δ’,
595 3375 673 3444 τῷ
707 3370 855 3446 μέρει
891 3369 1170 3438 [Ιρασίνων
1204 3393 1246 3425 ν.
1285 3368 1348 3440 δ“,
1381 3375 1460 3442 τῷ
1493 3373 1745 3446 ὀρχηστῇ
1793 3416 1805 3430 .
1851 3414 1863 3427 .

281 3457 630 3536 διατρέχουσι
662 3483 710 3516 ν.
743 3461 810 3536 γ“,
841 3466 957 3522 τοῖς
989 3457 1315 3535 μανδάτορσι
1346 3465 1443 3514 τοὺ
1475 3459 1770 3534 λογοθέτου
1795 3503 1808 3517 .
1855 3503 1868 3515 .
1915 3505 1928 3517 .

276 3555 395 3614 τοῖς
451 3549 794 3627 νομοφύλαξι
854 3551 973 3622 (19)
1017 3572 1065 3606 ν.
1127 3551 1196 3627 γ’,
1254 3551 1343 3604 καὶ
1389 3553 1468 3621 τῷ
1518 3547 1806 3625 ἀρτικλίνῃ
1849 3551 1930 3623 τῷ

281 3634 585 3710 διανέμοντι
635 3639 696 3693 τὸ
754 3633 1120 3711 ἀποκόμόιον.
1175 3638 1270 3694 Καὶ
1315 3641 1482 3693 ταῦτα
1537 3638 1631 3712 μὶν
1680 3636 1765 3693 ἐπὶ
1825 3645 1930 3708 τῆς

277 3732 382 3783 τῶν
421 3726 779 3804 βρουμαλίων
811 3725 1030 3802 δωρεῶν
1061 3725 1350 3800 διανομῆςσ
1380 3727 1431 3783 ἰν
1484 3725 1542 3783 δὶ
1586 3732 1703 3789 τοῖς
1747 3728 1930 3803 στεψί·

281 3839 407 3890 μοις
436 3821 545 3871 τῶν
589 3816 856 3892 βασιλέων
907 3817 997 3872 καὶ
1046 3822 1165 3880 ταῖς
1213 3817 1660 3894 αὑτοκρατορίαις
1714 3818 1930 3889 ὑπεξαι-

277 3912 498 3981 ροῦνται
532 3907 649 3965 ¹³.¹⁴
678 3907 870 3969 πάντες
901 3908 952 3962 οἱ
985 3911 1092 3963 τῶν
1122 3906 1383 3981 σεκρέτων
1409 3907 1806 3986 χαρτουλάριοι
1837 3907 1927 3962 καὶ

274 3995 520 4072 νοτάριοι
580 3995 670 4051 καὶ
726 3995 792 4052 τδι
855 3995 1037 4072 βεστία
1088 3997 1177 4052 καὶ
1239 3997 1533 4073 ὑπουργίαι
1589 3999 1676 4053 καὶ
1729 3998 1779 4052 οἱ
1840 3995 1928 4053 διὰ

262 4083 481 4150 πόλεως
533 4084 744 4150 πάντες.
797 4086 904 4142 Καὶ
953 4084 1157 4160 γίνεται
1218 4088 1253 4157 ἡ
1305 4084 1540 4160 διανομὴ
1595 4087 1670 4149 εἷς
1726 4088 1926 4160 μόνους

263 4176 393 4237 τοὺς
415 4178 689 4250 ἄρχοντας
731 4179 825 4232 τοὺ
885 4175 1211 4244 λαυσιακοῦ,
1281 4176 1393 4232 οἶον
1445 4175 1520 4238 εἰς
1577 4175 1923 4252 μαγίστρους,

265 4264 684 4338 πραιποσίτους,
743 4264 1109 4332 ἀνθυπάτους,
1175 4265 1514 4339 πατρικίους,
1592 4285 1925 4339 πρωτοσπα-

265 4352 508 4427 θαρίονς,
559 4353 651 4409 σὺν
708 4359 825 4414 τοῖς
896 4352 1183 4428 εὐνούχοις
1244 4353 1760 4428 πρωτοσπαθαρίοις
1829 4353 1916 4407 καὶ

267 4441 453 4515 μόνον·
510 4439 1120 4517 σπαθαροκανδιδάτοις,
1179 4441 1522 4515 σπαθαρίοις,
1583 4443 1672 4496 καί
1756 4442 1918 4516 crpi-

266 4551 436 4607 τωρες
469 4536 559 4587 καὶ
588 4529 952 4600 κανδιδάτοις,
1001 4532 1093 4586 καὶ
1145 4530 1220 4594 εἷς
1265 4530 1392 4593 τοὺς
1443 4530 1733 4608 λεχθέντας
1791 4529 1922 4605 ἔξω·

2050 685 2342 754 accipiunt
2371 687 2674 746 dimidiam
2707 692 2858 763 ejus,
2883 694 3036 764 quod
3070 695 3361 766 accipiunt
3393 701 3700 769 protospa-

2053 774 2250 844 tbarii,
2284 794 2494 850 nempe
2528 779 2697 836 binos
2727 797 2859 837 cum
2884 783 3076 839 tribus
3107 784 3472 854 miliaresiis;
3505 787 3702 843 candi-

2051 865 2173 920 dati
2207 867 2507 938 maglabiaa
2538 869 2836 942 accipiunt
2857 873 3328 930 senos.Secretici
3361 876 3700 932 chartularii

2050 956 2108 1010 et
2140 957 2346 1010 notarii
2381 957 2573 1014 ferunt
2595 975 2712 1014 una
2744 960 2915 1016 tertia
2939 967 3100 1033 parte
3124 963 3522 1037 minus,quam
3548 966 3700 1036 ejus-

2047 1043 2177 1098 dem
2210 1062 2408 1102 secum
2441 1048 2662 1105 ordinis
2696 1067 2961 1121 proceres
2986 1053 3184 1123 palatii
3208 1053 3701 1112 lausiaci.Eadem

2046 1132 2195 1188 ratio
2243 1140 2582 1193 cretei-orum
2633 1139 2889 1195 vestiarii
2942 1157 3249 1212 procerum
3311 1152 3573 1214 respectu
3626 1144 3703 1200 ad

2043 1224 2373 1281 vestiaritas
2406 1226 2668 1285 lausiaci.
2695 1230 2756 1284 E.
2790 1246 2842 1285 c.
2878 1229 3122 1287 lausiaci
3149 1233 3594 1304 protospatharii
3622 1235 3703 1290 {e-

2043 1320 2182 1368 runt
2211 1321 2551 1386 quaternos.
2588 1319 3047 1392 Protospatharii
3073 1322 3377 1378 domestici
3406 1322 3704 1395 simplices

2039 1409 2241 1464 ferunt
2271 1409 2716 1464 ternos.IIorum
2748 1414 3047 1466 ternorum
3071 1428 3190 1468 una
3217 1413 3391 1468 tertia
3415 1417 3578 1484 parte
3601 1413 3706 1469 mi-

2047 1507 2158 1547 nus
2189 1493 2380 1550 ferunt
2413 1496 3005 1566 spatharocandidati,
3032 1516 3241 1574 nempe
3276 1501 3699 1558 binos.Horum

2044 1581 2314 1638 binorum
2346 1601 2463 1640 una
2492 1587 2729 1659 gemina
2760 1592 2921 1660 parte
2952 1589 3150 1645 minus
3183 1591 3378 1646 ferunt
3408 1589 3702 1662 spatbarii

2044 1678 2096 1726 et
2128 1677 2431 1744 stratores,
2464 1675 2520 1731 id
2568 1681 2658 1734 est
2699 1678 2963 1748 singulos
3012 1695 3290 1736 nummos
3338 1695 3471 1735 cum
3514 1679 3702 1736 tribus

2042 1763 2400 1821 miliaresiis.
2434 1767 2740 1824 Candidati
2789 1769 2983 1825 ferunt
3013 1773 3181 1825 terna
3227 1769 3504 1837 miliaria,
3535 1767 3700 1826 folles

2042 1852 2274 1908 vicenos
2290 1871 2302 1920 ;
2321 1855 2622 1926 simplices
2644 1857 2936 1914 candidati
2959 1861 3016 1914 et
3037 1857 3400 1914 hebdomarii
3433 1855 3691 1914 miliare-

1972 1981 2017 2046 Β
2047 1941 2131 2040 sia
2161 1942 2580 2046 senaMinistri
2601 1936 2815 2001 mensas
2833 1947 3075 2018 Augusti
3099 1951 3157 2002 et
3177 1949 3454 2018 Auguste:
3491 1947 3704 2018 pariter

2054 2030 2280 2102 singula
2312 2032 2647 2089 miliaresia.
2681 2033 2896 2090 Urbani
2938 2035 3393 2108 protospatharii
3424 2052 3701 2093 nummos

2052 2118 2352 2191 singulos;
2387 2122 2965 2192 spatbarocandidati
2996 2124 3311 2182 miliaresia
3343 2141 3484 2182 sena
3511 2145 3525 2195 ;
3561 2142 3702 2198 spa-

2053 2208 2226 2264 tharii
2275 2215 2550 2268 stratores
2597 2213 2905 2269 dimidium
2957 2215 3430 2286 protospatharii,
3494 2229 3703 2285 nempe

2053 2312 2328 2355 nummos
2346 2301 2857 2370 binos,miliaresia
2871 2304 3361 2359 terna.Candidati
3378 2302 3703 2373 maglabita

2057 2403 2327 2444 nummos
2383 2407 2575 2445 senos.
2623 2391 2945 2447 Secretales
2990 2391 3331 2447 cbartularii
3381 2397 3436 2448 et
3468 2392 3702 2460 notarii,

2053 2477 2306 2547 quisque
2339 2495 2440 2549 pro
2465 2479 2684 2533 ratione
2715 2495 2838 2535 suae
2859 2480 3186 2549 dignitatis,
3209 2485 3406 2536 ternos
3427 2496 3704 2536 nummos

2051 2565 2250 2621 minus
2283 2568 2493 2636 terunt,
2517 2584 2691 2639 quam
2725 2567 3064 2624 cbartularii
3104 2572 3162 2625 et
3197 2569 3403 2624 notarii
3438 2569 3700 2629 lausiaci.

2050 2657 2268 2715 Pariter
2291 2657 2477 2713 ferunt
2495 2657 2744 2728 praefecti
2763 2657 2900 2728 regii
2919 2657 3203 2728 vestiarii,
3227 2660 3549 2715 secundum
3568 2675 3703 2714 suas

2048 2749 2289 2820 quisque
2319 2747 2970 2818 dignitates,dimoerum
2994 2749 3408 2820 suprascripta
3441 2747 3700 2820 origina-

2047 2839 2119 2895 lis
2143 2841 2341 2896 formas
2365 2838 2769 2908 minus,quam
2793 2837 2967 2894 iidem
2995 2838 3247 2910 praefecti
3271 2839 3413 2912 regii
3438 2838 3698 2895 vestiarii

2046 2930 2117 2986 ad
2149 2927 2471 2984 lausiacnm
2497 2927 2646 2984 455
2672 2926 2948 2998 palatium
2983 2928 3361 3000 pertinentes;
3387 2927 3695 3000 spatbarii,

2045 3025 2334 3084 stratores,
2363 3015 2635 3073 consules
2667 3016 2882 3073 miliar.
2915 3017 3167 3088 singula,
3201 3017 3497 3073 candidati
3529 3016 3701 3074 vesti-

2043 3111 2194 3164 tores
2223 3110 2600 3162 terna.Datur
2628 3109 2822 3161 autem
2845 3115 3004 3161 extra
3025 3105 3134 3162 hoc
3156 3121 3386 3180 quoque
3407 3122 3476 3162 ex
3496 3107 3701 3162 eadem

2045 3195 2369 3268 quantitate
2391 3194 2826 3268 protovestiario
2849 3195 3486 3268 quidem...secundum
3512 3213 3696 3268 quan-

2043 3286 2268 3340 titatem
2317 3283 2587 3339 litrarum
2640 3285 2706 3338 18
2754 3283 2889 3339 litra
2921 3285 2984 3352 1;
3021 3283 3422 3341 cerimoniario
3471 3284 3698 3340 nummi

1909 3413 1922 3428 .
1960 3345 2004 3412 (ἶ
2039 3374 2142 3442 20;
2175 3372 2412 3428 ostiario
2461 3371 2867 3440 tantumdem;
2904 3345 3142 3429 factioni
3192 3373 3414 3431 Venetae
3467 3373 3697 3430 nummi

2040 3464 2072 3517 4
2097 3481 2111 3531 ;
2139 3462 2386 3517 Ριιειεὶῐιω
2409 3461 2798 3517 tantumdem.
2824 3460 3508 3518 Saltatori...vernaculis
3534 3479 3700 3518 num-

2041 3553 2120 3608 mi
2177 3553 2245 3619 3;
2309 3551 2753 3606 mandataribus
2809 3550 3222 3622 lagotbetaa...
3284 3551 3696 3626 scenopbylaci

2041 3640 2346 3707 nummiS;
2370 3640 2651 3696 articlinas
2675 3639 3047 3697 distribuenti
3071 3642 3503 3713 apocombium.
3529 3641 3696 3720 Obti-

2039 3736 2138 3788 net
2159 3731 2252 3786 hic
2277 3731 2481 3786 modus
2497 3729 2555 3785 in
2575 3729 2984 3787 distributione
3006 3731 3232 3786 donarii
3250 3729 3689 3786 brumaliorum.

2036 3822 2109 3876 At
2129 3819 2189 3874 in
2210 3818 2504 3874 natalibus
2526 3818 2922 3874 coronationis
2944 3823 3000 3873 et
3027 3817 3247 3889 imperii
3278 3818 3616 3874 eximuntur
3635 3826 3691 3874 et

2039 3915 2262 3980 partem
2298 3909 2520 3964 nullam
2547 3908 2736 3962 ferunt
2760 3917 3113 3962 secretorum
3137 3906 3475 3962 cbartularii
3507 3912 3564 3963 et
3587 3923 3682 3964 no-

2035 3999 2214 4067 tiarii,
2247 4003 2303 4052 et
2335 3997 2432 4069 qui
2463 3998 2532 4052 ad
2570 3996 2932 4058 vestiarium,
2968 4001 3025 4050 et
3055 3995 3157 4066 qui
3191 3997 3262 4051 ad
3296 3997 3690 4054 ministerium

2036 4086 2386 4143 culinarium
2423 4085 2733 4156 pertinent,
2787 4091 2844 4140 et
2896 4084 3101 4141 urbani
3151 4101 3397 4153 omnes;
3430 4087 3692 4160 adeoque

2037 4177 2390 4247 participant
2417 4177 2485 4230 de
2537 4173 2950 4230 distributione
2989 4177 3364 4231 donariorum
3397 4182 3537 4231 tunc
3567 4176 3692 4232 dari

2033 4264 2339 4320 solitorum
2393 4268 2616 4318 tantum
2672 4280 2932 4334 proceres
2984 4264 3263 4333 lausiaci;
3307 4271 3371 4320 ut
3403 4265 3688 4338 magistri,

2033 4354 2350 4426 praepositi,
2386 4353 2787 4425 proconsules,
2821 4355 3069 4426 patricii,
3093 4353 3694 4426 protospathariibar-

2031 4443 2177 4510 bati,
2207 4442 2658 4515 protospatharii
2681 4444 2929 4500 eunuchi
2959 4462 2972 4512 ;
2997 4445 3101 4501 sed
3130 4443 3191 4501 bi
3222 4445 3330 4500 soli
3360 4448 3595 4501 tantum
3613 4446 3686 4502 de

2033 4548 2246 4604 genere
2274 4532 2676 4588 cunuchorum
2709 4551 2724 4602 ;
2758 4533 3357 4606 spatbarocandidati,
3381 4534 3689 4606 spatharii,

273 4616 562 4698 ϐρεματῶν
621 4625 736 4696 (20)
804 4615 1188 4695 ἀποκομῦίων.
1247 4622 1313 4680 Οἱ
1370 4620 1470 4697 γὰρ
1529 4625 1628 4676 τοῦ
1695 4615 1923 4676 κουϐου-

2044 4625 2322 4692 stratores,
2346 4621 2641 4681 candidati
2671 4630 2730 4680 et
2765 4622 2871 4692 illi,
2906 4623 3007 4696 qui
3037 4621 3428 4697 appellatione
3469 4616 3694 4697 ἰξώϐρε-

1611 4803 1860 4862 νΑΗΙίΕ
1898 4804 2199 4864 LECTION
2206 4805 2309 4863 ES.

347 4951 483 4996 ιιι-Μ
511 4949 913 5031 ὑφεξαιροῦνται
946 4952 1073 5008 cod.
1105 4955 1164 5008 et
1189 4951 1278 5009 ed.

1333 5095 1538 5154 JOAN.
1577 5096 1705 5154 JAC.
1743 5096 2000 5154 BElSKlI
2037 5097 2622 5158 COMMENTARIUS.

345 5268 458 5339 (18)
501 5267 600 5322 Hic
657 5270 715 5323 et
768 5264 1042 5339 deinceps
1097 5265 1323 5339 aliquot
1353 5265 1620 5339 versibus
1669 5265 1924 5339 evanida

502 5290 600 5322 UIO
657 5290 715 5323 δι
768 5290 1042 5336 υδιασυρι
1097 5290 1323 5339 ωιᾳιιοι
1353 5290 1620 5324 νοΓειυυδ
1669 5290 1924 5322 υνιωιιιω

278 5339 435 5463 :2ng
485 5355 554 5394 us
585 5344 639 5394 et
670 5341 957 5394 vetustate
989 5336 1191 5394 littera:
1223 5338 1334 5410 legi
1364 5337 1526 5394 nullo
1559 5338 1732 5394 modo
1764 5343 1926 5409 pote-

277 5426 380 5468 ιάη
390 5426 426 5463 ι.

348 5481 366 5554 (
410 5481 466 5554 9)
497 5483 756 5538 Fuerunt
796 5480 1174 5554 inlacunoso
1204 5480 1314 5554 hoc
1345 5480 1494 5548 loco,
1527 5497 1656 5552 qua:
1687 5479 1925 5554 egvesti-

319 5551 389 5608 iis
421 5551 723 5622 scriptura:
755 5553 1124 5623 sordidisque
1154 5553 1248 5608 hic
1271 5553 1380 5609 loci
1407 5551 1769 5608 membranis
1792 5568 1930 5608 ocu-

275 5571 472 5681 Forum
497 5630 552 5680 et
575 5625 788 5681 ingenii
813 5626 936 5680 acie
964 5624 1196 5681 assequi
1231 5630 1288 5679 et
1316 5632 1594 5681 exnutare
1619 5641 1731 5678 non
1753 5623 1929 5679 valui.

303 5641 472 5680 orum
497 5630 552 5680 et
575 5625 788 5696 ingenii
813 5626 936 5680 acie
964 5624 1196 5694 assequi
1231 5630 1288 5679 et
1316 5632 1594 5695 exputare
1619 5641 1731 5678 non
1753 5623 1929 5679 valui.

279 5697 428 5753 Sunt
451 5702 643 5752 tamen
677 5697 948 5767 quasdam
985 5697 1225 5754 lacunae.
1268 5712 1414 5766 quas
1446 5697 1518 5752 cl.
1553 5696 1839 5767 Draudius
1873 5696 1932 5751 in

275 5767 628 5851 Apograpbo
661 5765 874 5851 vacuas
890 5765 1301 5851 reliquerat,ei
1317 5769 1584 5851 obscuris
1609 5765 1868 5851 litterarii
1880 5783 1934 5823 in

279 5838 545 5913 vestigiis
599 5839 875 5896 restituta
932 5847 986 5896 et
1029 5839 1286 5910 expleto.
1340 5839 1402 5897 In
1454 5841 1670 5914 quibus
1716 5846 1771 5896 et
1814 5838 1935 5895 haec

563 5966 824 6026 PATROL.
873 5969 987 6026 Gn.
1035 5967 1218 6027 CXII.

2036 5274 2173 5350 sunt
2205 5271 2322 5350 τοῖς
2352 5265 2712 5350 νομοφύλαξ-ι.
2747 5269 3060 5350 Postrema
3108 5276 3226 5350 tres
3265 5274 3507 5350 syllabas
3540 5277 3697 5335 clare

2039 5344 2094 5394 et
2127 5343 2430 5466 Eerspicue
2461 5343 2838 5413 prostabant;
2875 5343 3067 5412 priora
3113 5349 3230 5408 τοῖς
3260 5343 3402 5418 νόμο
3459 5348 3697 5406 videbar

2040 5411 2118 5466 mi
2170 5411 2186 5466 i
2237 5411 2399 5466 quasi
2451 5428 2550 5466 ner
2597 5413 2870 5466 nebulam
2921 5414 3135 5466 videre-
3184 5434 3367 5466 nanus
3412 5424 3551 5466 nntn
3600 5437 3694 5466 mn

2040 5411 2186 5490 mibi
2237 5411 2399 5490 quasi
2426 5411 2550 5490 _p_er
2597 5413 2870 5490 nebulam
2921 5414 3155 5490 videre,
3184 5411 3367 5488 neque
3412 5424 3551 5490 puto
3600 5437 3695 5478 me

2041 5482 2390 5562 conjecturae
2422 5484 2629 5562 (slsum
2685 5485 2886 5562 fuisse,
2921 5482 3212 5562 quamvis,
3241 5482 3522 5562 quantum
3569 5508 3692 5547 me-

2043 5554 2212 5679 indui,
2245 5555 2407 5610 nulla
2435 5555 2494 5610 in
2525 5554 3175 5628 superioribus—mentio
3199 5554 3306 5618 Ιίἑι
3322 5563 3430 5616 τῶν
3454 5580 3694 5638 νομοφυ-

2083 5645 2250 5679 ακων.

2083 5645 2227 5678 ακων
2236 5670 2250 5683 ,

2117 5699 2229 5825 ἑῇς)
2264 5697 2383 5756 Non
2423 5715 2726 5772 assequor,
2774 5701 2915 5775 quid
2969 5701 3077 5760 hoc
3121 5704 3275 5760 vocis
3331 5703 3403 5760 sit
3449 5712 3503 5761 et
3552 5705 3694 5782 quid

2044 5785 2204 5825 νθιιῐ..

3294 5980 3371 6040 45
