4124 6378
436 421 591 485 1419

1479 410 2003 474 CONSTANTINI
2053 408 2744 472 PORPHYROGENITI

3699 409 3856 472 1420

431 555 992 633 μαδροοοωδίοιιυω
1012 552 1610 627 comprehenduntur.
1634 553 1713 606 Cu
1724 548 1897 605 biculi
1919 548 2064 604 enim

2188 543 2374 599 κλείου
2450 544 2642 606 πάντες
2720 541 3042 613 ἰδιαζόντως
3121 539 3188 598 τὰ
3261 537 3578 618 ἆποκόμϐια
3625 540 3846 619 λαμϐά-

427 649 696 707 homines
745 663 951 704 omnes
991 644 1238 701 seorsim
1284 643 1581 714 accipiunt
1625 644 1762 696 tunc
1803 637 2084 711 temporis

431 738 777 813 apocomhia
810 754 938 793 sua.

731 829 805 882 De
833 824 1224 882 consuetudine
1252 821 1532 877 articlinis
1561 821 1766 875 debita.

499 923 635 975 Post
664 917 961 987 expositas
986 915 1162 986 igitur
1192 913 1696 982 dignitatum,tam
1723 923 2079 978 earum,quai

427 1025 563 1066 cum
597 1007 1146 1077 insignibus,quam
1180 1018 1403 1067 earum,
1439 1016 1562 1070 quas
1597 999 1754 1054 nudo
1779 998 1948 1051 verbo
1970 996 2074 1050 tri-

427 1096 1078 1160 buuntur,differentias
1093 1092 1346 1162 majores
1362 1088 2076 1159 minoresque,incremen-

422 1193 480 1243 ta
510 1192 566 1241 et
587 1187 979 1248 decrementa,
1013 1180 1425 1237 introducendi
1457 1179 1528 1233 ad
1563 1193 1786 1232 sacram
1813 1190 2074 1231 mensam

421 1279 480 1332 et
510 1275 643 1330 inde
673 1288 878 1328 rursus
919 1270 1204 1328 educendi
1237 1269 1459 1335 modos,
1493 1267 1740 1339 agedum
1772 1265 2072 1319 tradamus

423 1381 582 1419 nunc
605 1361 1198 1435 quoquecompilatas
1220 1377 1283 1414 ex
1306 1358 1566 1428 antiquis
1586 1355 1749 1410 libris
1767 1359 2075 1409 consuetu-

427 1453 616 1520 dines,
652 1469 802 1524 quas
834 1452 1207 1520 imperatores
1229 1448 1348 1517 jam
1380 1464 1415 1501 a
1440 1445 1614 1514 longo
1639 1449 1899 1513 tempore
1928 1441 2076 1496 arti-

423 1543 596 1598 clinis
629 1543 1278 1612 assignarunt,quantas
1301 1546 1353 1592 et
1375 1554 1408 1590 a
1430 1536 1646 1607 quibus
1672 1536 1906 1588 dandas.
1934 1533 2072 1587 Pro-

424 1637 584 1687 mota
604 1631 802 1702 itaque
820 1636 980 1684 zosta
1005 1636 1103 1683 aut
1129 1627 1429 1697 magistro,
1454 1625 1747 1696 accipiunt
1775 1625 1846 1678 ab
1869 1638 2070 1677 eorum

419 1737 774 1793 unoquoque
807 1721 863 1774 in
901 1719 1242 1774 universum
1270 1718 1397 1788 [pro
1431 1721 1550 1770 toto
1582 1731 1689 1769 suo
1721 1712 2072 1784 corpore]vi-

419 1810 566 1882 ginti
601 1816 849 1881 quatuor
881 1823 1159 1863 nummos
1179 1821 1420 1871 aureos;
1453 1801 1744 1876 syncellus
1770 1808 2071 1872 promotus

418 1901 514 1956 dat
547 1900 690 1970 ipsis
723 1900 780 1954 in
815 1899 1151 1953 universum
1185 1895 1492 1950 duodecim
1528 1909 1758 1947 aureos.
1788 1892 2067 1946 Eunucho

417 1989 728 2046 barbatove
753 1988 820 2042 ad
852 1987 1218 2057 patriciatum
1244 1989 1563 2049 evecto,aut
1588 1983 1915 2036 renuntiato
1938 1997 2074 2051 quo-

418 2079 554 2133 dam
576 2074 1249 2147 proconsule,accipiunt
1271 2074 1342 2128 ab
1355 2088 1554 2126 eorum
1575 2071 2077 2141 unoquoqueduo-

419 2165 610 2223 decim
647 2182 944 2220 nummos.
996 2164 1220 2218 Pariter
1263 2179 1331 2216 ex
1379 2160 1664 2216 divisione
1723 2159 2074 2230 apocornbii,

420 2273 455 2328 q
471 2259 582 2312 uod
609 2273 805 2312 recens
827 2256 1152 2310 honoratus
1170 2251 1448 2323 patricius
1465 2251 1587 2315 dat,
1602 2250 1896 2320 accipiunt
1912 2266 2077 2304 num-

427 2361 557 2401 mos
587 2345 920 2400 duodecim.
972 2342 1149 2397 Electi
1200 2341 1458 2409 strategi,
1497 2343 1619 2393 tam
1671 2338 1727 2392 in
1779 2337 2073 2392 Orientem

427 2449 604 2502 quam
635 2432 693 2486 in
725 2431 1095 2486 Occidentem
1131 2427 1423 2494 mittendi,
1451 2427 1589 2481 dant
1623 2425 1766 2497 ipsis
1801 2440 2073 2480 nummos

425 2521 757 2577 duodecim.
801 2521 888 2587 Et,
939 2521 983 2574 si
1015 2519 1194 2589 [ultra
1241 2533 1460 2572 annum
1506 2516 1566 2570 in
1614 2531 1718 2569 sua
1767 2513 2072 2586 dignitate]

422 2614 701 2666 maneant
734 2609 954 2680 absque
976 2622 1334 2670 successore,
1359 2608 1596 2676 ,quoties
1620 2619 1820 2674 rogam
1845 2619 1944 2657 seu
1970 2603 2071 2658 sti-

424 2699 700 2770 pendium
717 2699 968 2754 militare
993 2695 2071 2769 accipiuntOrientales,dantnummos

423 2789 910 2860 duodecim,quod
939 2788 1110 2842 etiam
1136 2785 1544 2852 faciunt,456
1568 2783 1797 2854 quoties
1831 2781 1976 2853 ipsis
2009 2783 2070 2837 in

416 2879 886 2951 provmciasjam
913 2877 1122 2931 delatis
1145 2885 1196 2930 et
1222 2876 1299 2930 ibi
1322 2875 1632 2944 agentibus
1651 2890 1796 2944 rogas
1823 2873 2068 2926 mittun-

414 2973 557 3026 tur:
592 2967 990 3024 Occidentales
1040 2973 1233 3022 autem
1293 2965 1660 3020 tantumdem
1718 2963 1862 3033 ipsis
1903 2962 2067 3030 dant,

418 3060 650 3130 quoties
675 3059 730 3112 in
756 3060 957 3113 urbem
987 3059 1200 3129 regiam
1225 3055 1700 3123 intrant,etiamsi
1728 3069 1926 3124 rogam
1954 3070 2066 3109 non

421 3149 771 3218 acceperint.
806 3149 1044 3202 Crestus
1078 3164 1179 3219 pro
1207 3146 1332 3202 loco
1365 3151 1673 3216 strategus,
1700 3151 1800 3199 aut
1824 3144 2067 3199 cleisur-

417 3237 617 3306 archa,
635 3243 1030 3307 autcatepano
1055 3253 1157 3290 seu
1183 3233 1946 3306 capitaneusPapblagoniae
1969 3234 2067 3288 dat

2193 655 2398 692 νουσιν.

2515 816 2644 888 Περὶ
2677 813 2960 885 συνηθείας
2992 817 3101 868 τῶν
3133 813 3489 888 ἀρτικλινῶν.

2263 905 2276 929 ν
2399 903 2412 922 \
2471 902 2513 922 τις
2595 904 2607 919 ι
2701 902 2723 920 κ
2761 904 2775 922 \
2891 909 2912 918 -
3134 899 3163 928 ρ
3438 905 3453 923 \
3583 907 3596 925 ι
3716 904 3728 926 σ

2285 906 2414 960 Επει
2468 923 2524 959 οε
2552 925 2646 966 τας
2697 923 2784 958 οια
2847 925 2953 958 των
3023 905 3296 978 βραοείων
3365 926 3454 959 και
3516 903 3607 961 δια
3663 905 3848 980 λογων

2190 997 2639 1072 προσγινομένων
2699 996 2865 1066 ἀξιῶν
2915 993 3204 1070 διαιρέσεις
3266 999 3356 1052 καὶ
3422 995 3850 1073 ὑποδιαιρέσεις,

2190 1081 2364 1158 αὔξεις
2393 1107 2451 1140 τε
2481 1085 2570 1139 καὶ
2615 1086 2886 1159 μειώσεις,
2929 1084 3298 1159 προσκλήσεις
3345 1108 3403 1142 τε
3450 1086 3542 1141 καὶ
3592 1089 3850 1161 ὑποκλη-

2188 1196 2317 1240 σεις,
2381 1174 2456 1236 εἷς
2507 1175 2814 1254 τούμφανὲς
2868 1173 3226 1248 ἐποιήσαμεν,
3294 1175 3420 1253 φέρε
3481 1174 3546 1246 δὴ
3597 1178 3688 1232 καὶ
3745 1183 3844 1242 τὰς

2185 1259 2418 1320 ἔκπαλαι
2467 1264 2596 1328 τοὺς
2643 1263 2961 1339 ἆρτικλίνας
3007 1265 3152 1340 παρὰ
3200 1270 3306 1321 τῶν
3366 1265 3634 1341 βασιλέων
3687 1269 3846 1323 ἐκτυ-

2184 1353 2454 1414 πωθείσας
2489 1353 2794 1424 συνηθείας,
2827 1352 2916 1407 καὶ
2962 1351 3022 1408 ἐκ
3073 1353 3233 1409 τίνων
3287 1355 3600 1429 προσώπων
3648 1358 3849 1420 ταύτας

2187 1440 2396 1497 διδόναι
2445 1443 2630 1503 αὐτοῖς
2689 1442 2989 1520 ήφορίσθη,
3040 1442 3098 1498 ἐκ
3145 1448 3252 1498 τῶν
3299 1444 3675 1520 ἀρχαιοτέρων
3723 1445 3846 1521 ἐρα-

2182 1534 2459 1606 νισάμενοι
2517 1530 2648 1605 τῇδε
2689 1537 2758 1606 τῇ
2817 1535 3000 1610 γραφῇ
3060 1531 3459 1608 παραδοίημεν.
3509 1530 3847 1610 Ηροϐαλλο-

2185 1624 2353 1695 μένης
2394 1624 2498 1697 γὰρ
2554 1627 2765 1691 ζωστῆς
2815 1623 2849 1691 ἤ
2903 1623 3230 1699 μαγίστρου,
3282 1621 3491 1678 δίδοται
3552 1624 3735 1687 αὐτοῖς
3791 1625 3842 1694 ἐξ

2182 1713 2410 1767 ἑκάστου
2451 1711 2626 1766 αὐτῶν
2671 1712 2913 1782 καθαπαξ
2961 1733 3009 1768 ν.
3062 1711 3161 1767 κδ’.
3215 1712 3551 1786 Τιμωμένου
3603 1712 3659 1769 δὲ
3713 1737 3843 1790 συγ-

2183 1800 2410 1872 κέλλου,
2464 1801 2674 1856 δίδοται
2738 1801 2925 1862 αὐτοῖς
2985 1804 3244 1872 συνήθεια
3303 1805 3436 1878 παρ’¹
3492 1803 3657 1859 αὐτοῦ
3712 1807 3846 1860 καθ-

2187 1893 2323 1962 άπαξ
2354 1912 2401 1946 ν.
2449 1892 2542 1966 ιβ“,
2577 1891 2955 1965 Ἀναγομένου
2989 1888 3045 1946 δὲ
3072 1891 3338 1966 εὐνούχου
3441 1888 3716 1968 βαρϐἀτου
3765 1895 3845 1957 είς

2188 1981 2610 2052 πατρικιότητα,
2643 1983 2677 2051 ἢ
2720 1979 3028 2036 ἀνθυπάτου
3065 1983 3362 2055 γενομένου
3410 1984 3579 2052 τινὸς,
3633 1980 3844 2039 δίδοται

2189 2071 2373 2133 αὐτοῖς
2405 2071 2455 2141 ἐξ
2488 2072 2714 2125 ἑκάστου
2764 2070 2939 2125 αὐτῶν
2987 2094 3032 2129 ν.
3091 2073 3183 2145 ιβ’,
3231 2071 3438 2144 ὁμοίως
3490 2072 3580 2127 καὶ
3639 2072 3698 2128 ἐκ
3741 2081 3847 2144 τῆς

2189 2158 2454 2233 διανομῆς
2486 2164 2581 2214 τοῦ
2611 2155 2850 2233 κομϐίου
2881 2164 2977 2214 τοῦ
3011 2157 3302 2233 διδομένου
3331 2162 3476 2234 παρὰ
3505 2166 3601 2217 τοῦ
3648 2183 3840 2236 τιμω-

2190 2251 2349 2323 μένου
2381 2249 2671 2325 πατρικίου
2707 2244 3079 2324 Λαμϐάνουσιν
3109 2251 3342 2324 νομίσμ.
3379 2252 3468 2325 ιβ’.
3503 2252 3570 2309 Οἱ
3612 2248 3668 2307 δὲ
3716 2271 3840 2326 χει-

2187 2339 2577 2414 ροτονούμενοι
2617 2339 2918 2416 στρατηγοὶ
2959 2336 3009 2394 ἔν
3066 2361 3122 2394 τε
3179 2345 3248 2414 τῇ
3305 2339 3578 2406 ’Δνατολῆ
3627 2343 3716 2396 καὶ
3765 2347 3838 2416 τῇ

2185 2428 2341 2484 Δύσει
2380 2428 2715 2504 παρέχουσιν
2747 2429 2934 2490 αὐτοῖς
2967 2429 3067 2484 ἀνᾶ
3095 2451 3326 2503 νομισμ.
3383 2430 3471 2506 ιβ’.
3523 2431 3587 2487 Εἰ
3639 2429 3698 2486 δὶ
3745 2434 3840 2487 καὶ

2185 2516 2482 2591 ἐπιμένωσι
2535 2520 2820 2593 στατηγοὶ,
2880 2519 3068 2582 ὁσάκις
3120 2517 3179 2573 ἄν
3229 2518 3585 2595 ῥογευθῶσιν,
3639 2522 3692 2575 οἱ
3747 2523 3843 2595 μὲν

2182 2606 2496 2662 ἀνατολικοί
2525 2604 2624 2661 ἄνό.
2653 2607 2878 2680 νομίσμ,
2926 2608 3019 2681 ιβ’,
3051 2609 3147 2662 κᾶν
3195 2610 3341 2683 τάχα
3390 2608 3613 2685 τύχοιεν
3655 2610 3730 2671 εἰς
3781 2610 3846 2664 τὸ

2184 2693 2323 2751 ἴδιον
2367 2697 2528 2769 θέμα,
2560 2698 2657 2765 τὴν
2694 2696 2857 2771 ῥόγαν
2889 2694 3065 2751 αὒτῶν
3097 2697 3494 2762 ἀποσταλῆναι.
3537 2700 3604 2756 Οἱ
3639 2696 3695 2754 δὶ
3742 2701 3846 2768 τῆς

2183 2783 2385 2846 δύσεως
2415 2785 2505 2838 καὶ
2550 2785 2625 2858 μή
2680 2785 3060 2859 ῥογευόμενοι,
3117 2784 3303 2847 ὁσᾶκις
3344 2786 3405 2841 ἄν
3458 2785 3510 2843 έν
3553 2793 3624 2862 τῇ
3677 2789 3839 2861 βασι-

2183 2875 2415 2947 λευούσῃ
2444 2879 2550 2927 τῶν
2594 2873 2811 2928 πόλεων
2863 2874 3225 2945 έπανέλθωσι,
3274 2875 3610 2955 παρέχουσιν
3651 2876 3837 2939 αὐτοῖς

2180 2963 2279 3018 ἆνᾶ
2334 2985 2564 3035 νομισμ.
2621 2965 2712 3037 ιβ’.
2777 2961 3258 3038 Προϐαλλομένομ
3305 2963 3362 3020 δὲ
3418 2965 3477 3020 ἐκ
3533 2968 3831 3040 προσώπου

2179 3052 2555 3128 στρατηγοῦἣ
2607 3051 3060 3128 πλεισουράρχου
3109 3056 3143 3124 ἢ
3194 3055 3480 3110 κατεπάνω
3525 3057 3829 3133 Παφλαγω·

2177 3143 2315 3206 νίας,
2353 3138 2560 3195 δίδοται
2593 3141 2782 3201 αὐτοῖς
2815 3140 2866 3212 ἐξ
2895 3143 3120 3198 ἑκάστου
3153 3144 3331 3198 αὐτῶν
3365 3143 3464 3198 ἀνᾶ
3493 3145 3725 3219 νομίσμ.
3754 3145 3804 3214 η’

2177 3232 2270 3286 καὶ
2307 3231 2494 3294 ὁσάκις
2558 3229 2883 3293 εἶ’σελθόντις
2935 3232 3255 3308 ῥογευθῶσι,
3307 3232 3472 3288 πάλιν
3517 3236 3620 3302 τήν
3671 3234 3838 3303 αὐτὴν

415 3341 692 3380 nummos
715 3325 1052 3380 octo.lidem
1080 3324 1303 3395 quoties
1330 3323 1384 3376 in
1407 3323 1610 3376 urbem
1643 3323 1851 3376 reversi
1871 3338 2064 3392 regam

2179 3321 2457 3390 ποσότητα
2490 3320 2823 3394 παρέχουσιν
2857 3307 3061 3381 αὐτοῖς,
3096 3323 3163 3378 Οἱ
3214 3318 3271 3376 δὶ
3322 3321 3692 3399 όφφικιάλιοι,
3735 3325 3832 3378 κᾶν

413 3415 763 3484 acceperint,
812 3415 1166 3468 tantumdem
1201 3429 1409 3467 rursus
1441 3414 1582 3466 dant
1613 3409 1913 3475 ofﬁciales,
1945 3409 2064 3465 sive

410 3512 614 3572 praeter
637 3519 809 3557 suum
827 3504 1082 3556 ofﬁcium
1105 3501 1558 3573 protospatharii
1577 3517 1809 3571 quoque
1827 3499 2058 3570 fuerint,

409 3591 533 3648 sive
568 3608 705 3658 non,
732 3608 764 3645 a
785 3593 1086 3659 praeposito
1108 3591 1241 3643 inde
1265 3589 1716 3659 scholarumque
1740 3591 2062 3645 domestico

405 3696 597 3751 usque
627 3678 702 3734 ad
736 3678 1269 3750 protospatharium
1306 3676 1698 3748 imperialium
1732 3676 2060 3743 hominum,

406 3770 552 3824 dant
584 3770 764 3824 semel
791 3768 1040 3841 quisque
1067 3784 1164 3837 pro
1189 3783 1248 3822 se
1275 3765 1578 3821 duodecim
1605 3765 2064 3821 nurnmos.Reli-

405 3861 506 3930 qui
540 3858 823 3914 ofﬁciales
844 3874 1045 3914 omnes
1069 3857 1344 3926 deinceps
1370 3871 1556 3926 usque
1577 3855 1646 3908 ad
1670 3853 2057 3909 domesticum

405 3946 806 4019 imperialium
830 3947 1399 4017 dantunusquisque
1418 3961 1518 4015 pro
1546 3950 2060 4014 suapersonaocto

407 4036 1101 4091 nummos.Tantumdem
1127 4034 1226 4090 dat
1249 4033 1633 4100 eunuchus,si
1658 4033 2061 4104 protospatha-

405 4125 533 4180 rius
549 4124 623 4179 ﬁt.
637 4125 1009 4181 Primicerius
1025 4122 1510 4196 [candidatorum]
1527 4121 1907 4177 autostiarius
1921 4123 2062 4176 dant

407 4214 623 4285 pariter
655 4230 755 4270 sex
783 4229 1080 4269 nummos.
1103 4211 1486 4267 Tantumdem
1508 4212 1649 4266 dant
1677 4211 1947 4280 magister
1967 4227 2058 4266 ar-

406 4302 686 4358 mamenti
718 4319 819 4358 seu
871 4303 1160 4374 apothecae
1203 4316 1523 4363 armorum,
1557 4305 1927 4355 mensurator
1957 4317 2056 4355 seu

401 4397 671 4460 metator,
697 4396 930 4447 curator
950 4390 1240 4457 villarum,
1266 4389 1606 4444 chartularii
1633 4389 1822 4443 dromi
1843 4406 1944 4444 seu
1959 4389 2057 4444 citi

399 4497 605 4537 cursus
631 4479 1649 4551 publici,actuarius,protonotarius
1672 4478 2060 4544 dromi,char-

395 4570 595 4625 tularii
621 4570 857 4638 stabuli,
871 4569 1090 4640 epictes
1113 4584 1212 4623 seu
1238 4567 1507 4624 incitator
1523 4583 1761 4638 operaru
1774 4570 2054 4633 m,dome-

2175 3430 2233 3464 τε
2264 3413 2332 3483 τῇ
2363 3413 2470 3463 τῶν
2522 3411 3029 3484 πρωτοσπαθαρίων
3079 3410 3400 3484 τετίμηνται
3451 3412 3588 3484 ἀξίᾳ,
3633 3414 3728 3467 κᾶν
3775 3434 3838 3468 τε

2174 3502 2260 3554 καὶ
2299 3500 2400 3569 μή,
2433 3498 2537 3552 ἀπό
2569 3519 2626 3552 τε
2657 3503 2754 3553 τοῦ
2804 3501 3168 3574 πραιποσίτου
3221 3502 3309 3556 καὶ
3355 3506 3454 3556 τοῦ
3505 3499 3833 3575 δομεστίκου

2171 3593 2279 3643 τῶν
2333 3588 2558 3666 σχολῶν
2625 3589 2789 3664 μέχρι
2852 3595 2952 3658 τῆς
3021 3593 3117 3646 τοῦ
3189 3593 3680 3666 πρωτοσπαθαρίου
3723 3597 3834 3647 τῶν

2177 3676 2501 3752 βασιλικῶν,
2537 3674 2747 3732 διδοῦσι
2780 3677 2868 3732 καὶ
2905 3678 3062 3733 αὐτοὶ
3105 3674 3239 3752 ἅπαξ
3281 3680 3382 3735 ἀνὰ
3430 3702 3481 3740 v.
3527 3682 3614 3755 ιβ’.
3659 3681 3726 3739 Οἱ
3776 3679 3837 3738 δὶ

2174 3765 2368 3820 λοιποὶ
2400 3767 2596 3829 πάντες
2627 3765 2971 3844 deet-adhoc
3022 3769 3189 3843 μέχρι
3221 3773 3318 3824 τοῦ
3352 3767 3679 3844 δομεστίκου
3726 3775 3838 3826 τῶν

2178 3854 2476 3928 βασιλικῶν
2512 3855 2610 3908 ἀνὰ
2639 3879 2685 3910 ν.
2720 3857 2789 3925 η’.
2826 3855 2890 3912 Εἴ
2921 3853 2978 3911 δέ
3006 3878 3088 3918 τις
3121 3857 3383 3933 εὐνοῦχος
3431 3859 3832 3936 πρωτοσπαθάο

2176 3963 2290 4018 ριος
2352 3943 2594 4020 γένηται,
2643 3942 2864 4000 δίδωσιν
2912 3947 3100 4008 αὐτοῖς
3151 3947 3285 4018 ἅπαξ
3337 3951 3405 4019 η“·
3457 3951 3827 4024 πριμικήριος

2171 4033 2206 4102 ἤ
2242 4033 2516 4107 όστιάριος
2573 4033 2670 4089 ἀνὰ
2720 4035 2784 4098 ς’·
2830 4035 3089 4098 ὡσαύτως
3151 4039 3179 4092 6
3246 4034 3432 4113 ἅρχων
3489 4042 3586 4094 τοῦ
3643 4039 3827 4115 ἁρμα-

2175 4123 2375 4194 μέντου
2423 4123 2558 4194 (21),
2609 4123 2637 4176 6
2696 4125 3094 4201 μινσουράτωρ,
3143 4125 3170 4179 6
3219 4127 3504 4202 κουράτωρ
3547 4131 3644 4182 τοῦ
3693 4131 3827 4199 κτή-

2175 4232 2368 4284 ματος,
2405 4211 2455 4264 οἱ
2488 4210 2887 4289 χαρτουλάριοι
2931 4217 3027 4267 τοῦ
3060 4211 3210 4286 ὀξέου
3263 4211 3492 4289 δρόμου,
3537 4217 3564 4271 6
3596 4217 3826 4272 ἀκτουά-

2171 4321 2309 4376 ριος,
2348 4301 2376 4354 6
2419 4300 2860 4374 πρωτονοτάριός
2904 4307 3001 4357 τοῦ
3056 4299 3290 4377 δρόμου,
3346 4306 3374 4359 6
3421 4304 3834 4382 χαρτουλάριος

2166 4393 2264 4443 τοῦ
2296 4388 2556 4457 σταύλου,
2600 4390 2627 4444 6
2675 4388 2898 4461 ἐπίκτης
2947 4391 3037 4446 καὶ
3087 4393 3114 4446 6
3163 4399 3263 4462 τῆς
3316 4393 3615 4469 ὑπουργίας
3664 4393 3834 4470 δομέ-

2170 4499 2372 4549 στικος,
2407 4479 2433 4532 6
2467 4481 2824 4552 ζυγοστάτης,
2858 4480 2884 4534 ό
2918 4481 3220 4545 οίκιστικὸς
3265 4482 3355 4537 καὶ
3388 4485 3416 4538 6
3448 4488 3830 4559 χρυσεψητής.

2169 4568 2292 4622 Ἐπὶ
2351 4563 2604 4641 προϐολῇ
2665 4566 2722 4623 δὲ
2773 4570 2972 4631 παντὸς
3043 4574 3538 4646 πρωτοσπαθαρίου
3601 4573 3707 4629 ἀπό
3767 4595 3828 4630 τι

395 4659 574 4715 sticus
607 4659 917 4714 ministerii
967 4658 1270 4723 culinaria,
1305 4655 1614 4726 libripens,
1646 4656 1937 4711 cecisticus
1969 4657 2052 4712 vel

2179 4653 2535 4731 μαγλαϐιτῶν
2573 4659 2663 4712 καὶ
2710 4663 2817 4712 τῶν
2878 4659 2928 4713 έν
2974 4664 3053 4732 τῷ
3103 4661 3360 4733 οἰκειακῷ
3414 4662 3684 4736 βασιλικῷ
3737 4666 3825 4740 βε-

395 4749 753 4805 architectus
789 4749 1104 4819 primarius
1135 4756 1189 4802 et
1223 4746 1554 4811 auritaber;
1589 4747 1822 4815 quando
1848 4762 2055 4816 nempe

392 4841 515 4894 suis
529 4839 783 4909 quisque
799 4837 1010 4892 officiis
1029 4834 1854 4905 mactantur.Protospatharii
1871 4842 2052 4890 autem

389 4943 596 4982 omnes
616 4927 687 4981 ab
712 4928 916 4982 ordine
938 4925 1390 4997 maglabitarum
1413 4924 1571 4992 inde,
1593 4928 1649 4977 et
1672 4925 1809 4995 quid
1845 4925 1912 4978 ad
1938 4925 2051 4996 pri-

387 5018 583 5069 vatum
634 5031 867 5070 sacrum
923 5015 1285 5084 vestiarium,
1323 5013 1467 5068 item
1520 5013 1619 5082 qui
1655 5014 1726 5068 ad
1781 5013 2046 5070 homines

391 5100 726 5172 imperiales
758 5105 1073 5174 pertinent,
1107 5111 1168 5159 ut
1197 5108 1253 5158 et
1283 5102 1383 5174 qui
1416 5102 1486 5156 ad
1521 5118 1751 5157 sacram
1777 5118 2043 5159 mensam

388 5189 744 5253 ministrant,
798 5191 1014 5263 aliique
1064 5191 1447 5261 dignitatibus
1505 5194 1623 5245 tam
1676 5206 1776 5260 per
1809 5193 2040 5258 urbem,

386 5294 561 5352 quam
601 5281 760 5332 extra
782 5278 1523 5350 conspicui,dant,quando
1545 5279 1613 5333 ad
1631 5296 1770 5335 suas
1791 5281 2043 5353 quisque

385 5367 705 5440 dignitates
733 5372 1170 5438 promoventur,
1203 5368 1422 5440 singuli
1456 5375 1694 5424 octonos
1728 5384 2038 5439 nummos;

2171 4746 2400 4820 στιαρίῳ
2431 4746 2912 4822 καταλεγομένων,
2945 4748 3034 4803 καὶ
3063 4754 3171 4803 τῶν
3206 4749 3282 4812 εἰς
3327 4751 3452 4814 τοὺς
3497 4751 3820 4828 βασιλικοὺς

2163 4837 2481 4910 ἀνθρώπους
2514 4837 2980 4910 συντεταγμένων,
3020 4838 3112 4893 καὶ
3165 4843 3271 4893 τῶν
3311 4839 3398 4894 ἐπὶ
3453 4848 3552 4911 τῆς
3604 4841 3822 4916 βασιλι-

2161 4931 2262 4995 κῆς
2291 4927 2568 4999 τραπέζης
2605 4927 3038 5001 παρισταμένων,
3071 4928 3294 4983 καὶτῶν
3329 4926 3417 4985 διὰ
3463 4930 3680 4994 πόλεως
3731 4931 3827 4986 σὺν

2157 5020 2268 5070 τῶν
2312 5013 2584 5088 ἐξωτικῶν
2635 5016 2993 5088 τιμωμένων,
3044 5015 3254 5074 δίδοται
3295 5019 3479 5082 αὐτοῖς
3536 5021 3669 5090 ἅπαξ
3721 5020 3824 5076 ἀνὰ

2157 5123 2388 5176 νομισμ.
2425 5104 2496 5175 η’,
2530 5105 2583 5157 o't
2615 5101 2672 5158 δὲ
2694 5108 2762 5177 τῇ
2789 5109 2898 5160 τῶν
2931 5104 3518 5182 σπαθαροκανδιδάτων
3549 5109 3584 5178 ἤ
3612 5110 3821 5165 σπαθα-

2158 5191 2288 5266 ρίων
2317 5193 2625 5265 τιμώμενοι
2656 5193 2800 5264 ἀξίᾳ,
2834 5193 2929 5249 ὰνᾶ
2958 5215 3006 5251 ν.
3041 5196 3109 5265 ς’,
3141 5196 3192 5251 οἱ
3225 5194 3282 5250 δὲ
3309 5199 3378 5270 τῇ
3410 5201 3518 5253 τῶν
3571 5197 3812 5272 στρατό-

2157 5301 2266 5354 ρων
2363 5281 2601 5353 ὑπάτων,
2625 5281 2659 5351 ἤ
2685 5279 3021 5338 κανδιδάτων
3042 5280 3079 5354 ἤ
3103 5281 3520 5361 μανδατόρων,ἤ
3549 5287 3815 5363 βεστητό-

2161 5389 2292 5444 ρων,
2322 5368 2358 5440 ἤ
2393 5370 2793 5446 σιλεντιαρίων,
2826 5373 2861 5443 ἢ
2896 5374 3002 5428 ἀπὸ
3028 5371 3286 5450 ἐπάρχων
3315 5377 3630 5450 τιμώμενοι
3671 5377 3814 5449 ἀξίᾳ,

1460 5539 1664 5596 JOAN.
1703 5539 1830 5596 JAC
1867 5541 2119 5599 BEISKII
2158 5542 2754 5601 COMMENTARIUS.

593 5717 694 5800 Est
744 5715 926 5779 idem,
977 5711 1077 5781 qui
1131 5710 1158 5763 6
1203 5710 1380 5765 ὶπάνω
1428 5716 1524 5767 τοῦ
1571 5712 1923 5789 ἀρμαμιντου
1991 5733 2064 5774 ωε

2179 5721 2351 5776 tratus
2415 5717 2759 5792 Theophani
2828 5737 2884 5792 p,
2947 5721 3092 5789 249;
3126 5721 3236 5781 vid.
3284 5724 3364 5782 Du
3394 5725 3588 5800 Gange
3621 5725 3813 5782 Gloss.

383 5783 481 5840 Gr.
524 5783 584 5839 h.
625 5799 676 5838 ν.
