4124 6368
303 417 450 481 1421

1175 420 1276 482 DE
1318 419 1778 484 CERIMONIIS
1820 421 2054 485 AULxE
2096 421 2573 488 BYZANTINIE
2619 427 2764 490 LlB.
2810 430 2887 492 II.

3555 430 3711 496 1422

302 553 601 628 παρέχουσι
633 549 724 606 καὶ
755 548 908 606 αὐτοὶ
956 551 1233 626 νομίσμ...
1283 554 1542 617 ὡσαύτως
1586 555 1676 610 καὶ
1722 554 1945 610 ἐπὶτῶν

2074 557 2628 628 spatharocandidati
2660 566 2714 618 et
2765 562 3046 636 spatbarii
3094 581 3291 622 recens
3324 564 3454 622 facti
3488 583 3657 624 senos
3691 586 3708 637 ;

304 650 622 720 σεκρετικῶν
680 641 850 720 ἤγουν
884 645 1256 720 συγκλητικοῦ
1313 649 1633 721 τιμωμένου
1691 647 1857 702 αὐτοῦ
1905 646 1956 702 έν

297 737 617 807 ἀξιώμασιν,
651 734 858 793 δίδοται
913 734 962 807 ἐξ
1014 737 1240 792 ἑκάστου
1291 738 1466 793 αὐτῶν
1499 739 1636 794 κατὰ
1659 740 1720 794 τὸ
1753 739 1950 794 οἰκεῖον

302 826 539 900 ἀξίωμα,
572 828 623 882 οἱ
659 828 753 899 μὲν
786 831 855 901 τῇ
885 831 993 882 τῶν
1027 829 1528 904 πρωτοσπαθαρίων
1557 829 1656 884 ἀνᾶ
1713 852 1762 886 ν.
1798 831 1869 900 η’,
1905 830 1956 884 οἱ

300 914 356 971 δὲ
385 921 454 989 τῇ
483 922 592 972 τῶν
627 913 1206 992 σπαθαροκανδιδάτων
1255 919 1289 988 ἢ
1337 918 1649 992 σπαθαρίων
1683 919 1781 974 ἀνὰ
1812 941 1860 975 ν.
1890 920 1952 987 ς’,

415 1007 430 1024 κ
508 1011 535 1021 ..
611 1011 635 1022 ..
1117 1009 1130 1028 .
1187 1007 1200 1026 ρ
1274 1007 1287 1025 ι
1473 1009 1487 1032 κ
1636 1006 1658 1024 α
1692 1005 1746 1024 εκ.
1940 1008 1952 1028 κ

300 1007 353 1061 οἱ
384 1003 441 1060 δε
471 1028 539 1080 τῃ
569 1027 679 1061 των
712 1007 1050 1081 στρατόρων,
1095 1011 1129 1078 ἠ
1183 1028 1420 1077 υπατων,
1453 1012 1487 1078 ἡ
1531 1025 1884 1076 κανοιοατων,
1918 1012 1952 1078 ἠ

306 1094 682 1171 μανδατόρων,
716 1097 750 1165 ἢ
807 1097 1170 1172 βεστητόρων,
1220 1097 1254 1165 ἢ
1307 1097 1706 1173 σιλεντιαρίων,
1738 1098 1835 1153 ἀνα
1864 1120 1958 1154 νο-

305 1205 466 1256 μισμ.
501 1180 564 1252 δ’,
599 1183 851 1258 ἂπράτων
885 1182 941 1238 δὲ
993 1189 1313 1259 σεκρετικῶν
1341 1205 1670 1258 γενομένων,
1702 1186 1802 1242 ἀνά
1833 1187 1952 1263 ν,γ’,

301 1275 353 1328 οἱ
405 1270 461 1328 δὲ
502 1277 607 1327 τῶν
652 1272 946 1348 ταγμάτων
994 1275 1082 1328 καὶ
1130 1278 1236 1327 τῶν
1284 1272 1545 1348 πλοΐμων
1574 1275 1662 1329 καὶ
1693 1281 1799 1330 τῶν
1831 1299 1956 1331 νου-

301 1362 481 1437 μέρων
514 1360 602 1417 καί
631 1361 858 1437 τειχέων
890 1363 1268 1433 τοποτηρηταὶ
1319 1364 1433 1436 ἅμα
1481 1371 1598 1425 τοῖς
1641 1365 1957 1440 χαρτουλα-

297 1453 438 1526 ρίοις
459 1453 637 1507 αὐτῶν
661 1451 826 1510 ἀναν.
852 1455 916 1516 ς’.
941 1454 1008 1510 Οἰ
1032 1450 1089 1507 δὲ
1111 1451 1299 1508 λοιποὶ
1334 1456 1528 1516 πάντες
1558 1453 1822 1528 ἄρχοντες
1844 1456 1957 1528 ἅμα

296 1547 413 1604 τοῖς
455 1540 764 1616 τριοούνοις
818 1543 906 1596 καὶ
970 1541 1240 1618 βικαρίοις
1297 1542 1397 1597 ἀνᾶ
1448 1543 1785 1617 νομίσματος
1818 1543 1954 1608 ένός.

298 1632 521 1690 Τούτων
580 1633 760 1688 τοίνυν
810 1631 1055 1688 ἀνέκαθεν
1124 1633 1532 1710 πλατικώτερον
1591 1634 1960 1710 εἰσενηνεγμέ-

299 1743 430 1789 νων,
463 1722 580 1776 νυνὶ
614 1719 672 1776 δὲ
703 1723 776 1784 ὡς
809 1723 930 1777 οἶόν
973 1743 1032 1778 τε
1085 1723 1149 1791 ἦν
1202 1728 1386 1801 σαφῶς
1417 1724 1506 1778 καὶ
1537 1723 1876 1787 εὐσυνόπτως
1907 1723 1958 1779 έν

298 1811 549 1884 ἐπιτόμῳ
608 1810 1057 1887 συνειλεγμένων,
1117 1814 1228 1888 χρή
1304 1819 1443 1882 τοῖς,
1505 1812 1620 1868 ὅσοι
1681 1816 1779 1884 τήν
1833 1815 1956 1887 περὶ

2058 650 2336 703 stratores
2375 651 2666 720 consules,
2717 653 3028 722 candidati,
3084 656 3482 725 mandatores,
3533 658 3711 713 vesti-

2056 739 2233 802 tores,
2266 737 2596 804 silentiarii,
2621 743 2974 814 exprmlecti,
3007 759 3209 801 recens
3244 746 3508 802 honorati
3536 763 3710 803 senos

2059 842 2293 897 quoque
2323 831 2903 903 praestantQuisquis
2927 834 3224 890 secretalis
3252 841 3349 891 aut
3379 839 3711 892 senatorius

2058 915 2342 985 dignitate
2385 922 2639 990 quadam
2690 923 2862 976 fuerit
2901 923 3166 990 allectus,
3202 926 3302 979 dat
3354 942 3455 997 pro
3488 926 3712 982 ratione

2059 1021 2176 1059 sua
2211 1007 2534 1078 dignitatis,
2561 1015 2622 1065 ut
2647 1012 2778 1066 facti
2805 1015 3254 1082 protospatharii
3287 1020 3554 1086 octonos;
3582 1016 3712 1070 facti

2061 1097 2636 1167 spatharocantlidati
2686 1108 2742 1157 et
2787 1104 3070 1174 spatbarii
3121 1121 3329 1173 senos;
3381 1106 3515 1161 facti
3557 1112 3712 1162 stra-

2059 1191 2229 1252 tores,
2264 1190 2558 1257 consules,
2592 1193 2911 1259 candidati,
2954 1195 3350 1263 mandatores,
3381 1197 3712 1264 vestitores,

2059 1275 2854 1349 silentiarii,quaternos.Qui
2884 1281 3176 1338 honorarii
3204 1283 3355 1338 ﬁunt
3375 1285 3712 1352 secretales,

2060 1364 2200 1419 dant
2233 1373 2447 1421 ternos.
2481 1368 2831 1439 Tagmatum
2865 1386 2964 1425 seu
3001 1371 3492 1442 praesidiariorum
3529 1373 3711 1428 urba-

2063 1465 2294 1519 norum,
2328 1458 2384 1506 et
2416 1453 2616 1524 ploimi
2647 1472 2749 1511 seu
2785 1457 3220 1513 classiariorum
3255 1463 3312 1515 et
3334 1475 3710 1516 numerorum

2061 1550 2114 1596 et
2143 1550 2466 1598 castrorum
2506 1547 2840 1616 topoteretas
2872 1547 2958 1602 vel
3002 1547 3192 1604 locum
3241 1555 3500 1605 tenentes
3530 1555 3587 1605 et
3623 1567 3716 1606 eo-

2063 1632 2334 1686 rumdem
2384 1633 2646 1689 omnium
2685 1635 3024 1692 chartularii
3057 1638 3198 1694 dant
3247 1655 3443 1695 senos.
3484 1639 3715 1712 Reliqui

2063 1735 2263 1774 omnes
2297 1721 2777 1792 magistratus,ut
2797 1729 2852 1779 et
2876 1725 3092 1781 tribuni
3128 1731 3303 1798 atque
3334 1726 3555 1794 vicarii,
3577 1727 3716 1784 dant

2063 1807 2327 1877 singulos
2361 1826 2657 1865 nummos.
2671 1813 2826 1866 Hanc
2848 1813 3043 1883 itaque
3075 1819 3339 1871 veterum
3361 1815 3712 1888 farraginem

300 1901 510 1957 τούτων
587 1899 848 1980 φροντίδα
923 1902 1014 1956 καὶ
1089 1901 1384 1975 ὑπηρεσίαν
1443 1903 1770 1974 πεποίηνται
1823 1906 1959 1959 κατὰ

2074 1897 2388 1953 iusiuscule
2405 1899 2678 1955 traditam
2695 1917 2852 1956 nunc
2874 1907 3162 1972 quantum
3181 1906 3308 1976 ejus
3331 1906 3450 1960 lieri
3470 1910 3714 1977 poterat,

293 1993 394 2062 τήν
446 1989 811 2063 προκειμένην
865 1988 1248 2060 διδασκαλίαν,
1301 1994 1391 2046 καὶ
1447 1993 1571 2066 περὶ
1635 1999 1741 2047 τῶν
1791 1995 1958 2068 βασι-

299 2079 470 2136 λικῶν
507 2079 858 2155 κλητωρίων,
909 2082 1000 2135 καὶ
1049 2081 1171 2155 περὶ
1219 2086 1328 2135 τῶν
1380 2081 1680 2155 διανομῶν,
1713 2081 1772 2137 έκ
1802 2080 1962 2155 τοῦδε

298 2175 398 2227 τοῦ
455 2173 711 2226 τακτικοῦ
770 2169 1230 2246 παραγγέλματος
1290 2171 1366 2234 ὡς
1429 2171 1534 2226 ἀπὸ
1593 2172 1839 2240 κανόνος,
1899 2173 1958 2243 ἢ,

299 2258 362 2314 τό
412 2280 476 2336 γε
519 2257 905 2333 ἀληθέστερον,
957 2259 1032 2321 ὡς
1084 2261 1142 2314 ἐκ
1188 2265 1286 2314 τοῦ
1339 2259 1628 2334 βασιλικοῦ
1661 2261 1962 2336 θεσπίσμα-

304 2370 417 2417 τος,
492 2342 918 2426 ἀναμφισϐήτως
983 2348 1242 2423 ἐνεργεῖν.
1304 2347 1453 2404 Ἔδει
1509 2351 1602 2422 μὲν
1652 2353 1800 2423 ἡμᾶς
1847 2356 1962 2411 τοῖς

303 2439 676 2512 συνταχθεῖσιν
731 2436 855 2512 περὶ
913 2435 1187 2513 καθεδρῶν
1246 2437 1439 2514 λόγοις
1497 2440 1583 2494 καῖ
1649 2437 1815 2509 τήνδε
1860 2441 1960 2509 τὴν

298 2531 410 2583 τῶν
443 2529 730 2598 ἱερατικῶν
783 2527 1111 2602 ἐπισυνάψαι
1157 2529 1331 2599 τάξιν,
1382 2529 1456 2590 ὡς
1514 2528 1606 2583 ’ἁτε
1658 2527 1869 2602 μᾶλλον
1897 2531 1964 2585 τὰ

299 2612 561 2692 πρεσϐεῖα
607 2620 707 2683 τῆς
756 2616 1192 2690 πρωτοκλησίας
1243 2620 1506 2696 φέρουσαν
1558 2621 1621 2675 ¹⁵.
1673 2617 1828 2676 Ἀλλ’
1873 2620 1965 2674 ἳνα

309 2709 384 2781 μή
437 2727 521 2767 τις
567 2707 730 2781 κόρος
793 2706 964 2780 λόγου
1023 2713 1141 2769 τοῖς
1201 2708 1660 2781 ἀναγινώσκουσιν
1711 2714 1963 2783 περιστῇ,

309 2797 397 2852 καὶ
429 2799 464 2866 ἡ
497 2795 834 2871 συγκλητική
884 2797 1032 2870 τάξις
1086 2798 1179 2851 σὺν
1227 2802 1296 2871 τῇ
1343 2799 1591 2872 ἱερατικῇ
1642 2800 1966 2876 συναφθεῖσα

312 2886 566 2964 ἀσάφειαν
597 2891 715 2948 τοῖς
767 2885 1137 2961 εἰσαγομένοις
1188 2884 1279 2941 διὰ
1325 2891 1429 2941 τῶν
1482 2887 1766 2958 ὀνομάτων
1797 2890 1966 2958 ποιή-

311 2997 402 3050 σῃ,
435 2975 634 3044 ταύτην
679 2981 922 3038 τυπικῶς
975 2978 1071 3048 μὲν
1122 2973 1231 3048 ἤδη
1283 2975 1371 3031 ἐπὶ
1417 2981 1516 3041 τῆς
1550 2978 1596 3012 ίδ
1622 2978 1822 3047 τάξεως
1850 2980 1964 3051 (22)

308 3069 418 3120 τῶν
475 3063 812 3140 μαγίστρων,
844 3067 1170 3142 πατρικίων,
1220 3067 1595 3140 πραιποσίτων
1638 3069 1728 3120 καὶ
1777 3087 1966 3140 στρατ-

309 3158 459 3230 ηγῶν
518 3156 996 3228 προεσημάναμεν.
1071 3156 1198 3209 Νυνὶ
1275 3153 1331 3210 δὲ
1404 3162 1504 3224 τῆς
1576 3155 1699 3230 περὶ
1755 3156 1962 3210 τούτων

308 3241 704 3317 κυριοκλησίας
758 3244 848 3298 καὶ
897 3241 1376 3318 πρωτοκαθεδρίας
1426 3249 1533 3299 τῶν
1578 3265 1636 3299 τε
1683 3243 1965 3320 ἐπαρχιῶν

307 3332 399 3388 καὶ
436 3329 888 3406 μητροπολιτῶν,
937 3332 1384 3407 ἂρχιεπισκόπων
1435 3332 1821 3411 αὐτοκεφάλων
1853 3335 1965 3408 (23)
1997 3307 2047 3372 C

303 3421 394 3476 καὶ
425 3419 735 3476 ἐπισκόπων
777 3421 1228 3498 ὑποτεταγμένων
1277 3424 1378 3491 τὴν
1438 3422 1784 3498 ἁρμόζουσαν
1817 3425 1965 3495 τάξιν

306 3508 526 3573 εἰδικῶς
574 3509 863 3585 ἐμφανίσαι
917 3510 1273 3585 βουλόμενοι,
1329 3511 1535 3582 εἰδικήν
1585 3532 1702 3566 τινα
1745 3510 1834 3565 καὶ
1865 3513 1966 3579 τὴν

309 3598 690 3674 πραγματείαν
720 3599 1029 3674 συγγράψαι
1064 3603 1550 3675 προεθυμήθημεν.
1585 3602 1663 3659 Τὰ
1694 3600 1799 3678 γὰρ
1831 3598 1968 3656 εἰδι-

311 3694 422 3751 κῶς
465 3687 635 3750 ὄντως
668 3687 937 3764 λεγόμενα
985 3697 1124 3768 σαφῆ
1178 3692 1276 3758 τήν
1325 3687 1676 3746 διδασκαλίαν
1713 3689 1967 3765 παρέχει·

310 3777 379 3833 τὰ
409 3775 467 3833 δέ
497 3799 614 3840 πως
645 3778 701 3833 έν
732 3778 1009 3854 συζυγίαις
1055 3777 1404 3855 πεπλεγμένα
1447 3779 1702 3860 ἀσάφειαν
1749 3778 1967 3834 πολλά-

311 3887 398 3930 κις
418 3872 534 3929 τοῖς
555 3865 944 3947 ἐντυγχάνουσι
969 3869 1234 3942 προξενεῖ,
1261 3869 1354 3924 Διὸ
1375 3871 1496 3924 καθ’
1519 3869 1600 3944 εἰ¹ρ
1611 3871 1708 3942 μὸν
1741 3869 1972 3940 ἑκάστης

313 3956 582 4032 ἐπαρχίας
613 3958 709 4020 τὰς
745 3957 1118 4031 μητροπόλεις
1169 3958 1474 4032 έκθέμενοι,
1502 3965 1582 4032 τῷ
1621 3960 1827 4033 ἑκάστῳ
1861 3981 1972 4032 μη-

311 4044 616 4121 τροπολίτῃ
646 4046 946 4120 ἆρμόζοντι
995 4047 1150 4119 τόπῳ
1192 4054 1291 4117 τῆς
1319 4046 1582 4124 καθέδρας
1617 4046 1972 4124 διεστιχήσα-

319 4154 436 4205 μεν,
469 4133 559 4187 καὶ
591 4133 686 4196 εἶθ’
719 4133 890 4195 οὕτως
916 4136 1012 4197 τὰς
1041 4140 1148 4190 τῶν
1189 4136 1578 4210 αὐτοκεφάλων
1611 4136 1970 4212 ἀρχιεπισκό-

314 4243 429 4278 πων
463 4222 598 4277 κατὰ
629 4223 775 4295 τάξιν
811 4221 1060 4298 δευτέραν
1082 4225 1246 4280 οὖσαν
1270 4227 1374 4280 ἀπὸ
1397 4230 1506 4281 τῶν
1540 4225 1967 4300 μητροπολιτῶν

315 4310 614 4384 ἐξεθέμεθα,
676 4313 809 4384 μετὰ
859 4309 916 4366 δὲ
962 4313 1178 4374 τούτοις
1228 4316 1294 4386 τῇ
1355 4314 1552 4387 ἑκάστῃ
1603 4313 1841 4388 ἐπαρχίᾳ
1879 4313 1970 4368 καὶ

317 4400 653 4476 μητροπόλει
723 4400 1157 4473 ὑποτεταγμένας
1236 4399 1428 4464 πόλεις
1503 4401 1593 4457 καὶ
1671 4401 1970 4465 έπισκοπὰς

311 4486 694 4563 ἐδηλώσαμεν,
727 4489 826 4544 οὐκ
857 4488 916 4544 ἐκ
961 4493 1069 4544 τῶν
1127 4490 1244 4544 καθ’
1301 4492 1448 4563 ἡμᾶς
1497 4489 1968 4568 κλητωρολογίων

318 4580 482 4652 μόνον
509 4579 604 4643 τὰς
634 4580 885 4656 ἀφορμὰς
933 4574 1319 4652 έκλαϐόμενοι,
1351 4578 1497 4635 ἄλλά
1544 4601 1607 4655 γε
1651 4581 1740 4635 καὶ
1774 4580 1831 4636 ἐκ
1859 4586 1969 4635 τῶν

2069 1986 2317 2042 maxime
2335 1990 2641 2060 perspicus
2659 1991 2793 2046 etin
2827 2008 2944 2046 uno
2969 1992 3124 2047 brevi
3157 2003 3470 2066 conspectu
3497 2011 3530 2049 a
3549 1995 3714 2051 nobis

2070 2077 2428 2147 propositam
2461 2085 2652 2133 tenere
2701 2083 2946 2150 oportet,
2989 2082 3144 2137 300
3184 2087 3472 2154 quotquot
3520 2099 3584 2139 ea
3615 2101 3718 2140 cu-

2069 2182 2197 2221 rare
2227 2174 2399 2236 alque
2429 2171 2679 2223 tractare
2710 2185 2947 2225 necesse
2967 2169 3205 2242 habent,
3241 2173 3717 2244 pr0positamque

2069 2255 2394 2312 doctrinam
2428 2261 2544 2312 tam
2577 2257 2648 2313 de
2674 2259 2855 2315 sacris
2904 2261 3202 2325 conviviis,
3233 2278 3410 2333 quam
3443 2263 3514 2318 de
3541 2262 3716 2336 largi-

2068 2348 2292 2402 tionum
2315 2348 2726 2404 distributione
2748 2351 3376 2422 reputare,secundum
3399 2369 3598 2424 quem,
3615 2357 3720 2410 aut

2071 2437 2288 2491 rectius
2319 2437 2534 2502 dicam,
2567 2439 2893 2494 secundum
2925 2439 3293 2512 imperatoris
3313 2442 3567 2498 edictum
3609 2441 3717 2514 (uti

2071 2541 2264 2581 revera
2295 2526 2405 2597 est)
2429 2526 2649 2598 absque
2677 2526 2794 2583 ulla
2824 2528 3188 2586 haesitatione
3222 2535 3322 2585 aut
3352 2530 3718 2602 oppositione

2072 2629 2240 2685 agere
2273 2631 2376 2685 par
2422 2620 2528 2672 est.
2564 2610 2702 2671 ‘Jam
2750 2616 3143 2673 debueramus
3190 2617 3324 2673 huic
3376 2618 3446 2674 de
3485 2619 3720 2675 sedibus

2071 2705 2158 2758 vel
2194 2704 2596 2775 praecedentiis
2619 2705 2973 2775 dignitatum
3007 2707 3334 2762 tractationi
3358 2707 3532 2762 etiam
3557 2707 3721 2763 ordi—

2074 2808 2217 2846 num
2253 2793 2676 2862 pontiﬁcalium
2699 2793 3143 2865 dispositionem
3167 2796 3382 2866 ubique
3401 2796 3718 2865 addidisse,

2076 2886 2276 2952 utpote
2299 2898 2410 2951 prae
2440 2881 2570 2937 aliis
2604 2882 2880 2938 honorem
2915 2884 3256 2956 protoclisiaa
3280 2887 3724 2956 seuprmsessio-

2076 2971 2166 3026 nis
2196 2970 2523 3027 ferentium.
2576 2971 2792 3027 Verum
2835 2989 2906 3028 ne
2947 2973 3162 3030 obruto
3204 2990 3397 3030 rerum
3432 2975 3596 3046 cupia
3627 2992 3721 3031 sa-

2075 3061 2246 3115 tietas
2277 3062 2578 3130 obreperet
2613 3061 2832 3126 lectori,
2853 3067 2909 3118 et
2931 3063 3212 3118 senatoris
3230 3063 3520 3118 ordinatio
3545 3070 3720 3136 atque

2075 3149 2381 3220 dispositio
2411 3165 2545 3204 cum
2570 3150 2914 3206 sacerdotali
2945 3152 3256 3206 commista
3277 3162 3490 3208 crearet
3516 3156 3726 3209 docen-

2075 3239 2164 3294 dis
2197 3238 2452 3310 aliquam
2487 3240 2903 3295 obscuritatem
2945 3241 3018 3296 ab
3051 3241 3354 3297 nominum
3387 3242 3721 3298 multitudi-

2078 3344 2208 3383 nem
2244 3345 2256 3383 :
2291 3327 2749 3399 signiﬁcavimus
2771 3329 3000 3400 quidem
3026 3331 3148 3399 jam
3178 3331 3234 3386 in
3259 3332 3723 3402 praecedentibus

2079 3417 2286 3472 harum
2321 3433 2514 3472 rerum
2550 3417 2818 3490 quaedam
2850 3419 3218 3490 generaliter,
3253 3422 3611 3476 mentionem
3634 3437 3724 3477 or-

2078 3507 2232 3562 dinis
2275 3507 2716 3577 magistrorum,
2764 3507 3162 3578 patriciorum,
3198 3511 3634 3581 praepositorum
3668 3517 3727 3568 et

2079 3601 2467 3668 strategorum
2499 3596 2777 3652 facientes
2811 3613 2824 3651 :
2861 3612 3016 3653 nunc
3045 3603 3239 3654 autem
3269 3601 3506 3655 animus
3538 3606 3626 3657 est
3655 3601 3727 3657 de

2077 3685 2522 3741 sacerdotalium
2537 3686 2886 3755 dignitatum
2905 3688 3154 3759 propriis
3169 3689 3458 3760 cujusque
3473 3689 3729 3760 appella-

2078 3775 2337 3831 tionibus
2367 3779 2424 3830 et
2457 3775 2936 3846 praesessionibus
2989 3776 3472 3846 patriarcharum,
3507 3783 3728 3833 metro-

2081 3866 2422 3937 politarum,
2463 3865 3036 3935 archiepiscoporum
3088 3866 3604 3937 autocephalorum
3637 3867 3724 3923 vel

2079 3939 2595 4026 independentium
2638 3957 2694 4007 et
2742 3953 3114 4008 subditorum
3158 3953 3276 4009 illis
3315 3956 3726 4027 episcOporum

2079 4043 2391 4116 specialem
2435 4042 2748 4112 quamdam
2794 4041 3043 4112 opellam
3084 4044 3391 4099 conficere.
3440 4046 3734 4116 Speciales

2079 4135 2235 4189 enim
2252 4132 2396 4186 tales
2409 4139 2465 4186 et
2484 4131 2788 4186 abstracta
2815 4132 3185 4188 tractationes
3213 4140 3494 4204 praestant
3515 4135 3736 4206 perspi-

2081 4237 2250 4279 cuam
2275 4219 2625 4274 doctrinam.
2644 4218 2762 4274 Sim
2775 4219 3008 4274 ultanea
3033 4236 3166 4276 vero
3192 4221 3265 4277 de
3295 4222 3542 4279 diversis
3564 4241 3736 4295 argu-

2082 4309 2297 4367 mentis
2323 4313 2381 4364 et
2411 4309 2574 4380 quasi
2607 4307 2920 4380 conjugata
2952 4315 3125 4380 atque
3155 4316 3427 4368 contexta
3446 4312 3733 4384 expositio

2081 4400 2228 4456 solet
2278 4398 2593 4455 lectoribus
2643 4397 3050 4454 obscuritatem
3094 4399 3367 4470 objicere.
3421 4401 3735 4473 Propterea

2082 4489 2502 4554 recensuimus,
2543 4487 2727 4542 secuti
2760 4487 2970 4543 seriem
3003 4493 3062 4544 et
3090 4491 3571 4562 consequentiam
3605 4491 3732 4546 sin-

2081 4579 2346 4652 gularum
2400 4575 2805 4648 eparchiarum
2857 4592 2957 4632 seu
3008 4578 3482 4648 prmfecturarum
3517 4585 3731 4636 metro-

309 4671 409 4723 τοῦ
468 4667 750 4723 θεσπεσίου
811 4669 1137 4746 Ἐπιφανίου
1188 4673 1286 4724 τοῦ
1361 4665 1797 4745 ἂρχιεπισκόπου
1854 4671 1964 4728 Κύ-

2075 4670 2235 4743 poles
2292 4683 2390 4722 seu
2441 4664 2720 4737 capitales
2761 4665 3055 4738 cujusque
3114 4667 3473 4739 praafecturaa
3530 4671 3730 4741 urbes,

307 4777 450 4831 πρου
502 4759 618 4833 (24)
677 4764 996 4838 συγγραφῆς
1052 4759 1119 4814 τὰ
1179 4757 1410 4814 πλεῖστα
1457 4757 1843 4833 ἀναλεξάμενοι
1888 4759 1965 4814 θίν’

2075 4775 2253 4830 eaque
2342 4755 2564 4812 ratione
2657 4754 2967 4812 discretam
3053 4757 3267 4830 cuique
3350 4758 3727 4831 metropolitas

1666 4879 1906 4937 VARIIE
1939 4875 2307 4936 LETIONES.

391 4991 733 5073 “Rapouo'av
761 5011 877 5073 em.
909 4995 1303 5073 ειη-φερούσης
1333 4998 1458 5054 cod.
1492 5003 1550 5054 et
1594 5000 1687 5054 ed.
1765 4997 1811 5032 ¹⁶
1859 4999 1954 5054 Sic

2081 5039 2095 5066 ,
2145 4992 2386 5063 τοπηκός
2421 4991 2514 5063 μὲν
2562 4987 2682 5060 εἷ’δη
2715 4991 2820 5047 ἀπὸ
2849 4997 2949 5061 τῆς
2979 4994 3107 5051 cod.
3140 5001 3194 5051 et
3221 4995 3313 5051 ed.
3396 4995 3438 5034 ιτ
3464 4991 3540 5048 'iv‘
3571 4993 3732 5068 ὑμεῖς

311 5065 403 5136 a.,
434 5062 501 5134 is;
535 5064 689 5138 ὑμεῖς
720 5069 848 5124 cod.
881 5072 939 5124 et
967 5062 1060 5125 ed:

1359 5185 1561 5245 JOAN.
1600 5188 1739 5244 JAC.
1789 5187 2054 5244 REISKII
2094 5181 2692 5243 COMMENTARIUS.

390 5289 668 5365 (22),Ha3c
707 5292 888 5365 verba
938 5292 1052 5365 sic
1085 5291 1334 5365 legenda
1379 5311 1526 5364 esse,
1560 5311 1686 5365 quae
1735 5295 1794 5349 in
1855 5294 1984 5365 ipso

317 5364 478 5435 textu
515 5363 603 5435 ita,
629 5363 892 5435 exhibui,
925 5370 990 5420 ut
1041 5364 1098 5419 in
1134 5363 1493 5422 membranis
1527 5363 1744 5432 inveni,
1776 5363 1982 5435 liquet.

317 5433 378 5488 Si
411 5435 548 5503 quis
581 5433 685 5488 ἀπό
720 5437 969 5492 retinere
1021 5437 1208 5506 malit,
1259 5453 1434 5493 sensu
1485 5441 1628 5505 post,
1659 5455 1776 5494 non
1807 5433 1982 5493 inter-

317 5505 539 5559 cedam.
577 5506 906 5562 Oononitur
933 5510 1180 5562 τυπικῶς
1227 5511 1492 5562 seuuenti
1528 5507 1765 5562 εἰδικῶς.

313 5506 539 5559 cedam.
577 5506 906 5578 Opponitur
933 5510 1180 5568 τυπικῶς
1227 5511 1492 5577 sequenti
1528 5507 1765 5570 εἰδικῶς.

393 5576 507 5660 (23)
543 5576 622 5632 De
652 5577 1204 5660 a‘utocephalisseu
1259 5581 1545 5660 episcopis
1589 5580 1986 5660 a__patriar_cba

320 5662 436 5702 non
466 5648 963 5725 dependentibus,
994 5651 1248 5725 viduDu
1289 5648 1484 5725 Cange
1513 5652 1572 5707 in
1602 5648 1789 5708 Gloss.
1825 5658 1986 5708 utro-

322 5733 444 5796 que
466 5718 527 5796 ᾗ.
550 5718 648 5796 ’_v.,
680 5722 1070 5796 et_Nice_phor.
1115 5721 1355 5796 Gregor.
1389 5718 1445 5796 p'.
1476 5725 1567 5796 22.

403 5741 434 5775 ο
468 5741 527 5774 u.
569 5741 648 5790 v.,
680 5741 736 5778 et
758 5741 1070 5794 mcepnor.
1115 5741 1355 5796 uregor.
1433 5765 1444 5780 .
1476 5741 1567 5781 zz.

397 5789 510 5864 (2t)
549 5790 752 5850 Procul
803 5794 984 5852 dubio
1035 5794 1318 5852 seniorem
1367 5741 1786 5870 Epiphaniam,
1827 5799 1983 5854 Con-

2097 5290 2325 5350 stantias
2355 5306 2454 5365 seu
2487 5287 3104 5365 Sa_lami_nisgin_Cypro
3126 5291 3595 5365 episcopum,qui
3619 5309 3741 5350 me-

2096 5366 2190 5419 dio
2217 5361 2430 5419 saeculo
2462 5360 2765 5434 rvgfloruit,
2793 5360 3080 5434 designat,
3112 5360 3183 5418 de
3214 5360 3468 5434 quo'vt'd.
3494 5360 3741 5422 Fabricii

2096 5435 2242 5491 Bibl.
2279 5436 2446 5507 Gr._t.
2483 5432 2598 5496 VIl,
2633 5448 2688 5503 p.
2745 5433 2868 5507 427.
2919 5434 3012 5488 Est
3049 5435 3205 5507 enim
3233 5432 3444 5506 ‘junior
3487 5452 3739 5507 quoque.

2096 5509 2202 5563 Sed
2230 5507 2300 5560 de
2332 5504 2427 5578 hic
2457 5508 2781 5578 memorata
2802 5506 2928 5575 ejus
2952 5506 3160 5560 notitia
3191 5504 3418 5562 sedium
3442 5504 3743 5578 episcopa-

2095 5580 2240 5634 lium
2267 5576 2470 5631 nullibi
2507 5575 2824 5646 quidquam
2856 5578 3099 5648 reperio,
3140 5579 3409 5648 quamvis
3440 5575 3738 5648 improba-

2095 5651 2210 5707 bile
2244 5665 2359 5704 non
2407 5648 2504 5720 sit,
2554 5647 2761 5701 saeculo
2819 5663 2893 5713 tv,
2922 5647 3062 5720 ’jam
3091 5647 3632 5706 su’bordiaation’em
3681 5655 3738 5708 et

2098 5721 2363 5780 notitiam
2396 5719 3150 5792 episcoporumgper’totum
3175 5720 3371 5778 orbem
3403 5726 3734 5781 Romanum

2099 5789 2520 5850 institutam'et
2545 5789 2758 5847 editam
2794 5789 2994 5848 fuisse.
