4124 6382
341 402 495 462 1439

651 536 715 591 In
747 531 1056 589 luminaria
1087 533 1205 601 [seu
1239 550 1344 605 pro
1385 535 1670 606 ccclesiis].

407 623 734 681 Castrensis
765 621 1040 696 [ecclesiae
1071 623 1163 678 vel
1198 621 1560 695 patriarchas]
1583 625 1794 696 accipit
1820 642 1976 681 num.

334 719 385 782 1,
421 715 781 772 refendarius
827 713 1103 782 [ecclesiae
1152 714 1239 768 vel
1292 714 1660 787 patriarcha?I
1712 732 1873 771 num.
1930 718 1984 783 1,

334 806 459 863 mil.
487 807 542 872 6,
576 805 769 862 clerici
803 804 1139 876 imperiales
1172 805 1396 870 num.5,
1419 804 1616 876 psaltes
1648 822 1749 861 seu
1783 815 1988 860 canto—

335 911 429 950 res
459 895 516 950 S.
553 893 784 966 Sophia
834 911 998 948 num.
1029 896 1086 958 2,
1120 893 1371 949 ministri
1424 894 1719 950 narthecia
1776 895 1898 952 mil.
1931 896 1984 962 4,

330 989 668 1056 anagnostae
715 1001 817 1040 seu
869 983 1112 1040 lectores
1160 984 1411 1039 duarum
1463 985 1838 1054 septimarum
1874 1003 1987 1040 nu-

341 1073 538 1130 mism.
569 1074 626 1141 2,
675 1071 1063 1145 sceuophylax
1095 1089 1198 1128 seu
1249 1090 1552 1130 sacrorum
1583 1091 1854 1130 vasorum
1890 1091 1985 1130 cu-

337 1170 454 1219 stos
488 1178 651 1218 num.
692 1165 740 1228 1,
776 1161 997 1218 ostiarii
1029 1162 1223 1218 Sancti
1256 1163 1418 1218 Putei
1453 1163 1988 1236 mil.5,hypodiaco-

335 1269 438 1308 nes
471 1268 574 1308 seu
607 1251 952 1308 subdiaconi
985 1250 1452 1320 mil.6,stratores
1487 1253 1829 1325 patriarchae
1863 1252 1985 1310 mil.

331 1341 385 1408 3,
422 1341 763 1397 balantades
794 1340 917 1396 mil.
945 1341 1000 1409 5,
1035 1340 1391 1413 episcopiani
1423 1341 1546 1397 mil.
1579 1343 1638 1407 5,
1679 1342 1988 1398 domestic.

337 1430 874 1503 hypodiaconorum
935 1428 1058 1484 mil.
1118 1431 1173 1498 6,
1239 1429 1482 1486 ecclesia
1555 1430 1871 1486 Salvatoris
1929 1430 1989 1484 in

337 1518 693 1575 monasterio
735 1518 1022 1574 Stauracii
1073 1534 1236 1574 num.
1286 1521 1342 1585 2,
1374 1518 1620 1575 ecclesia
1670 1520 1989 1574 Acoemeto-

337 1624 468 1663 rum
504 1623 665 1664 num.
696 1607 751 1675 3,
787 1606 1027 1662 ecclesia
1064 1607 1290 1662 Domini
1325 1609 1551 1675 num.1,
1585 1608 1789 1664 decani
1819 1607 1990 1678 patri-

335 1697 525 1753 archas
557 1695 679 1750 mil.
713 1697 782 1763 4;
815 1696 1062 1768 dipotati
1096 1695 1182 1751 vel
1210 1697 1468 1767 deputati
1500 1697 1556 1752 S.
1595 1697 1825 1767 Sophim
1861 1696 1986 1752 mil.

332 1786 389 1856 3,
422 1784 696 1841 monachi
729 1785 1064 1840 monasterii
1097 1785 1325 1856 Spudcs
1369 1785 1831 1852 mil.3,monachi
1866 1802 1988 1842 mo-

335 1873 576 1932 nasterii
610 1873 975 1945 Paraspudes
1011 1873 1130 1930 mil.
1162 1876 1217 1943 5,
1268 1873 1510 1931 ecclesia
1539 1875 1596 1930 in
1631 1876 1985 1932 monasterio

331 1964 602 2022 Basilidis
631 1979 790 2019 num.
827 1965 880 2028 1,
912 1963 974 2019 S.
1007 1963 1342 2035 Stephanus
1373 1963 1509 2019 circi
1541 1965 1984 2032 numism.1,ec-

333 2053 508 2110 clesia
538 2051 640 2108 SS.
694 2052 876 2123 Sergii
907 2056 964 2107 et
1012 2051 1222 2108 Bacchi
1256 2068 1420 2110 num.
1457 2054 1508 2118 1,
1538 2054 1592 2107 S.
1643 2053 1987 2109 Theodorus

335 2158 500 2199 num.
537 2143 589 2209 1,
621 2141 678 2196 S.
713 2139 1032 2196 Callinicus
1063 2157 1228 2197 num.
1273 2141 1326 2206 1,
1357 2140 1601 2196 ecclesia
1644 2141 1990 2196 monasterii

334 2230 599 2288 Pelecani
633 2245 796 2286 num.
839 2232 895 2298 2,
925 2234 982 2283 S.
1016 2229 1347 2302 Stephanus
1396 2228 1661 2300 Daphnes
1700 2245 1864 2284 num.
1900 2231 1988 2296 11,

334 2320 602 2376 diaconia
631 2317 745 2391 [vel
775 2334 989 2390 corpus
1038 2318 1445 2389 diaconorum]
1490 2317 1829 2373 monasterii
1885 2317 1990 2374 Ur-

337 2418 494 2488 bicii,
556 2419 711 2490 quod
769 2421 1057 2488 pronoctaa
1115 2421 1214 2472 aut
1285 2417 1579 2489 provisore
1641 2416 1988 2489 appellatur,

339 2524 504 2563 num.
562 2511 614 2572 1,

1420 398 1567 460 CON
1575 399 1824 460 STAN'l
1839 398 1912 460 IN
1921 401 1941 460 l
1982 398 2452 465 PORPHYHOG
2465 401 2675 466 ENl'l‘l

2017 541 2070 606 A

2021 1925 2068 1990 Β

3596 408 3751 470 1440

2541 541 2639 595 Διά
2668 543 2776 595 τῶν
2805 542 3101 618 φωταψιῶν
3143 542 3276 614 (30).

2167 628 2226 684 Ὀ
2262 630 2606 703 καπρένσιος
2637 631 2702 697 α’,
2750 629 2778 683 6
2828 625 3233 706 ῥεφερενδάριος
3282 637 3347 700 α’,
3405 632 3525 704 μιλ-
3577 645 3641 705 ς’,
3695 637 3746 691 οἱ

2099 715 2375 791 βασιλικοὶ
2416 718 2678 789 κληρικοὶ
2711 724 2766 785 s‘,
2797 716 2848 772 οἱ
2879 715 3080 790 ψάλται
3102 724 3200 787 τῆς
3232 718 3422 794 Ἃγίας
3448 723 3650 796 Σοφίας

2095 804 2146 858 vi
2179 805 2447 880 ὑπουργοὶ
2477 811 2574 861 τοῦ
2604 807 2874 880 νάρθηκος
2908 805 3029 878 μιλ.
3065 805 3130 875 δ’,
3172 809 3224 863 οἱ
3254 808 3589 882 ἀναγνῶσται
3638 817 3747 867 τῶν

2101 893 2146 968 β’
2176 891 2500 968 ἑϐδομάδων
2531 896 2595 971 β’,
2639 896 2666 949 ό
2718 895 3052 972 σκευοφύΛαξ
3112 898 3178 966 α’,
3229 897 3280 951 οἱ
3340 898 3609 972 ὀπιάριοι
3653 904 3750 955 τοῦ

2097 982 2288 1057 ’Λγίου
2321 983 2560 1059 Φρέατος
2608 983 2726 1057 μιλ.
2780 992 2837 1054 ε’,
2887 985 2940 1040 οἱ
2990 984 3345 1048 ὑποδιάκονες
3398 985 3520 1060 μιλ.
3579 990 3648 1058 ς’,
3699 989 3752 1044 οἳ

2097 1073 2387 1148 στράτορες
2417 1079 2514 1129 τοῦ
2544 1076 2889 1151 πατριάρχου
2924 1073 3045 1147 μιλ.
3079 1076 3136 1144 ε’,
3170 1076 3222 1131 οἱ
3259 1074 3595 1152 βαλαντάδες
3640 1080 3752 1152 (31)

2102 1161 2222 1236 μιλ.
2268 1170 2324 1234 ε’,
2385 1164 2435 1217 οἱ
2494 1162 2870 1219 ἐπισκοπιανοὶ
2916 1162 3037 1236 μιλ.
3090 1172 3148 1235 ε’,
3190 1165 3218 1219 ὁ
3264 1163 3589 1238 δομέστικος
3646 1172 3755 1222 τῶν

2102 1250 2475 1308 ὑποδιακὸνων
2515 1251 2636 1326 μιλ.
2685 1255 2751 1322 ς’,
2801 1256 2836 1323 ἡ
2888 1252 3153 1323 ἐκκλησία
3195 1258 3292 1308 τοῦ
3343 1261 3607 1329 Σωτῆρος
3655 1260 3754 1312 τοῦ

2099 1344 2441 1417 Σταυρακίου
2477 1344 2543 1420 β’,
2575 1346 2611 1413 ἡ
2642 1341 2910 1413 ἐκκλησία
2937 1347 3045 1398 τῶν
3080 1344 3436 1418 Ἀκοιμήτων
3465 1348 3581 1418 (32)
3608 1352 3677 1420 γ’,
3715 1347 3751 1416 ἢ

2100 1431 2368 1503 ἐκκλησία
2392 1437 2488 1488 τοῦ
2529 1433 2727 1506 Κυρίυυ
2777 1434 2842 1504 α’,
2888 1434 2940 1487 οἱ
2985 1430 3199 1488 δεκανοῖ
3259 1437 3357 1487 τοῦ
3404 1435 3752 1513 πατριάρχου

2104 1519 2225 1594 μιλ.
2260 1519 2325 1591 δ’,
2358 1523 2410 1576 οἱ
2441 1523 2721 1577 διποτάτοι
2743 1529 2846 1591 τῆς
2878 1523 3063 1597 ’Λγίας
3102 1521 3304 1598 Σοφίας
3331 1522 3450 1595 μιλ.
3482 1525 3549 1600 γ’,
3575 1524 3626 1578 οἱ
3649 1530 3750 1594 τῆς

2099 1609 2350 1680 Σπουδῆς
2385 1613 2495 1685 (33)
2532 1611 2652 1686 μιλ.
2687 1615 2758 1682 η’,
2792 1613 2844 1667 οἱ
2873 1621 2974 1683 τῆς
3009 1613 3410 1690 Παρασπουδῆς
3435 1612 3580 1687 .μιλ,
3626 1614 3685 1681 ε’,
3716 1615 3752 1682 ἡ

2099 1699 2365 1771 ἐκκλησία
2395 1707 2504 1757 τῶν
2538 1699 2831 1758 Βασιλίδου
2861 1706 2924 1772 α’,
2960 1703 2987 1758 ὀ
3019 1708 3210 1780 ’Ἄγιος
3245 1707 3514 1783 Στέφανος
3542 1703 3617 1759 εἷς
3655 1703 3751 1758 τὸν

2098 1788 2444 1865 ἱππόδρομον
2478 1793 2546 1856 α’,
2599 1793 2633 1860 ἡ
2667 1790 2930 1864 ἐκκλησία
2977 1798 3084 1848 τῶν
3141 1793 3343 1872 Ἀγίων
3385 1793 3612 1868 Σεργίου
3659 1790 3751 1847 καὶ

2102 1877 2322 1952 Βάκχου
2353 1879 2421 1947 α’,
2455 1879 2483 1932 ὁ
2513 1880 2711 1953 ’Ἄγιος
2743 1876 3023 1955 Θεόδωρος
3056 1881 3121 1952 α“,
3156 1881 3183 1935 6
3205 1881 3394 1954 Ἄγιος
3427 1876 3752 1940 Καλλίνικος

2096 1969 2166 2037 α’,
2197 1970 2231 2036 ἡ
2265 1965 2531 2036 ἐκκλησία
2561 1971 2669 2022 τῶν
2697 1965 2870 2027 πελ...
2911 1969 3000 2042 ιβ“,
3034 1969 3061 2023 6
3113 1970 3307 2043 ’Λγιος
3353 1969 3625 2034 Στέφανος
3673 1965 3752 2029 εἷς

2098 2054 2196 2122 τήν
2253 2053 2462 2131 Δάφνην
2509 2055 2572 2120 α“,
2624 2056 2658 2123 ἡ
2712 2050 2954 2109 διακονία
3006 2060 3112 2110 τῶν
3165 2051 3465 2130 Οὖρϐικίου
3517 2055 3569 2109 οἱ
3617 2073 3756 2127 προ-

2097 2149 2272 2200 νοῖται
2303 2145 2370 2213 α’,
2405 2147 2438 2214 ἡ
2472 2141 2719 2199 διακονία
2748 2148 2845 2199 τοῦ
2876 2145 3068 2220 Ἀγίου
3100 2147 3326 2202 Μωκίου
3357 2146 3423 2216 α’,
3467 2147 3502 2214 ἡ
3552 2141 3757 2214 ἐγκλη-

2101 2235 2190 2289 σία
2211 2238 2307 2290 τοῦ
2337 2235 2523 2307 Ἀγίου
2559 2233 2879 2312 Παγχαρίου
2935 2235 3000 2291 α’.
3053 2235 3149 2289 Καὶ
3193 2236 3335 2308 ὁμοῦ
3385 2231 3474 2289 διὰ
3521 2233 3760 2308 χρυσίου

2101 2325 2203 2388 κθ“.
2237 2324 2326 2378 καὶ
2360 2320 2449 2377 διὰ
2485 2322 2851 2397 μιλιαρησίων
2878 2330 2936 2391 ε’,
2973 2323 3093 2398 μιλ.
3233 2323 3324 2378 καὶ
3357 2325 3498 2396 ὁμοῦ
3537 2327 3599 2377 τὸ
3651 2324 3757 2375 πᾶν

2103 2411 2192 2468 διὰ
2221 2418 2328 2467 τῶν
2362 2412 2686 2490 ἀμφοτέρων
2718 2411 2957 2489 χρυσίου,
2983 2413 3164 2488 λίτραι
3199 2415 3262 2484 ζ’,
3302 2435 3349 2472 ν.
3379 2413 3467 2482 vs‘,
3524 2409 3644 2485 μίλ.
3689 2411 3757 2465 κ’.

673 2506 940 2562 diaconia
995 2509 1055 2562 S.
1087 2507 1250 2562 Mocii
1303 2523 1466 2563 num.
1503 2509 1553 2572 1,
1605 2506 1846 2563 ecclesia
1890 2508 1949 2563 S.
2009 2505 2317 2563 Pancharii
2370 2521 2534 2559 num.
2571 2509 2621 2560 1.
2658 2506 2718 2560 In
2778 2505 3058 2562 hactenus
3117 2505 3415 2561 recensitis
3479 2505 3760 2559 habemus

337 2596 614 2653 numism.
667 2597 901 2666 quidem
952 2596 1142 2651 solida
1188 2595 1280 2662 29,
1327 2613 1396 2651 ex
1437 2595 1770 2652 miliaresiis
1814 2601 2015 2652 autem
2064 2594 2464 2666 singularibus
2523 2593 2781 2650 confecta
2811 2595 2990 2650 alia5
3047 2611 3180 2650 cum
3241 2593 3468 2650 duobus
3525 2591 3760 2648 Iuilliar.

337 2685 464 2740 Jam
495 2685 542 2740 si
577 2683 726 2740 hanc
757 2700 1057 2740 summam
1089 2685 1160 2740 ad
1193 2689 1427 2741 caeteras
1452 2685 1783 2756 superiores
1824 2684 2008 2740 addas
2038 2688 2096 2740 et
2126 2683 2439 2740 contrahas
2497 2699 2701 2739 omnes
2734 2683 2790 2738 in
2839 2699 3037 2752 unam,
3070 2683 3292 2740 efﬁcias
3339 2683 3467 2739 auri
3511 2682 3670 2738 litras
3697 2681 3757 2749 7,

332 2790 473 2830 num
503 2775 594 2843 55,
625 2773 858 2830 milliar.
891 2774 945 2828 8.

346 2864 419 2920 De
446 2862 855 2936 distributione,
884 2863 1147 2936 sportulae
1175 2864 1403 2934 patricii
1431 2863 1750 2936 me50prati,
1790 2867 1991 2936 septem

839 2935 986 2990 titris
1014 2938 1144 2991 auri
1171 2937 1488 2991 constantis.

409 3025 496 3080 Ad
529 3023 866 3081 cubiculum
899 3025 1253 3096 pertinentes
1301 3025 1597 3098 accipiunt
1640 3025 1804 3081 litras
1835 3026 1992 3091 3,ca-

343 3114 513 3171 niclei
545 3116 852 3186 praefectus
872 3116 1234 3171 numismata
1264 3116 1533 3182 30,ambo
1555 3116 1852 3172 demarchi
1876 3116 1996 3171 sin-

340 3203 462 3276 guli
493 3221 658 3260 num.
692 3206 783 3273 30,
815 3204 1261 3262 cerimoniarius
1291 3204 1865 3273 num.30,silcntiarii
1897 3204 1993 3273 30,

343 3292 595 3349 articlini
627 3293 960 3366 imperiales
992 3295 1079 3360 12,
1103 3294 1339 3350 comites
1371 3293 1718 3350 Scholarum
1747 3295 1997 3366 20,prae-

342 3399 556 3454 parans
588 3383 906 3439 canicleum
936 3382 1184 3450 4,locum
1209 3386 1474 3439 tenentes
1502 3384 1557 3453 5,
1573 3384 1908 3440 scholarum
1940 3385 1995 3454 3,
2027 3405 2069 3472 ρ

339 3471 712 3543 primicerius
743 3471 1003 3528 cubiculi
1033 3471 1452 3539 12,axiomatici
1484 3475 1539 3528 2.
1572 3474 1819 3529 Summa
1851 3472 1995 3527 litrte

338 3560 393 3630 5,
429 3561 789 3616 numismata
835 3561 926 3616 59.
963 3560 1138 3616 Porro
1187 3561 1322 3617 inde
1369 3563 1588 3618 cedunt
1621 3563 1994 3630 factionibus,

341 3653 572 3705 Venetas
604 3654 775 3721 atque
805 3649 1055 3704 Prasiae:
1089 3649 1214 3705 haec
1246 3666 1266 3703 :
1298 3650 1399 3705 sed
1431 3651 1570 3721 quid
1605 3668 1754 3723 opus
1785 3657 1876 3706 est
1905 3667 1999 3706 su-

341 3740 543 3816 perius
591 3741 750 3797 dicta
807 3745 1088 3812 repetere,
1141 3755 1274 3794 cum
1323 3739 1501 3795 iidem
1559 3742 1760 3796 eadem
1821 3745 1998 3812 atque

343 3835 565 3897 ante,et
595 3829 781 3887 nihilo
801 3828 994 3885 minus
1023 3828 1358 3902 accipiunt?
1387 3830 1544 3886 464
1575 3834 1724 3902 Ergo
1754 3829 1999 3886 diaetarii

340 3925 400 3978 et
430 3919 638 3992 reliqui
693 3919 810 3976 haec
861 3919 1100 3975 ferunt:
1135 3918 1576 3975 admissionalis
1626 3919 1907 3975 numism.
1940 3919 1995 3987 6,

342 4011 591 4067 diaetarii
619 4008 950 4066 consistorii
983 4024 1148 4064 num.
1181 4008 1237 4077 2,
1270 4009 1630 4066 domesticus
1660 4009 1860 4082 magni
1894 4026 1995 4082 pa-

344 4099 472 4156 latii
505 4097 976 4168 num.1,diaatarii
1008 4097 1208 4170 magni
1239 4098 1439 4170 palatii
1471 4099 1999 4167 num.2,domesti-

2105 2862 2210 2924 Διά
2256 2863 2354 2930 τῆς
2405 2858 2672 2934 διανομῆς
2726 2865 2822 2936 τοῦ
2866 2856 3105 2935 κομὸίου
3153 2865 3260 2936 τῶν
3308 2861 3350 2931 ζ’
3400 2857 3604 2936 λιτρῶν
3653 2861 3758 2914 τοῦ

2573 2933 2919 3008 μεσοπράτου
2942 2933 3263 3009 πατρικίου.

2177 3025 2244 3082 Οἱ
2273 3027 2371 3078 τοῦ
2401 3018 2800 3078 κουϐουκλείου
2833 3023 3066 3098 χρυσίου
3099 3020 3286 3098 λίτρας
3339 3023 3408 3098 γ’,
3458 3023 3485 3076 ὁ
3513 3025 3612 3077 τοῦ
3658 3041 3760 3076 κα-

2102 3111 2346 3169 νικλείου
2375 3111 2446 3182 λ’,
2481 3113 2531 3168 οἱ
2564 3109 2659 3167 δύο
2693 3108 2980 3189 δήμαρχοι
3013 3113 3113 3166 ἂινᾶ
3160 3110 3228 3182 λ’,
3281 3112 3308 3166 6
3357 3119 3457 3182 τῆς
3501 3110 3761 3166 καταστά-

2106 3224 2242 3265 σεως
2270 3201 2339 3272 λ’,
2374 3203 2425 3256 οἱ
2477 3201 2833 3276 σιλεντιάριοι
2881 3203 2950 3273 Λ“,
3005 3202 3058 3256 οἱ
3101 3199 3408 3277 ἀρτικλίνοι
3454 3204 3551 3256 τοῦ
3605 3201 3763 3274 βασι-

2105 3291 2248 3355 λέως
2284 3293 2376 3368 ιβ“,
2409 3293 2466 3346 οἱ
2497 3291 2736 3364 κόμητες
2770 3296 2878 3346 τῶν
2926 3290 3150 3369 σχολῶν
3198 3299 3267 3358 κ“,
3299 3291 3326 3345 ὁ
3378 3288 3647 3358 σκευάζων
3697 3289 3761 3344 τὸ

2107 3381 2415 3438 κανίκλειον
2450 3380 2517 3453 δ’,
2550 3383 2603 3436 οἳ
2632 3381 3008 3456 τοποτηρηταὶ
3037 3385 3144 3436 τῶν
3181 3378 3403 3458 σχολῶν
3445 3380 3514 3455 γ“,
3558 3380 3585 3434 ὁ
3633 3399 3761 3453 πρι-

2113 3473 2372 3546 μικήριος
2402 3475 2496 3526 τοῦ
2519 3467 2913 3526 κουϐουκλείου
2947 3470 3040 3546 ιβ’,
3073 3470 3124 3524 οἳ
3155 3469 3516 3542 ἀξιωματικοὶ
3653 3467 3758 3524 Καὶ

2105 3563 2167 3617 τὸ
2199 3566 2300 3616 πᾶν
2334 3561 2570 3637 χρυσίου
2604 3561 2783 3634 Αίτραι
2815 3561 2872 3629 ε’,
2905 3581 2952 3616 ν.
2987 3560 3086 3615 νϐ’.
3125 3559 3221 3614 Διὰ
3249 3563 3348 3614 τοῦ
3399 3557 3596 3633 μέρους
3645 3560 3757 3612 τῶν

2108 3651 2344 3708 Βενέτων
2396 3651 2483 3705 καὶ
2566 3648 2868 3725 Πρασίνων.
2945 3647 3298 3722 Διανέμονται
3366 3645 3514 3704 οὗτοι
3578 3645 3759 3710 καθὼς

2105 3741 2196 3796 καὶ
2226 3741 2491 3817 πρότερον
2549 3739 2784 3816 εἴρηται·
2830 3739 2907 3798 Οὐ
2959 3739 3062 3814 γὰρ
3117 3739 3513 3795 ὑποπίπτουσιν
3552 3737 3612 3793 ἐκ
3659 3741 3757 3792 τοῦ

2107 3831 2374 3904 προτέρου
2404 3825 2643 3904 κομϐίου
2683 3827 2858 3886 οὐδὲν.
2893 3829 2990 3884 Διὰ
3019 3834 3126 3885 τῶν
3157 3827 3468 3902 διαιταρίων
3496 3826 3585 3883 καὶ
3631 3824 3757 3881 λοι·

2107 3923 2242 3974 πῶν’
2277 3921 2304 3973 6
2346 3917 2822 3990 ἀδμηνσουνάλιος
2873 3921 2939 3987 ς’,
2991 3919 3044 3973 οἱ
3085 3916 3376 3993 διαιτάριοι
3425 3922 3522 3974 τοῦ
3571 3937 3752 3971 κονσι-

2109 4003 2345 4079 στωρίου
2381 4004 2448 4079 β’,
2479 4005 2507 4058 6
2556 4002 2879 4077 δομέστικος
2929 4007 3026 4059 τοῦ
3081 4004 3322 4081 μεγάλου
3368 4001 3636 4059 παλατίου
3687 4001 3756 4070 α’,

2109 4094 2160 4150 οἱ
2193 4091 2487 4170 διαιτάριοι
2517 4097 2612 4149 τοῦ
2648 4091 2889 4168 μεγάλου
2921 4093 3190 4149 παλατίου
3244 4094 3314 4168 β’,
3367 4093 3394 4147 6
3440 4092 3764 4166 δομὲστικος

1387 4234 1591 4290 JOAN.
1631 4234 1776 4291 JAG.
1821 4234 2081 4291 REISKII
2119 4231 2701 4289 COMMENTARIUS.

414 4362 526 4435 (30)
561 4363 1044 4434 Φωταψιῶν.οοἰει
1065 4359 1325 4435 maxima
1350 4376 1497 4435 pene
1528 4361 1792 4432 impensa
1824 4361 2003 4435 eccle-

344 4433 566 4492 siarum
589 4433 988 4504 apud’Grascos
1011 4439 1069 4490 et
1093 4434 1335 4489 Latinos
1362 4433 1425 4487 fit
1448 4433 1507 4488 in
1536 4449 1735 4489 cereos
1764 4440 1824 4488 et
1853 4433 2002 4490 lam-

347 4506 550 4579 pades,
583 4506 711 4562 ideo
743 4522 869 4578 quin
901 4505 1160 4579 ecclesiae
1199 4506 1490 4559 donantur
1518 4507 1601 4579 ad_
1632 4505 2002 4579 luminariam

345 4577 616 4634 dicuntur
645 4577 868 4635 dari.Et
895 4578 1033 4633 inde
1062 4592 1298 4649 quoque
1325 4580 1434 4649 est,
1453 4577 1608 4649 quod
1643 4577 2002 4633 ecclesiasti-

343 4665 540 4706 corum
592 4649 898 4718 collegium
949 4647 1286 4705 Luminaria
1329 4647 1553 4702 dictum
1588 4648 1762 4703 fuerit
1810 4649 2000 4705 medio

343 4721 466 4778 sevi.
499 4721 875 4777 Tabularium
910 4727 1074 4777 vetus
1120 4720 1275 4790 apud
1327 4718 1414 4774 Du
1472 4719 1748 4791 Gangiurn
1806 4721 1993 4776 Gloss.

345 4795 469 4850 Lat.
509 4795 567 4849 h.
601 4809 651 4848 ν.
685 4808 700 4848 :
735 4794 878 4849 Dant
908 4794 967 4848 in
997 4793 1246 4850 quolibet
1273 4805 1420 4845 anno
1448 4791 1520 4844 60
1564 4791 1762 4847 solidos
1792 4791 1993 4848 Ruthe-

343 4881 561 4934 nenses,
591 4864 660 4920 de
687 4867 881 4936 quibus
923 4862 1123 4920 habeat
1154 4862 1329 4918 Abbas
1369 4862 1442 4915 20
1468 4863 1777 4936 soliriosLet
1803 4865 1875 4918 ad
1905 4865 1992 4918 tu-

342 4932 650 4993 minariam
678 4932 792 4992 sint
817 4938 923 4994 alii
949 4938 1020 4991 2O
1052 4953 1066 5004 ;
1099 4936 1156 4990 id
1190 4939 1294 5002 est,
1337 4937 1454 4994 ταῖς
1487 4932 1814 5007 φωταψίαις,
1849 4937 1989 4991 ﬁsco

343 5007 613 5064 Ecclesia
644 5013 702 5064 et
729 5011 857 5065 ﬁsci
886 5007 1257 5065 curatoribus
1287 5007 1473 5063 cedat.
1507 5007 1664 5062 Idem
1695 5024 1746 5066 v.
1780 5009 1991 5063 (Estan

346 5079 540 5134 locum
573 5079 728 5134 hunc
745 5081 886 5136 citat
902 5097 933 5136 e
955 5079 1238 5135 tabulario
1259 5077 1522 5132 S.Sabini
1558 5078 1989 5136 Levitanensis:

344 5149 416 5205 ad
440 5148 753 5204 luminaria
782 5151 837 5206 S.
871 5151 1066 5207 Sabini
1096 5150 1362 5217 butirum,
1395 5149 1537 5221 quod
1564 5166 1662 5221 per
1691 5161 1828 5206 totas
1857 5153 1989 5207 illas

341 5222 564 5278 aestivas
591 5221 924 5277 censuatiter
954 5223 1379 5287 accipiebamus,
1428 5225 1763 5279 monasterio
1793 5239 1987 5279 conce-

341 5292 515 5349 dendo
552 5292 906 5365 remittimus.
937 5293 1100 5350 Gonf.
1151 5295 1304 5350 idem
1337 5293 1408 5348 ad
1461 5292 1524 5347 P.
1557 5293 1758 5351 Silent.
1793 5310 1848 5365 p.
1879 5296 1986 5350 559

345 5365 468 5443 ῌιιο
511 5361 769 5443 φωταψία
800 5362 859 5416 in
910 5379 1117 5443 genere
1135 5370 1234 5443 est
1290 5381 1460 5443 omne
1508 5361 1986 5443 congiarium}:-

346 5433 575 5509 λοτιμία
605 5433 799 5509 nostro
830 5433 1036 5509 codici,
1065 5437 1304 5509 solemne
1341 5436 1561 5492 Latinis
1591 5439 1832 5492 dictum.
1866 5433 1981 5494 No-

341 5503 490 5564 vella
519 5507 716 5579 Basilii
737 5503 1219 5579 Porphyrogenn.
1251 5508 1322 5562 de
1355 5509 1668 5579 praescript.
1703 5510 1773 5564 40
1802 5527 1983 5566 anno-

343 5580 569 5654 rumEi
603 5577 669 5654 at
700 5576 785 5654 sic
814 5573 963 5654 τινα
984 5573 1092 5629 τῶν
1119 5573 1312 5654 ἀὗ-τῶν
1355 5573 1656 5652 εὐκτηρίὶυν
1704 5579 1850 5654 παρὰ
1884 5581 1981 5653 βα-

344 5649 541 5725 σιλέως
571 5649 852 5725 βωλέμνιοξ
882 5649 917 5718 ἢ
950 5646 1224 5725 sensit“!
1255 5646 1551 5725 γίγνφνταιό

439 5722 528 5792 31)
552 5717 932 5794 geminis“.
949 5717 1340 5794 _'_Qu_i_nam__hi
1354 5721 1499 5794 sint,
1541 5724 1692 5794 sacci
1700 5724 1978 5794 geruline,

344 5787 760 5864 balantigeruli
789 5787 1125 5861 (sacellsrii,
1169 5787 1503 5846 collectores
1530 5787 1873 5863 redittium),
1905 5787 1978 5851 an

2116 4361 2484 4440 balneatores
2515 4360 2608 4440 (cf:
2641 4361 2885 4440 salmas.
2920 4361 3011 4440 ad.
3047 4360 3146 4440 t_.II
3175 4364 3296 4414 Scr.
3333 4358 3398 4414 H.
3436 4361 3529 4424 A.,
3554 4358 3765 4440 p.865),

2115 4450 2231 4488 non
2266 4432 2528 4488 dixerim.
2560 4432 2840 4488 Neutrum
2893 4431 3100 4501 placet,
3135 4446 3322 4501 neque
3353 4431 3643 4501 succurrit
3673 4447 3763 4487 re-

2112 4506 2282 4560 ctius.
2316 4504 2516 4574 Neque
2536 4505 2723 4573 juvat,
2773 4497 3462 4575 (ιυίἆίιυειηβεὶξαναδες,
3495 4502 3648 4575 quod
3699 4504 3760 4559 in

2110 4576 2332 4674 83"!)ng
2360 4566 2467 4674 [VI-1,
2502 4566 2612 4631 act.
2647 4576 2682 4629 9
2712 4566 2962 4674 hahetut':
2991 4594 3004 4643 ;
3044 4566 3359 4674 βελανάδτις,
3395 4566 3761 4674 σταυᾷλισια-

2108 4646 2215 4710 νοὶ,
2247 4646 2558 4721 ἱππίατροι,
2590 4651 2740 4718 quod
2787 4646 3132 4704 Anastasius
3157 4648 3324 4702 vertit
3370 4647 3591 4700 acuarii
3635 4655 3758 4701 sta-

2109 4711 2919 4788 bularii,veterinarii.Locum
2954 4719 3093 4773 citat
3125 4719 3209 4773 Du
3241 4719 3435 4788 Gange
3467 4719 3523 4772 in
3557 4715 3751 4774 Gl.l.v.

2027 4799 2075 4862 ι)
2106 4791 2356 4847 Acuarii.
2391 4791 2614 4847 Gertius
2643 4791 2780 4860 quid
2813 4791 2884 4846 de
2915 4791 3021 4845 hoc
3053 4790 3178 4847 loco
3210 4789 3451 4844 deﬁnire
3495 4804 3748 4862 possem,

2105 4863 2153 4918 si
2182 4863 2509 4935 concilium
2529 4863 2724 4935 ipsum
2757 4878 2950 4935 coram
2980 4863 3248 4935 manibus
3276 4862 3571 4935 haberem.
3597 4860 3750 4935 sane

2102 4951 2217 4990 non
2283 4929 2590 5007 βελανάδες
2663 4936 2759 4990 sed
2817 4929 3110 5006 βελονάδες
3180 4933 3319 5001 legit
3385 4932 3746 5007 Anastasius.

2097 5000 2319 5074 Suntne
2350 5007 2494 5062 forte
2523 5006 2769 5074 Riemcr,
2801 5000 3046 5062 [orarum
3073 5000 3308 5072 sutores,
3342 5009 3444 5059 aut
3476 5000 3745 5074 βαλαντά-

2099 5073 2184 5138 δες
2218 5095 2317 5148 pro
2351 5075 2729 5148 βαλαντιάδες,
2765 5077 3144 5134 balantiorum
3184 5078 3437 5134 sutores?
3464 5073 3568 5130 Sed
3600 5074 3747 5147 quid

2097 5149 2273 5242 hilagx
2292 5150 2728 5242 patriarcham?

2167 5218 2638 5293 (32)Ἂκοίμητοι
2669 5226 2836 5278 erant
2867 5221 3157 5289 monachi,
3187 5219 3281 5289 qui
3315 5220 3535 5293 absque
3566 5218 3744 5293 inter-

2097 5292 2381 5349 missione
2405 5291 2503 5349 diu
2551 5299 2841 5364 noctuque
2886 5310 3054 5350 sacra
3105 5293 3478 5349 celebrabant
3507 5292 3569 5347 in
3619 5291 3743 5346 suis

2097 5366 2465 5437 monasteriis
2497 5373 2599 5421 aut
2629 5367 2986 5434 ecclesiis,de
3017 5367 3234 5437 quibus
3253 5365 3486 5420 abunde
3509 5364 3629 5434 agit
3658 5365 3741 5419 [)u

2093 5435 2289 5508 Gange
2318 5439 2377 5492 in
2407 5443 2653 5508 utroque
2685 5438 2995 5493 Glossario.

2165 5453 2289 5563 lnge
2318 5454 2377 5492 in
2407 5453 2653 5508 utroque
2685 5453 2995 5493 utossario.

2165 5508 2222 5579 (3
2262 5510 2281 5579 )
2313 5505 2674 5578 Σπουδῆςῡθ
2705 5511 2814 5565 hoc
2846 5508 3197 5565 monasterio
3229 5509 3401 5565 habet
3432 5509 3518 5564 Du
3551 5507 3744 5578 Gange

2092 5579 2376 5654 οριίριπ.
2413 5581 2509 5647 ιν,
2542 5599 2600 5654 p.
2635 5583 2757 5637 161.
2810 5580 3022 5636 Verum
3057 5583 3133 5654 de
3178 5582 3532 5638 monasterio
3564 5596 3742 5654 παρᾴ-

2093 5647 2356 5723 σπουδῆς,
2385 5647 2591 5726 Aquod
2625 5655 2971 5726 interpretor
3024 5653 3208 5709 vicino
3257 5657 3358 5710 aut
3408 5647 3742 5710 secundat-io

2089 5724 2425 5781 monasterio
2453 5724 2667 5798 spudcs,
2701 5724 2845 5780 nihil
2879 5725 3074 5781 habet.
