4124 6366
360 458 507 520 1441

1155 458 1257 519 DE
1301 455 1763 519 CERIMONIIS
1812 455 2044 516 AULE
2093 456 2576 517 BYZANTINE
2625 455 2762 516 LIB.
2811 457 2887 517 ll.

3620 411 3779 521 1412'

357 599 456 662 τῆς
491 593 703 670 Δάφνης
750 592 817 663 α’,
877 587 927 646 οἳ
986 587 1276 665 διαιτᾶριοι
1334 594 1430 645 τοῦ
1480 589 1668 665 Ἀγίου
1732 590 2004 668 Στεφάνου

2135 607 2224 647 :us
2253 591 2520 662 Daphnes
2542 608 2705 647 num.
2735 593 2784 658 1,
2809 591 3045 647 diaetarii
3072 592 3131 648 S.
3152 591 3431 664 Stephani
3458 591 3650 660 mil.8,
3673 611 3770 649 au-

362 684 482 755 μιλ.
517 683 588 751 η’,
622 682 673 736 οἳ
703 682 1007 757 χρυσοχόοι
1059 684 1153 736 τού
1207 679 1494 754 βασιλικου
1528 678 1751 740 σκεύους
1788 679 1907 751 μιλ.
1945 676 2005 748 δ’,

358 774 410 827 οἱ
461 769 752 846 διαιτάριοι
801 775 896 825 τοῦ
947 769 1282 844 ὀστιαρικίου
1335 769 1455 842 μιλ.
1508 770 1569 840 ς’,
1611 769 1662 823 οἱ
1715 765 2008 844 διαιτάριοι

355 867 454 916 τοῦ
485 859 838 936 ἱπποδρόμου
892 859 1010 933 μιλ.
1069 862 1130 929 ζ’,
1176 861 1229 915 οἱ
1279 859 1552 921 στένοντες
1579 858 1648 913 τὰ
1679 859 1886 931 σκάμνα
1916 861 2012 912 τοῦ

355 948 702 1025 ἱπποδρόμον
758 950 878 1024 μιλ.
925 951 994 1027 γ’,
1045 951 1097 1004 οἱ
1148 948 1609 1024 πρωτοκεντάριοι
1653 949 1718 1016 α’,
1771 949 1821 1002 οἱ
1873 945 2016 1002 διαι-

354 1063 534 1116 τπριοι
563 1045 660 1096 τοῦ
710 1039 1103 1116 στρατωρικίου
1153 1037 1274 1114 μιλ.
1316 1039 1374 1107 ε’,
1426 1042 1541 1100 τοῖς
1585 1035 1828 1098 ἀσελίοις
1862 1039 1927 1106 α’,
1961 1038 2013 1091 οἱ

359 1128 658 1203 διαιτάριοι
705 1135 813 1185 τῶν
872 1130 934 1194 ιδ’
984 1124 1288 1184 ἂκουϐίτων
1342 1126 1463 1200 μιλ.
1517 1128 1578 1197 ζ’,
1629 1128 1680 1181 οἱ
1723 1125 2014 1201 διαιτάριοι

355 1227 455 1290 τῆς
508 1219 777 1294 Παναγίας
826 1217 947 1292 μιλ.
1005 1219 1056 1286 ι’,
1107 1220 1158 1272 οἱ
1209 1215 1501 1292 διαιτάριοι
1558 1224 1658 1286 τῆς
1714 1217 2014 1290 μαννάύρας

365 1308 485 1384 μιλ.
523 1311 584 1379 ζ’,
617 1309 668 1364 οἱ
698 1316 799 1378 τῆς
845 1308 1206 1384 βεστοσάκρας
1257 1308 1322 1377 α’,
1376 1308 1426 1361 οἱ
1479 1305 1755 1380 βασιλικοὶ
1789 1305 2013 1361 λοῦσται

357 1401 424 1469 α’,
458 1401 509 1454 οἱ
539 1395 829 1472 καλδάριοι
881 1398 1002 1471 μιλ.
1160 1397 1261 1453 Καὶ
1313 1397 1374 1450 τὸ
1406 1400 1508 1450 πᾶν
1543 1393 1631 1450 διὰ
1663 1395 1896 1474 χρυσίου
1932 1396 2014 1466 ις’,

357 1490 447 1545 καὶ
480 1487 569 1544 διὰ
613 1487 734 1563 μιλ.
778 1487 842 1556 δ’,
893 1487 1012 1561 μιλ.
1069 1489 1153 1545 ια’.
1205 1489 1380 1560 Ὁμοῦ
1428 1487 1489 1542 τὸ
1522 1492 1624 1542 πᾶν
1658 1493 1722 1555 κ’,
1761 1485 1880 1553 μιλ.
1927 1487 2014 1541 ια’.

358 1581 457 1636 Διὰ
486 1585 592 1634 τῶν
647 1583 928 1652 θυρωρῶν.
984 1578 1078 1634 Καὶ
1130 1577 1278 1631 οὗτοι
1329 1571 1672 1648 λαμϐάνουσι
1720 1575 1900 1636 καθὼς
1927 1576 2015 1629 καὶ

361 1669 449 1726 ἐπὶ
491 1673 588 1724 τοῦ
619 1669 841 1744 πρώτου
889 1662 1148 1740 κομϐίου.
1199 1665 1438 1739 Ὁμοίως
1481 1665 1571 1719 καὶ
1622 1666 1674 1718 αἱ
1717 1664 2013 1742 φωταψίαι,

361 1759 532 1834 ἤγουν
565 1759 619 1812 αἱ
651 1755 966 1827 ἐκκλησίαι.

2121 679 2317 735 rifabri
2389 679 2769 750 snpellectilis
2831 679 3154 752 imperialis
3222 681 3344 738 mil.
3405 682 3457 751 4,
3527 681 3770 737 dimtarii

2122 769 2398 826 ostiaricii
2424 768 2543 825 mil.
2565 771 2620 835 6,
2645 771 2885 826 diaetarii
2913 773 3047 826 circi
3071 771 3370 841 milliar.7,
3395 771 3772 828 c01|00atores

2121 875 2494 915 scamnorum
2525 859 2867 916 circensium
2902 861 3026 917 mil.
3052 861 3107 929 3,
3132 860 3414 916 acentarii
3448 867 3550 917 aut
3581 866 3774 933 proto-

2122 949 2363 1004 centarii
2389 966 2549 1004 num.
2577 950 2626 1019 1,
2647 949 2884 1005 diaetarii
2909 951 3220 1006 stratoricii
3245 950 3482 1006 milliar.
3505 951 3559 1014 5,
3575 949 3774 1007 aseliis

2124 1039 2249 1111 [seu
2274 1055 2552 1110 equorum
2582 1038 2914 1095 sellatorum
2945 1041 3352 1113 equisonibus]
3379 1057 3542 1096 num.
3569 1041 3620 1107 1,
3646 1040 3778 1097 diae-

2124 1127 2254 1184 tarii
2277 1128 2672 1184 novemdecim
2698 1128 3076 1184 accubituum
3103 1129 3297 1199 mil.7,
3321 1129 3566 1186 diaetarii
3593 1147 3773 1202 pana-

2124 1216 2233 1288 giae
2267 1232 2365 1271 seu
2391 1217 2778 1272 sanctissimae
2811 1217 2910 1274 Dei
2943 1218 3251 1274 Genitricis
3276 1217 3396 1273 mil.
3430 1219 3515 1286 10,
3538 1218 3785 1274 diaetarii

2127 1323 2452 1379 magnauraa
2488 1307 2610 1362 mil.
2633 1308 2689 1375 7,
2715 1310 3057 1364 vestosacrze
3089 1308 3323 1380 ascripti
3357 1325 3522 1366 num.
3545 1308 3785 1379 1,1usta3

2128 1396 2213 1452 vel
2256 1396 2622 1453 balneatores
2673 1396 2929 1469 corporis
2977 1397 3224 1469 Augusti
3255 1413 3416 1452 num.
3457 1400 3503 1466 ι,
3536 1397 3782 1454 caldarii

2129 1485 2252 1543 mil.
2273 1486 2330 1539 2.
2356 1485 2547 1542 Habes
2570 1502 2707 1558 ergo
2730 1485 2918 1542 solida
2940 1487 3298 1542 numismata
3322 1488 3411 1555 16,
3434 1492 3492 1542 et
3513 1503 3543 1543 e
3568 1486 3784 1543 millia-

2128 1574 2297 1631 resiis
2346 1575 2774 1649 singularibus,
2808 1576 2858 1632 si
2907 1575 3256 1632 numismata
3311 1585 3635 1649 computes,
3672 1577 3783 1633 alia

2127 1665 2158 1720 4
2190 1681 2317 1720 cum
2379 1666 2441 1721 1t
2506 1664 2858 1722 miliaresiis.
2896 1666 3043 1737 Ergo
3097 1669 3220 1721 tota
3277 1682 3514 1722 summa
3574 1672 3664 1722 est
3712 1668 3786 1723 20

2129 1771 2318 1823 num.,
2354 1755 2412 1808 11
2453 1753 2574 1812 mil.
2608 1757 2784 1811 Porro
2825 1755 3040 1811 cedunt
3070 1754 3206 1811 inde
3228 1756 3607 1826 janitoribus,
3639 1756 3781 1812 item

363 1852 733 1926 phothapsiis
784 1867 886 1906 seu
937 1849 1198 1906 ecclesiis
1245 1849 1444 1905 eadem
1505 1846 1901 1904 emolumenta
1960 1850 2135 1918 atque
2166 1862 2196 1903 e
2227 1845 2525 1918 superiore
2582 1845 2830 1915 combio,
2882 1851 2946 1902 ut
2995 1863 3126 1918 ergo
3175 1846 3270 1903 hic
3319 1852 3578 1920 repetere
3610 1849 3784 1921 lepus

360 1958 476 2000 non
505 1942 604 2000 sit.

361 2068 458 2124 Διᾶ
511 2073 612 2136 τῆς
672 2062 938 2148 διανομῆς
997 2069 1095 2120 τοῦ
1164 2058 1400 2148 κομϐίου
1457 2067 1554 2148 τοῦ
1612 2061 1856 2138 ἆπράτου
1910 2081 2020 2116 παι-

2135 2063 2201 2118 De
2226 2061 2622 2119 distributione
2650 2064 2911 2136 sportulae
2936 2064 3168 2148 patricii
3195 2065 3402 2137 aprali,
3427 2079 3552 2137 quae
3573 2066 3784 2122 constat

713 2133 925 2213 τρικίου
953 2141 1062 2192 τῶν
1113 2139 1160 2200 ς’
1210 2133 1416 2211 λιτρῶν
1462 2135 1659 2196 οὕτως·

434 2265 501 2323 Οἱ
530 2268 627 2319 τοῦ
656 2257 1053 2318 κουϐουκλείου
1084 2261 1311 2337 χρυσίου
1354 2259 1546 2334 λίτρας
1585 2262 1655 2337 β’,
1684 2262 1711 2316 6
1741 2265 1838 2316 τοῦ
1869 2280 2020 2315 κανι-

361 2353 550 2410 κλείου
573 2376 622 2411 ν.
646 2351 748 2422 κδ’,
772 2354 824 2408 οἱ
847 2349 943 2407 δύο
967 2349 1252 2427 δήμαρχοι
1273 2374 1319 2409 ν.
1346 2353 1436 2424 pa)‘
1461 2353 1556 2405 ανὰ
1575 2373 1624 2406 ν.
1648 2347 1750 2420 κδ’,
1771 2351 1798 2404 6
1817 2353 1915 2415 τῆς
1935 2371 2024 2404 κα-

360 2443 666 2504 ταστάσεως
688 2465 735 2498 ν.
759 2439 862 2510 κδ’,
887 2443 938 2496 οἱ
971 2440 1325 2514 σιλεντιάριοι
1355 2462 1404 2496 ν.
1437 2437 1537 2506 κδ’,
1567 2441 1618 2494 οἱ
1642 2439 1883 2513 κόμητες
1912 2442 2019 2493 τῶν

365 2534 590 2608 σχολῶν
613 2555 656 2588 ν.
677 2529 780 2602 κδ’,
802 2532 854 2586 οἱ
875 2529 1191 2606 ἀρτοκλίνοι
1213 2534 1308 2584 τοῦ
1335 2529 1601 2605 βασιλέως
1623 2552 1670 2585 ν.
1685 2529 1776 2603 ιβ’,
1791 2529 1841 2582 οἱ
1863 2548 2026 2582 τοπο-

361 2622 599 2697 τηρηταὶ
630 2625 738 2675 τῶν
767 2619 991 2695 σχολῶν
1023 2643 1068 2676 ν.
1101 2621 1166 2694 γ’,
1204 2620 1232 2673 6
1270 2621 1631 2692 πριμικήριος
1662 2622 1759 2672 τοῦ
1789 2612 2028 2672 κουϐου-

361 2710 604 2767 κλείουν.
656 2711 746 2782 ιβ’,
799 2711 851 2764 οἱ
882 2708 1296 2782 ἀξιωματικοὶν.
1335 2709 1400 2782 β’,
1427 2710 1454 2761 6
1483 2709 1754 2777 σκευάζων
1785 2708 1848 2761 τὸ
1878 2705 2026 2761 κανί-

362 2799 547 2857 κλειον
579 2820 625 2855 ν.
661 2795 726 2855 δ’.
757 2799 928 2869 Ὀμου
962 2796 1145 2870 λίτραι
1177 2793 1219 2849 δ’
1251 2818 1298 2853 ν.
1329 2797 1436 2872 λγ’.
1466 2797 1562 2850 Διὰ
1584 2801 1690 2849 τῶν
1726 2793 1821 2849 δύο
1847 2799 2024 2868 μερῶν

269 2877 280 2881 1
369 2887 608 2947 Βενέτων
667 2907 725 2942 τε
781 2887 871 2940 καὶ
921 2884 1225 2959 Πρασίνων.
1283 2886 1343 2940 Ὁ
1403 2881 1731 2958 δευτερεύων
1788 2883 2025 2940 Βενὲτων

363 2979 484 3044 ν.α’,
508 2978 536 3032 ὁ
559 2975 888 3050 δευτερεύων
927 2974 1206 3049 Πρασίνων
1240 2974 1362 3042 ν,α’,
1387 2975 1414 3027 6
1436 2974 1826 3048 γειτονιάρχης
1868 2972 2025 3028 Βενέ-

364 3088 476 3122 των
505 3065 626 3138 μιλ.
659 3066 730 3136 η’,
765 3066 792 3119 6
821 3065 1209 3140 γειτονιάρχης
1242 3063 1526 3137 Πρασίνων
1579 3061 1700 3136 μιλ.
1731 3063 1802 3130 η’,
1833 3063 1861 3116 6
1891 3081 2027 3136 χαρ-

363 3154 656 3229 τουλάριος
684 3155 919 3212 Βενὲτων
953 3151 1076 3226 μι).
1109 3155 1179 3222 η’.
1231 3153 1258 3208 6
1306 3149 1712 3228 χαρτουλάριος
1746 3150 2022 3226 Πρασίνων

369 3245 492 3318 μιλ.
554 3245 626 3314 η’,
673 3244 701 3298 6
749 3243 1132 3319 φακτιονάριος
1187 3242 1426 3298 Βενέτων
1481 3238 1602 3313 μιλ.
1636 3242 1707 3310 η’,
1744 3241 1770 3294 ὁ
1800 3261 2023 3319 φακτιο-

364 3335 553 3410 νάριος
589 3333 870 3408 Πρασίνων
901 3329 1020 3404 μιλ.
1056 3333 1128 3401 η’,
1182 3332 1210 3385 6
1260 3331 1452 3392 λευκὸς
1488 3327 1611 3402 μιλ.
1655 3331 1712 3399 ε’,
1746 3331 1774 3384 6
1809 3329 2024 3404 (Σούσιος

368 3422 766 3498 μικροπανίτης
819 3419 940 3493 μιλ.
992 3422 1052 3486 ε’,
1101 3421 1128 3474 6
1174 3422 1414 3490 ποιητής
1467 3420 1698 3474 Βενὲτων
1749 3417 1869 3491 μιλ.
1903 3419 1962 3485 ς’,
1996 3419 2023 3473 6
2056 3453 2099 3520 Ο

364 3513 602 3582 ποιητὴς
635 3510 914 3584 Πρασίνων
957 3507 1078 3582 μιλ.
1133 3510 1190 3579 ς’,
1242 3510 1269 3562 ὁ
1331 3506 1593 3580 μελιστής
1625 3507 1863 3563 Βενὲτων
1901 3505 2021 3578 μιλ.

365 3603 426 3670 ς’,
469 3602 498 3656 6
531 3598 797 3674 μελιστής
825 3597 1106 3671 Πρασίνων
1158 3597 1278 3670 μιλ.
1327 3599 1387 3658 ς’.
1440 3597 1491 3650 οἱ
1540 3594 1820 3650 ἐπιστάται
1872 3595 2024 3652 Βενέο

361 3711 469 3746 των
525 3687 647 3762 μιλ.
697 3685 761 3758 δ’,
808 3687 858 3742 o't
899 3684 1177 3742 ἐπιστάται
1229 3686 1507 3761 Πρασίνων
1545 3683 1665 3758 μιλ.
1712 3683 1774 3752 δ’,
1810 3686 1860 3740 οἱ
1890 3685 2025 3757 κρά-

363 3799 485 3834 κται
516 3775 750 3835 Βενέτων
808 3775 928 3849 μιλ.
981 3772 1042 3843 6‘,
1096 3775 1151 3828 οἱ
1205 3773 1432 3849 κράκται
1485 3773 1768 3848 Πρασίνων
1805 3771 1924 3845 μιλ.
1960 3769 2024 3840 δ’,

366 3869 418 3924 οἱ
451 3865 756 3940 σημειωταὶ
789 3864 1027 3921 Βενέτων
1063 3862 1182 3936 μιλ.
1245 3861 1308 3933 δ’,
1371 3863 1421 3917 οἱ
1479 3861 1786 3936 σημειωταὶ
1832 3862 2028 3935 Πρασί-

365 3979 472 4013 νων
508 3955 630 4030 μιλ.
665 3953 728 4024 δ’,
779 3957 830 4009 οἱ
883 3952 1218 4029 μανδάτορες
1268 3955 1504 4009 Βενὲτων
1543 3951 1661 4025 μιλ.
1707 3950 1769 4022 δ’,
1804 3953 1856 4006 οἱ
1893 3974 2025 4024 μαν-

363 4043 585 4120 δάτορες
617 4044 898 4120 Πρασίνων
945 4042 1066 4115 μιλ.
1109 4040 1174 4113 δ’,
1216 4043 1267 4096 οἱ
1323 4040 1583 4118 βηγάριοι
1628 4041 1870 4097 Βενέτων
1902 4039 2022 4111 μιλ.

363 4137 420 4207 ε’,
455 4135 506 4190 οἱ
541 4135 801 4210 βηγάριοι
852 4134 1136 4205 Πρασίνων
1191 4131 1311 4204 μιλ.
1363 4131 1419 4201 ε’,
1472 4131 1523 4184 οἱ
1566 4131 1834 4204 θεωρηταί
1871 4128 2026 4186 Βενέ-

363 4247 471 4282 των
501 4223 621 4297 μιλ.
656 4221 723 4292 δ’,
755 4224 807 4277 οἱ
841 4223 1113 4296 θεωρηταὶ
1162 4220 1446 4294 ΙΙρασίνων
1482 4218 1602 4292 μιλ.
1641 4217 1704 4287 6‘,
1746 4220 1796 4273 οἱ
1828 4215 2028 4288 διαση-

369 4313 595 4388 μειωταὶ
636 4311 874 4369 Βενὲτων
912 4308 1032 4382 μιλ.
1088 4310 1154 4384 β’,
1209 4311 1259 4364 οἱ
1310 4307 1709 4381 διασημειωταὶ
1744 4307 2022 4382 Πρασίνων

369 4402 490 4476 μιλ.
524 4403 594 4476 β’,
616 4402 678 4455 τὸ
709 4396 932 4474 ὄργανον
963 4399 1204 4454 Βενέτων
1237 4418 1366 4469 μιμ.
1401 4408 1465 4468 ς’,
1507 4399 1568 4452 τὸ
1614 4393 1846 4473 ὄργανον
1883 4399 2029 4473 Ηρα-

366 4491 527 4547 σίνων
567 4488 688 4561 μιλ.
723 4490 787 4553 ς’.
819 4489 994 4559 Ὀμοῦ
1025 4509 1070 4542 ν.
1102 4484 1186 4557 ιδ’,
1223 4484 1343 4560 μιλ.
1379 4484 1443 4542 δ’.

2799 2151 2897 2192 sex
2937 2136 3114 2193 lilrz's.

2207 2261 2284 2316 Ea
2313 2259 2394 2315 ita
2440 2260 2832 2317 distribuitur.
2865 2261 3177 2334 Accipiunt
3232 2262 3578 2320 cubicularii
3609 2261 3696 2318 lit.
3730 2266 3782 2330 2,

2133 2349 2391 2407 oanicleo
2424 2351 2727 2421 praefectus
2760 2367 2922 2407 num.
2946 2352 3038 2420 24,
3062 2353 3363 2410 demarchi
3396 2353 3569 2408 ambo
3601 2370 3660 2408 n.
3693 2353 3785 2421 48,

2133 2440 2376 2510 (singuli
2425 2455 2637 2510 nempe
2685 2442 2800 2511 24),
2853 2441 3161 2497 silentiarii
3213 2459 3375 2499 num.
3407 2443 3498 2508 24,
3542 2442 3785 2498 comites

2133 2528 2472 2584 scholarum
2507 2544 2671 2584 num.
2702 2529 2795 2598 24,
2828 2529 3078 2585 articlini
3125 2531 3454 2602 imperiales
3495 2548 3662 2587 num.
3693 2533 3784 2599 24,

2132 2620 2466 2688 topoteretaa
2500 2616 2835 2674 scholarum
2864 2635 3025 2674 num.
3050 2619 3106 2687 3,
3132 2619 3497 2690 primicerius
3528 2619 3787 2674 cubiculi

2136 2708 2223 2772 12,
2249 2705 2581 2760 axiomatici
2609 2706 2668 2771 2,
2693 2713 3050 2778 praeparator
3078 2707 3316 2764 caniclei
3351 2707 3709 2763 numismata
3731 2709 3784 2764 4.

2135 2794 2377 2850 Faciunt
2421 2795 2600 2850 simul
2651 2795 2815 2851 litras
2869 2797 2922 2862 4,
2957 2800 3240 2852 numism.
3275 2798 3365 2852 33.
3421 2797 3788 2854 Factionibus

2135 2881 2443 2946 ambabus,
2461 2882 2689 2938 Venetas
2705 2883 3099 2956 Prasineeque,
3114 2885 3244 2939 inde
3259 2884 3474 2939 cedunt
3489 2884 3628 2939 haec.
3644 2884 3792 2940 Deu-

2136 2977 2376 3028 tereuon
2406 2975 2756 3028 Venetorum
2792 2975 3004 3045 accipit
3034 2975 3335 3030 numisma
3364 2975 3788 3041 1,deutereuon

2136 3061 2503 3117 Prasinorum
2536 3078 2698 3118 num.
2737 3063 2787 3129 1,
2813 3063 3239 3133 geitoniarches
3270 3061 3627 3118 Venetorum
3663 3063 3786 3118 mil.

2135 3151 2190 3217 8,
2223 3156 2282 3208 et
2329 3153 2476 3206 alter
2524 3150 2900 3206 Prasinorum
2960 3153 3349 3222 tantumdem,
3393 3151 3788 3209 chartularius

2134 3240 2489 3296 Venetorum
2518 3242 2638 3299 mil.
2661 3241 2716 3307 8,
2739 3247 2796 3296 et
2819 3242 2969 3297 alter
2993 3242 3368 3297 Prasinorum
3393 3243 3784 3310 tantumdem,

2138 3329 2512 3386 factionarius
2546 3334 2898 3386 Venetorum
2931 3333 3053 3387 mil.
3077 3332 3131 3401 8,
3156 3337 3212 3388 et
3232 3331 3380 3388 alter
3410 3333 3789 3388 Prasinorum

2136 3421 2526 3476 tantumdem.
2557 3437 2571 3486 ;
2596 3419 2767 3476 albus
2789 3438 2893 3476 seu
2918 3423 3328 3491 micrOpanites
3351 3423 3496 3477 alba:
3526 3421 3792 3478 factionis

2137 3508 2261 3564 mil.
2294 3511 2350 3578 5,
2384 3514 2438 3564 et
2469 3524 2676 3564 russus
2707 3525 2806 3565 seu
2849 3527 3033 3566 russea
3077 3511 3343 3567 factionis
3375 3510 3790 3582 micropanites

2135 3599 2528 3655 tantumdem.
2562 3598 2740 3655 Poeta
2769 3598 3126 3655 Venetorum
3161 3601 3282 3656 mil.
3315 3601 3370 3668 6,
3395 3604 3453 3656 et
3481 3601 3628 3655 alter
3659 3603 3790 3655 Pra-

2137 3687 2400 3743 sinorum
2424 3690 2792 3744 tantumdem
2811 3706 2826 3756 ;
2843 3689 3102 3745 melistes
3125 3706 3227 3745 seu
3254 3690 3520 3745 musicus
3547 3688 3794 3744 Veneto-

2136 3793 2267 3833 rum
2298 3776 2419 3832 mil.
2451 3779 2507 3847 6,
2540 3787 2596 3834 et
2626 3778 2770 3833 alter
2800 3780 3179 3835 Prasinorum
3226 3778 3587 3834 tantumdem
3615 3793 3628 3843 ;
3660 3777 3792 3849 epi-

2137 3873 2302 3925 statae
2335 3885 2437 3924 seu
2487 3868 2750 3941 magistri
2805 3869 3148 3925 Venetorum
3200 3868 3323 3923 mil.
3358 3868 3411 3932 4,
3445 3875 3500 3924 et
3529 3869 3792 3939 epislatm

2137 3957 2510 4014 Prasinorum
2542 3958 2933 4027 tantumdem,
2965 3962 3167 4013 cractae
3211 3973 3309 4013 seu
3359 3973 3653 4028 praecones
3681 3956 3791 4013 Ve-

2136 4051 2403 4102 netorum
2435 4045 2558 4103 mil.
2589 4047 2642 4111 4,
2665 4050 2721 4100 et
2743 4046 3116 4102 Prasinorum
3145 4047 3386 4118 pariters
3411 4047 3670 4102 emeiotae
3699 4046 3792 4102 vel

2135 4135 2538 4206 obsignatores
2591 4135 2796 4207 [urnas]
2845 4133 3198 4191 Venetorum
3254 4153 3336 4190 m.
3368 4134 3423 4203 4,
3455 4141 3513 4190 et
3561 4135 3788 4191 Prasini

2136 4224 2370 4295 pariter,
2407 4223 2780 4279 mandatores
2812 4226 3018 4279 Veneti
3051 4223 3176 4279 mil.
3210 4225 3265 4290 4,
3297 4228 3354 4279 et
3385 4224 3609 4279 Prasini
3642 4240 3792 4296 quo-

2135 4311 2540 4384 que;higarii
2598 4312 2795 4368 Veneti
2857 4310 2982 4367 mil.
3021 4313 3076 4381 5,
3126 4321 3179 4367 et
3237 4311 3462 4367 Prasini
3518 4326 3788 4384 quoque;

2134 4401 2625 4473 contemplatores
2677 4403 2863 4474 [urnae
2898 4403 3061 4476 puta]
3097 4403 3446 4460 Venetorum
3483 4401 3604 4458 mil.
3639 4403 3694 4469 4,
3736 4409 3793 4459 et

2134 4492 2511 4546 Prastnorum
2537 4493 2903 4547 tantumdem
2923 4492 3342 4561 ;diasemei0tae
3359 4509 3460 4548 seu
3474 4491 3792 4563 resignato-

373 4601 462 4640 res
523 4583 727 4657 [urnis]
785 4581 988 4637 Veneti
1045 4581 1168 4636 mil.
1200 4582 1256 4645 2,
1288 4585 1345 4635 et
1393 4580 1616 4634 Prasini
1681 4597 1794 4635 non
1855 4581 2070 4637 minus.
2130 4580 2425 4652 Organum
2481 4581 2766 4638 Venetam
2829 4581 2951 4638 mil.
2981 4584 3036 4651 6,
3070 4587 3128 4640 et
3157 4582 3468 4640 Prasinum
3526 4584 3785 4654 perinde.

367 4674 612 4732 Faciunt
641 4675 762 4730 haec
794 4670 1158 4728 numismata
1191 4670 1278 4738 l4,
1314 4668 1527 4724 miliar.
1560 4670 1610 4724 4.

864 4795 962 4851 Διᾶ.
987 4799 1084 4851 τοῦ
1119 4791 1518 4868 ἱπποδρομῖου.

436 4925 497 4981 Ὀ
528 4922 847 4992 ἀκτουάριος
895 4943 942 4977 ν.
988 4921 1054 4988 α’,
1087 4920 1116 4974 6
1148 4917 1378 4996 ἄργυρος
1407 4921 1504 4974 τοῦ
1539 4919 1756 4994 βεστίου
1790 4938 1841 4977 ν.
1888 4919 1956 4994 β’,
1989 4919 2017 4973 6

364 5011 615 5086 κούρσωρ
645 5013 712 5080 α’,
765 5012 794 5066 6
845 5009 1084 5086 ἄργυρος
1130 5013 1239 5064 τῶν
1289 5007 1564 5084 στεφάνων
1595 5010 1662 5073 α’,
1695 5009 1723 5063 6
1753 5014 1855 5076 τῆς
1889 5007 2024 5062 ἀπο-

365 5102 595 5177 κρίσεως
626 5122 673 5156 ν.
707 5101 774 5172 α’,
808 5100 836 5154 ὁ
870 5100 1149 5160 νεανίσκος
1185 5095 1307 5170 μιλ.
1345 5095 1407 5166 δ’,
1442 5098 1470 5151 6
1505 5095 1866 5172 μαξιλλάριος
1899 5094 2024 5170 μιλ.

366 5190 429 5260 δ’,
463 5191 490 5246 ὁ
522 5193 872 5266 θεσσαράριος
906 5190 1027 5263 μιλ.
1063 5187 1127 5258 δ’,
1161 5191 1188 5243 ὁ
1223 5182 1689 5264 χαμαιτριϐοὖνος
1725 5185 1847 5259 μιλ.
1884 5183 1948 5253 δ’,
1973 5187 2026 5241 οἱ

365 5279 713 5357 ὀφφικιάλιοι
755 5286 856 5348 τῆς
908 5277 1202 5354 κυλίστρας
1254 5275 1377 5352 μιλ.
1430 5278 1488 5343 ε’,
1551 5278 1603 5331 οἱ
1661 5276 2024 5353 μαγγανάριοι

366 5368 600 5428 Βενὲτων
653 5367 772 5442 μιλ.
826 5385 880 5437 ε’,
947 5369 1000 5423 οἱ
1051 5369 1406 5444 μαγγανάριοι
1468 5365 1744 5438 Πρασίνων
1799 5365 1920 5437 μιλ.
1965 5366 2024 5436 ε’,

365 5465 482 5523 τοῖς
510 5454 1025 5536 πρωτοϐηκταρίοις
1056 5457 1179 5530 μιλ.
1221 5458 1289 5534 γ’,
1337 5460 1457 5519 τοῖς
1496 5454 2025 5530 πρωτοπαλλαρίοις

370 5547 489 5623 μιλ.
525 5550 582 5619 ι’,
613 5554 692 5622 τῷ
722 5547 1067 5622 νουμεραρίῳ
1088 5555 1208 5615 ν.α’,
1233 5553 1352 5611 τοῖς
1377 5544 1622 5608 δεκανοῖς
1642 5549 1740 5601 τοῦ
1763 5541 2022 5620 ἱπποδροο

370 5638 498 5712 μίου
526 5639 656 5712 ν.β’,
685 5659 754 5715 τῃ
791 5636 961 5714 βίγλῃ
986 5638 1085 5704 τῆς
1118 5637 1332 5713 Δάφνης
1358 5633 1480 5712 μιλ.
1506 5633 1567 5692 δ’.
1594 5636 1767 5709 Ὁμοῦ
1791 5634 2023 5714 χρυσίου

368 5729 433 5799 θ’,
464 5727 554 5783 καὶ
587 5723 676 5782 διὰ
709 5725 828 5799 μιλ.
866 5729 934 5803 γ’,
971 5724 1092 5801 μιλ·
1126 5726 1189 5796 ζ’.

2051 4801 2099 4868 D

2713 4799 2865 4857 405
2900 4800 3008 4856 Pro
3036 4800 3200 4856 circa.

2199 4922 2419 4995 Accipit
2448 4923 2745 4980 actuarius
2775 4939 2942 4980 num.
2969 4925 3021 4993 1,
3044 4939 3286 4997 argyrus
3313 4924 3478 4981 vestii
3499 4927 3558 4995 2,
3579 4913 3789 4981 cursor

2137 5028 2345 5080 unum,
2398 5028 2643 5084 argyrus
2701 5027 3050 5069 coronarum
3116 5028 3321 5082 unum,
3371 5012 3788 5087 apocrisiarius

2135 5120 2345 5172 unum,
2361 5105 2674 5161 neaniscus
2690 5103 3068 5174 miliaresia4,
3085 5105 3451 5162 maxillarius
3467 5105 3587 5162 mil.
3602 5107 3657 5175 4,
3675 5115 3789 5163 tes-

2135 5195 2395 5248 serarius
2411 5191 2531 5247 mil.
2548 5193 2602 5256 4,
2617 5191 2836 5248 chamaa
2864 5193 3131 5250 tribunus
3146 5209 3248 5249 seu
3261 5193 3532 5251 tribunus
3547 5193 3789 5251 inferior

2136 5280 2260 5336 mil.
2278 5282 2330 5348 4,
2347 5281 2626 5337 ofﬁciales
2641 5280 2888 5354 cylistraa
2901 5282 3012 5346 (vel
3029 5299 3189 5338 urnae
3201 5283 3380 5339 sortiu
3395 5300 3443 5339 m
3471 5282 3791 5357 agitanda)

2136 5369 2261 5427 mil.
2282 5371 2338 5439 5,
2356 5371 2714 5442 manganarii
2737 5371 3088 5427 Venetorum
3116 5371 3240 5427 mil.
3257 5373 3384 5439 5,et
3406 5373 3784 5434 Prasinorum

2137 5458 2542 5526 tantumdem;
2578 5457 2978 5529 protovectarii
3010 5474 3089 5513 m.
3130 5459 3185 5522 3,
3219 5459 3614 5531 protopallarii
3656 5463 3783 5520 mil.

2131 5545 2188 5613 5,
2223 5547 2589 5602 numerarius
2626 5563 2790 5601 num.
2827 5547 2876 5614 1,
2901 5547 3100 5604 decani
3135 5548 3506 5620 hippodromi
3539 5567 3698 5607 num.
3727 5555 3783 5625 2,

2133 5638 2335 5710 vigilia
2394 5653 2494 5694 seu
2555 5639 2812 5696 excubias
2872 5640 3143 5712 Daphnes
3196 5641 3320 5700 mil.
3353 5642 3406 5698 4.
3440 5641 3632 5700 Habes
3687 5644 3784 5704 hic

2137 5729 2497 5784 numismata
2527 5729 2711 5785 solida
2742 5730 2797 5796 9,
2827 5730 3044 5803 quibus
3076 5731 3362 5788 accedunt
3388 5732 3501 5789 alia
3532 5751 3563 5790 e
3594 5735 3782 5792 milia-

2134 5819 2302 5876 resiis
2332 5819 2596 5875 confecta
2629 5818 2739 5876 tria
2771 5835 2888 5876 una
2919 5835 3048 5878 cum
3084 5821 3419 5881 miliaresiis
3447 5823 3502 5876 7.
