4124 6384
295 417 448 482 1443

893 555 1000 609 Pro
1045 548 1340 608 diaelariis.
1974 543 2027 608 Α

367 661 590 735 Accipit
619 659 1058 716 admissionalis
1085 660 1142 728 5,
1177 659 1454 713 numism.
1480 651 1724 710 diaetarii
1747 649 1941 706 consi-

300 753 463 811 storii
497 768 661 807 num.
684 751 739 816 2,
765 751 1125 806 domesticus
1156 747 1353 820 palatii
1386 747 1438 815 1,
1474 742 1714 798 diaztarii
1747 737 1943 810 magni

297 839 929 916 palatii1,domesticus
956 838 1222 908 Daphnes
1248 837 1297 903 1,
1317 833 1560 890 diaetarii
1585 827 1942 900 S.Stephani

299 915 352 1002 1,
384 929 663 987 aurifabri
695 928 1072 1000 supellectilis
1105 925 1424 997 imperialis
1458 921 1582 978 mil.
1615 920 1666 985 4,
1699 915 1944 973 diaetarii

297 1019 571 1078 ostiaricii
625 1018 748 1073 mil.
781 1021 834 1085 2,
869 1016 1114 1072 diaatarii
1159 1016 1294 1070 circi
1347 1011 1470 1068 mil.
1504 1014 1558 1077 8,
1592 1009 1944 1066 collocantes

299 1127 540 1167 scamna
578 1108 857 1164 circensis
889 1106 1012 1162 mil.
1043 1107 1098 1170 3,
1131 1103 1438 1161 accentarii
1473 1117 1637 1157 num.
1673 1101 1726 1164 1,
1758 1095 1944 1154 asellii

297 1201 427 1267 n.1,
444 1198 689 1254 diaetarii
715 1195 1028 1252 stratoricii
1052 1193 1175 1250 mil.
1197 1195 1252 1264 5,
1278 1191 1524 1249 diaetarii
1548 1187 1944 1246 novemdecim

300 1289 672 1346 accubiluum
723 1285 843 1342 mil.
872 1288 930 1355 8,
959 1285 1203 1341 dietarii
1253 1281 1638 1339 sanctissimae
1687 1277 1945 1348 Deiparaa

299 1379 424 1435 mil.
460 1379 548 1445 10,
581 1377 823 1432 diaetarii
859 1391 1197 1446 magnauraa
1231 1372 1353 1428 mil.
1388 1371 1443 1436 8,
1477 1375 1820 1426 vestosacraa
1851 1365 1948 1420 ad-

297 1466 494 1540 scripti
554 1482 717 1521 num.
750 1463 994 1532 l,lustaa
1055 1461 1140 1518 vel
1196 1462 1560 1516 balneatores
1617 1454 1949 1527 imperiales

297 1574 460 1614 num.
495 1557 547 1626 1,
580 1555 820 1611 caldarii
865 1554 986 1610 mil.
1017 1553 1073 1608 2.
1109 1553 1299 1608 Habes
1354 1551 1716 1606 numismata
1763 1546 1948 1602 solida

299 1651 389 1717 15,
422 1655 475 1704 et
506 1647 620 1702 alia
650 1663 680 1702 e
712 1644 1043 1700 miliaresiis
1089 1643 1351 1700 confecta
1384 1645 1632 1713 quatuor
1662 1654 1782 1694 una
1811 1653 1945 1694 cum

299 1739 500 1794 decem
534 1733 992 1790 miliarensibus.

886 1928 992 1981 Pro
1011 1922 1372 1995 jandoribus.
1978 1918 2025 1983 B

368 2034 809 2092 Diatrechontes
842 2049 944 2088 seu
976 2031 1269 2088 vernaculi
1297 2029 1605 2102 logotheta
1636 2027 1824 2084 dromi
1857 2042 1946 2082 ac-

300 2125 524 2197 cipiunt
557 2141 719 2180 num.
752 2124 806 2191 2,
833 2123 1120 2194 janitores
1171 2118 1451 2191 vaporarii
1491 2135 1660 2174 num.
1699 2120 1754 2184 2,
1780 2116 1945 2187 jani-

298 2219 455 2270 tores
503 2213 637 2268 circi
693 2229 855 2269 num.
907 2213 962 2280 2,
1013 2211 1306 2267 cortinarii
1357 2225 1520 2263 num.
1565 2209 1590 2262 1
1638 2207 1850 2262 miliar.
1891 2206 1948 2271 7,

302 2320 600 2360 armorum
644 2301 1019 2374 imperalium
1068 2299 1336 2357 custodes
1367 2313 1530 2354 num.
1561 2299 1615 2352 2.
1648 2297 1888 2352 Summa
1917 2293 1952 2347 9

306 2393 590 2448 numism.
624 2395 681 2447 et
707 2391 742 2443 7
775 2389 1010 2446 milliar.

459 2501 564 2554 Pro
592 2501 761 2555 cereis
790 2514 887 2569 per
913 2495 1171 2569 ecclesias,
1197 2493 1553 2569 accendendis
1581 2501 1630 2550 ει
1660 2493 1798 2548 aliis

776 2566 1025 2642 personis
1053 2566 1476 2624 ecclesiasticis.

372 2677 696 2735 Castrensis
731 2676 1092 2749 [patriarchae
1125 2675 1366 2747 scilicet]
1397 2674 1610 2745 accipit
1642 2689 1951 2728 nummum

304 2770 356 2835 1,
398 2765 830 2824 referendarius
879 2764 1019 2818 item
1070 2779 1234 2818 num.
1279 2765 1332 2831 1,
1377 2760 1710 2833 imperiales
1759 2759 1950 2815 clerici

302 2857 475 2913 Phari
524 2871 798 2910 nummos
827 2855 882 2923 5,
915 2853 1344 2925 hypodiacones
1391 2851 1450 2906 S.
1482 2851 1708 2922 Sophia:
1743 2850 1865 2905 mil.
1897 2850 1952 2916 6,

305 2945 507 3002 decani
544 2943 887 3017 patriarchae
921 2941 1043 2998 mil.
1078 2943 1132 3006 4,
1155 2941 1416 3012 deputati
1450 2939 1571 2994 mil.
1606 2940 1660 3004 3,
1684 2937 1955 2993 monachi

303 3036 521 3107 spudes
543 3033 666 3089 mil.
689 3033 743 3102 8,
768 3031 1036 3087 monachi
1064 3031 1423 3102 paraspudes
1453 3029 1574 3085 mil.
1597 3029 1658 3099 5,
1680 3033 1958 3084 stratores

301 3124 644 3198 patriarchas
662 3122 785 3178 mil.
800 3123 853 3185 5,
873 3129 1208 3192 anagnostae
1223 3121 1471 3175 duarum
1488 3119 1952 3191 septimanarum

302 3232 467 3271 num.
502 3216 527 3272 1
582 3213 706 3270 mil.
737 3214 793 3281 6,
826 3212 1028 3284 psaltes
1078 3217 1135 3267 S.
1168 3209 1397 3282 Sophim
1448 3225 1608 3265 num.
1665 3209 1688 3262 1
1745 3207 1867 3262 mil.
1897 3208 1954 3278 6,

301 3303 748 3376 sceuophylaces
809 3317 966 3358 num.
1019 3304 1069 3366 1,
1132 3300 1287 3355 466
1346 3298 1600 3354 ministri
1658 3297 1955 3353 narthecia

303 3393 426 3450 mil.
460 3396 513 3463 4,
539 3391 757 3447 ostiarii
793 3390 988 3446 Sancti
1021 3389 1185 3444 Putei
1219 3388 1343 3444 mil.
1377 3391 1431 3455 5,
1458 3387 1798 3443 balantades
1831 3386 1951 3443 mil.

1350 407 1876 477 CONSTAN'I‘INI
1924 399 2636 466 PORPHYROGENI'I‘I

3549 401 3704 465 1444

2581 533 2677 588 Διὰ
2705 536 2812 586 τῶν
2841 529 3180 610 διαιταρίων.

2121 644 2216 712 Τῷ
2265 638 2722 713 ἀδμηνσουναλίῳ
2771 641 2828 709 ε’,
2878 646 2993 703 τοῖς
3031 637 3356 716 διαιταρίοις
3398 647 3496 699 τοῦ
3527 665 3706 700 κονσι-

2049 732 2285 805 στωρίου
2330 732 2395 806 β’,
2429 731 2456 785 ὁ
2490 728 2814 804 δομέστικος
2859 736 2957 786 τοῦ
3007 731 3276 788 παλατίου
3307 740 3372 802 α’,
3409 734 3458 788 oi
3492 732 3705 791 διαιτά-

2050 840 2159 894 ριοι
2188 824 2284 873 τοῦ
2313 818 2556 894 μεγάλου
2603 821 2877 874 παλατίου
2927 822 2992 888 α’,
3035 822 3062 874 ὀ
3104 819 3430 894 δομέστικος
3477 832 3580 895 τῆς
3613 827 3709 880 Δά-

2051 931 2188 986 φνης
2223 912 2289 979 α’,
2322 910 2372 963 οἱ
2407 907 2700 983 διαιτάριοι
2730 914 2826 964 τοῦ
2857 910 3040 986 Ἀγίου
3066 913 3334 990 Στεφάνου
3368 916 3434 984 α’,
3469 916 3519 968 οἱ
3543 935 3709 990 χρυσ..

2052 998 2178 1077 οχοὶ
2237 1003 2333 1053 τοῦ
2397 999 2684 1074 βασιλικοῦ
2735 1000 2956 1061 σκεῦους
3015 999 3136 1073 μιλ.
3189 999 3250 1069 δ’,
3301 1003 3352 1057 οἱ
3412 1001 3708 1080 διαιτάριοι

2049 1094 2146 1143 τοῦ
2179 1087 2514 1164 ὀστιαρικίου
2577 1087 2696 1160 μιλ.
2760 1089 2824 1164 β’,
2884 1090 2935 1144 οἱ
2995 1087 3410 1166 διαιτάριοιτοῦ
3441 1093 3712 1169 ἱπποδρο-

2054 1179 2183 1251 μίου
2237 1175 2357 1250 μιλ.
2414 1184 2483 1249 η’,
2541 1179 2591 1231 οἱ
2637 1176 2907 1240 στένοντες
2955 1179 3020 1233 τά
3065 1181 3276 1253 σκάμνα
3327 1186 3423 1236 τοῦ
3481 1183 3707 1238 ἱππικοῦ

2055 1267 2174 1340 μιλ.
2209 1269 2274 1343 γ’,
2308 1268 2358 1322 oi
2386 1267 2843 1341 πρωτοκεντάριοι
2891 1289 2940 1326 ν.
2989 1269 3055 1337 α’,
3081 1275 3198 1332 τοῖς
3231 1270 3470 1333 ἀσελίοις
3500 1293 3546 1325 ν.
3582 1274 3625 1326 α’
3657 1273 3707 1326 οἱ

2053 1354 2346 1432 διαιτάριοι
2403 1361 2500 1412 τοῦ
2561 1358 2955 1432 στρατωρικίου
3017 1356 3138 1430 μιλ.
3199 1361 3256 1430 ι’,
3309 1363 3362 1415 οἱ
3412 1358 3706 1417 διαιτάλιοι

2050 1452 2157 1502 τῶν
2216 1449 2280 1511 ιθ¹
2325 1442 2628 1501 ἀκουϐίτων
2682 1446 2803 1519 μιλ.
2854 1455 2926 1517 η’,
2981 1449 3031 1502 o't
3082 1446 3372 1524 διαιτάριοι
3414 1457 3514 1520 τῆς
3543 1453 3709 1526 ὑπερ-

2054 1537 2205 1610 αγίας
2239 1537 2502 1591 Θεοτόκου
2539 1536 2659 1609 μιλ.
2699 1539 2746 1606 ι’,
2802 1537 2852 1592 οἱ
2904 1536 3199 1608 διαιτάριοι
3248 1545 3348 1608 τῆς
3380 1539 3706 1614 μανναύρας.

2057 1627 2176 1700 μιλ.
2207 1627 2276 1698 η’,
2310 1629 2362 1681 oi
2393 1634 2493 1696 τῆς
2527 1628 2891 1703 βεστοσάκρας
2925 1636 3047 1698 ν.α“,
3081 1630 3131 1683 oi
3168 1629 3445 1706 βασιλικοὶ
3481 1630 3711 1686 λοῦσται

2049 1739 2100 1774 ν.
2134 1719 2200 1785 α’,
2233 1718 2282 1772 oi
2313 1716 2604 1791 καλδάριοι
2638 1716 2759 1790 μιλ.
2920 1719 3093 1792 Ὁμοῦ
3125 1719 3358 1795 χρυσίου
3394 1722 3471 1794 ιε’,
3503 1721 3592 1776 καὶ
3624 1719 3710 1776 διὰ

2055 1807 2176 1880 μιλ.
2213 1804 2276 1874 δ’,
2312 1805 2432 1880 μιλ.
2472 1813 2519 1862 ι’.

2594 1915 2692 1969 Διᾶ
2737 1920 2843 1970 τῶν
2892 1921 3175 1992 θυρωρῶν.

2126 2022 2193 2078 Oi
2226 2018 2605 2096 διατρέχοντες
2632 2027 2729 2076 τοῦ
2778 2022 3074 2098 λογοθέτου
3105 2027 3200 2078 τοῦ
3233 2021 3442 2099 δρόμου
3481 2046 3525 2080 ν.
3561 2027 3628 2101 β’,
3661 2028 3715 2081 οἱ

2058 2111 2294 2187 Θυρωροὶ
2321 2119 2418 2180 τῆς
2453 2112 2790 2189 θερμάστρας
2840 2135 2887 2168 ν.
2943 2116 3012 2188 β“,
3058 2115 3108 2168 oi.
3155 2115 3393 2190 θυρωροὶ
3423 2119 3519 2170 τοῦ
3543 2118 3717 2171 ἱππο-

2059 2200 2290 2276 δρομίου
2325 2203 2392 2274 β’,
2427 2201 2478 2254 οἱ
2510 2204 2850 2276 κορτινάριοι
2901 2225 2943 2258 ν,
2995 2211 3060 2268 α’,
3099 2201 3217 2277 μιλ.
3257 2205 3316 2274 ζ’,
3352 2205 3402 2258 οἱ
3436 2205 3714 2280 βασιλικοὶ

2060 2292 2442 2368 ἀρμοφύλακες
2579 2292 2751 2364 Ὀμοῦ
2783 2291 3015 2372 χρυσίου
3045 2315 3094 2349 ν.
3129 2293 3176 2356 θ’
3211 2293 3332 2366 μιλ.
3369 2296 3429 2363 ζ’.

2063 2488 2158 2543 Διὰ
2234 2491 2340 2541 τῶν
2437 2491 2732 2566 φωταψιῶν
2788 2493 2898 2566 τῶν
2965 2487 3275 2560 ἐκκλησιῶν
3343 2489 3431 2545 καὶ
3499 2488 3715 2546 λοιπῶν

2721 2562 3056 2635 προσώπων.

2133 2669 2225 2740 Τῷ
2253 2668 2588 2741 καστρενσίῳ
2619 2669 2741 2738 ν.α’,
2767 2673 2848 2740 τῷ
2880 2669 3277 2746 ῥεφερενδαρίῳ
3309 2693 3353 2726 ν.
3379 2672 3443 2739 α’,
3479 2673 3529 2725 oi
3564 2671 3718 2745 βασι-

2063 2756 2210 2812 λικοὶ
2233 2755 2490 2832 κληρικοῖ
2516 2763 2612 2811 τοῦ
2633 2759 2816 2830 Φάρου
2838 2760 3009 2830 ν.ε’,ο”ι
3039 2758 3388 2822 ὑποδιάκονες
3410 2765 3509 2826 τῆς
3534 2760 3718 2834 Ἀγίας

2067 2847 2269 2924 Σοφίας
2314 2846 2433 2919 μιλ.
2469 2854 2532 2914 ς’,
2585 2849 2635 2900 oi
2678 2845 2892 2903 δεκανοὶ
2943 2853 3038 2904 τοῦ
3082 2850 3427 2924 πατριάρχου
3478 2848 3599 2923 μιλ.
3653 2847 3719 2921 δ’,

2066 2938 2116 2990 οἱ
2149 2933 2432 2991 διποτάται
2469 2935 2588 3009 μιλ.
2626 2944 2692 3012 γ’,
2744 2938 2795 2992 οἱ
2839 2945 2940 3006 τῆς
2981 2937 3234 3008 Σπουδῆς
3269 2940 3390 3012 μιλ.
3433 2941 3506 3008 η’,
3539 2941 3589 2993 o't
3621 2946 3723 3008 τῆς

2067 3022 2463 3100 Παρασπουδῆς
2519 3025 2639 3098 μιλ.
2684 3027 2741 3093 ε’,
2803 3028 2853 3080 o't
2913 3031 3200 3103 στράτορες
3231 3032 3328 3084 τοῦ
3375 3029 3725 3106 πατριάρχου

2070 3114 2190 3187 μιλ.
2223 3115 2280 3184 ε’,
2314 3116 2365 3169 oi
2398 3115 2728 3191 ἀναγνῶσται
2759 3121 2868 3170 τῶν
2999 3112 3318 3191 ἑϐδομάδων
3350 3140 3399 3173 ν.
3436 3119 3478 3172 α’
3503 3115 3628 3192 μιλ.
3659 3117 3726 3188 ς’,

2067 3203 2117 3257 oi
2149 3201 2352 3276 ψάλται
2381 3211 2480 3272 τῆς
2529 3204 2707 3277 Ἁγίας
2756 3205 2960 3283 Σοφίας
2991 3214 3091 3264 ν.α“
3126 3207 3246 3280 μιλ.
3284 3214 3342 3274 ς“,
3377 3208 3428 3261 οἱ
3461 3205 3727 3279 σκευοφῦ-

2066 3292 2227 3353 λακις
2255 3294 2376 3359 ν.α“,
2411 3295 2462 3347 οἱ
2497 3293 2764 3369 ὑπουργοὶ
2787 3299 2882 3348 τοῦ
2905 3297 3175 3368 νάρθηκος
3211 3295 3332 3368 μιλ.
3359 3293 3423 3364 δ’,
3459 3297 3510 3350 οἱ
3543 3295 3724 3349 ὀστιά-

2066 3401 2175 3455 ριοι
2201 3381 2507 3455 τοῦἈγίου
2541 3383 2782 3458 Φρέατος
2820 3385 2940 3456 μιλ.
2975 3391 3030 3454 ε’,
3055 3385 3107 3438 οἱ
3141 3382 3472 3459 βαλαντάδες
3509 3383 3629 3456 μιλ.
3663 3385 3722 3452 ε’,

304 3484 360 3552 3,
392 3481 742 3554 episcopiani
777 3479 900 3534 mil.
933 3480 988 3546 5,
1021 3479 1381 3534 domesticus
1428 3477 1955 3550 hypodiaconorum

2070 3472 2117 3525 οἱ
2149 3471 2519 3526 ἐπισκοπιανοὶ
2569 3475 2674 3541 (34)
2714 3470 2832 3545 μιλ.
2886 3475 2942 3542 ε’,
2989 3474 3017 3527 ὁ
3064 3471 3382 3547 δομέστικος
3425 3478 3532 3529 τῶν
3588 3475 3724 3528 ὑπο-

309 3571 434 3628 mil.
465 3572 522 3638 6,
555 3570 800 3626 ecclesia
829 3571 1257 3623 Accemetorum
1293 3584 1456 3623 num.
1489 3567 1544 3635 3,
1575 3565 1821 3622 ecclesia
1847 3567 1962 3622 Do-

309 3658 458 3716 mini
479 3673 640 3713 num.
668 3659 720 3724 1,
744 3655 982 3712 ecclesia
1006 3656 1064 3710 S.
1090 3653 1372 3725 Stephani
1406 3653 1463 3708 in
1495 3653 1647 3709 circo
1679 3653 1959 3709 numism.

308 3751 363 3816 1,
388 3748 635 3803 ecclesia
664 3744 980 3801 Salvatoris
1012 3759 1143 3799 cum
1177 3741 1519 3811 cognomine
1545 3741 1759 3796 Staurii
1792 3758 1957 3796 num.

305 3839 362 3904 1,
393 3835 636 3893 ecclesia
667 3833 1006 3890 monasterii
1050 3831 1319 3888 Basilides
1349 3848 1512 3886 num.
1550 3833 1599 3899 1,
1633 3831 1875 3886 ecclesia
1902 3833 1958 3884 S.

306 3923 584 3996 Stephani
644 3922 912 3993 Daphnes
965 3937 1128 3976 num.
1189 3923 1239 3985 1,
1287 3920 1533 3976 ecclesia
1579 3920 1632 3975 S.
1667 3919 1853 3990 Sergii
1907 3921 1965 3973 et

308 4012 522 4069 Bacchi
550 4028 715 4068 num.
751 4016 802 4077 1,
834 4011 1080 4067 ecclesia
1123 4009 1464 4064 monasterii
1512 4008 1774 4063 Pelecani
1815 4025 1870 4062 n.
1906 4008 1962 4075 1,

312 4101 560 4159 ecclesia
587 4104 644 4154 S.
667 4100 955 4156 Theodori
987 4116 1045 4154 n.
1071 4100 1126 4166 1,
1155 4097 1401 4154 ecclesia
1432 4097 1491 4152 S.
1525 4096 1785 4152 Callinici
1819 4113 1878 4152 n.
1909 4099 1961 4164 1,

312 4189 580 4246 diaconia
628 4188 716 4244 vel
750 4187 1093 4244 diaconatus
1125 4190 1228 4241 aut
1259 4185 1652 4242 ministerium
1687 4185 1964 4242 ecclesia-

314 4280 528 4336 sticum
588 4276 930 4333 monasterii
989 4275 1204 4331 Urbicii
1263 4291 1423 4330 num.
1474 4276 1525 4340 1,
1577 4274 1845 4330 diaconia
1900 4275 1960 4331 S.

312 4367 483 4424 Mocii
516 4383 683 4423 num.
710 4367 762 4434 1,
784 4364 1027 4422 ecclesia
1055 4365 1113 4420 S.
1148 4363 1455 4420 Pancharii
1489 4380 1655 4419 num.
1692 4365 1742 4418 1.
1778 4365 1964 4419 Habes

309 4458 664 4514 numismata
694 4454 878 4512 solida
906 4456 996 4521 24,
1021 4458 1077 4509 et
1107 4453 1222 4510 alia
1250 4455 1286 4508 5
1305 4471 1334 4509 e
1369 4452 1698 4508 miliaresiis
1729 4469 1965 4524 compu-

306 4547 447 4603 tatis
477 4548 736 4602 conl'ecta
768 4561 886 4599 una
918 4560 1049 4599 cum
1085 4542 1208 4598 mil.
1240 4543 1294 4599 8.
1322 4543 1386 4598 In
1414 4559 1642 4597 summa
1673 4559 1835 4597 num.
1864 4545 1954 4608 29,

2073 3558 2339 3615 διακόνιον
2375 3561 2502 3635 μιλ,
2549 3564 2609 3632 ς’,
2652 3566 2685 3632 ἡ
2734 3562 2999 3633 ἐκκλησία
3028 3565 3120 3619 τὸν
3151 3566 3507 3636 Ἀκοιμήτων
3537 3565 3654 3638 ν.γ’,
3688 3564 3722 3631 ἡ

2073 3648 2333 3716 ἐκκλησία
2360 3655 2456 3705 τοῦ
2489 3651 2688 3725 Κυρίου
2717 3660 2838 3723 ν.α“,
2866 3655 2899 3721 ἡ
2934 3649 3197 3723 ἐκκλησία
3238 3657 3333 3708 τοῦ
3366 3653 3558 3728 ’Δγίου
3595 3659 3726 3706 Στε-

2073 3739 2245 3812 φάνου
2275 3736 2372 3793 τοῦ
2403 3737 2779 3814 ἱπποδρομίου
2811 3742 2942 3812 ν.α’,
2974 3743 3008 3810 ἡ
3042 3741 3306 3811 ἐκκλησία
3333 3746 3428 3796 τοῦ
3464 3748 3726 3814 Σωτῆρος

2070 3831 2168 3882 τοῦ
2221 3827 2486 3902 Σταυρίου
2533 3831 2652 3903 ν.α’,
2704 3832 2738 3898 ἡ
2784 3829 3047 3900 ἐκκλησία
3099 3835 3205 3884 τῶν
3252 3829 3559 3888 Βασυλίδοῠ
3592 3832 3657 3898 α’,
3688 3831 3726 3899 ἡ

2073 3913 2337 3986 ἐκκλησία
2361 3921 2458 3972 τοῦ
2488 3917 2674 3992 Ἀγίου
2729 3919 3002 3996 Στεφάνου
3032 3927 3132 3990 τῆς
3169 3923 3382 3998 Δάφνης
3409 3922 3533 3987 ν.α’,
3565 3921 3600 3988 ἡ
3631 3921 3730 3973 ἶεκ-

2071 4003 2275 4075 κλησία
2305 4010 2400 4060 τοῦ
2431 4007 2612 4081 Ἀγίου
2647 4008 2878 4082 Σεργίου
2910 4009 2998 4062 καὶ
3037 4010 3256 4083 Βάκχου
3277 4009 3437 4078 ν.α’,ἡ
3461 4007 3730 4078 ἐκκλησία

2070 4100 2171 4162 τῆς
2213 4102 2385 4168 μονῆς
2417 4100 2512 4150 τοῦ
2554 4096 2857 4152 Πελεκάνου
2899 4099 2963 4165 α’,
3026 4100 3059 4166 ἡ
3119 4096 3383 4168 ἐκκλησία
3411 4103 3508 4153 τοῦ
3540 4098 3731 4172 ’Λγίου

2073 4181 2360 4258 Θεοδώρου
2390 4186 2457 4252 α’,
2557 4183 2823 4256 ἐκκλησία
2860 4190 2956 4240 τοῦ
3010 4187 3191 4262 Ἀγίου
3225 4185 3558 4244 Καλλινίκου
3594 4188 3658 4256 α’,
3691 4189 3729 4255 ἡ

2074 4270 2321 4328 διακονία
2374 4277 2473 4328 τῶν
2523 4268 2822 4349 Οὐρϐικίου
2881 4276 2948 4343 α’,
3002 4277 3037 4344 ἡ
3088 4274 3332 4330 διακονία
3397 4280 3494 4330 τοῦ
3545 4275 3732 4349 Ἀγίου

2073 4362 2302 4419 Μωκίου
2333 4364 2399 4431 α’,
2431 4365 2466 4431 ἡ
2500 4361 2763 4434 ἐκκλησία
2792 4368 2888 4418 τοῦ
2920 4364 3103 4438 Ἀγίου
3127 4366 3450 4440 Παγχαρίου
3472 4367 3538 4421 α’.
3562 4367 3732 4436 Ὀμοῦ

2076 4453 2313 4527 χρυσίου
2345 4449 2449 4522 κδ’,
2482 4451 2686 4508 καὶδιᾶ
2732 4454 2853 4528 μιλ.
2907 4462 2967 4525 ε’,
3009 4455 3131 4528 μιλ.
3182 4457 3254 4526 η’.
3306 4457 3410 4512 Καὶ
3467 4456 3606 4529 ὁμοῦ
3645 4453 3735 4510 διά

2079 4541 2309 4617 χρυσίου
2340 4543 2430 4596 καὶ
2466 4541 2584 4615 μιλ,
2612 4545 2712 4610 κθ’,
2746 4542 2868 4616 μιλ.
2919 4546 2990 4614 η’.
3044 4546 3144 4599 Καὶ
3191 4545 3334 4618 ὀμοῦ
3363 4547 3424 4600 τὸ
3453 4551 3555 4599 πᾶν
3585 4542 3730 4616 ἔξοδ.

311 4636 436 4692 mil.
490 4637 544 4692 8.
601 4637 727 4690 Haec
787 4650 1022 4690 summa
1079 4634 1128 4689 si
1188 4633 1649 4705 praecedentibus
1714 4633 1957 4688 addatur

2070 4629 2212 4705 λίτρ.
2247 4639 2302 4703 ε’,
2332 4654 2378 4687 ν.
2413 4634 2520 4703 μζ,
2551 4631 2640 4686 καὶ
2674 4631 2868 4706 ἄναπρ.
2899 4635 2992 4701 κε’,
3025 4630 3191 4704 ἔστιν,
3227 4631 3283 4688 δὲ
3304 4635 3392 4689 καὶ
3419 4637 3453 4703 ἡ
3490 4631 3725 4706 διανομὴ

313 4733 569 4798 emerget
622 4739 1004 4797 expensarum
1065 4738 1380 4778 numerus:
1416 4721 1560 4777 litras
1589 4723 1643 4787 5,
1680 4721 1954 4777 numism.

2070 4724 2172 4774 τῶν
2214 4742 2263 4777 ν.
2299 4720 2372 4792 π’,
2403 4725 2512 4774 τῶν
2547 4721 2729 4794 ὀψικρ.
2754 4724 2850 4775 τοῦ
2882 4723 3167 4799 πατρικίου
3195 4726 3326 4795 (13).

316 4815 404 4870 47.
440 4814 507 4872 Ut
556 4814 700 4870 adeo
733 4814 805 4868 ad
851 4810 1230 4884 complendas
1286 4827 1388 4866 sex
1446 4809 1614 4866 litras
1671 4811 1966 4883 supersint
2021 4812 2212 4868 adhuc
2266 4812 2339 4866 25
2397 4811 2681 4867 numism.
2746 4814 2898 4884 [quae
2953 4814 3219 4870 videntur
3257 4813 3582 4886 praepositis
3641 4830 3734 4868 ce-

313 4906 530 4971 ssisse;
563 4905 853 4972 utetiam,
885 4919 1006 4976 quas
1055 4903 1115 4958 in
1173 4901 1570 4974 superioribus
1625 4901 1919 4973 computis
1979 4900 2388 4958 desiderantur
2429 4903 2499 4958 ad
2551 4902 2931 4975 complendas
2988 4921 3244 4960 summas
3300 4909 3452 4970 octo,
3483 4909 3542 4960 et
3573 4903 3737 4960 dein-

317 5011 456 5067 ceps
481 4999 700 5066 septem
733 4993 1053 5065 litrarum].
1085 4991 1283 5049 Fiebat
1336 4997 1529 5048 autem
1583 4991 1914 5047 distributio
1971 4993 2268 5064 octoginta
2324 4993 2756 5049 numismatum
2815 4993 3226 5064 obsequiorum
3283 4995 3508 5066 patricii
3542 4994 3643 5050 sic.
3674 4993 3741 5027 ’⁵⁸

1377 5126 1582 5183 JOAN.
1613 5125 1755 5184 JAC.
1789 5127 2054 5184 REISKII
2084 5125 2678 5184 COMMENTARIUS.

394 5255 508 5327 (34)
541 5251 976 5327 Ἐπισκοπιανοῐ.
999 5253 1155 5327 _Sunt
1186 5251 1434 5327 ministri
1482 5250 1971 5326 chartOphylacis,

325 5323 456 5385 ideo
487 5323 642 5398 quod
676 5324 1092 5398 chartophylax
1133 5323 1824 5398 patriarchae,__quatenus
1857 5327 1980 5398 epi-

329 5394 522 5470 sc0pi,
543 5402 700 5474 vices
749 5394 916 5474 gerit,
949 5394 1171 5474 et_eju's
1219 5395 1732 5474 episcppaliajura
1784 5394 1984 5474 omnia

332 5467 576 5528 exercet.
609 5469 745 5523 Ηωο
775 5467 1196 5539 septentiaest
1225 5467 1397 5523 Goari
1429 5467 1500 5522 ad
1545 5467 1750 5524 Codin.
1784 5486 1840 5539 p.
1875 5471 1934 5524 11
1967 5487 1981 5536 ;

333 5541 444 5597 vid.
477 5544 564 5598 Du
595 5545 786 5608 (lange
815 5536 1008 5608 Gloss.
1042 5535 1144 5591 Gr.
1184 5536 1242 5591 h.
1275 5554 1331 5595 v.

405 5614 516 5682 (13)
549 5613 614 5668 In
647 5606 742 5665 his
770 5606 1073 5682 desinebat
1119 5609 1352 5678 pagina.
1387 5607 1588 5664 Palam
1641 5614 1750 5677 est,
1784 5617 1987 5668 secuta

339 5681 480 5736 olim
500 5681 690 5738 fuisse
717 5681 1009 5752 quaedam,
1050 5693 1180 5752 qua!
1227 5685 1328 5734 aut
1357 5696 1658 5752 nunquam
1687 5699 1720 5738 a
1751 5682 1988 5740 librario

342 5761 570 5808 exarata
627 5747 878 5820 fuerunt,
907 5755 1010 5806 aut
1051 5747 1204 5804 malo
1259 5763 1396 5804 casu
1453 5747 1644 5808 ablata
1699 5762 1857 5825 sunt,
1889 5759 1988 5810 aut

2087 5267 2382 5328 nunquam
2407 5252 2637 5325 illigata
2672 5252 2809 5328 huic
2850 5255 3186 5328 codici.Ego
3203 5255 3498 5311 sanedum
3522 5254 3745 5328 deside-

2085 5324 2168 5379 rio
2185 5326 2445 5396 plurium
2461 5324 2620 5381 tento
2637 5325 2905 5380 ultimam
2923 5324 3526 5398 membranam,cujus
3539 5327 3741 5398 antica

2085 5411 2218 5468 pars
2251 5399 2466 5470 munda
2509 5404 2652 5464 erat,
2688 5399 2877 5452 inveni
2911 5398 2968 5453 in
3013 5399 3251 5470 postica,
3287 5397 3477 5470 ligneo
3511 5397 3740 5453 involu-

2085 5482 2183 5524 cro
2214 5468 2601 5550 agglutinatis,
2621 5468 3169 5550 _tragruentum’hoc,
3195 5468 3431 5550 initium
3454 5470 3740 5550 elegantis

2086 5541 2352 5612 opusculi
2373 5546 2432 5612 et
2451 5541 2636 5611 magni
2659 5541 2928 5608 faciendi,
2953 5543 3003 5597 si
3027 5547 3217 5598 totum
3250 5547 3536 5606 exstaret;
3562 5544 3739 5612 quod,

2089 5611 2323 5694 ne‘quid
2371 5611 2546 5694 hujus
2576 5614 2768 5694 operis
2802 5629 2904 5685 per
2940 5630 3032 5670 me
3065 5615 3293 5686 periret,
3328 5613 3495 5684 quale
3525 5615 3741 5682 inveni,

2091 5682 2527 5754 subjiciendum
2561 5682 2777 5740 curavi.
