4124 6370
320 488 325 493 ,
398 421 552 483 1445

1001 565 1262 620 ΚΕΦΑΛ.
1305 563 1421 619 NZ'.

399 652 526 728 Περὶ
608 654 905 724 συνηθειῶν
971 656 1092 728 τῶν,
1165 653 1543 728 πραιποσίτων
1638 651 1690 706 ἐν
1763 655 1831 725 τῇ
1897 651 2040 724 τάξει

944 729 1041 778 τοῦ
1081 721 1479 800 ἱπποδρομίου.

466 813 799 889 Ἐπειδήπερ
830 819 992 869 πᾶσιν
1020 815 1336 889 πρόκεινται
1374 817 1408 884 ἡ
1442 821 1545 884 τῆς
1597 820 1832 890 τερπνῆς
1875 815 2043 870 ἱππο-

392 905 626 983 δρομίας
675 905 1031 987 χαρμόσυνος
1075 905 1166 968 θέα
1215 906 1304 960 καὶ
1357 900 1588 980 ἀκριϐὴς
1638 909 1743 959 τῶν
1804 903 1855 958 ἐν
1904 904 2041 977 αὐτῇ

398 995 672 1076 διαφόρων
731 996 929 1066 τάξεων
976 993 1306 1069 ἐνάρμοστος
1353 995 1537 1069 χωρία
1597 996 1687 1050 καὶ
1738 1002 2045 1067 σύμπνοια-

395 1084 478 1141 δεῖ
507 1087 723 1147 πάντως
755 1086 844 1140 καὶ
877 1083 1080 1155 ταύτην
1122 1084 1463 1158 ἀνάγραπτον
1514 1091 1634 1146 ταῖς
1685 1083 1759 1144 εἷς
1809 1084 1868 1137 τὸ
1919 1083 2042 1153 ἑξῆς

391 1184 598 1254 γενεαῖς
656 1183 978 1233 καταλιπεῖν
1041 1177 1410 1249 σημαίνουσαν
1459 1179 1558 1246 τήν
1606 1171 1827 1231 ἕκαστον
1868 1175 2043 1230 αὐτων

392 1270 627 1338 τοπικήν
685 1266 958 1340 σημασίαν
1011 1266 1102 1321 καὶ
1155 1267 1444 1340 σχήματος
1500 1263 1814 1340 ἐναλλαγὴν
1861 1264 1903 1333 ⁷,
1950 1266 2042 1320 καὶ

394 1358 601 1427 ὁπόσην
631 1353 857 1418 ἕκαστος
915 1353 1091 1410 αὒτῶν
1143 1354 1232 1410 ἐπὶ
1283 1354 1341 1410 ὅν
1398 1356 1787 1410 κατατάσσεται
1833 1357 1854 1391 ⁸
1901 1355 2043 1422 κλῆ-

393 1467 486 1522 ρον
541 1441 949 1501 καταϐάλλεται
1006 1449 1123 1507 τοῖς
1179 1445 1561 1518 πραιποσίτοις
1608 1446 1708 1514 τήν
1757 1446 2040 1514 συνήθειαν

395 1539 469 1599 ὡς
499 1531 723 1612 ἔχοντες
777 1537 953 1592 αὐτῶν
1003 1537 1102 1605 τὴν
1154 1541 1327 1592 πᾶσαν
1376 1533 1615 1606 ἐξουσίαν
1661 1534 1751 1589 καὶ
1802 1533 2044 1604 εὐταξίας

388 1621 624 1698 διάταξιν
691 1625 781 1680 καὶ
840 1623 1278 1698 ὰπαραλλάκτως
1336 1630 1454 1684 τοῖς
1521 1621 1778 1697 ἀρχαίοις
1843 1624 2035 1685 τύποις

389 1714 866 1786 ἐξακολουθοῢσιν.
925 1715 1029 1772 Καὶ
1077 1715 1178 1790 γάρ
1231 1713 1304 1775 ὠς
1371 1713 1477 1769 ἀπὸ
1526 1712 1765 1770 παλαιοῦ
1827 1711 2036 1787 ἐκράτει

389 1808 425 1875 ἠ
481 1807 758 1874 συνήθεια,
819 1803 1114 1878 ἐξηύρηται
1172 1802 1228 1858 δὲ
1278 1804 1367 1858 καὶ
1429 1802 1564 1876 μετά
1617 1807 1784 1857 ταῦτα
1841 1799 1929 1857 ἐπί
1978 1823 2036 1857 τε

387 1896 592 1973 Ἰωσὴφ
622 1894 985 1966 πραιποσίτου
1034 1895 1146 1967 (14)
1192 1898 1289 1948 τοῦ
1332 1894 1590 1967 γέροντος
1633 1892 1720 1946 καὶ
1768 1896 1878 1946 τῶν
1927 1893 2034 1966 πρὸ

392 1984 577 2054 αὐτοῦ,
610 1986 694 2046 οἷς
747 1985 838 2039 καὶ
898 1983 1222 2056 ἐπέπρακτο.
1275 1983 1353 2040 Τὸ
1408 1983 1510 2057 γὰρ
1569 1981 1900 2057 ἀκρόστιχον
1941 1988 2041 2052 τῆς

397 2073 563 2152 ρόγας
589 2079 696 2128 τῶν
725 2072 1028 2128 πολιτικῶν
1069 2074 1270 2142 τάξεων
1305 2076 1402 2127 τοῦ
1447 2069 1821 2146 ἱπποδρομίου
1869 2069 2041 2145 ἐλάμο

395 2159 556 2218 ϐανον
589 2164 639 2218 οἱ
680 2163 1040 2236 πραιπόσιτοι
1086 2161 1146 2217 ἐκ
1182 2165 1278 2216 τοῦ
1327 2159 1530 2216 εἰδικοῦ
1578 2156 1768 2236 λόγου,
1820 2155 2040 2236 ἔχοντες

393 2254 520 2328 παρ’
553 2253 768 2313 ἑαυτοῖς
818 2252 870 2307 ἐν
916 2249 1153 2322 κώδηξιν
1198 2252 1294 2312 τὰς
1341 2251 1516 2321 τάξεις
1565 2252 1681 2304 κατ’
1728 2246 1903 2322 ὄνομα
1951 2251 2042 2305 καὶ

387 2345 440 2400 ἐν
474 2349 554 2418 τῷ
592 2342 729 2417 οἷ’κῳ
781 2343 958 2399 αὐτῶν
1015 2343 1295 2418 ὲρόγευον,
1345 2340 1768 2417 λογαριάζοντες
1817 2339 2038 2397 ἕκαστον

396 2435 472 2508 μή
521 2433 743 2507 ἀμελῶς
798 2432 1098 2488 διακεῖσθαι
1165 2433 1300 2505 πρὸς
1366 2433 1465 2499 τὴν
1536 2429 1788 2486 δουλείαν
1854 2430 2039 2498 αὐτοῦ,

387 2526 567 2588 καθὼς
601 2525 653 2578 οἱ
682 2528 789 2579 τῶν
841 2521 936 2577 δύο
992 2527 1171 2596 μερῶν
1227 2520 1629 2598 χαρτουλάριοι
1681 2523 1796 2594 μετ’
1845 2520 2040 2596 ἐγγρά-

390 2633 493 2690 φου
530 2610 828 2690 ἀσφαλείας
874 2611 1106 2672 τούτους
1156 2607 1520 2666 ὑπεδείκνυον.
1574 2609 1672 2663 Καὶ
1721 2609 1772 2665 ἐν
1823 2609 2038 2672 τούτοις

390 2706 519 2756 πᾶσι
551 2707 666 2762 τοῖς
721 2701 929 2770 τάξεσιν
978 2698 1030 2754 εἶ’
1081 2719 1228 2760 τινας
1283 2698 1544 2772 ηὕρισκον
1589 2696 2038 2769 τελευτήσαντας,

389 2790 719 2846 κατέτασσον
794 2789 1108 2861 ἀνθετέρους
1185 2783 1429 2862 ἀκριϐεῖς
1513 2787 1602 2842 καὶ
1695 2786 2039 2858 ἐπιτηδείους

386 2880 524 2954 πρὸς
559 2881 624 2951 ἣν
672 2874 895 2940 ἕκαστος
953 2878 1129 2933 αὐτῶν
1197 2875 1448 2932 ἐτάσσετο
1503 2879 1673 2950 τάξιν.
1730 2879 2036 2949 Χαυνότητι

391 2970 568 3024 τοίνυν
623 2973 730 3024 τῶν
794 2969 927 3041 μετὰ
982 2971 1147 3022 ταῦτα
1209 2966 1584 3038 πραιποσίτων
1662 2966 1930 3040 μετῆλθεν
1999 2970 2034 3038 ἡ

387 3056 694 3135 διακατοχὴ
745 3063 850 3112 τῶν
906 3055 1171 3112 τοιούτων
1217 3058 1416 3126 τάξεων
1469 3055 1546 3118 εἲς
1603 3056 1664 3110 τὸ
1714 3075 2036 3130 στρατιωτι-

382 3147 478 3202 κὸν
511 3146 858 3222 λογοθέσιον,
885 3146 975 3200 καὶ
1006 3145 1183 3221 χωρὶς
1219 3147 1445 3222 γνώμης
1494 3149 1602 3200 τῶν
1656 3145 2031 3220 πραιποσίτων

371 3234 424 3291 οῖ
481 3257 540 3291 τε
595 3233 1002 3310 χαρτουλάριοι
1059 3235 1152 3289 καὶ
1221 3237 1248 3289 ὁ
1304 3235 1698 3307 στρατιωτικὸς
1744 3236 2031 3289 τάσσουσιν

1211 422 1314 483 DE
1357 420 1827 483 CERIMONIIS
1872 420 2109 484 AULE
2149 417 2633 483 BYZANTINJE
2679 422 2829 484 LIB.
2875 422 2952 484 II.

2070 564 2123 630 Α

2071 1951 2120 2016 Β

3645 430 3796 492 “46

2665 564 2814 619 467
2858 563 3087 620 CAPUT
3131 564 3287 622 LVII.

2316 654 2393 708 De
2420 653 2911 710 consuetudinibus
2938 657 3322 724 prce/actarum
3352 657 3409 712 in
3443 657 3637 716 ordine

2792 727 3158 797 hippodromi.

2229 819 2374 876 Cum
2407 820 2685 876 omnibus
2716 824 2917 876 notum
2950 821 3030 877 sit
3058 821 3248 878 dulcis
3278 823 3648 894 hippodromi
3673 847 3806 900 gra-

2155 912 2282 965 tum
2315 909 2717 981 spectaculum
2747 915 2923 982 atque
2944 917 3217 968 accurata
3248 929 3353 970 nec
3378 931 3492 971 non
3523 924 3658 989 apta
3690 937 3796 976 va-

2155 1000 2377 1054 riorum
2394 1001 2521 1070 ejus
2533 1001 2807 1055 ordinum
2829 1000 3175 1057 vicissitudo
3198 1007 3254 1058 et
3273 1003 3579 1062 harmonia
3604 1008 3798 1079 :juvat

2154 1090 2397 1145 omnino
2427 1090 2602 1144 etiam
2638 1089 2783 1144 banc
2830 1091 3078 1160 posteris
3124 1091 3402 1162 scriptam
3456 1097 3684 1154 tradere
3741 1105 3798 1156 et

2153 1180 2412 1249 cujusvis
2445 1177 2635 1234 locum
2667 1195 2735 1234 ac
2755 1178 2987 1234 habitus
3011 1180 3387 1236 mutationem
3431 1183 3710 1256 indicare,
3740 1197 3796 1244 et

2153 1283 2282 1338 quae
2301 1265 2487 1322 cuivis
2509 1267 2840 1339 praeposito,
2863 1267 3185 1323 secundum
3210 1269 3398 1324 locum
3415 1287 3592 1343 quem
3614 1277 3792 1344 tenet,

2154 1355 2489 1425 imponatur
2511 1357 2894 1423 consuetudo,
2909 1356 3195 1429 siquidem
3213 1359 3409 1415 omnis
3423 1360 3655 1418 illorum
3671 1381 3796 1421 cur-

2156 1461 2330 1500 suum
2365 1445 2668 1501 arbitrium
2691 1462 2758 1501 ac
2778 1446 3079 1516 dispositio
3103 1449 3172 1502 ad
3199 1449 3496 1517 praefectos
3521 1454 3792 1527 pertinet,

2153 1535 2233 1590 ita
2287 1539 2352 1590 ut
2383 1551 2574 1592 mores
2624 1537 2698 1590 ab
2739 1535 3000 1607 antiquis
3030 1537 3275 1593 traditos
3307 1541 3472 1611 sequi
3503 1542 3773 1601 debeant.

2149 1625 2648 1691 Quemadmodum
2679 1626 2835 1681 enim
2853 1627 3210 1682 consuetudo
3242 1626 3379 1684 olim
3413 1629 3681 1700 invaluit,
3713 1635 3794 1692 ita

2151 1713 2329 1769 etiam
2353 1714 2461 1769 sub
2477 1714 2734 1786 Josepbo
2764 1716 3028 1786 praefecto
3057 1717 3286 1772 seniore
3332 1717 3582 1791 ejusque
3625 1727 3795 1780 ante-

2149 1803 2483 1859 cessoribus
2515 1803 2765 1874 perrexit
2804 1808 2978 1876 atque
3012 1803 3201 1860 valida
3239 1806 3368 1862 fuit.
3402 1811 3791 1870 Acrostichon

2150 1892 2328 1960 enim,
2361 1909 2476 1964 quo
2502 1892 2676 1948 series
2709 1891 3076 1964 politicorum
3121 1893 3487 1965 hippodromi
3517 1901 3792 1959 ordinum

2151 1981 2578 2047 continebatur,
2604 1982 2851 2050 preteeti
2884 1982 3304 2052 depromebant
3347 2001 3378 2040 e
3413 1987 3697 2060 singulari
3727 1991 3799 2046 li-

2152 2068 2328 2138 bello,
2350 2069 2758 2142 habebantque
2779 2071 2838 2125 in
2861 2072 3161 2128 codicibus
3183 2075 3418 2131 ordines
3446 2079 3796 2136 nominatim

2151 2159 2472 2230 descriptos
2504 2161 2778 2231 domique
2810 2161 3250 2232 dispertiebant.
3302 2168 3482 2222 Porro
3531 2169 3799 2240 singulos

2151 2249 2402 2318 ordines,
2437 2249 2516 2304 uti
2548 2249 2798 2304 duarum
2833 2249 3083 2322 partium
3107 2251 3443 2310 chartularii
3467 2259 3796 2316 secundum

2151 2339 2551 2396 recensionem
2584 2339 2896 2412 diligenter
2927 2349 3221 2398 exaratam
3273 2343 3404 2400 illos
3452 2347 3791 2417 evocabant,

2149 2433 2216 2484 ut
2247 2445 2465 2484 munus
2496 2445 2667 2484 suum
2718 2433 2956 2486 strenue
3005 2431 3258 2500 obirent,
3309 2435 3789 2494 exbortabantur.

2150 2517 2351 2574 Sicubi
2383 2522 2572 2573 autem
2605 2517 2847 2589 quidam
2879 2534 2946 2574 ex
2980 2518 3074 2574 his
3097 2521 3373 2578 omnibus
3398 2525 3704 2583 ordinibus
3725 2528 3798 2583 ad

2150 2608 2325 2663 ﬁnem
2359 2610 2763 2678 pervenerant,
2796 2608 3039 2678 preteeti
3071 2608 3237 2675 alios,
3279 2615 3601 2670 secundum
3644 2617 3797 2672 ordi-

2151 2713 2286 2752 nem
2302 2713 2417 2768 quo
2430 2697 3022 2769 quisquetenebatur,
3047 2698 3562 2770 subirejubebant.
3587 2704 3797 2762 Verum

2149 2787 2444 2842 enimvero
2475 2786 2962 2856 subsequentium
2996 2789 3404 2858 prefectorum
3443 2793 3800 2864 negligentia

2150 2876 2364 2932 factum
2397 2880 2506 2941 est,
2529 2879 2591 2933 ut
2619 2876 2930 2946 imperium
2962 2876 3170 2933 horum
3194 2879 3464 2936 ordinum
3484 2882 3557 2937 ad
3578 2883 3799 2939 milita-

2146 2981 2268 3021 rem
2293 2972 2634 3037 polestatem
2657 2965 3096 3032 transferretur,
3119 2967 3201 3023 ita
3224 2974 3308 3031 ut.
3327 2971 3614 3041 praefectis
3638 2979 3795 3044 post-

2147 3054 2382 3124 habitis,
2407 3054 2742 3110 chartularii
2766 3062 2935 3126 atque
2964 3055 3216 3113 militum
3237 3059 3350 3114 dux
3365 3075 3500 3117 suos
3523 3061 3795 3120 homines

2143 3161 2246 3218 pro
2276 3143 2466 3199 lubitu
2497 3143 2874 3215 disponerent
2903 3149 2960 3200 et
2986 3147 3290 3204 turmatim
3324 3151 3593 3220 progredi
3619 3153 3788 3222 jube-

2141 3243 2288 3303 rent,
2305 3235 2468 3291 nulla
2481 3236 2720 3291 omnino
2735 3237 3065 3294 communis
3085 3240 3364 3308 muneris
3403 3241 3661 3299 obeundi
3701 3261 3794 3299 ra-

377 3323 615 3387 εἶδικοὺς
647 3326 824 3379 αὐτῶν
869 3324 1193 3397 ἀνθρώπους
1243 3318 1659 3392 ἀναϐιϐάζοντες
1704 3324 1800 3384 τὰς
1850 3323 2026 3377 αὐτῶν

2151 3327 2294 3382 tione
2319 3325 2534 3384 habita.
2567 3331 2792 3394 Quos...
2827 3333 3119 3400 oportet...
3171 3332 3452 3388 removeri
3499 3350 3532 3388 a
3580 3336 3790 3405 praefe-

379 3414 547 3492 ῥόγας
587 3415 662 3476 ὡς
694 3415 756 3468 ἄν
807 3411 1084 3482 ἐθέλωσιν,
1138 3409 1392 3476 δουλείας
1437 3413 1565 3488 παρ’
1608 3413 1786 3467 αὐτῶν
1839 3411 1914 3473 εἷς
1963 3414 2025 3468 τὸ

367 3505 545 3559 κεινὸν
573 3502 635 3557 τὸ
675 3502 926 3576 παράπαν
975 3504 1051 3575 μὴ
1085 3499 1402 3576 γινομένης.
1437 3500 1545 3563 Οῧς
1589 3543 1602 3556 .
1649 3545 1662 3558 .
1709 3543 1723 3558 .
1765 3503 1877 3576 χρὴ
1927 3520 2026 3554 κα-

377 3595 468 3669 τέρ
515 3638 527 3650 .
575 3637 587 3651 .
635 3637 648 3650 .
714 3615 774 3649 αν
823 3597 930 3648 τῶν
980 3592 1354 3668 πραιποσίτων
1401 3591 1710 3662 ἐξωθεῖσθαι
1758 3594 1853 3646 τοὸ
1899 3591 2026 3667 τάγ-

394 3698 568 3758 ματος
598 3683 674 3747 εἷς
704 3683 734 3738 ὅ
765 3681 1136 3741 δουλεύουσιν.
1174 3683 1273 3738 Καὶ
1303 3680 1410 3736 ἀπὸ
1440 3687 1538 3737 τοῦ
1586 3686 1676 3736 νῦν
1739 3679 1822 3736 δεῖ
1867 3680 2031 3736 πάλιν

378 3778 500 3836 τοῖς
546 3772 927 3841 πραιποσίτοις
987 3775 1154 3827 ταῦτα
1210 3772 1462 3848 κατέχειν
1516 3770 1602 3826 καί
1661 3769 2032 3845 διορθοῦσθαι,

377 3863 468 3916 καὶ
511 3863 708 3936 μηκέτι
744 3863 883 3934 μήτε
912 3862 1005 3916 τὸν
1037 3862 1431 3936 στρατιωτικὸν
1462 3862 1496 3931 ἢ
1536 3863 1664 3923 τοὺς
1714 3860 2036 3936 χαρτουλα-

381 3953 532 4027 ρίους
581 3953 673 4007 καὶ
730 3951 1018 4024 νοταρίους
1067 3950 1120 4006 ἐν
1178 3951 1394 4023 ἐξουσίᾳ
1453 3955 1589 4007 εἶναι
1675 3953 1888 4007 τάσσειν
1949 3951 2039 4029 ἆφ⁸

397 4045 604 4096 εαυτῶν
636 4041 728 4096 τὸν
761 4042 976 4096 οἱονοῦν
1009 4039 1106 4098 ἐν’.

2137 3424 2359 3471 ctorum
2392 3431 2635 3472 munere
2678 3433 2794 3488 quo
2854 3417 3201 3489 funguntur.
3235 3420 3318 3476 Ita
3373 3421 3447 3476 ab
3494 3421 3605 3478 hoc
3648 3423 3786 3480 inde

2136 3512 2394 3576 tempore
2430 3505 2618 3561 denuo
2638 3507 2896 3578 praefecti
2918 3507 3038 3562 haec
3057 3509 3384 3580 gubernare
3402 3514 3578 3584 atque
3607 3513 3795 3568 admi-

2138 3593 2389 3651 nistrare
2419 3596 2655 3664 debent,
2687 3611 2875 3666 neque
2911 3597 3168 3670 amplius
3198 3598 3332 3655 licet
3365 3601 3602 3658 tribuno
3633 3602 3793 3658 mili-

2140 3686 2266 3740 tum
2299 3689 2402 3740 aut
2446 3685 2819 3742 chartulariis
2864 3689 3176 3744 notariisve
3223 3689 3384 3746 illam
3438 3696 3788 3761 potestatem

2141 3787 2424 3838 exercere,
2457 3788 2644 3842 neque
2675 3790 2784 3830 suo
2814 3776 3059 3832 arbitrio
3076 3777 3386 3849 disponere
3409 3778 3789 3851 qualemcun-

2148 3877 2418 3933 quein".

1732 4187 1819 4242 VA
1829 4187 1970 4242 RLE
2019 4186 2437 4245 LECTIONES.

446 4314 467 4350 ⁷
497 4312 816 4386 ἐναλλαγεῖν
850 4314 977 4370 cod.
1010 4316 1068 4370 et
1094 4314 1187 4370 ed.
1263 4313 1284 4347 ⁸
1313 4311 1634 4366 κατάσσεται
1669 4312 1796 4368 cod.
1829 4316 1885 4367 et
1914 4313 2003 4366 ed.

1395 4446 1596 4502 JOAN.
1639 4446 1781 4502 JAC.
1837 4444 2097 4501 RElSKlI
2149 4444 2742 4504 COMMENTARIUS.

445 4589 558 4660 (14)
589 4590 790 4670 ’ξῳσήρ
833 4590 1154 4670 ὁ.πραιπός.
1200 4589 1480 4670 Quisnam
1516 4588 1593 4644 sit
1641 4586 1741 4670 ille
1784 4589 2031 4670 Joseph.
2065 4591 2110 4655 D
2146 4585 2238 4646 hic
2257 4587 2650 4670 cerimonialis
2674 4589 3117 4670 multum_aetat_e
3139 4595 3506 4670 constantini
3541 4599 3800 4670 Porphy-

377 4662 884 4733 prrepositus,’qui
933 4662 1028 4718 hic
1067 4666 1582 4733 commemoratur,
1617 4662 1751 4731 quis
1791 4665 1880 4715 est
1929 4663 2028 4731 qui

376 4733 638 4788 dixerit?
670 4732 836 4789 Forte
865 4739 955 4789 est
983 4735 1176 4803 Ioseph
1207 4732 1470 4800 Bringas,
1502 4735 1574 4787 de
1615 4749 1728 4802 quo
1777 4734 1893 4788 vid.
1929 4733 1972 4788 l.
2010 4749 2027 4788 ι

377 4821 504 4888 cap.
663 4804 774 4860 Sed
792 4806 1018 4888 'debent
1048 4806 1252 4888 eodem
1303 4810 1566 4888 tempore
1605 4805 1745 4888 duo.
1770 4805 2026 4888 eunuchi

375 4876 617 4946 Josepbi
649 4876 884 4932 nomine
904 4876 964 4931 in
987 4876 1115 4932 aula
1139 4876 1460 4947 Byzantina
1488 4876 1687 4944 fuisse,
1715 4877 1785 4932 de
1814 4893 1926 4948 quo
1947 4877 2025 4932 vi-

379 4947 658 5004 dendum.
693 4948 752 5005 Si
785 4965 918 5004 vera
949 4952 1038 5006 est
1065 4951 1402 5019 conjectura
1431 4963 1579 5016 mea,
1612 4948 1786 5004 debet
1843 4949 2025 5005 codex

2174 4661 2448 4739 ogenneti
2503 4661 2749 4739 senioris
2800 4667 2860 4739 et
2899 4665 3202 4739 Nicephori
3262 4666 3464 4722 Phocea
3506 4661 3796 4739 posterior

2137 4749 2292 4814 esse.
2328 4736 2475 4814 Nam
2507 4733 2882 4814 reprehendit
2911 4733 3219 4814 mollitiem
3251 4743 3308 4794 et
3337 4733 3646 4814 segnitiem
3679 4744 3789 4814 τῶν

2143 4803 2283 4889 μετᾲ
2318 4803 2488 4889 ruﬁ-ca
2517 4803 2917 4876 πραιποσίτων,
2951 4812 3380 4880 praepositorum
3405 4803 3525 4867 “illo
3565 4813 3797 4884 Jorepho

2139 4884 2540 4954 posteriorum.
