  <div class='ocr_page' id='page_1' title='image "/cluster/home/n/w/nwhite01/storage/ocr_20150623/112/hvd.32044015685407/011.png"; bbox 0 0 4082 6332; ppageno 0'>
   <div class='ocr_carea' id='block_1_1' title="bbox 475 366 3790 442">
    <p class='ocr_par' dir='ltr' id='par_1_1' title="bbox 475 366 3790 442">
     <span class='ocr_line' id='line_1_1' title="bbox 475 366 3790 442; baseline 0.007 -22"><span class='ocrx_word' id='word_1_1' title='bbox 475 381 560 437; x_wconf 61' lang='grc' dir='ltr'>Ἲι</span> <span class='ocrx_word' id='word_1_2' title='bbox 1141 372 1202 428; x_wconf 85' lang='grc' dir='ltr'><strong>Β.</strong></span> <span class='ocrx_word' id='word_1_3' title='bbox 1245 370 1500 429; x_wconf 74' lang='lat' dir='ltr'><strong>RABANI</strong></span> <span class='ocrx_word' id='word_1_4' title='bbox 1540 369 1764 430; x_wconf 78' lang='lat' dir='ltr'><strong>MAURI</strong></span> <span class='ocrx_word' id='word_1_5' title='bbox 1800 366 2476 429; x_wconf 67' lang='lat' dir='ltr'><strong>ABCIﬂEP.£MOGUNT.</strong></span> <span class='ocrx_word' id='word_1_6' title='bbox 2520 369 2806 431; x_wconf 79' lang='lat' dir='ltr'><strong>OPERUM</strong></span> <span class='ocrx_word' id='word_1_7' title='bbox 2843 374 3025 435; x_wconf 79' lang='lat' dir='ltr'><strong>PARS</strong></span> <span class='ocrx_word' id='word_1_8' title='bbox 3062 377 3151 436; x_wconf 83' lang='lat' dir='ltr'><strong>Ill.</strong></span> <span class='ocrx_word' id='word_1_9' title='bbox 3717 385 3790 442; x_wconf 71' lang='lat' dir='ltr'><strong>i!</strong></span> 
     </span>
    </p>
   </div>
   <div class='ocr_carea' id='block_1_2' title="bbox 490 481 3791 559">
    <p class='ocr_par' dir='ltr' id='par_1_2' title="bbox 490 481 3791 559">
     <span class='ocr_line' id='line_1_2' title="bbox 490 481 3791 559; baseline 0.002 -9"><span class='ocrx_word' id='word_1_10' title='bbox 490 493 763 551; x_wconf 84' lang='lat' dir='ltr'><strong>veritatis.</strong></span> <span class='ocrx_word' id='word_1_11' title='bbox 788 485 1013 548; x_wconf 73' lang='lat' dir='ltr'><strong>‘Vocatis</strong></span> <span class='ocrx_word' id='word_1_12' title='bbox 1043 485 1259 540; x_wconf 87' lang='lat' dir='ltr'><strong>sanctis.</strong></span> <span class='ocrx_word' id='word_1_13' title='bbox 1292 483 1478 557; x_wconf 78' lang='lat' dir='ltr'><strong>(Aug.)</strong></span> <span class='ocrx_word' id='word_1_14' title='bbox 1504 481 1618 540; x_wconf 82' lang='lat' dir='ltr'><strong>Hoc</strong></span> <span class='ocrx_word' id='word_1_15' title='bbox 1643 492 1730 539; x_wconf 88' lang='lat' dir='ltr'><strong>est</strong></span> <span class='ocrx_word' id='word_1_16' title='bbox 1755 481 1938 538; x_wconf 90' lang='lat' dir='ltr'><strong>vocati</strong></span> <span class='ocrx_word' id='word_1_17' title='bbox 1955 481 2090 538; x_wconf 87' lang='lat' dir='ltr'><strong>estis</strong></span> <span class='ocrx_word' id='word_1_18' title='bbox 2116 485 2169 546; x_wconf 72' lang='grc' dir='ltr'><strong>Α</strong></span> <span class='ocrx_word' id='word_1_19' title='bbox 2192 489 2368 541; x_wconf 89' lang='lat' dir='ltr'><strong>tutum</strong></span> <span class='ocrx_word' id='word_1_20' title='bbox 2421 493 2505 541; x_wconf 87' lang='lat' dir='ltr'><strong>est</strong></span> <span class='ocrx_word' id='word_1_21' title='bbox 2530 501 2562 540; x_wconf 91' lang='lat' dir='ltr'><strong>a</strong></span> <span class='ocrx_word' id='word_1_22' title='bbox 2590 485 2704 542; x_wconf 91' lang='lat' dir='ltr'><strong>Deo</strong></span> <span class='ocrx_word' id='word_1_23' title='bbox 2727 495 2789 542; x_wconf 92' lang='lat' dir='ltr'><strong>ut</strong></span> <span class='ocrx_word' id='word_1_24' title='bbox 2833 488 2926 559; x_wconf 85' lang='lat' dir='ltr'><strong>qui</strong></span> <span class='ocrx_word' id='word_1_25' title='bbox 2972 489 3148 546; x_wconf 91' lang='lat' dir='ltr'><strong>credit</strong></span> <span class='ocrx_word' id='word_1_26' title='bbox 3177 489 3234 545; x_wconf 93' lang='lat' dir='ltr'><strong>in</strong></span> <span class='ocrx_word' id='word_1_27' title='bbox 3279 488 3558 550; x_wconf 83' lang='lat' dir='ltr'><strong>Christum</strong></span> <span class='ocrx_word' id='word_1_28' title='bbox 3593 495 3791 557; x_wconf 84' lang='lat' dir='ltr'><strong>salvus</strong></span> 
     </span>
    </p>
   </div>
   <div class='ocr_carea' id='block_1_3' title="bbox 492 570 2086 646">
    <p class='ocr_par' dir='ltr' id='par_1_3' title="bbox 492 570 2086 646">
     <span class='ocr_line' id='line_1_3' title="bbox 492 570 2086 646; baseline -0.009 -6"><span class='ocrx_word' id='word_1_29' title='bbox 492 591 559 640; x_wconf 87' lang='lat' dir='ltr'><strong>ut</strong></span> <span class='ocrx_word' id='word_1_30' title='bbox 592 581 767 639; x_wconf 88' lang='lat' dir='ltr'><strong>sancti</strong></span> <span class='ocrx_word' id='word_1_31' title='bbox 790 578 934 642; x_wconf 88' lang='lat' dir='ltr'><strong>sitis,</strong></span> <span class='ocrx_word' id='word_1_32' title='bbox 965 575 1111 646; x_wconf 90' lang='lat' dir='ltr'><strong>quod</strong></span> <span class='ocrx_word' id='word_1_33' title='bbox 1155 582 1260 640; x_wconf 90' lang='lat' dir='ltr'><strong>est,</strong></span> <span class='ocrx_word' id='word_1_34' title='bbox 1308 582 1368 628; x_wconf 91' lang='lat' dir='ltr'><strong>ut</strong></span> <span class='ocrx_word' id='word_1_35' title='bbox 1414 588 1524 628; x_wconf 91' lang='lat' dir='ltr'><strong>non</strong></span> <span class='ocrx_word' id='word_1_36' title='bbox 1550 572 1820 629; x_wconf 77' lang='lat' dir='ltr'><strong>recedatis</strong></span> <span class='ocrx_word' id='word_1_37' title='bbox 1841 587 1872 626; x_wconf 89' lang='lat' dir='ltr'><strong>a</strong></span> <span class='ocrx_word' id='word_1_38' title='bbox 1896 570 2086 643; x_wconf 86' lang='lat' dir='ltr'><strong>regula</strong></span> 
     </span>
    </p>
   </div>
   <div class='ocr_carea' id='block_1_4' title="bbox 495 664 2086 734">
    <p class='ocr_par' dir='ltr' id='par_1_4' title="bbox 495 664 2086 734">
     <span class='ocr_line' id='line_1_4' title="bbox 495 664 2086 734; baseline -0.008 -4"><span class='ocrx_word' id='word_1_39' title='bbox 495 668 1205 732; x_wconf 74' lang='lat' dir='ltr'><strong>sanctiﬁcationianvocat</strong></span> <span class='ocrx_word' id='word_1_40' title='bbox 1226 675 1302 732; x_wconf 89' lang='lat' dir='ltr'><strong>te,</strong></span> <span class='ocrx_word' id='word_1_41' title='bbox 1326 665 1579 732; x_wconf 82' lang='lat' dir='ltr'><strong>Domine,</strong></span> <span class='ocrx_word' id='word_1_42' title='bbox 1606 664 1743 721; x_wconf 89' lang='lat' dir='ltr'><strong>ﬁdes</strong></span> <span class='ocrx_word' id='word_1_43' title='bbox 1759 679 1902 728; x_wconf 87' lang='lat' dir='ltr'><strong>mea,</strong></span> <span class='ocrx_word' id='word_1_44' title='bbox 1920 678 2086 734; x_wconf 90' lang='lat' dir='ltr'><strong>quam</strong></span> 
     </span>
    </p>
   </div>
   <div class='ocr_carea' id='block_1_5' title="bbox 466 753 2085 830">
    <p class='ocr_par' dir='ltr' id='par_1_5' title="bbox 466 753 2085 830">
     <span class='ocr_line' id='line_1_5' title="bbox 466 753 2085 830; baseline -0.011 -7"><span class='ocrx_word' id='word_1_45' title='bbox 466 764 690 823; x_wconf 62' lang='lat' dir='ltr'><strong>&#39;de&#39;disti</strong></span> <span class='ocrx_word' id='word_1_46' title='bbox 717 761 874 827; x_wconf 89' lang='lat' dir='ltr'><strong>mihi,</strong></span> <span class='ocrx_word' id='word_1_47' title='bbox 906 773 1071 830; x_wconf 87' lang='lat' dir='ltr'><strong>quam</strong></span> <span class='ocrx_word' id='word_1_48' title='bbox 1097 755 1378 828; x_wconf 85' lang='lat' dir='ltr'><strong>inspirasti</strong></span> <span class='ocrx_word' id='word_1_49' title='bbox 1400 754 1533 809; x_wconf 87' lang='lat' dir='ltr'><strong>mihi</strong></span> <span class='ocrx_word' id='word_1_50' title='bbox 1558 769 1658 824; x_wconf 89' lang='lat' dir='ltr'><strong>per</strong></span> <span class='ocrx_word' id='word_1_51' title='bbox 1688 753 2085 809; x_wconf 74' lang='lat' dir='ltr'><strong>humanitatem</strong></span> 
     </span>
    </p>
   </div>
   <div class='ocr_carea' id='block_1_6' title="bbox 492 846 2076 925">
    <p class='ocr_par' dir='ltr' id='par_1_6' title="bbox 492 846 2076 925">
     <span class='ocr_line' id='line_1_6' title="bbox 492 846 2076 925; baseline -0.008 -12"><span class='ocrx_word' id='word_1_52' title='bbox 492 855 625 913; x_wconf 78' lang='lat' dir='ltr'><strong>Filii</strong></span> <span class='ocrx_word' id='word_1_53' title='bbox 652 854 750 921; x_wconf 90' lang='lat' dir='ltr'><strong>tui,</strong></span> <span class='ocrx_word' id='word_1_54' title='bbox 779 868 878 925; x_wconf 89' lang='lat' dir='ltr'><strong>per</strong></span> <span class='ocrx_word' id='word_1_55' title='bbox 902 849 1265 906; x_wconf 77' lang='lat' dir='ltr'><strong>ministerium</strong></span> <span class='ocrx_word' id='word_1_56' title='bbox 1316 846 1691 919; x_wconf 67' lang='lat' dir='ltr'><strong>prmdicatoris</strong></span> <span class='ocrx_word' id='word_1_57' title='bbox 1731 846 1834 911; x_wconf 88' lang='lat' dir='ltr'><strong>tui,</strong></span> <span class='ocrx_word' id='word_1_58' title='bbox 1862 854 1916 902; x_wconf 92' lang='lat' dir='ltr'><strong>et</strong></span> <span class='ocrx_word' id='word_1_59' title='bbox 1944 861 2076 916; x_wconf 83' lang='lat' dir='ltr'><strong>quo-</strong></span> 
     </span>
    </p>
   </div>
   <div class='ocr_carea' id='block_1_7' title="bbox 495 943 2086 1012">
    <p class='ocr_par' dir='ltr' id='par_1_7' title="bbox 495 943 2086 1012">
     <span class='ocr_line' id='line_1_7' title="bbox 495 943 2086 1012; baseline -0.007 -4"><span class='ocrx_word' id='word_1_60' title='bbox 495 950 661 1008; x_wconf 88' lang='lat' dir='ltr'><strong>modo</strong></span> <span class='ocrx_word' id='word_1_61' title='bbox 713 946 976 1005; x_wconf 83' lang='lat' dir='ltr'><strong>invocabo</strong></span> <span class='ocrx_word' id='word_1_62' title='bbox 1022 944 1193 1002; x_wconf 90' lang='lat' dir='ltr'><strong>Deum</strong></span> <span class='ocrx_word' id='word_1_63' title='bbox 1241 958 1446 1012; x_wconf 90' lang='lat' dir='ltr'><strong>meum,</strong></span> <span class='ocrx_word' id='word_1_64' title='bbox 1488 944 1659 999; x_wconf 86' lang='lat' dir='ltr'><strong>Deum</strong></span> <span class='ocrx_word' id='word_1_65' title='bbox 1696 950 1752 999; x_wconf 88' lang='lat' dir='ltr'><strong>et</strong></span> <span class='ocrx_word' id='word_1_66' title='bbox 1797 943 2086 999; x_wconf 91' lang='lat' dir='ltr'><strong>Dominum</strong></span> 
     </span>
    </p>
   </div>
   <div class='ocr_carea' id='block_1_8' title="bbox 494 1034 2086 1110">
    <p class='ocr_par' dir='ltr' id='par_1_8' title="bbox 494 1034 2086 1110">
     <span class='ocr_line' id='line_1_8' title="bbox 494 1034 2086 1110; baseline -0.006 -11"><span class='ocrx_word' id='word_1_67' title='bbox 494 1039 1007 1110; x_wconf 75' lang='lat' dir='ltr'><strong>meumiquoniam</strong></span> <span class='ocrx_word' id='word_1_68' title='bbox 1061 1038 1253 1109; x_wconf 87' lang='lat' dir='ltr'><strong>utique</strong></span> <span class='ocrx_word' id='word_1_69' title='bbox 1301 1037 1357 1093; x_wconf 92' lang='lat' dir='ltr'><strong>in</strong></span> <span class='ocrx_word' id='word_1_70' title='bbox 1414 1036 1683 1106; x_wconf 84' lang='lat' dir='ltr'><strong>meipsum</strong></span> <span class='ocrx_word' id='word_1_71' title='bbox 1731 1049 1855 1091; x_wconf 92' lang='lat' dir='ltr'><strong>eum</strong></span> <span class='ocrx_word' id='word_1_72' title='bbox 1882 1034 2086 1091; x_wconf 81' lang='lat' dir='ltr'><strong>vocabo</strong></span> 
     </span>
    </p>
   </div>
   <div class='ocr_carea' id='block_1_9' title="bbox 492 1126 2084 1198">
    <p class='ocr_par' dir='ltr' id='par_1_9' title="bbox 492 1126 2084 1198">
     <span class='ocr_line' id='line_1_9' title="bbox 492 1126 2084 1198; baseline -0.006 -9"><span class='ocrx_word' id='word_1_73' title='bbox 492 1148 622 1189; x_wconf 87' lang='lat' dir='ltr'><strong>cum</strong></span> <span class='ocrx_word' id='word_1_74' title='bbox 652 1131 915 1187; x_wconf 79' lang='lat' dir='ltr'><strong>invocabo</strong></span> <span class='ocrx_word' id='word_1_75' title='bbox 939 1145 1087 1186; x_wconf 86' lang='lat' dir='ltr'><strong>eum.</strong></span> <span class='ocrx_word' id='word_1_76' title='bbox 1126 1127 1262 1184; x_wconf 88' lang='lat' dir='ltr'><strong>Cum</strong></span> <span class='ocrx_word' id='word_1_77' title='bbox 1310 1126 1553 1183; x_wconf 88' lang='lat' dir='ltr'><strong>omnibus</strong></span> <span class='ocrx_word' id='word_1_78' title='bbox 1599 1127 1689 1198; x_wconf 88' lang='lat' dir='ltr'><strong>qui</strong></span> <span class='ocrx_word' id='word_1_79' title='bbox 1717 1127 1960 1181; x_wconf 80' lang='lat' dir='ltr'><strong>invocant</strong></span> <span class='ocrx_word' id='word_1_80' title='bbox 1986 1142 2084 1180; x_wconf 91' lang='lat' dir='ltr'><strong>no-</strong></span> 
     </span>
    </p>
   </div>
   <div class='ocr_carea' id='block_1_10' title="bbox 490 1215 2087 1288">
    <p class='ocr_par' dir='ltr' id='par_1_10' title="bbox 490 1215 2087 1288">
     <span class='ocr_line' id='line_1_10' title="bbox 490 1215 2087 1288; baseline -0.005 -10"><span class='ocrx_word' id='word_1_81' title='bbox 490 1240 613 1278; x_wconf 91' lang='lat' dir='ltr'><strong>men</strong></span> <span class='ocrx_word' id='word_1_82' title='bbox 640 1222 855 1278; x_wconf 80' lang='lat' dir='ltr'><strong>Domini</strong></span> <span class='ocrx_word' id='word_1_83' title='bbox 886 1221 1051 1276; x_wconf 90' lang='lat' dir='ltr'><strong>nostri</strong></span> <span class='ocrx_word' id='word_1_84' title='bbox 1075 1219 1206 1275; x_wconf 89' lang='lat' dir='ltr'><strong>Iesu</strong></span> <span class='ocrx_word' id='word_1_85' title='bbox 1228 1217 1424 1274; x_wconf 80' lang='lat' dir='ltr'><strong>Christi</strong></span> <span class='ocrx_word' id='word_1_86' title='bbox 1450 1218 1506 1273; x_wconf 89' lang='lat' dir='ltr'><strong>in</strong></span> <span class='ocrx_word' id='word_1_87' title='bbox 1544 1218 1686 1272; x_wconf 88' lang='lat' dir='ltr'><strong>omni</strong></span> <span class='ocrx_word' id='word_1_88' title='bbox 1716 1215 1830 1272; x_wconf 80' lang='lat' dir='ltr'><strong>loco</strong></span> <span class='ocrx_word' id='word_1_89' title='bbox 1852 1217 2087 1288; x_wconf 83' lang='lat' dir='ltr'><strong>ipsarum</strong></span> 
     </span>
    </p>
   </div>
   <div class='ocr_carea' id='block_1_11' title="bbox 491 1308 2084 1379">
    <p class='ocr_par' dir='ltr' id='par_1_11' title="bbox 491 1308 2084 1379">
     <span class='ocr_line' id='line_1_11' title="bbox 491 1308 2084 1379; baseline -0.006 -7"><span class='ocrx_word' id='word_1_90' title='bbox 491 1326 551 1372; x_wconf 88' lang='lat' dir='ltr'><strong>et.</strong></span> <span class='ocrx_word' id='word_1_91' title='bbox 573 1324 770 1371; x_wconf 85' lang='lat' dir='ltr'><strong>nostra.</strong></span> <span class='ocrx_word' id='word_1_92' title='bbox 802 1312 1157 1369; x_wconf 88' lang='lat' dir='ltr'><strong>Sacerdotum</strong></span> <span class='ocrx_word' id='word_1_93' title='bbox 1186 1319 1272 1366; x_wconf 90' lang='lat' dir='ltr'><strong>est</strong></span> <span class='ocrx_word' id='word_1_94' title='bbox 1296 1311 1551 1366; x_wconf 87' lang='lat' dir='ltr'><strong>invocare</strong></span> <span class='ocrx_word' id='word_1_95' title='bbox 1580 1308 1751 1365; x_wconf 90' lang='lat' dir='ltr'><strong>Deum</strong></span> <span class='ocrx_word' id='word_1_96' title='bbox 1779 1309 1977 1379; x_wconf 87' lang='lat' dir='ltr'><strong>quibus</strong></span> <span class='ocrx_word' id='word_1_97' title='bbox 2003 1309 2084 1365; x_wconf 88' lang='lat' dir='ltr'><strong>di-</strong></span> 
     </span>
    </p>
   </div>
   <div class='ocr_carea' id='block_1_12' title="bbox 494 1400 2087 1473">
    <p class='ocr_par' dir='ltr' id='par_1_12' title="bbox 494 1400 2087 1473">
     <span class='ocr_line' id='line_1_12' title="bbox 494 1400 2087 1473; baseline -0.006 -9"><span class='ocrx_word' id='word_1_98' title='bbox 494 1409 642 1465; x_wconf 86' lang='lat' dir='ltr'><strong>citur</strong></span> <span class='ocrx_word' id='word_1_99' title='bbox 667 1425 682 1462; x_wconf 90' lang='lat'><strong>:</strong></span> <span class='ocrx_word' id='word_1_100' title='bbox 710 1404 798 1462; x_wconf 85' lang='lat' dir='ltr'><strong>Sic</strong></span> <span class='ocrx_word' id='word_1_101' title='bbox 829 1405 1138 1460; x_wconf 86' lang='lat' dir='ltr'><strong>benedicetis</strong></span> <span class='ocrx_word' id='word_1_102' title='bbox 1164 1403 1303 1473; x_wconf 78' lang='lat' dir='ltr'><strong>ﬁlios</strong></span> <span class='ocrx_word' id='word_1_103' title='bbox 1344 1400 1517 1457; x_wconf 77' lang='lat' dir='ltr'><strong>Israel</strong></span> <span class='ocrx_word' id='word_1_104' title='bbox 1568 1401 1869 1457; x_wconf 83' lang='lat' dir='ltr'><strong>inuocantes</strong></span> <span class='ocrx_word' id='word_1_105' title='bbox 1895 1417 2087 1456; x_wconf 78' lang='lat' dir='ltr'><strong>nomen</strong></span> 
     </span>
    </p>
   </div>
   <div class='ocr_carea' id='block_1_13' title="bbox 450 1489 2081 1568">
    <p class='ocr_par' dir='ltr' id='par_1_13' title="bbox 450 1489 2081 1568">
     <span class='ocr_line' id='line_1_13' title="bbox 450 1489 2081 1568; baseline -0.006 -14"><span class='ocrx_word' id='word_1_106' title='bbox 450 1542 455 1547; x_wconf 92' lang='lat'><strong>.</strong></span> <span class='ocrx_word' id='word_1_107' title='bbox 490 1514 667 1554; x_wconf 88' lang='lat' dir='ltr'><strong>meum</strong></span> <span class='ocrx_word' id='word_1_108' title='bbox 702 1512 860 1568; x_wconf 86' lang='lat' dir='ltr'><strong>super</strong></span> <span class='ocrx_word' id='word_1_109' title='bbox 902 1493 1022 1550; x_wconf 90' lang='lat' dir='ltr'><strong>illos</strong></span> <span class='ocrx_word' id='word_1_110' title='bbox 1080 1492 1272 1566; x_wconf 85' lang='lat' dir='ltr'><strong>(Num.</strong></span> <span class='ocrx_word' id='word_1_111' title='bbox 1315 1492 1430 1564; x_wconf 78' lang='lat' dir='ltr'><strong>vi);</strong></span> <span class='ocrx_word' id='word_1_112' title='bbox 1465 1499 1522 1547; x_wconf 87' lang='lat' dir='ltr'><strong>et</strong></span> <span class='ocrx_word' id='word_1_113' title='bbox 1565 1489 1856 1547; x_wconf 85' lang='lat' dir='ltr'><strong>Psalrnista</strong></span> <span class='ocrx_word' id='word_1_114' title='bbox 1905 1490 2081 1563; x_wconf 81' lang='lat' dir='ltr'><strong>dicit:</strong></span> 
     </span>
    </p>
   </div>
   <div class='ocr_carea' id='block_1_14' title="bbox 485 1583 2081 1660">
    <p class='ocr_par' dir='ltr' id='par_1_14' title="bbox 485 1583 2081 1660">
     <span class='ocr_line' id='line_1_14' title="bbox 485 1583 2081 1660; baseline -0.005 -12"><span class='ocrx_word' id='word_1_115' title='bbox 485 1593 561 1648; x_wconf 82' lang='lat' dir='ltr'><strong>Et</strong></span> <span class='ocrx_word' id='word_1_116' title='bbox 592 1589 813 1649; x_wconf 84' lang='lat' dir='ltr'><strong>Samuel</strong></span> <span class='ocrx_word' id='word_1_117' title='bbox 839 1591 977 1645; x_wconf 86' lang='lat' dir='ltr'><strong>inter</strong></span> <span class='ocrx_word' id='word_1_118' title='bbox 1003 1604 1091 1644; x_wconf 85' lang='lat' dir='ltr'><strong>eos</strong></span> <span class='ocrx_word' id='word_1_119' title='bbox 1113 1589 1201 1660; x_wconf 88' lang='lat' dir='ltr'><strong>qui</strong></span> <span class='ocrx_word' id='word_1_120' title='bbox 1238 1588 1483 1643; x_wconf 77' lang='lat' dir='ltr'><strong>invocant</strong></span> <span class='ocrx_word' id='word_1_121' title='bbox 1513 1602 1704 1642; x_wconf 83' lang='lat' dir='ltr'><strong>nomen</strong></span> <span class='ocrx_word' id='word_1_122' title='bbox 1742 1585 1859 1656; x_wconf 88' lang='lat' dir='ltr'><strong>ejus</strong></span> <span class='ocrx_word' id='word_1_123' title='bbox 1904 1583 2081 1657; x_wconf 87' lang='lat' dir='ltr'><strong>(Psal.</strong></span> 
     </span>
    </p>
   </div>
   <div class='ocr_carea' id='block_1_15' title="bbox 487 1676 2085 1757">
    <p class='ocr_par' dir='ltr' id='par_1_15' title="bbox 487 1676 2085 1757">
     <span class='ocr_line' id='line_1_15' title="bbox 487 1676 2085 1757; baseline -0.006 -18"><span class='ocrx_word' id='word_1_124' title='bbox 487 1683 706 1757; x_wconf 78' lang='lat' dir='ltr'><strong>xcvtn),</strong></span> <span class='ocrx_word' id='word_1_125' title='bbox 759 1696 924 1753; x_wconf 84' lang='lat' dir='ltr'><strong>quem</strong></span> <span class='ocrx_word' id='word_1_126' title='bbox 974 1680 1311 1736; x_wconf 87' lang='lat' dir='ltr'><strong>sacerdotem</strong></span> <span class='ocrx_word' id='word_1_127' title='bbox 1361 1676 1531 1733; x_wconf 84' lang='lat' dir='ltr'><strong>fuisse</strong></span> <span class='ocrx_word' id='word_1_128' title='bbox 1581 1676 1673 1732; x_wconf 90' lang='lat' dir='ltr'><strong>illa</strong></span> <span class='ocrx_word' id='word_1_129' title='bbox 1734 1692 1829 1732; x_wconf 88' lang='lat' dir='ltr'><strong>res</strong></span> <span class='ocrx_word' id='word_1_130' title='bbox 1868 1677 2085 1747; x_wconf 83' lang='lat' dir='ltr'><strong>probat,</strong></span> 
     </span>
    </p>
   </div>
   <div class='ocr_carea' id='block_1_16' title="bbox 490 1767 2085 1847">
    <p class='ocr_par' dir='ltr' id='par_1_16' title="bbox 490 1767 2085 1847">
     <span class='ocr_line' id='line_1_16' title="bbox 490 1767 2085 1847; baseline -0.004 -16"><span class='ocrx_word' id='word_1_131' title='bbox 490 1777 618 1847; x_wconf 86' lang='lat' dir='ltr'><strong>quia</strong></span> <span class='ocrx_word' id='word_1_132' title='bbox 646 1785 703 1832; x_wconf 89' lang='lat' dir='ltr'><strong>et</strong></span> <span class='ocrx_word' id='word_1_133' title='bbox 724 1772 997 1831; x_wconf 83' lang='lat' dir='ltr'><strong>sacerdoti</strong></span> <span class='ocrx_word' id='word_1_134' title='bbox 1032 1771 1317 1838; x_wconf 84' lang='lat' dir='ltr'><strong>successit,</strong></span> <span class='ocrx_word' id='word_1_135' title='bbox 1360 1779 1416 1826; x_wconf 92' lang='lat' dir='ltr'><strong>et</strong></span> <span class='ocrx_word' id='word_1_136' title='bbox 1465 1768 1669 1827; x_wconf 85' lang='lat' dir='ltr'><strong>hostias</strong></span> <span class='ocrx_word' id='word_1_137' title='bbox 1700 1768 1989 1834; x_wconf 76' lang='lat' dir='ltr'><strong>oll‘ercbat,</strong></span> <span class='ocrx_word' id='word_1_138' title='bbox 2017 1767 2085 1824; x_wconf 84' lang='lat' dir='ltr'><strong>de</strong></span> 
     </span>
    </p>
   </div>
   <div class='ocr_carea' id='block_1_17' title="bbox 2190 574 3792 655">
    <p class='ocr_par' dir='ltr' id='par_1_17' title="bbox 2190 574 3792 655">
     <span class='ocr_line' id='line_1_17' title="bbox 2190 574 3792 655; baseline 0.01 -25"><span class='ocrx_word' id='word_1_139' title='bbox 2190 574 2263 630; x_wconf 86' lang='lat' dir='ltr'><strong>sit</strong></span> <span class='ocrx_word' id='word_1_140' title='bbox 2288 576 2406 633; x_wconf 88' lang='lat' dir='ltr'><strong>sine</strong></span> <span class='ocrx_word' id='word_1_141' title='bbox 2435 592 2620 648; x_wconf 86' lang='lat' dir='ltr'><strong>opere,</strong></span> <span class='ocrx_word' id='word_1_142' title='bbox 2649 578 2763 634; x_wconf 90' lang='lat' dir='ltr'><strong>sola</strong></span> <span class='ocrx_word' id='word_1_143' title='bbox 2787 578 2917 644; x_wconf 90' lang='lat' dir='ltr'><strong>ﬁde,</strong></span> <span class='ocrx_word' id='word_1_144' title='bbox 2951 580 3005 635; x_wconf 89' lang='lat' dir='ltr'><strong>in</strong></span> <span class='ocrx_word' id='word_1_145' title='bbox 3031 597 3138 652; x_wconf 90' lang='lat' dir='ltr'><strong>qua</strong></span> <span class='ocrx_word' id='word_1_146' title='bbox 3164 582 3334 652; x_wconf 77' lang='lat' dir='ltr'><strong>gratis</strong></span> <span class='ocrx_word' id='word_1_147' title='bbox 3357 585 3554 655; x_wconf 85' lang='lat' dir='ltr'><strong>accipit</strong></span> <span class='ocrx_word' id='word_1_148' title='bbox 3583 588 3792 647; x_wconf 72' lang='lat' dir='ltr'><strong>remis-</strong></span> 
     </span>
    </p>
   </div>
   <div class='ocr_carea' id='block_1_18' title="bbox 2196 662 3794 742">
    <p class='ocr_par' dir='ltr' id='par_1_18' title="bbox 2196 662 3794 742">
     <span class='ocr_line' id='line_1_18' title="bbox 2196 662 3794 742; baseline 0.009 -17"><span class='ocrx_word' id='word_1_149' title='bbox 2196 669 2409 726; x_wconf 86' lang='lat' dir='ltr'><strong>sionem</strong></span> <span class='ocrx_word' id='word_1_150' title='bbox 2453 679 2822 742; x_wconf 86' lang='lat' dir='ltr'><strong>peccatorum.</strong></span> <span class='ocrx_word' id='word_1_151' title='bbox 2860 672 3001 739; x_wconf 83' lang='lat' dir='ltr'><strong>Quia</strong></span> <span class='ocrx_word' id='word_1_152' title='bbox 3040 674 3096 728; x_wconf 92' lang='lat' dir='ltr'><strong>in</strong></span> <span class='ocrx_word' id='word_1_153' title='bbox 3121 676 3362 731; x_wconf 84' lang='lat' dir='ltr'><strong>omnibus</strong></span> <span class='ocrx_word' id='word_1_154' title='bbox 3387 676 3545 734; x_wconf 87' lang='lat' dir='ltr'><strong>ditati</strong></span> <span class='ocrx_word' id='word_1_155' title='bbox 3570 662 3700 737; x_wconf 79' lang='lat' dir='ltr'><strong>estis</strong></span> <span class='ocrx_word' id='word_1_156' title='bbox 3725 682 3794 739; x_wconf 77' lang='lat' dir='ltr'><strong>in</strong></span> 
     </span>
    </p>
   </div>
   <div class='ocr_carea' id='block_1_19' title="bbox 2186 760 3791 843">
    <p class='ocr_par' dir='ltr' id='par_1_19' title="bbox 2186 760 3791 843">
     <span class='ocr_line' id='line_1_19' title="bbox 2186 760 3791 843; baseline 0.009 -29"><span class='ocrx_word' id='word_1_157' title='bbox 2186 760 2324 831; x_wconf 88' lang='lat' dir='ltr'><strong>ipso,</strong></span> <span class='ocrx_word' id='word_1_158' title='bbox 2355 762 2411 814; x_wconf 82' lang='lat' dir='ltr'><strong>in</strong></span> <span class='ocrx_word' id='word_1_159' title='bbox 2431 761 2575 816; x_wconf 84' lang='lat' dir='ltr'><strong>omni</strong></span> <span class='ocrx_word' id='word_1_160' title='bbox 2599 762 2752 818; x_wconf 85' lang='lat' dir='ltr'><strong>verba</strong></span> <span class='ocrx_word' id='word_1_161' title='bbox 2773 773 2821 818; x_wconf 89' lang='lat' dir='ltr'><strong>et</strong></span> <span class='ocrx_word' id='word_1_162' title='bbox 2854 764 2911 818; x_wconf 91' lang='lat' dir='ltr'><strong>in</strong></span> <span class='ocrx_word' id='word_1_163' title='bbox 2948 766 3091 819; x_wconf 88' lang='lat' dir='ltr'><strong>omni</strong></span> <span class='ocrx_word' id='word_1_164' title='bbox 3130 766 3372 823; x_wconf 81' lang='lat' dir='ltr'><strong>scientia.</strong></span> <span class='ocrx_word' id='word_1_165' title='bbox 3405 767 3637 843; x_wconf 80' lang='lat' dir='ltr'><strong>(Ambr.)</strong></span> <span class='ocrx_word' id='word_1_166' title='bbox 3665 771 3791 829; x_wconf 82' lang='lat' dir='ltr'><strong>Hoc</strong></span> 
     </span>
    </p>
   </div>
   <div class='ocr_carea' id='block_1_20' title="bbox 2187 852 3792 924">
    <p class='ocr_par' dir='ltr' id='par_1_20' title="bbox 2187 852 3792 924">
     <span class='ocr_line' id='line_1_20' title="bbox 2187 852 3792 924; baseline 0.007 -18"><span class='ocrx_word' id='word_1_167' title='bbox 2187 852 2456 922; x_wconf 87' lang='lat' dir='ltr'><strong>signiﬁcat</strong></span> <span class='ocrx_word' id='word_1_168' title='bbox 2487 853 2614 921; x_wconf 82' lang='lat' dir='ltr'><strong>quia</strong></span> <span class='ocrx_word' id='word_1_169' title='bbox 2664 853 2719 907; x_wconf 92' lang='lat' dir='ltr'><strong>in</strong></span> <span class='ocrx_word' id='word_1_170' title='bbox 2771 863 2996 923; x_wconf 91' lang='lat' dir='ltr'><strong>accepta</strong></span> <span class='ocrx_word' id='word_1_171' title='bbox 3026 855 3197 924; x_wconf 84' lang='lat' dir='ltr'><strong>gratia</strong></span> <span class='ocrx_word' id='word_1_172' title='bbox 3226 863 3282 911; x_wconf 83' lang='lat' dir='ltr'><strong>et</strong></span> <span class='ocrx_word' id='word_1_173' title='bbox 3331 859 3501 914; x_wconf 88' lang='lat' dir='ltr'><strong>verbo</strong></span> <span class='ocrx_word' id='word_1_174' title='bbox 3529 860 3792 917; x_wconf 79' lang='lat' dir='ltr'><strong>veritatis</strong></span> 
     </span>
    </p>
   </div>
   <div class='ocr_carea' id='block_1_21' title="bbox 2188 941 3788 1020">
    <p class='ocr_par' dir='ltr' id='par_1_21' title="bbox 2188 941 3788 1020">
     <span class='ocr_line' id='line_1_21' title="bbox 2188 941 3788 1020; baseline 0.007 -23"><span class='ocrx_word' id='word_1_175' title='bbox 2188 941 2473 1007; x_wconf 75' lang='lat' dir='ltr'><strong>doctrinae,</strong></span> <span class='ocrx_word' id='word_1_176' title='bbox 2499 943 2782 998; x_wconf 87' lang='lat' dir='ltr'><strong>scientiam</strong></span> <span class='ocrx_word' id='word_1_177' title='bbox 2837 944 3139 1015; x_wconf 84' lang='lat' dir='ltr'><strong>spiritalem</strong></span> <span class='ocrx_word' id='word_1_178' title='bbox 3174 948 3411 1003; x_wconf 88' lang='lat' dir='ltr'><strong>assecuti</strong></span> <span class='ocrx_word' id='word_1_179' title='bbox 3460 964 3788 1020; x_wconf 82' lang='lat' dir='ltr'><strong>permanse-</strong></span> 
     </span>
    </p>
   </div>
   <div class='ocr_carea' id='block_1_22' title="bbox 2186 1028 3788 1107">
    <p class='ocr_par' dir='ltr' id='par_1_22' title="bbox 2186 1028 3788 1107">
     <span class='ocr_line' id='line_1_22' title="bbox 2186 1028 3788 1107; baseline 0.006 -19"><span class='ocrx_word' id='word_1_180' title='bbox 2186 1039 2336 1088; x_wconf 90' lang='lat' dir='ltr'><strong>runt.</strong></span> <span class='ocrx_word' id='word_1_181' title='bbox 2383 1030 2511 1086; x_wconf 81' lang='lat' dir='ltr'><strong>ideo</strong></span> <span class='ocrx_word' id='word_1_182' title='bbox 2561 1028 2785 1104; x_wconf 73' lang='lat' dir='ltr'><strong>gratias&#39;</strong></span> <span class='ocrx_word' id='word_1_183' title='bbox 2800 1033 2914 1105; x_wconf 87' lang='lat' dir='ltr'><strong>agit</strong></span> <span class='ocrx_word' id='word_1_184' title='bbox 2950 1033 3003 1088; x_wconf 86' lang='lat' dir='ltr'><strong>in</strong></span> <span class='ocrx_word' id='word_1_185' title='bbox 3048 1034 3134 1090; x_wconf 87' lang='lat' dir='ltr'><strong>his</strong></span> <span class='ocrx_word' id='word_1_186' title='bbox 3164 1036 3312 1091; x_wconf 90' lang='lat' dir='ltr'><strong>Deo:</strong></span> <span class='ocrx_word' id='word_1_187' title='bbox 3341 1038 3577 1107; x_wconf 89' lang='lat' dir='ltr'><strong>primum</strong></span> <span class='ocrx_word' id='word_1_188' title='bbox 3618 1041 3788 1098; x_wconf 89' lang='lat' dir='ltr'><strong>solito</strong></span> 
     </span>
    </p>
   </div>
   <div class='ocr_carea' id='block_1_23' title="bbox 2186 1122 3786 1197">
    <p class='ocr_par' dir='ltr' id='par_1_23' title="bbox 2186 1122 3786 1197">
     <span class='ocr_line' id='line_1_23' title="bbox 2186 1122 3786 1197; baseline 0.006 -18"><span class='ocrx_word' id='word_1_189' title='bbox 2186 1137 2343 1179; x_wconf 87' lang='lat' dir='ltr'><strong>more</strong></span> <span class='ocrx_word' id='word_1_190' title='bbox 2388 1122 2657 1181; x_wconf 87' lang='lat' dir='ltr'><strong>laudando</strong></span> <span class='ocrx_word' id='word_1_191' title='bbox 2684 1133 2945 1194; x_wconf 81' lang='lat' dir='ltr'><strong>provocat</strong></span> <span class='ocrx_word' id='word_1_192' title='bbox 2990 1125 3059 1181; x_wconf 89' lang='lat' dir='ltr'><strong>ad</strong></span> <span class='ocrx_word' id='word_1_193' title='bbox 3106 1125 3434 1197; x_wconf 85' lang='lat' dir='ltr'><strong>profectum,</strong></span> <span class='ocrx_word' id='word_1_194' title='bbox 3463 1140 3521 1189; x_wconf 91' lang='lat' dir='ltr'><strong>et</strong></span> <span class='ocrx_word' id='word_1_195' title='bbox 3554 1131 3695 1187; x_wconf 88' lang='lat' dir='ltr'><strong>dicit</strong></span> <span class='ocrx_word' id='word_1_196' title='bbox 3723 1148 3786 1189; x_wconf 80' lang='lat' dir='ltr'><strong>se</strong></span> 
     </span>
    </p>
   </div>
   <div class='ocr_carea' id='block_1_24' title="bbox 2187 1213 3800 1285">
    <p class='ocr_par' dir='ltr' id='par_1_24' title="bbox 2187 1213 3800 1285">
     <span class='ocr_line' id='line_1_24' title="bbox 2187 1213 3800 1285; baseline 0.006 -18"><span class='ocrx_word' id='word_1_197' title='bbox 2187 1213 2405 1285; x_wconf 87' lang='lat' dir='ltr'><strong>quidem</strong></span> <span class='ocrx_word' id='word_1_198' title='bbox 2431 1213 2668 1285; x_wconf 90' lang='lat' dir='ltr'><strong>gaudere</strong></span> <span class='ocrx_word' id='word_1_199' title='bbox 2694 1213 2763 1270; x_wconf 92' lang='lat' dir='ltr'><strong>de</strong></span> <span class='ocrx_word' id='word_1_200' title='bbox 2789 1229 2980 1271; x_wconf 88' lang='lat' dir='ltr'><strong>eorum</strong></span> <span class='ocrx_word' id='word_1_201' title='bbox 3032 1216 3284 1282; x_wconf 89' lang='lat' dir='ltr'><strong>scientia,</strong></span> <span class='ocrx_word' id='word_1_202' title='bbox 3332 1218 3435 1273; x_wconf 87' lang='lat' dir='ltr'><strong>sed</strong></span> <span class='ocrx_word' id='word_1_203' title='bbox 3485 1219 3800 1278; x_wconf 82' lang='lat' dir='ltr'><strong>scireillos</strong></span> 
     </span>
    </p>
   </div>
   <div class='ocr_carea' id='block_1_25' title="bbox 2186 1302 3791 1379">
    <p class='ocr_par' dir='ltr' id='par_1_25' title="bbox 2186 1302 3791 1379">
     <span class='ocr_line' id='line_1_25' title="bbox 2186 1302 3791 1379; baseline 0.003 -20"><span class='ocrx_word' id='word_1_204' title='bbox 2186 1302 2388 1359; x_wconf 85' lang='lat' dir='ltr'><strong>debere</strong></span> <span class='ocrx_word' id='word_1_205' title='bbox 2415 1303 2541 1374; x_wconf 83' lang='lat' dir='ltr'><strong>quia</strong></span> <span class='ocrx_word' id='word_1_206' title='bbox 2577 1318 2707 1359; x_wconf 87' lang='lat' dir='ltr'><strong>vera</strong></span> <span class='ocrx_word' id='word_1_207' title='bbox 2745 1304 3011 1375; x_wconf 86' lang='lat' dir='ltr'><strong>sapientia</strong></span> <span class='ocrx_word' id='word_1_208' title='bbox 3044 1320 3152 1361; x_wconf 90' lang='lat' dir='ltr'><strong>non</strong></span> <span class='ocrx_word' id='word_1_209' title='bbox 3190 1304 3432 1373; x_wconf 88' lang='lat' dir='ltr'><strong>iullatur,</strong></span> <span class='ocrx_word' id='word_1_210' title='bbox 3464 1324 3646 1379; x_wconf 91' lang='lat' dir='ltr'><strong>neque</strong></span> <span class='ocrx_word' id='word_1_211' title='bbox 3673 1309 3791 1365; x_wconf 85' lang='lat' dir='ltr'><strong>dis-</strong></span> 
     </span>
    </p>
   </div>
   <div class='ocr_carea' id='block_1_26' title="bbox 2186 1393 3787 1465">
    <p class='ocr_par' dir='ltr' id='par_1_26' title="bbox 2186 1393 3787 1465">
     <span class='ocr_line' id='line_1_26' title="bbox 2186 1393 3787 1465; baseline 0.002 -13"><span class='ocrx_word' id='word_1_212' title='bbox 2186 1393 2372 1460; x_wconf 84' lang='lat' dir='ltr'><strong>sentit,</strong></span> <span class='ocrx_word' id='word_1_213' title='bbox 2410 1394 2667 1465; x_wconf 90' lang='lat' dir='ltr'><strong>quoniam</strong></span> <span class='ocrx_word' id='word_1_214' title='bbox 2723 1394 2777 1449; x_wconf 94' lang='lat' dir='ltr'><strong>in</strong></span> <span class='ocrx_word' id='word_1_215' title='bbox 2807 1395 3062 1450; x_wconf 88' lang='lat' dir='ltr'><strong>omnibus</strong></span> <span class='ocrx_word' id='word_1_216' title='bbox 3107 1395 3307 1451; x_wconf 85' lang='lat' dir='ltr'><strong>divites</strong></span> <span class='ocrx_word' id='word_1_217' title='bbox 3356 1395 3485 1453; x_wconf 90' lang='lat' dir='ltr'><strong>facti</strong></span> <span class='ocrx_word' id='word_1_218' title='bbox 3533 1408 3702 1454; x_wconf 87' lang='lat' dir='ltr'><strong>erant</strong></span> <span class='ocrx_word' id='word_1_219' title='bbox 3729 1400 3787 1455; x_wconf 88' lang='lat' dir='ltr'><strong>in</strong></span> 
     </span>
    </p>
   </div>
   <div class='ocr_carea' id='block_1_27' title="bbox 2186 1483 3787 1561">
    <p class='ocr_par' dir='ltr' id='par_1_27' title="bbox 2186 1483 3787 1561">
     <span class='ocr_line' id='line_1_27' title="bbox 2186 1483 3787 1561; baseline 0.002 -21"><span class='ocrx_word' id='word_1_220' title='bbox 2186 1483 2299 1551; x_wconf 91' lang='lat' dir='ltr'><strong>illo,</strong></span> <span class='ocrx_word' id='word_1_221' title='bbox 2331 1484 2387 1539; x_wconf 91' lang='lat' dir='ltr'><strong>in</strong></span> <span class='ocrx_word' id='word_1_222' title='bbox 2414 1483 2666 1541; x_wconf 88' lang='lat' dir='ltr'><strong>omnibus</strong></span> <span class='ocrx_word' id='word_1_223' title='bbox 2690 1485 2985 1541; x_wconf 85' lang='lat' dir='ltr'><strong>virtutibus</strong></span> <span class='ocrx_word' id='word_1_224' title='bbox 3012 1500 3109 1555; x_wconf 90' lang='lat' dir='ltr'><strong>per</strong></span> <span class='ocrx_word' id='word_1_225' title='bbox 3131 1486 3456 1558; x_wconf 87' lang='lat' dir='ltr'><strong>sapientiam</strong></span> <span class='ocrx_word' id='word_1_226' title='bbox 3488 1505 3616 1561; x_wconf 69' lang='lat' dir='ltr'><strong>quae</strong></span> <span class='ocrx_word' id='word_1_227' title='bbox 3639 1488 3787 1544; x_wconf 84' lang='lat' dir='ltr'><strong>ami-</strong></span> 
     </span>
    </p>
   </div>
   <div class='ocr_carea' id='block_1_28' title="bbox 2187 1575 3789 1647">
    <p class='ocr_par' dir='ltr' id='par_1_28' title="bbox 2187 1575 3789 1647">
     <span class='ocr_line' id='line_1_28' title="bbox 2187 1575 3789 1647; baseline 0.003 -15"><span class='ocrx_word' id='word_1_228' title='bbox 2187 1590 2283 1632; x_wconf 90' lang='lat' dir='ltr'><strong>cos</strong></span> <span class='ocrx_word' id='word_1_229' title='bbox 2330 1575 2429 1633; x_wconf 87' lang='lat' dir='ltr'><strong>Dei</strong></span> <span class='ocrx_word' id='word_1_230' title='bbox 2467 1583 2524 1631; x_wconf 89' lang='lat' dir='ltr'><strong>et</strong></span> <span class='ocrx_word' id='word_1_231' title='bbox 2557 1577 2852 1647; x_wconf 85' lang='lat' dir='ltr'><strong>prophetas</strong></span> <span class='ocrx_word' id='word_1_232' title='bbox 2896 1575 3198 1641; x_wconf 88' lang='lat' dir='ltr'><strong>constituit,</strong></span> <span class='ocrx_word' id='word_1_233' title='bbox 3254 1576 3309 1631; x_wconf 89' lang='lat' dir='ltr'><strong>in</strong></span> <span class='ocrx_word' id='word_1_234' title='bbox 3361 1579 3509 1634; x_wconf 90' lang='lat' dir='ltr'><strong>omni</strong></span> <span class='ocrx_word' id='word_1_235' title='bbox 3565 1580 3789 1637; x_wconf 88' lang='lat' dir='ltr'><strong>scilicet</strong></span> 
     </span>
    </p>
   </div>
   <div class='ocr_carea' id='block_1_29' title="bbox 2185 1666 3789 1741">
    <p class='ocr_par' dir='ltr' id='par_1_29' title="bbox 2185 1666 3789 1741">
     <span class='ocr_line' id='line_1_29' title="bbox 2185 1666 3789 1741; baseline 0.002 -19"><span class='ocrx_word' id='word_1_236' title='bbox 2185 1666 2353 1723; x_wconf 89' lang='lat' dir='ltr'><strong>verbo</strong></span> <span class='ocrx_word' id='word_1_237' title='bbox 2374 1675 2432 1724; x_wconf 91' lang='lat' dir='ltr'><strong>et</strong></span> <span class='ocrx_word' id='word_1_238' title='bbox 2462 1667 2517 1723; x_wconf 92' lang='lat' dir='ltr'><strong>in</strong></span> <span class='ocrx_word' id='word_1_239' title='bbox 2560 1667 2710 1723; x_wconf 88' lang='lat' dir='ltr'><strong>omni</strong></span> <span class='ocrx_word' id='word_1_240' title='bbox 2759 1666 3050 1738; x_wconf 88' lang='lat' dir='ltr'><strong>sapientia,</strong></span> <span class='ocrx_word' id='word_1_241' title='bbox 3090 1667 3148 1723; x_wconf 90' lang='lat' dir='ltr'><strong>id</strong></span> <span class='ocrx_word' id='word_1_242' title='bbox 3170 1675 3276 1733; x_wconf 91' lang='lat' dir='ltr'><strong>est,</strong></span> <span class='ocrx_word' id='word_1_243' title='bbox 3307 1676 3417 1723; x_wconf 91' lang='lat' dir='ltr'><strong>tam</strong></span> <span class='ocrx_word' id='word_1_244' title='bbox 3449 1668 3582 1724; x_wconf 86' lang='lat' dir='ltr'><strong>Novi</strong></span> <span class='ocrx_word' id='word_1_245' title='bbox 3616 1686 3789 1741; x_wconf 87' lang='lat' dir='ltr'><strong>quam</strong></span> 
     </span>
    </p>
   </div>
   <div class='ocr_carea' id='block_1_30' title="bbox 2189 1757 3790 1818">
    <p class='ocr_par' dir='ltr' id='par_1_30' title="bbox 2189 1757 3790 1818">
     <span class='ocr_line' id='line_1_30' title="bbox 2189 1757 3790 1818; baseline 0.001 -3"><span class='ocrx_word' id='word_1_246' title='bbox 2189 1757 2404 1815; x_wconf 74' lang='lat' dir='ltr'><strong>Veteris</strong></span> <span class='ocrx_word' id='word_1_247' title='bbox 2426 1757 2786 1815; x_wconf 86' lang='lat' dir='ltr'><strong>Testamenti.</strong></span> <span class='ocrx_word' id='word_1_248' title='bbox 2822 1757 2970 1814; x_wconf 80' lang='lat' dir='ltr'><strong>Sicut</strong></span> <span class='ocrx_word' id='word_1_249' title='bbox 3006 1759 3363 1814; x_wconf 87' lang='lat' dir='ltr'><strong>testimonium</strong></span> <span class='ocrx_word' id='word_1_250' title='bbox 3411 1757 3616 1815; x_wconf 82' lang='lat' dir='ltr'><strong>Christi</strong></span> <span class='ocrx_word' id='word_1_251' title='bbox 3657 1778 3790 1818; x_wconf 89' lang='lat' dir='ltr'><strong>con-</strong></span> 
     </span>
    </p>
   </div>
   <div class='ocr_carea' id='block_1_31' title="bbox 491 1847 3796 1936">
    <p class='ocr_par' dir='ltr' id='par_1_31' title="bbox 491 1847 3796 1936">
     <span class='ocr_line' id='line_1_31' title="bbox 491 1847 3796 1936; baseline -0.005 -15"><span class='ocrx_word' id='word_1_252' title='bbox 491 1879 601 1936; x_wconf 90' lang='lat' dir='ltr'><strong>quo</strong></span> <span class='ocrx_word' id='word_1_253' title='bbox 628 1863 797 1921; x_wconf 89' lang='lat' dir='ltr'><strong>etiam</strong></span> <span class='ocrx_word' id='word_1_254' title='bbox 838 1861 1134 1919; x_wconf 89' lang='lat' dir='ltr'><strong>secundum</strong></span> <span class='ocrx_word' id='word_1_255' title='bbox 1168 1859 1457 1916; x_wconf 89' lang='lat' dir='ltr'><strong>historiam</strong></span> <span class='ocrx_word' id='word_1_256' title='bbox 1501 1858 1706 1917; x_wconf 90' lang='lat' dir='ltr'><strong>dictum</strong></span> <span class='ocrx_word' id='word_1_257' title='bbox 1744 1866 1865 1914; x_wconf 87' lang='lat' dir='ltr'><strong>est:</strong></span> <span class='ocrx_word' id='word_1_258' title='bbox 1897 1855 2081 1914; x_wconf 87' lang='lat' dir='ltr'><strong>Susci-</strong></span> <span class='ocrx_word' id='word_1_259' title='bbox 2107 1848 2154 1909; x_wconf 84' lang='grc' dir='ltr'><strong>Β</strong></span> <span class='ocrx_word' id='word_1_260' title='bbox 2181 1847 2452 1918; x_wconf 71' lang='lat' dir='ltr'><strong>ﬁrmatum</strong></span> <span class='ocrx_word' id='word_1_261' title='bbox 2508 1858 2584 1904; x_wconf 77' lang='lat' dir='ltr'><strong>est</strong></span> <span class='ocrx_word' id='word_1_262' title='bbox 2628 1849 2686 1904; x_wconf 82' lang='lat' dir='ltr'><strong>in</strong></span> <span class='ocrx_word' id='word_1_263' title='bbox 2741 1849 2903 1906; x_wconf 79' lang='lat' dir='ltr'><strong>vobis.</strong></span> <span class='ocrx_word' id='word_1_264' title='bbox 2937 1848 3164 1923; x_wconf 71' lang='grc' dir='ltr'><strong>(Μλυιι.)</strong></span> <span class='ocrx_word' id='word_1_265' title='bbox 3217 1849 3616 1907; x_wconf 88' lang='lat' dir='ltr'><strong>Testimonium</strong></span> <span class='ocrx_word' id='word_1_266' title='bbox 3678 1867 3796 1924; x_wconf 86' lang='lat' dir='ltr'><strong>quo</strong></span> 
     </span>
    </p>
   </div>
   <div class='ocr_carea' id='block_1_32' title="bbox 447 1937 3791 2019">
    <p class='ocr_par' dir='ltr' id='par_1_32' title="bbox 447 1937 3791 2019">
     <span class='ocr_line' id='line_1_32' title="bbox 447 1937 3791 2019; baseline -0.001 -16"><span class='ocrx_word' id='word_1_267' title='bbox 447 1994 457 2003; x_wconf 92' lang='lat'><strong>.</strong></span> <span class='ocrx_word' id='word_1_268' title='bbox 488 1953 612 2010; x_wconf 76' lang='lat' dir='ltr'><strong>tabo</strong></span> <span class='ocrx_word' id='word_1_269' title='bbox 639 1952 773 2009; x_wconf 80' lang='lat' dir='ltr'><strong>mihi</strong></span> <span class='ocrx_word' id='word_1_270' title='bbox 802 1949 1128 2007; x_wconf 75' lang='lat' dir='ltr'><strong>sacerdotem</strong></span> <span class='ocrx_word' id='word_1_271' title='bbox 1166 1947 1377 2018; x_wconf 77' lang='lat' dir='ltr'><strong>ﬁdelem</strong></span> <span class='ocrx_word' id='word_1_272' title='bbox 1408 1947 1462 2018; x_wconf 88' lang='grc' dir='ltr'><strong>(Ι</strong></span> <span class='ocrx_word' id='word_1_273' title='bbox 1487 1946 1614 2019; x_wconf 79' lang='lat' dir='ltr'><strong>Reg.</strong></span> <span class='ocrx_word' id='word_1_274' title='bbox 1649 1946 1734 2019; x_wconf 86' lang='grc' dir='ltr'>ιι),</span> <span class='ocrx_word' id='word_1_275' title='bbox 1761 1947 1853 2018; x_wconf 89' lang='lat' dir='ltr'><strong>qui</strong></span> <span class='ocrx_word' id='word_1_276' title='bbox 1880 1961 2078 2018; x_wconf 84' lang='lat' dir='ltr'><strong>quam-</strong></span> <span class='ocrx_word' id='word_1_277' title='bbox 2180 1937 2296 1993; x_wconf 85' lang='lat' dir='ltr'><strong>ait:</strong></span> <span class='ocrx_word' id='word_1_278' title='bbox 2327 1937 2512 1995; x_wconf 81' lang='lat' dir='ltr'><strong>Omnis</strong></span> <span class='ocrx_word' id='word_1_279' title='bbox 2540 1939 2713 1994; x_wconf 86' lang='lat' dir='ltr'><strong>scriba</strong></span> <span class='ocrx_word' id='word_1_280' title='bbox 2746 1939 2928 1995; x_wconf 84' lang='lat' dir='ltr'><strong>doctus</strong></span> <span class='ocrx_word' id='word_1_281' title='bbox 2954 1941 3009 1995; x_wconf 89' lang='lat' dir='ltr'><strong>in</strong></span> <span class='ocrx_word' id='word_1_282' title='bbox 3034 1957 3192 2013; x_wconf 88' lang='lat' dir='ltr'><strong>regno</strong></span> <span class='ocrx_word' id='word_1_283' title='bbox 3217 1940 3465 1996; x_wconf 73' lang='lat' dir='ltr'><strong>calorum</strong></span> <span class='ocrx_word' id='word_1_284' title='bbox 3490 1941 3685 1998; x_wconf 80' lang='lat' dir='ltr'><strong>similis</strong></span> <span class='ocrx_word' id='word_1_285' title='bbox 3710 1954 3791 2001; x_wconf 84' lang='lat' dir='ltr'><strong>est</strong></span> 
     </span>
    </p>
   </div>
   <div class='ocr_carea' id='block_1_33' title="bbox 485 2029 3795 2116">
    <p class='ocr_par' dir='ltr' id='par_1_33' title="bbox 485 2029 3795 2116">
     <span class='ocr_line' id='line_1_33' title="bbox 485 2029 3795 2116; baseline -0.005 -12"><span class='ocrx_word' id='word_1_286' title='bbox 485 2047 575 2105; x_wconf 77' lang='lat' dir='ltr'><strong>vis</strong></span> <span class='ocrx_word' id='word_1_287' title='bbox 597 2058 706 2102; x_wconf 90' lang='lat' dir='ltr'><strong>non</strong></span> <span class='ocrx_word' id='word_1_288' title='bbox 749 2045 822 2101; x_wconf 90' lang='lat' dir='ltr'><strong>sit</strong></span> <span class='ocrx_word' id='word_1_289' title='bbox 870 2058 941 2101; x_wconf 78' lang='lat' dir='ltr'><strong>ex</strong></span> <span class='ocrx_word' id='word_1_290' title='bbox 963 2056 1166 2116; x_wconf 89' lang='lat' dir='ltr'><strong>genere</strong></span> <span class='ocrx_word' id='word_1_291' title='bbox 1212 2042 1417 2107; x_wconf 82' lang='lat' dir='ltr'><strong>Aaron,</strong></span> <span class='ocrx_word' id='word_1_292' title='bbox 1451 2049 1631 2096; x_wconf 87' lang='lat' dir='ltr'><strong>tamen</strong></span> <span class='ocrx_word' id='word_1_293' title='bbox 1661 2042 1728 2097; x_wconf 87' lang='lat' dir='ltr'><strong>de</strong></span> <span class='ocrx_word' id='word_1_294' title='bbox 1775 2042 1917 2097; x_wconf 81' lang='lat' dir='ltr'><strong>tribu</strong></span> <span class='ocrx_word' id='word_1_295' title='bbox 1946 2041 2079 2098; x_wconf 74' lang='lat' dir='ltr'><strong>Levi</strong></span> <span class='ocrx_word' id='word_1_296' title='bbox 2179 2029 2380 2085; x_wconf 85' lang='lat' dir='ltr'><strong>homini</strong></span> <span class='ocrx_word' id='word_1_297' title='bbox 2408 2030 2809 2102; x_wconf 76' lang='lat' dir='ltr'><strong>patrifamilias,</strong></span> <span class='ocrx_word' id='word_1_298' title='bbox 2835 2032 2925 2104; x_wconf 86' lang='lat' dir='ltr'><strong>qui</strong></span> <span class='ocrx_word' id='word_1_299' title='bbox 2944 2032 3143 2104; x_wconf 75' lang='lat' dir='ltr'><strong>profert</strong></span> <span class='ocrx_word' id='word_1_300' title='bbox 3169 2033 3234 2089; x_wconf 86' lang='lat' dir='ltr'><strong>de</strong></span> <span class='ocrx_word' id='word_1_301' title='bbox 3258 2032 3505 2088; x_wconf 75' lang='lat' dir='ltr'><strong>thesauro</strong></span> <span class='ocrx_word' id='word_1_302' title='bbox 3523 2051 3624 2089; x_wconf 87' lang='lat' dir='ltr'><strong>suo</strong></span> <span class='ocrx_word' id='word_1_303' title='bbox 3651 2050 3795 2093; x_wconf 76' lang='lat' dir='ltr'><strong>nova</strong></span> 
     </span>
    </p>
   </div>
   <div class='ocr_carea' id='block_1_34' title="bbox 485 2133 2081 2208">
    <p class='ocr_par' dir='ltr' id='par_1_34' title="bbox 485 2133 2081 2208">
     <span class='ocr_line' id='line_1_34' title="bbox 485 2133 2081 2208; baseline -0.005 -11"><span class='ocrx_word' id='word_1_304' title='bbox 485 2153 611 2197; x_wconf 84' lang='lat' dir='ltr'><strong>esse</strong></span> <span class='ocrx_word' id='word_1_305' title='bbox 657 2137 713 2194; x_wconf 89' lang='lat' dir='ltr'><strong>in</strong></span> <span class='ocrx_word' id='word_1_306' title='bbox 736 2136 1189 2208; x_wconf 84' lang='lat' dir='ltr'><strong>Paralipomenon</strong></span> <span class='ocrx_word' id='word_1_307' title='bbox 1228 2134 1450 2206; x_wconf 78' lang='lat' dir='ltr'><strong>legitur,</strong></span> <span class='ocrx_word' id='word_1_308' title='bbox 1481 2135 1608 2204; x_wconf 88' lang='lat' dir='ltr'><strong>quia</strong></span> <span class='ocrx_word' id='word_1_309' title='bbox 1638 2133 1754 2205; x_wconf 91' lang='lat' dir='ltr'><strong>ipse</strong></span> <span class='ocrx_word' id='word_1_310' title='bbox 1783 2134 1928 2190; x_wconf 92' lang='lat' dir='ltr'><strong>hunc</strong></span> <span class='ocrx_word' id='word_1_311' title='bbox 1950 2148 2081 2189; x_wconf 89' lang='lat' dir='ltr'><strong>con-</strong></span> 
     </span>
    </p>
   </div>
   <div class='ocr_carea' id='block_1_35' title="bbox 485 2224 2082 2300">
    <p class='ocr_par' dir='ltr' id='par_1_35' title="bbox 485 2224 2082 2300">
     <span class='ocr_line' id='line_1_35' title="bbox 485 2224 2082 2300; baseline -0.003 -15"><span class='ocrx_word' id='word_1_312' title='bbox 485 2228 684 2296; x_wconf 86' lang='lat' dir='ltr'><strong>stituit,</strong></span> <span class='ocrx_word' id='word_1_313' title='bbox 712 2228 804 2300; x_wconf 91' lang='lat' dir='ltr'><strong>qui</strong></span> <span class='ocrx_word' id='word_1_314' title='bbox 824 2235 898 2284; x_wconf 91' lang='lat' dir='ltr'><strong>-et</strong></span> <span class='ocrx_word' id='word_1_315' title='bbox 922 2226 1094 2282; x_wconf 90' lang='lat' dir='ltr'><strong>illum.</strong></span> <span class='ocrx_word' id='word_1_316' title='bbox 1124 2225 1204 2281; x_wconf 88' lang='lat' dir='ltr'><strong>lta</strong></span> <span class='ocrx_word' id='word_1_317' title='bbox 1225 2225 1373 2281; x_wconf 89' lang='lat' dir='ltr'><strong>enim</strong></span> <span class='ocrx_word' id='word_1_318' title='bbox 1408 2225 1588 2281; x_wconf 85' lang='lat' dir='ltr'><strong>Aaron</strong></span> <span class='ocrx_word' id='word_1_319' title='bbox 1636 2224 1823 2295; x_wconf 82' lang='lat' dir='ltr'><strong>elegit,</strong></span> <span class='ocrx_word' id='word_1_320' title='bbox 1850 2231 1912 2279; x_wconf 92' lang='lat' dir='ltr'><strong>ut</strong></span> <span class='ocrx_word' id='word_1_321' title='bbox 1944 2224 2082 2281; x_wconf 89' lang='lat' dir='ltr'><strong>alios</strong></span> 
     </span>
    </p>
   </div>
   <div class='ocr_carea' id='block_1_36' title="bbox 483 2316 2081 2393">
    <p class='ocr_par' dir='ltr' id='par_1_36' title="bbox 483 2316 2081 2393">
     <span class='ocr_line' id='line_1_36' title="bbox 483 2316 2081 2393; baseline -0.004 -14"><span class='ocrx_word' id='word_1_322' title='bbox 483 2329 680 2392; x_wconf 88' lang='lat' dir='ltr'><strong>postea</strong></span> <span class='ocrx_word' id='word_1_323' title='bbox 723 2318 960 2393; x_wconf 82' lang='lat' dir='ltr'><strong>eligendi</strong></span> <span class='ocrx_word' id='word_1_324' title='bbox 1006 2333 1116 2375; x_wconf 91' lang='lat' dir='ltr'><strong>non</strong></span> <span class='ocrx_word' id='word_1_325' title='bbox 1159 2316 1406 2375; x_wconf 88' lang='lat' dir='ltr'><strong>amiserit</strong></span> <span class='ocrx_word' id='word_1_326' title='bbox 1433 2325 1779 2387; x_wconf 87' lang='lat' dir='ltr'><strong>potestatem.</strong></span> <span class='ocrx_word' id='word_1_327' title='bbox 1830 2316 1898 2371; x_wconf 85' lang='lat' dir='ltr'><strong>In</strong></span> <span class='ocrx_word' id='word_1_328' title='bbox 1937 2317 2081 2373; x_wconf 84' lang='lat' dir='ltr'><strong>omni</strong></span> 
     </span>
    </p>
   </div>
   <div class='ocr_carea' id='block_1_37' title="bbox 484 2407 2083 2484">
    <p class='ocr_par' dir='ltr' id='par_1_37' title="bbox 484 2407 2083 2484">
     <span class='ocr_line' id='line_1_37' title="bbox 484 2407 2083 2484; baseline -0.004 -15"><span class='ocrx_word' id='word_1_329' title='bbox 484 2413 603 2469; x_wconf 88' lang='lat' dir='ltr'><strong>loco</strong></span> <span class='ocrx_word' id='word_1_330' title='bbox 651 2412 888 2484; x_wconf 87' lang='lat' dir='ltr'><strong>ipsorum</strong></span> <span class='ocrx_word' id='word_1_331' title='bbox 929 2421 980 2466; x_wconf 87' lang='lat' dir='ltr'><strong>et</strong></span> <span class='ocrx_word' id='word_1_332' title='bbox 1002 2419 1204 2475; x_wconf 87' lang='lat' dir='ltr'><strong>nostro,</strong></span> <span class='ocrx_word' id='word_1_333' title='bbox 1243 2408 1370 2479; x_wconf 90' lang='lat' dir='ltr'><strong>quia</strong></span> <span class='ocrx_word' id='word_1_334' title='bbox 1425 2407 1736 2464; x_wconf 85' lang='lat' dir='ltr'><strong>sacerdOtes</strong></span> <span class='ocrx_word' id='word_1_335' title='bbox 1788 2414 1849 2464; x_wconf 91' lang='lat' dir='ltr'><strong>et</strong></span> <span class='ocrx_word' id='word_1_336' title='bbox 1897 2422 1998 2463; x_wconf 88' lang='lat' dir='ltr'><strong>suo</strong></span> <span class='ocrx_word' id='word_1_337' title='bbox 2025 2414 2083 2462; x_wconf 90' lang='lat' dir='ltr'><strong>et</strong></span> 
     </span>
    </p>
   </div>
   <div class='ocr_carea' id='block_1_38' title="bbox 488 2497 2082 2576">
    <p class='ocr_par' dir='ltr' id='par_1_38' title="bbox 488 2497 2082 2576">
     <span class='ocr_line' id='line_1_38' title="bbox 488 2497 2082 2576; baseline -0.006 -14"><span class='ocrx_word' id='word_1_338' title='bbox 488 2503 859 2576; x_wconf 80' lang='lat' dir='ltr'><strong>apostoiorum</strong></span> <span class='ocrx_word' id='word_1_339' title='bbox 876 2500 998 2558; x_wconf 87' lang='lat' dir='ltr'><strong>loco</strong></span> <span class='ocrx_word' id='word_1_340' title='bbox 1029 2500 1350 2572; x_wconf 83' lang='lat' dir='ltr'><strong>funguntur,</strong></span> <span class='ocrx_word' id='word_1_341' title='bbox 1381 2507 1604 2570; x_wconf 86' lang='lat' dir='ltr'><strong>propter</strong></span> <span class='ocrx_word' id='word_1_342' title='bbox 1626 2498 1773 2569; x_wconf 91' lang='lat' dir='ltr'><strong>quod</strong></span> <span class='ocrx_word' id='word_1_343' title='bbox 1820 2497 2082 2554; x_wconf 88' lang='lat' dir='ltr'><strong>ecclesia-</strong></span> 
     </span>
    </p>
   </div>
   <div class='ocr_carea' id='block_1_39' title="bbox 485 2589 2080 2668">
    <p class='ocr_par' dir='ltr' id='par_1_39' title="bbox 485 2589 2080 2668">
     <span class='ocr_line' id='line_1_39' title="bbox 485 2589 2080 2668; baseline -0.006 -14"><span class='ocrx_word' id='word_1_344' title='bbox 485 2613 611 2654; x_wconf 87' lang='lat' dir='ltr'><strong>rum</strong></span> <span class='ocrx_word' id='word_1_345' title='bbox 640 2596 808 2654; x_wconf 88' lang='lat' dir='ltr'><strong>etiam</strong></span> <span class='ocrx_word' id='word_1_346' title='bbox 846 2594 1081 2668; x_wconf 89' lang='lat' dir='ltr'><strong>apostoli</strong></span> <span class='ocrx_word' id='word_1_347' title='bbox 1117 2594 1489 2651; x_wconf 86' lang='lat' dir='ltr'><strong>nominantur.</strong></span> <span class='ocrx_word' id='word_1_348' title='bbox 1538 2589 1770 2665; x_wconf 74' lang='lat' dir='ltr'><strong>(Arnim)</strong></span> <span class='ocrx_word' id='word_1_349' title='bbox 1818 2589 1996 2647; x_wconf 79' lang='lat' dir='ltr'><strong>Aliter</strong></span> <span class='ocrx_word' id='word_1_350' title='bbox 2022 2590 2080 2645; x_wconf 92' lang='lat' dir='ltr'><strong>in</strong></span> 
     </span>
    </p>
   </div>
   <div class='ocr_carea' id='block_1_40' title="bbox 493 2684 2084 2759">
    <p class='ocr_par' dir='ltr' id='par_1_40' title="bbox 493 2684 2084 2759">
     <span class='ocr_line' id='line_1_40' title="bbox 493 2684 2084 2759; baseline -0.008 -10"><span class='ocrx_word' id='word_1_351' title='bbox 493 2699 798 2749; x_wconf 86' lang='lat' dir='ltr'><strong>memorata</strong></span> <span class='ocrx_word' id='word_1_352' title='bbox 844 2689 1135 2755; x_wconf 87' lang='lat' dir='ltr'><strong>sententia,</strong></span> <span class='ocrx_word' id='word_1_353' title='bbox 1156 2702 1266 2759; x_wconf 87' lang='lat' dir='ltr'><strong>qua</strong></span> <span class='ocrx_word' id='word_1_354' title='bbox 1291 2687 1423 2743; x_wconf 82' lang='lat' dir='ltr'><strong>dicit</strong></span> <span class='ocrx_word' id='word_1_355' title='bbox 1447 2702 1566 2741; x_wconf 88' lang='lat' dir='ltr'><strong>cum</strong></span> <span class='ocrx_word' id='word_1_356' title='bbox 1616 2684 1858 2739; x_wconf 86' lang='lat' dir='ltr'><strong>omnibus</strong></span> <span class='ocrx_word' id='word_1_357' title='bbox 1879 2684 1970 2756; x_wconf 88' lang='lat' dir='ltr'><strong>qui</strong></span> <span class='ocrx_word' id='word_1_358' title='bbox 2000 2684 2084 2737; x_wconf 82' lang='lat' dir='ltr'><strong>in-</strong></span> 
     </span>
    </p>
   </div>
   <div class='ocr_carea' id='block_1_41' title="bbox 483 2773 2083 2844">
    <p class='ocr_par' dir='ltr' id='par_1_41' title="bbox 483 2773 2083 2844">
     <span class='ocr_line' id='line_1_41' title="bbox 483 2773 2083 2844; baseline -0.005 -7"><span class='ocrx_word' id='word_1_359' title='bbox 483 2791 671 2838; x_wconf 73' lang='lat' dir='ltr'><strong>vocant</strong></span> <span class='ocrx_word' id='word_1_360' title='bbox 710 2796 899 2836; x_wconf 86' lang='lat' dir='ltr'><strong>nomen</strong></span> <span class='ocrx_word' id='word_1_361' title='bbox 945 2779 1157 2836; x_wconf 87' lang='lat' dir='ltr'><strong>Domini</strong></span> <span class='ocrx_word' id='word_1_362' title='bbox 1207 2778 1375 2833; x_wconf 78' lang='lat' dir='ltr'><strong>nostri</strong></span> <span class='ocrx_word' id='word_1_363' title='bbox 1409 2775 1540 2832; x_wconf 86' lang='lat' dir='ltr'><strong>Iesu</strong></span> <span class='ocrx_word' id='word_1_364' title='bbox 1572 2773 1790 2844; x_wconf 86' lang='lat' dir='ltr'><strong>Christi,</strong></span> <span class='ocrx_word' id='word_1_365' title='bbox 1847 2775 1904 2830; x_wconf 92' lang='lat' dir='ltr'><strong>in</strong></span> <span class='ocrx_word' id='word_1_366' title='bbox 1939 2774 2083 2830; x_wconf 91' lang='lat' dir='ltr'><strong>omni</strong></span> 
     </span>
    </p>
   </div>
   <div class='ocr_carea' id='block_1_42' title="bbox 487 2862 2086 2941">
    <p class='ocr_par' dir='ltr' id='par_1_42' title="bbox 487 2862 2086 2941">
     <span class='ocr_line' id='line_1_42' title="bbox 487 2862 2086 2941; baseline -0.005 -15"><span class='ocrx_word' id='word_1_367' title='bbox 487 2870 603 2926; x_wconf 88' lang='lat' dir='ltr'><strong>loco</strong></span> <span class='ocrx_word' id='word_1_368' title='bbox 631 2872 890 2941; x_wconf 80' lang='lat' dir='ltr'><strong>ipsorum,</strong></span> <span class='ocrx_word' id='word_1_369' title='bbox 917 2879 968 2926; x_wconf 87' lang='lat' dir='ltr'><strong>et</strong></span> <span class='ocrx_word' id='word_1_370' title='bbox 1014 2878 1215 2924; x_wconf 90' lang='lat' dir='ltr'><strong>nostro.</strong></span> <span class='ocrx_word' id='word_1_371' title='bbox 1253 2867 1389 2924; x_wconf 82' lang='lat' dir='ltr'><strong>Cum</strong></span> <span class='ocrx_word' id='word_1_372' title='bbox 1414 2864 1617 2922; x_wconf 72' lang='lat' dir='ltr'><strong>Judzeis</strong></span> <span class='ocrx_word' id='word_1_373' title='bbox 1663 2880 1797 2922; x_wconf 89' lang='lat' dir='ltr'><strong>vero</strong></span> <span class='ocrx_word' id='word_1_374' title='bbox 1818 2862 2003 2937; x_wconf 82' lang='lat' dir='ltr'><strong>jungit</strong></span> <span class='ocrx_word' id='word_1_375' title='bbox 2027 2874 2086 2919; x_wconf 86' lang='lat' dir='ltr'><strong>et</strong></span> 
     </span>
    </p>
   </div>
   <div class='ocr_carea' id='block_1_43' title="bbox 482 2958 2073 3037">
    <p class='ocr_par' dir='ltr' id='par_1_43' title="bbox 482 2958 2073 3037">
     <span class='ocr_line' id='line_1_43' title="bbox 482 2958 2073 3037; baseline -0.006 -17"><span class='ocrx_word' id='word_1_376' title='bbox 482 2971 696 3037; x_wconf 83' lang='lat' dir='ltr'><strong>gentes,</strong></span> <span class='ocrx_word' id='word_1_377' title='bbox 737 2964 866 3036; x_wconf 85' lang='lat' dir='ltr'><strong>quia</strong></span> <span class='ocrx_word' id='word_1_378' title='bbox 910 2961 1056 3019; x_wconf 84' lang='lat' dir='ltr'><strong>salus</strong></span> <span class='ocrx_word' id='word_1_379' title='bbox 1097 2979 1163 3017; x_wconf 75' lang='lat' dir='ltr'><strong>ex</strong></span> <span class='ocrx_word' id='word_1_380' title='bbox 1204 2961 1412 3017; x_wconf 66' lang='lat' dir='ltr'><strong>Iudaeis</strong></span> <span class='ocrx_word' id='word_1_381' title='bbox 1450 2969 1528 3016; x_wconf 88' lang='lat' dir='ltr'><strong>est</strong></span> <span class='ocrx_word' id='word_1_382' title='bbox 1557 2959 1742 3032; x_wconf 89' lang='lat' dir='ltr'><strong>(Ioan.</strong></span> <span class='ocrx_word' id='word_1_383' title='bbox 1787 2958 1887 3031; x_wconf 83' lang='grc' dir='ltr'><strong>ιν),</strong></span> <span class='ocrx_word' id='word_1_384' title='bbox 1932 2959 2073 3012; x_wconf 91' lang='lat' dir='ltr'><strong>utin</strong></span> 
     </span>
    </p>
   </div>
   <div class='ocr_carea' id='block_1_44' title="bbox 482 3048 2075 3125">
    <p class='ocr_par' dir='ltr' id='par_1_44' title="bbox 482 3048 2075 3125">
     <span class='ocr_line' id='line_1_44' title="bbox 482 3048 2075 3125; baseline -0.006 -13"><span class='ocrx_word' id='word_1_385' title='bbox 482 3054 634 3112; x_wconf 89' lang='lat' dir='ltr'><strong>omni</strong></span> <span class='ocrx_word' id='word_1_386' title='bbox 658 3053 780 3111; x_wconf 92' lang='lat' dir='ltr'><strong>loco</strong></span> <span class='ocrx_word' id='word_1_387' title='bbox 826 3053 920 3109; x_wconf 90' lang='lat' dir='ltr'><strong>ubi</strong></span> <span class='ocrx_word' id='word_1_388' title='bbox 948 3061 1137 3125; x_wconf 86' lang='lat' dir='ltr'><strong>gentes</strong></span> <span class='ocrx_word' id='word_1_389' title='bbox 1177 3067 1298 3122; x_wconf 58' lang='lat' dir='ltr'><strong>qua).</strong></span> <span class='ocrx_word' id='word_1_390' title='bbox 1328 3052 1583 3105; x_wconf 87' lang='lat' dir='ltr'><strong>invocant</strong></span> <span class='ocrx_word' id='word_1_391' title='bbox 1610 3063 1809 3105; x_wconf 85' lang='lat' dir='ltr'><strong>nomen</strong></span> <span class='ocrx_word' id='word_1_392' title='bbox 1858 3048 2075 3104; x_wconf 91' lang='lat' dir='ltr'><strong>Domini</strong></span> 
     </span>
    </p>
   </div>
   <div class='ocr_carea' id='block_1_45' title="bbox 482 3141 2079 3212">
    <p class='ocr_par' dir='ltr' id='par_1_45' title="bbox 482 3141 2079 3212">
     <span class='ocr_line' id='line_1_45' title="bbox 482 3141 2079 3212; baseline -0.003 -9"><span class='ocrx_word' id='word_1_393' title='bbox 482 3146 661 3203; x_wconf 87' lang='lat' dir='ltr'><strong>nostri</strong></span> <span class='ocrx_word' id='word_1_394' title='bbox 694 3145 823 3202; x_wconf 78' lang='lat' dir='ltr'><strong>Iesu</strong></span> <span class='ocrx_word' id='word_1_395' title='bbox 868 3145 1096 3210; x_wconf 88' lang='lat' dir='ltr'><strong>Christi,</strong></span> <span class='ocrx_word' id='word_1_396' title='bbox 1124 3152 1181 3199; x_wconf 92' lang='lat' dir='ltr'><strong>et</strong></span> <span class='ocrx_word' id='word_1_397' title='bbox 1225 3143 1319 3199; x_wconf 92' lang='lat' dir='ltr'><strong>ubi</strong></span> <span class='ocrx_word' id='word_1_398' title='bbox 1348 3141 1543 3197; x_wconf 60' lang='grc' dir='ltr'>«ιιιάωὶ</span> <span class='ocrx_word' id='word_1_399' title='bbox 1573 3156 1737 3212; x_wconf 86' lang='lat' dir='ltr'><strong>supra</strong></span> <span class='ocrx_word' id='word_1_400' title='bbox 1793 3141 2079 3199; x_wconf 88' lang='lat' dir='ltr'><strong>memorati</strong></span> 
     </span>
    </p>
   </div>
   <div class='ocr_carea' id='block_1_46' title="bbox 2178 2121 2857 2196">
    <p class='ocr_par' dir='ltr' id='par_1_46' title="bbox 2178 2121 2857 2196">
     <span class='ocr_line' id='line_1_46' title="bbox 2178 2121 2857 2196; baseline 0.003 -19"><span class='ocrx_word' id='word_1_401' title='bbox 2178 2131 2230 2178; x_wconf 86' lang='lat' dir='ltr'><strong>et</strong></span> <span class='ocrx_word' id='word_1_402' title='bbox 2255 2130 2425 2177; x_wconf 73' lang='lat' dir='ltr'><strong>cetera</strong></span> <span class='ocrx_word' id='word_1_403' title='bbox 2451 2121 2670 2194; x_wconf 80' lang='lat' dir='ltr'><strong>(Matth.</strong></span> <span class='ocrx_word' id='word_1_404' title='bbox 2708 2123 2857 2196; x_wconf 81' lang='lat' dir='ltr'><strong>xm).</strong></span> 
     </span>
    </p>
   </div>
   <div class='ocr_carea' id='block_1_47' title="bbox 2250 2223 3798 2298">
    <p class='ocr_par' dir='ltr' id='par_1_47' title="bbox 2250 2223 3798 2298">
     <span class='ocr_line' id='line_1_47' title="bbox 2250 2223 3798 2298; baseline 0.001 -19"><span class='ocrx_word' id='word_1_405' title='bbox 2250 2223 2340 2280; x_wconf 88' lang='lat' dir='ltr'><strong>Ita</strong></span> <span class='ocrx_word' id='word_1_406' title='bbox 2354 2234 2410 2280; x_wconf 90' lang='lat' dir='ltr'><strong>ut</strong></span> <span class='ocrx_word' id='word_1_407' title='bbox 2439 2223 2571 2281; x_wconf 89' lang='lat' dir='ltr'><strong>nihil</strong></span> <span class='ocrx_word' id='word_1_408' title='bbox 2590 2225 2736 2281; x_wconf 79' lang='lat' dir='ltr'><strong>vobis</strong></span> <span class='ocrx_word' id='word_1_409' title='bbox 2756 2226 2889 2281; x_wconf 86' lang='lat' dir='ltr'><strong>desit</strong></span> <span class='ocrx_word' id='word_1_410' title='bbox 2910 2226 2965 2282; x_wconf 90' lang='lat' dir='ltr'><strong>in</strong></span> <span class='ocrx_word' id='word_1_411' title='bbox 2988 2225 3098 2281; x_wconf 84' lang='lat' dir='ltr'><strong>ulla</strong></span> <span class='ocrx_word' id='word_1_412' title='bbox 3118 2226 3312 2298; x_wconf 88' lang='lat' dir='ltr'><strong>gratia.</strong></span> <span class='ocrx_word' id='word_1_413' title='bbox 3337 2224 3493 2283; x_wconf 86' lang='lat' dir='ltr'><strong>Unde</strong></span> <span class='ocrx_word' id='word_1_414' title='bbox 3513 2225 3594 2282; x_wconf 91' lang='lat' dir='ltr'><strong>ait</strong></span> <span class='ocrx_word' id='word_1_415' title='bbox 3623 2224 3798 2282; x_wconf 81' lang='lat' dir='ltr'><strong>Salo-</strong></span> 
     </span>
    </p>
   </div>
   <div class='ocr_carea' id='block_1_48' title="bbox 2181 2314 3790 2386">
    <p class='ocr_par' dir='ltr' id='par_1_48' title="bbox 2181 2314 3790 2386">
     <span class='ocr_line' id='line_1_48' title="bbox 2181 2314 3790 2386; baseline -0.001 -15"><span class='ocrx_word' id='word_1_416' title='bbox 2181 2331 2356 2372; x_wconf 88' lang='lat' dir='ltr'><strong>mon:</strong></span> <span class='ocrx_word' id='word_1_417' title='bbox 2399 2314 2659 2372; x_wconf 83' lang='lat' dir='ltr'><strong>Venerunt</strong></span> <span class='ocrx_word' id='word_1_418' title='bbox 2720 2317 2849 2371; x_wconf 91' lang='lat' dir='ltr'><strong>mihi</strong></span> <span class='ocrx_word' id='word_1_419' title='bbox 2900 2317 3076 2371; x_wconf 87' lang='lat' dir='ltr'><strong>omnia</strong></span> <span class='ocrx_word' id='word_1_420' title='bbox 3119 2316 3255 2371; x_wconf 89' lang='lat' dir='ltr'><strong>bona</strong></span> <span class='ocrx_word' id='word_1_421' title='bbox 3293 2317 3497 2386; x_wconf 86' lang='lat' dir='ltr'><strong>pariter</strong></span> <span class='ocrx_word' id='word_1_422' title='bbox 3529 2332 3652 2369; x_wconf 89' lang='lat' dir='ltr'><strong>cum</strong></span> <span class='ocrx_word' id='word_1_423' title='bbox 3681 2315 3790 2370; x_wconf 75' lang='lat' dir='ltr'><strong>illa</strong></span> 
     </span>
    </p>
   </div>
   <div class='ocr_carea' id='block_1_49' title="bbox 2182 2404 3790 2481">
    <p class='ocr_par' dir='ltr' id='par_1_49' title="bbox 2182 2404 3790 2481">
     <span class='ocr_line' id='line_1_49' title="bbox 2182 2404 3790 2481; baseline 0.001 -19"><span class='ocrx_word' id='word_1_424' title='bbox 2182 2404 2341 2481; x_wconf 89' lang='lat' dir='ltr'><strong>(Sap.</strong></span> <span class='ocrx_word' id='word_1_425' title='bbox 2381 2405 2508 2477; x_wconf 88' lang='lat' dir='ltr'><strong>vn),</strong></span> <span class='ocrx_word' id='word_1_426' title='bbox 2538 2405 2593 2461; x_wconf 91' lang='lat' dir='ltr'><strong>id</strong></span> <span class='ocrx_word' id='word_1_427' title='bbox 2621 2414 2708 2462; x_wconf 91' lang='lat' dir='ltr'><strong>est</strong></span> <span class='ocrx_word' id='word_1_428' title='bbox 2731 2421 2856 2461; x_wconf 92' lang='lat' dir='ltr'><strong>cum</strong></span> <span class='ocrx_word' id='word_1_429' title='bbox 2907 2406 3193 2477; x_wconf 89' lang='lat' dir='ltr'><strong>sapientia.</strong></span> <span class='ocrx_word' id='word_1_430' title='bbox 3249 2406 3477 2478; x_wconf 79' lang='lat' dir='ltr'><strong>(Ambr.)</strong></span> <span class='ocrx_word' id='word_1_431' title='bbox 3510 2405 3790 2463; x_wconf 88' lang='lat' dir='ltr'><strong>Testimo-</strong></span> 
     </span>
    </p>
   </div>
   <div class='ocr_carea' id='block_1_50' title="bbox 2182 2494 3788 2568">
    <p class='ocr_par' dir='ltr' id='par_1_50' title="bbox 2182 2494 3788 2568">
     <span class='ocr_line' id='line_1_50' title="bbox 2182 2494 3788 2568; baseline 0.001 -17"><span class='ocrx_word' id='word_1_432' title='bbox 2182 2496 2334 2552; x_wconf 91' lang='lat' dir='ltr'><strong>nium</strong></span> <span class='ocrx_word' id='word_1_433' title='bbox 2376 2495 2580 2553; x_wconf 82' lang='lat' dir='ltr'><strong>Christi</strong></span> <span class='ocrx_word' id='word_1_434' title='bbox 2606 2494 2989 2553; x_wconf 84' lang='lat' dir='ltr'><strong>conﬁrmatum</strong></span> <span class='ocrx_word' id='word_1_435' title='bbox 3013 2506 3098 2553; x_wconf 92' lang='lat' dir='ltr'><strong>est</strong></span> <span class='ocrx_word' id='word_1_436' title='bbox 3125 2496 3179 2551; x_wconf 93' lang='lat' dir='ltr'><strong>in</strong></span> <span class='ocrx_word' id='word_1_437' title='bbox 3236 2497 3343 2563; x_wconf 87' lang='lat' dir='ltr'><strong>his,</strong></span> <span class='ocrx_word' id='word_1_438' title='bbox 3372 2496 3500 2568; x_wconf 86' lang='lat' dir='ltr'><strong>quia</strong></span> <span class='ocrx_word' id='word_1_439' title='bbox 3537 2496 3788 2553; x_wconf 87' lang='lat' dir='ltr'><strong>roborati</strong></span> 
     </span>
    </p>
   </div>
   <div class='ocr_carea' id='block_1_51' title="bbox 2181 2584 3791 2657">
    <p class='ocr_par' dir='ltr' id='par_1_51' title="bbox 2181 2584 3791 2657">
     <span class='ocr_line' id='line_1_51' title="bbox 2181 2584 3791 2657; baseline 0.003 -17"><span class='ocrx_word' id='word_1_440' title='bbox 2181 2584 2236 2640; x_wconf 88' lang='lat' dir='ltr'><strong>in</strong></span> <span class='ocrx_word' id='word_1_441' title='bbox 2270 2585 2397 2651; x_wconf 89' lang='lat' dir='ltr'><strong>ﬁde,</strong></span> <span class='ocrx_word' id='word_1_442' title='bbox 2424 2585 2562 2641; x_wconf 87' lang='lat' dir='ltr'><strong>nihil</strong></span> <span class='ocrx_word' id='word_1_443' title='bbox 2612 2587 2680 2643; x_wconf 93' lang='lat' dir='ltr'><strong>de</strong></span> <span class='ocrx_word' id='word_1_444' title='bbox 2719 2586 3037 2643; x_wconf 90' lang='lat' dir='ltr'><strong>hominibus</strong></span> <span class='ocrx_word' id='word_1_445' title='bbox 3090 2589 3407 2657; x_wconf 87' lang='lat' dir='ltr'><strong>sperabant,</strong></span> <span class='ocrx_word' id='word_1_446' title='bbox 3454 2587 3551 2642; x_wconf 91' lang='lat' dir='ltr'><strong>sed</strong></span> <span class='ocrx_word' id='word_1_447' title='bbox 3599 2587 3791 2645; x_wconf 89' lang='lat' dir='ltr'><strong>omnis</strong></span> 
     </span>
    </p>
   </div>
   <div class='ocr_carea' id='block_1_52' title="bbox 2183 2670 3792 2748">
    <p class='ocr_par' dir='ltr' id='par_1_52' title="bbox 2183 2670 3792 2748">
     <span class='ocr_line' id='line_1_52' title="bbox 2183 2670 3792 2748; baseline 0.001 -17"><span class='ocrx_word' id='word_1_448' title='bbox 2183 2690 2307 2746; x_wconf 88' lang='lat' dir='ltr'><strong>spes</strong></span> <span class='ocrx_word' id='word_1_449' title='bbox 2335 2675 2550 2731; x_wconf 90' lang='lat' dir='ltr'><strong>illorum</strong></span> <span class='ocrx_word' id='word_1_450' title='bbox 2597 2677 2651 2731; x_wconf 92' lang='lat' dir='ltr'><strong>in</strong></span> <span class='ocrx_word' id='word_1_451' title='bbox 2673 2675 3062 2742; x_wconf 84' lang='lat' dir='ltr'><strong>Christo&#39;erat,</strong></span> <span class='ocrx_word' id='word_1_452' title='bbox 3091 2675 3256 2730; x_wconf 91' lang='lat' dir='ltr'><strong>nullis</strong></span> <span class='ocrx_word' id='word_1_453' title='bbox 3277 2675 3571 2748; x_wconf 82' lang='lat' dir='ltr'><strong>voluptatis</strong></span> <span class='ocrx_word' id='word_1_454' title='bbox 3600 2670 3792 2732; x_wconf 86' lang='lat' dir='ltr'><strong>illece-</strong></span> 
     </span>
    </p>
   </div>
   <div class='ocr_carea' id='block_1_53' title="bbox 2184 2764 3792 2838">
    <p class='ocr_par' dir='ltr' id='par_1_53' title="bbox 2184 2764 3792 2838">
     <span class='ocr_line' id='line_1_53' title="bbox 2184 2764 3792 2838; baseline -0.002 -15"><span class='ocrx_word' id='word_1_455' title='bbox 2184 2767 2299 2823; x_wconf 90' lang='lat' dir='ltr'><strong>bris</strong></span> <span class='ocrx_word' id='word_1_456' title='bbox 2326 2766 2493 2838; x_wconf 89' lang='lat' dir='ltr'><strong>capti.</strong></span> <span class='ocrx_word' id='word_1_457' title='bbox 2521 2765 2963 2838; x_wconf 71' lang='lat' dir='ltr'><strong>Exspectantibus</strong></span> <span class='ocrx_word' id='word_1_458' title='bbox 2990 2766 3357 2821; x_wconf 77' lang='lat' dir='ltr'><strong>reuelationem</strong></span> <span class='ocrx_word' id='word_1_459' title='bbox 3380 2764 3592 2820; x_wconf 88' lang='lat' dir='ltr'><strong>Domini</strong></span> <span class='ocrx_word' id='word_1_460' title='bbox 3616 2773 3792 2820; x_wconf 71' lang='lat' dir='ltr'><strong>nostra</strong></span> 
     </span>
    </p>
   </div>
   <div class='ocr_carea' id='block_1_54' title="bbox 2182 2858 3787 2936">
    <p class='ocr_par' dir='ltr' id='par_1_54' title="bbox 2182 2858 3787 2936">
     <span class='ocr_line' id='line_1_54' title="bbox 2182 2858 3787 2936; baseline 0.001 -20"><span class='ocrx_word' id='word_1_461' title='bbox 2182 2860 2313 2918; x_wconf 91' lang='lat' dir='ltr'><strong>Iesu</strong></span> <span class='ocrx_word' id='word_1_462' title='bbox 2343 2858 2559 2917; x_wconf 85' lang='lat' dir='ltr'><strong>Christi.</strong></span> <span class='ocrx_word' id='word_1_463' title='bbox 2592 2860 2822 2936; x_wconf 70' lang='grc' dir='ltr'>(Μιιυιι.)</span> <span class='ocrx_word' id='word_1_464' title='bbox 2869 2861 2964 2917; x_wconf 89' lang='lat' dir='ltr'><strong>llle</strong></span> <span class='ocrx_word' id='word_1_465' title='bbox 3008 2877 3141 2918; x_wconf 84' lang='lat' dir='ltr'><strong>vero</strong></span> <span class='ocrx_word' id='word_1_466' title='bbox 3169 2869 3450 2933; x_wconf 84' lang='lat' dir='ltr'><strong>exspectat</strong></span> <span class='ocrx_word' id='word_1_467' title='bbox 3478 2860 3787 2917; x_wconf 84' lang='lat' dir='ltr'><strong>adventum</strong></span> 
     </span>
    </p>
   </div>
   <div class='ocr_carea' id='block_1_55' title="bbox 2185 2952 3787 3026">
    <p class='ocr_par' dir='ltr' id='par_1_55' title="bbox 2185 2952 3787 3026">
     <span class='ocr_line' id='line_1_55' title="bbox 2185 2952 3787 3026; baseline 0 -17"><span class='ocrx_word' id='word_1_468' title='bbox 2185 2952 2413 3019; x_wconf 88' lang='lat' dir='ltr'><strong>Christi,</strong></span> <span class='ocrx_word' id='word_1_469' title='bbox 2440 2953 2535 3023; x_wconf 90' lang='lat' dir='ltr'><strong>qui</strong></span> <span class='ocrx_word' id='word_1_470' title='bbox 2579 2954 2829 3011; x_wconf 89' lang='lat' dir='ltr'><strong>omnibus</strong></span> <span class='ocrx_word' id='word_1_471' title='bbox 2856 2963 3194 3026; x_wconf 66' lang='lat' dir='ltr'><strong>praaparatus</strong></span> <span class='ocrx_word' id='word_1_472' title='bbox 3236 2963 3353 3020; x_wconf 89' lang='lat' dir='ltr'><strong>est;</strong></span> <span class='ocrx_word' id='word_1_473' title='bbox 3387 2953 3651 3010; x_wconf 84' lang='lat' dir='ltr'><strong>revelatio</strong></span> <span class='ocrx_word' id='word_1_474' title='bbox 3680 2969 3787 3009; x_wconf 83' lang='lat' dir='ltr'><strong>au-</strong></span> 
     </span>
    </p>
   </div>
   <div class='ocr_carea' id='block_1_56' title="bbox 2187 3041 3791 3114">
    <p class='ocr_par' dir='ltr' id='par_1_56' title="bbox 2187 3041 3791 3114">
     <span class='ocr_line' id='line_1_56' title="bbox 2187 3041 3791 3114; baseline 0.001 -16"><span class='ocrx_word' id='word_1_475' title='bbox 2187 3051 2298 3099; x_wconf 87' lang='lat' dir='ltr'><strong>tem</strong></span> <span class='ocrx_word' id='word_1_476' title='bbox 2354 3043 2555 3099; x_wconf 88' lang='lat' dir='ltr'><strong>dicitur</strong></span> <span class='ocrx_word' id='word_1_477' title='bbox 2606 3043 2820 3100; x_wconf 90' lang='lat' dir='ltr'><strong>Domini</strong></span> <span class='ocrx_word' id='word_1_478' title='bbox 2872 3045 3157 3109; x_wconf 84' lang='lat' dir='ltr'><strong>adventus,</strong></span> <span class='ocrx_word' id='word_1_479' title='bbox 3193 3043 3320 3114; x_wconf 90' lang='lat' dir='ltr'><strong>quia</strong></span> <span class='ocrx_word' id='word_1_480' title='bbox 3370 3041 3532 3098; x_wconf 90' lang='lat' dir='ltr'><strong>modo</strong></span> <span class='ocrx_word' id='word_1_481' title='bbox 3565 3058 3596 3097; x_wconf 89' lang='lat' dir='ltr'><strong>a</strong></span> <span class='ocrx_word' id='word_1_482' title='bbox 3625 3043 3791 3106; x_wconf 81' lang='lat' dir='ltr'><strong>nobis</strong></span> 
     </span>
    </p>
   </div>
   <div class='ocr_carea' id='block_1_57' title="bbox 2185 3131 3773 3206">
    <p class='ocr_par' dir='ltr' id='par_1_57' title="bbox 2185 3131 3773 3206">
     <span class='ocr_line' id='line_1_57' title="bbox 2185 3131 3773 3206; baseline -0.001 -17"><span class='ocrx_word' id='word_1_483' title='bbox 2185 3134 2537 3189; x_wconf 85' lang='lat' dir='ltr'><strong>absconditus</strong></span> <span class='ocrx_word' id='word_1_484' title='bbox 2577 3141 2683 3189; x_wconf 91' lang='lat' dir='ltr'><strong>est.</strong></span> <span class='ocrx_word' id='word_1_485' title='bbox 2725 3133 2961 3206; x_wconf 86' lang='lat' dir='ltr'><strong>(Ambr.)</strong></span> <span class='ocrx_word' id='word_1_486' title='bbox 3022 3132 3367 3189; x_wconf 82' lang='lat' dir='ltr'><strong>Manifestum</strong></span> <span class='ocrx_word' id='word_1_487' title='bbox 3403 3141 3486 3188; x_wconf 88' lang='lat' dir='ltr'><strong>est</strong></span> <span class='ocrx_word' id='word_1_488' title='bbox 3514 3131 3661 3187; x_wconf 92' lang='lat' dir='ltr'><strong>hunc</strong></span> <span class='ocrx_word' id='word_1_489' title='bbox 3689 3147 3773 3187; x_wconf 78' lang='lat' dir='ltr'><strong>er-</strong></span> 
     </span>
    </p>
   </div>
   <div class='ocr_carea' id='block_1_58' title="bbox 485 3214 3787 3305">
    <p class='ocr_par' dir='ltr' id='par_1_58' title="bbox 485 3214 3787 3305">
     <span class='ocr_line' id='line_1_58' title="bbox 485 3214 3787 3305; baseline -0.004 -15"><span class='ocrx_word' id='word_1_490' title='bbox 485 3247 638 3305; x_wconf 65' lang='lat' dir='ltr'><strong>uunt,</strong></span> <span class='ocrx_word' id='word_1_491' title='bbox 676 3237 927 3294; x_wconf 78' lang='lat' dir='ltr'><strong>similiter</strong></span> <span class='ocrx_word' id='word_1_492' title='bbox 985 3236 1097 3293; x_wconf 72' lang='lat' dir='ltr'><strong>sint</strong></span> <span class='ocrx_word' id='word_1_493' title='bbox 1151 3249 1343 3291; x_wconf 79' lang='lat' dir='ltr'><strong>omnes</strong></span> <span class='ocrx_word' id='word_1_494' title='bbox 1402 3249 1592 3289; x_wconf 87' lang='lat' dir='ltr'><strong>unum.</strong></span> <span class='ocrx_word' id='word_1_495' title='bbox 1632 3233 2078 3304; x_wconf 75' lang='lat' dir='ltr'><strong>Pseudoapostoli</strong></span> <span class='ocrx_word' id='word_1_496' title='bbox 2105 3214 2152 3279; x_wconf 87' lang='lat' dir='ltr'><strong>C</strong></span> <span class='ocrx_word' id='word_1_497' title='bbox 2182 3233 2430 3296; x_wconf 89' lang='lat' dir='ltr'><strong>spectare</strong></span> <span class='ocrx_word' id='word_1_498' title='bbox 2480 3225 2624 3281; x_wconf 91' lang='lat' dir='ltr'><strong>diem</strong></span> <span class='ocrx_word' id='word_1_499' title='bbox 2669 3225 2882 3297; x_wconf 73' lang='lat' dir='ltr'><strong>iudicii,</strong></span> <span class='ocrx_word' id='word_1_500' title='bbox 2912 3224 3006 3296; x_wconf 88' lang='lat' dir='ltr'><strong>qui</strong></span> <span class='ocrx_word' id='word_1_501' title='bbox 3040 3225 3469 3294; x_wconf 82' lang='lat' dir='ltr'><strong>circumspectus</strong></span> <span class='ocrx_word' id='word_1_502' title='bbox 3516 3222 3787 3279; x_wconf 89' lang='lat' dir='ltr'><strong>sollicitus</strong></span> 
     </span>
    </p>
   </div>
   <div class='ocr_carea' id='block_1_59' title="bbox 454 3328 2084 3403">
    <p class='ocr_par' dir='ltr' id='par_1_59' title="bbox 454 3328 2084 3403">
     <span class='ocr_line' id='line_1_59' title="bbox 454 3328 2084 3403; baseline -0.001 -16"><span class='ocrx_word' id='word_1_503' title='bbox 454 3332 636 3388; x_wconf 76' lang='lat' dir='ltr'><strong>.enim</strong></span> <span class='ocrx_word' id='word_1_504' title='bbox 670 3331 763 3403; x_wconf 92' lang='lat' dir='ltr'><strong>qui</strong></span> <span class='ocrx_word' id='word_1_505' title='bbox 786 3345 983 3387; x_wconf 88' lang='lat' dir='ltr'><strong>nomen</strong></span> <span class='ocrx_word' id='word_1_506' title='bbox 1010 3329 1213 3387; x_wconf 90' lang='lat' dir='ltr'><strong>Christi</strong></span> <span class='ocrx_word' id='word_1_507' title='bbox 1242 3344 1342 3400; x_wconf 88' lang='lat' dir='ltr'><strong>per</strong></span> <span class='ocrx_word' id='word_1_508' title='bbox 1366 3328 1712 3400; x_wconf 89' lang='lat' dir='ltr'><strong>prudentiam</strong></span> <span class='ocrx_word' id='word_1_509' title='bbox 1741 3330 1930 3386; x_wconf 90' lang='lat' dir='ltr'><strong>mundi</strong></span> <span class='ocrx_word' id='word_1_510' title='bbox 1950 3345 2084 3402; x_wconf 71' lang='lat' dir='ltr'><strong>pra:-</strong></span> 
     </span>
    </p>
   </div>
   <div class='ocr_carea' id='block_1_60' title="bbox 488 3421 2085 3496">
    <p class='ocr_par' dir='ltr' id='par_1_60' title="bbox 488 3421 2085 3496">
     <span class='ocr_line' id='line_1_60' title="bbox 488 3421 2085 3496; baseline 0.001 -17"><span class='ocrx_word' id='word_1_511' title='bbox 488 3422 768 3490; x_wconf 53' lang='lat' dir='ltr'><strong>tl-icahant,</strong></span> <span class='ocrx_word' id='word_1_512' title='bbox 785 3422 839 3478; x_wconf 91' lang='lat' dir='ltr'><strong>id</strong></span> <span class='ocrx_word' id='word_1_513' title='bbox 851 3431 957 3489; x_wconf 89' lang='lat' dir='ltr'><strong>est,</strong></span> <span class='ocrx_word' id='word_1_514' title='bbox 972 3421 1201 3478; x_wconf 90' lang='lat' dir='ltr'><strong>admista</strong></span> <span class='ocrx_word' id='word_1_515' title='bbox 1216 3421 1554 3494; x_wconf 85' lang='lat' dir='ltr'><strong>philosophia</strong></span> <span class='ocrx_word' id='word_1_516' title='bbox 1578 3431 1820 3478; x_wconf 86' lang='lat' dir='ltr'><strong>veterem</strong></span> <span class='ocrx_word' id='word_1_517' title='bbox 1841 3421 2014 3496; x_wconf 81' lang='lat' dir='ltr'><strong>legem</strong></span> <span class='ocrx_word' id='word_1_518' title='bbox 2028 3432 2085 3480; x_wconf 91' lang='lat' dir='ltr'><strong>et</strong></span> 
     </span>
    </p>
   </div>
   <div class='ocr_carea' id='block_1_61' title="bbox 488 3515 2086 3588">
    <p class='ocr_par' dir='ltr' id='par_1_61' title="bbox 488 3515 2086 3588">
     <span class='ocr_line' id='line_1_61' title="bbox 488 3515 2086 3588; baseline 0.003 -17"><span class='ocrx_word' id='word_1_519' title='bbox 488 3516 785 3587; x_wconf 82' lang='lat' dir='ltr'><strong>prophetas</strong></span> <span class='ocrx_word' id='word_1_520' title='bbox 799 3515 1183 3587; x_wconf 88' lang='lat' dir='ltr'><strong>reprobabant,</strong></span> <span class='ocrx_word' id='word_1_521' title='bbox 1200 3517 1474 3588; x_wconf 84' lang='lat' dir='ltr'><strong>negabant</strong></span> <span class='ocrx_word' id='word_1_522' title='bbox 1490 3516 1642 3572; x_wconf 86' lang='lat' dir='ltr'><strong>enim</strong></span> <span class='ocrx_word' id='word_1_523' title='bbox 1657 3516 1933 3573; x_wconf 89' lang='lat' dir='ltr'><strong>Christum</strong></span> <span class='ocrx_word' id='word_1_524' title='bbox 1955 3532 2086 3575; x_wconf 88' lang='lat' dir='ltr'><strong>vere</strong></span> 
     </span>
    </p>
   </div>
   <div class='ocr_carea' id='block_1_62' title="bbox 474 3606 2085 3679">
    <p class='ocr_par' dir='ltr' id='par_1_62' title="bbox 474 3606 2085 3679">
     <span class='ocr_line' id='line_1_62' title="bbox 474 3606 2085 3679; baseline -0.001 -14"><span class='ocrx_word' id='word_1_525' title='bbox 474 3606 836 3677; x_wconf 70' lang='lat' dir='ltr'><strong>cruciﬁxum,</strong></span> <span class='ocrx_word' id='word_1_526' title='bbox 853 3608 952 3665; x_wconf 89' lang='lat' dir='ltr'><strong>sed</strong></span> <span class='ocrx_word' id='word_1_527' title='bbox 968 3616 1177 3665; x_wconf 86' lang='lat' dir='ltr'><strong>tantum</strong></span> <span class='ocrx_word' id='word_1_528' title='bbox 1192 3608 1368 3665; x_wconf 87' lang='lat' dir='ltr'><strong>visum</strong></span> <span class='ocrx_word' id='word_1_529' title='bbox 1386 3608 1651 3679; x_wconf 82' lang='lat' dir='ltr'><strong>cruciﬁgi,</strong></span> <span class='ocrx_word' id='word_1_530' title='bbox 1680 3608 1822 3664; x_wconf 90' lang='lat' dir='ltr'><strong>sicut</strong></span> <span class='ocrx_word' id='word_1_531' title='bbox 1842 3607 2085 3664; x_wconf 79' lang='lat' dir='ltr'><strong>Marcion</strong></span> 
     </span>
    </p>
   </div>
   <div class='ocr_carea' id='block_1_63' title="bbox 466 3698 2083 3772">
    <p class='ocr_par' dir='ltr' id='par_1_63' title="bbox 466 3698 2083 3772">
     <span class='ocr_line' id='line_1_63' title="bbox 466 3698 2083 3772; baseline 0.004 -23"><span class='ocrx_word' id='word_1_532' title='bbox 466 3705 550 3755; x_wconf 81' lang='lat' dir='ltr'><strong>et</strong></span> <span class='ocrx_word' id='word_1_533' title='bbox 583 3698 933 3756; x_wconf 69' lang='lat' dir='ltr'><strong>Manichazus.</strong></span> <span class='ocrx_word' id='word_1_534' title='bbox 967 3698 1119 3757; x_wconf 86' lang='lat' dir='ltr'><strong>Unde</strong></span> <span class='ocrx_word' id='word_1_535' title='bbox 1146 3698 1443 3771; x_wconf 88' lang='lat' dir='ltr'><strong>Apostolus</strong></span> <span class='ocrx_word' id='word_1_536' title='bbox 1470 3718 1483 3754; x_wconf 94' lang='lat'><strong>:</strong></span> <span class='ocrx_word' id='word_1_537' title='bbox 1520 3698 1634 3756; x_wconf 86' lang='lat' dir='ltr'><strong>Nos</strong></span> <span class='ocrx_word' id='word_1_538' title='bbox 1656 3710 1850 3766; x_wconf 89' lang='lat' dir='ltr'><strong>autem,</strong></span> <span class='ocrx_word' id='word_1_539' title='bbox 1884 3699 2083 3772; x_wconf 90' lang='lat' dir='ltr'><strong>inquit,</strong></span> 
     </span>
    </p>
   </div>
   <div class='ocr_carea' id='block_1_64' title="bbox 488 3790 2088 3864">
    <p class='ocr_par' dir='ltr' id='par_1_64' title="bbox 488 3790 2088 3864">
     <span class='ocr_line' id='line_1_64' title="bbox 488 3790 2088 3864; baseline 0.001 -18"><span class='ocrx_word' id='word_1_540' title='bbox 488 3790 850 3863; x_wconf 62' lang='lat' dir='ltr'><strong>praedicamus</strong></span> <span class='ocrx_word' id='word_1_541' title='bbox 874 3790 1142 3848; x_wconf 85' lang='lat' dir='ltr'><strong>Christum</strong></span> <span class='ocrx_word' id='word_1_542' title='bbox 1196 3794 1534 3864; x_wconf 73' lang='lat' dir='ltr'><strong>cruciﬁxum.</strong></span> <span class='ocrx_word' id='word_1_543' title='bbox 1566 3791 1753 3863; x_wconf 87' lang='lat' dir='ltr'><strong>Neque</strong></span> <span class='ocrx_word' id='word_1_544' title='bbox 1789 3792 1972 3848; x_wconf 90' lang='lat' dir='ltr'><strong>carnis</strong></span> <span class='ocrx_word' id='word_1_545' title='bbox 2001 3805 2088 3847; x_wconf 86' lang='lat' dir='ltr'><strong>re-</strong></span> 
     </span>
    </p>
   </div>
   <div class='ocr_carea' id='block_1_65' title="bbox 494 3885 2085 3959">
    <p class='ocr_par' dir='ltr' id='par_1_65' title="bbox 494 3885 2085 3959">
     <span class='ocr_line' id='line_1_65' title="bbox 494 3885 2085 3959; baseline 0 -19"><span class='ocrx_word' id='word_1_546' title='bbox 494 3885 892 3942; x_wconf 77' lang='lat' dir='ltr'><strong>surrectionem</strong></span> <span class='ocrx_word' id='word_1_547' title='bbox 908 3885 1218 3943; x_wconf 86' lang='lat' dir='ltr'><strong>fatebantur</strong></span> <span class='ocrx_word' id='word_1_548' title='bbox 1231 3887 1375 3958; x_wconf 91' lang='lat' dir='ltr'><strong>quod</strong></span> <span class='ocrx_word' id='word_1_549' title='bbox 1396 3886 1657 3959; x_wconf 90' lang='lat' dir='ltr'><strong>propheta</strong></span> <span class='ocrx_word' id='word_1_550' title='bbox 1674 3885 1842 3942; x_wconf 83' lang='lat' dir='ltr'><strong>Isaias</strong></span> <span class='ocrx_word' id='word_1_551' title='bbox 1862 3885 2085 3951; x_wconf 91' lang='lat' dir='ltr'><strong>clamat,</strong></span> 
     </span>
    </p>
   </div>
   <div class='ocr_carea' id='block_1_66' title="bbox 474 3974 2084 4052">
    <p class='ocr_par' dir='ltr' id='par_1_66' title="bbox 474 3974 2084 4052">
     <span class='ocr_line' id='line_1_66' title="bbox 474 3974 2084 4052; baseline 0.001 -21"><span class='ocrx_word' id='word_1_552' title='bbox 474 3975 687 4049; x_wconf 5' lang='lat' dir='ltr'><strong>(dicens</strong></span> <span class='ocrx_word' id='word_1_553' title='bbox 712 3994 726 4032; x_wconf 86' lang='lat'><strong>:</strong></span> <span class='ocrx_word' id='word_1_554' title='bbox 759 3974 866 4045; x_wconf 86' lang='lat' dir='ltr'><strong>Qui</strong></span> <span class='ocrx_word' id='word_1_555' title='bbox 888 3978 943 4034; x_wconf 91' lang='lat' dir='ltr'><strong>in</strong></span> <span class='ocrx_word' id='word_1_556' title='bbox 970 3979 1320 4034; x_wconf 83' lang='lat' dir='ltr'><strong>monumentis</strong></span> <span class='ocrx_word' id='word_1_557' title='bbox 1348 3988 1471 4034; x_wconf 88' lang='lat' dir='ltr'><strong>sunt</strong></span> <span class='ocrx_word' id='word_1_558' title='bbox 1519 3995 1626 4034; x_wconf 86' lang='lat' dir='ltr'><strong>non</strong></span> <span class='ocrx_word' id='word_1_559' title='bbox 1648 3988 1916 4050; x_wconf 77' lang='lat' dir='ltr'><strong>resurgant</strong></span> <span class='ocrx_word' id='word_1_560' title='bbox 1947 3976 2084 4052; x_wconf 83' lang='lat' dir='ltr'><strong>(Isa.</strong></span> 
     </span>
    </p>
   </div>
   <div class='ocr_carea' id='block_1_67' title="bbox 472 4064 674 4138">
    <p class='ocr_par' dir='ltr' id='par_1_67' title="bbox 472 4064 674 4138">
     <span class='ocr_line' id='line_1_67' title="bbox 472 4064 674 4138; baseline 0.015 -19"><span class='ocrx_word' id='word_1_561' title='bbox 472 4064 674 4138; x_wconf 44' lang='grc' dir='ltr'><strong>χω).</strong></span> 
     </span>
    </p>
   </div>
   <div class='ocr_carea' id='block_1_68' title="bbox 474 4158 2089 4232">
    <p class='ocr_par' dir='ltr' id='par_1_68' title="bbox 474 4158 2089 4232">
     <span class='ocr_line' id='line_1_68' title="bbox 474 4158 2089 4232; baseline 0.001 -17"><span class='ocrx_word' id='word_1_562' title='bbox 474 4174 479 4184; x_wconf 86' lang='grc'>·</span> <span class='ocrx_word' id='word_1_563' title='bbox 532 4197 537 4203; x_wconf 93' lang='grc'><strong>-</strong></span> <span class='ocrx_word' id='word_1_564' title='bbox 561 4158 753 4215; x_wconf 83' lang='lat' dir='ltr'><strong>Gratia</strong></span> <span class='ocrx_word' id='word_1_565' title='bbox 781 4160 925 4215; x_wconf 78' lang='lat' dir='ltr'><strong>vobis</strong></span> <span class='ocrx_word' id='word_1_566' title='bbox 957 4168 1009 4215; x_wconf 90' lang='lat' dir='ltr'><strong>et</strong></span> <span class='ocrx_word' id='word_1_567' title='bbox 1038 4177 1145 4232; x_wconf 73' lang='lat' dir='ltr'><strong>pax</strong></span> <span class='ocrx_word' id='word_1_568' title='bbox 1171 4177 1205 4215; x_wconf 90' lang='lat' dir='ltr'><strong>a</strong></span> <span class='ocrx_word' id='word_1_569' title='bbox 1245 4159 1355 4215; x_wconf 82' lang='lat' dir='ltr'><strong>Deo</strong></span> <span class='ocrx_word' id='word_1_570' title='bbox 1384 4158 1549 4215; x_wconf 89' lang='lat' dir='ltr'><strong>Patre</strong></span> <span class='ocrx_word' id='word_1_571' title='bbox 1573 4172 1754 4217; x_wconf 87' lang='lat' dir='ltr'><strong>nostro</strong></span> <span class='ocrx_word' id='word_1_572' title='bbox 1779 4171 1829 4217; x_wconf 88' lang='lat' dir='ltr'><strong>et</strong></span> <span class='ocrx_word' id='word_1_573' title='bbox 1876 4159 2089 4217; x_wconf 89' lang='lat' dir='ltr'><strong>Christo</strong></span> 
     </span>
    </p>
   </div>
   <div class='ocr_carea' id='block_1_69' title="bbox 484 4247 2090 4324">
    <p class='ocr_par' dir='ltr' id='par_1_69' title="bbox 484 4247 2090 4324">
     <span class='ocr_line' id='line_1_69' title="bbox 484 4247 2090 4324; baseline 0.002 -21"><span class='ocrx_word' id='word_1_574' title='bbox 484 4247 622 4305; x_wconf 83' lang='lat' dir='ltr'><strong>Iesu</strong></span> <span class='ocrx_word' id='word_1_575' title='bbox 647 4248 874 4305; x_wconf 83' lang='lat' dir='ltr'><strong>Domino</strong></span> <span class='ocrx_word' id='word_1_576' title='bbox 900 4260 1096 4306; x_wconf 88' lang='lat' dir='ltr'><strong>nostra.</strong></span> <span class='ocrx_word' id='word_1_577' title='bbox 1136 4250 1429 4317; x_wconf 67' lang='lat' dir='ltr'><strong>Caeterum,</strong></span> <span class='ocrx_word' id='word_1_578' title='bbox 1475 4251 1604 4322; x_wconf 90' lang='lat' dir='ltr'><strong>quia</strong></span> <span class='ocrx_word' id='word_1_579' title='bbox 1632 4252 1865 4319; x_wconf 78' lang='lat' dir='ltr'><strong>dixerat,</strong></span> <span class='ocrx_word' id='word_1_580' title='bbox 1890 4254 1981 4324; x_wconf 89' lang='lat' dir='ltr'><strong>qui</strong></span> <span class='ocrx_word' id='word_1_581' title='bbox 2008 4253 2090 4307; x_wconf 87' lang='lat' dir='ltr'><strong>in-</strong></span> 
     </span>
    </p>
   </div>
   <div class='ocr_carea' id='block_1_70' title="bbox 492 4340 2090 4409">
    <p class='ocr_par' dir='ltr' id='par_1_70' title="bbox 492 4340 2090 4409">
     <span class='ocr_line' id='line_1_70' title="bbox 492 4340 2090 4409; baseline 0.003 -14"><span class='ocrx_word' id='word_1_582' title='bbox 492 4348 681 4396; x_wconf 73' lang='lat' dir='ltr'><strong>vocant</strong></span> <span class='ocrx_word' id='word_1_583' title='bbox 712 4356 903 4396; x_wconf 87' lang='lat' dir='ltr'><strong>nomen</strong></span> <span class='ocrx_word' id='word_1_584' title='bbox 944 4341 1161 4398; x_wconf 89' lang='lat' dir='ltr'><strong>Domini</strong></span> <span class='ocrx_word' id='word_1_585' title='bbox 1206 4342 1371 4397; x_wconf 90' lang='lat' dir='ltr'><strong>nostri</strong></span> <span class='ocrx_word' id='word_1_586' title='bbox 1401 4340 1535 4398; x_wconf 89' lang='lat' dir='ltr'><strong>Iesu</strong></span> <span class='ocrx_word' id='word_1_587' title='bbox 1560 4342 1780 4409; x_wconf 87' lang='lat' dir='ltr'><strong>Christi,</strong></span> <span class='ocrx_word' id='word_1_588' title='bbox 1812 4357 1883 4398; x_wconf 91' lang='lat' dir='ltr'><strong>ne</strong></span> <span class='ocrx_word' id='word_1_589' title='bbox 1910 4342 2090 4400; x_wconf 85' lang='lat' dir='ltr'><strong>Patris</strong></span> 
     </span>
    </p>
   </div>
   <div class='ocr_carea' id='block_1_71' title="bbox 493 4433 2090 4507">
    <p class='ocr_par' dir='ltr' id='par_1_71' title="bbox 493 4433 2090 4507">
     <span class='ocr_line' id='line_1_71' title="bbox 493 4433 2090 4507; baseline 0.003 -22"><span class='ocrx_word' id='word_1_590' title='bbox 493 4438 590 4487; x_wconf 90' lang='lat' dir='ltr'><strong>aut</strong></span> <span class='ocrx_word' id='word_1_591' title='bbox 624 4446 845 4499; x_wconf 88' lang='lat' dir='ltr'><strong>nomen,</strong></span> <span class='ocrx_word' id='word_1_592' title='bbox 875 4440 972 4489; x_wconf 93' lang='lat' dir='ltr'><strong>aut</strong></span> <span class='ocrx_word' id='word_1_593' title='bbox 1007 4433 1208 4489; x_wconf 86' lang='lat' dir='ltr'><strong>donum</strong></span> <span class='ocrx_word' id='word_1_594' title='bbox 1233 4433 1470 4490; x_wconf 87' lang='lat' dir='ltr'><strong>tacuisse</strong></span> <span class='ocrx_word' id='word_1_595' title='bbox 1492 4433 1790 4500; x_wconf 87' lang='lat' dir='ltr'><strong>videretur,</strong></span> <span class='ocrx_word' id='word_1_596' title='bbox 1823 4443 1881 4492; x_wconf 89' lang='lat' dir='ltr'><strong>et</strong></span> <span class='ocrx_word' id='word_1_597' title='bbox 1907 4434 2090 4507; x_wconf 88' lang='lat' dir='ltr'><strong>suspi-</strong></span> 
     </span>
    </p>
   </div>
   <div class='ocr_carea' id='block_1_72' title="bbox 492 4522 2092 4593">
    <p class='ocr_par' dir='ltr' id='par_1_72' title="bbox 492 4522 2092 4593">
     <span class='ocr_line' id='line_1_72' title="bbox 492 4522 2092 4593; baseline 0.003 -14"><span class='ocrx_word' id='word_1_598' title='bbox 492 4523 709 4580; x_wconf 91' lang='lat' dir='ltr'><strong>cionem</strong></span> <span class='ocrx_word' id='word_1_599' title='bbox 750 4522 894 4581; x_wconf 87' lang='lat' dir='ltr'><strong>forte</strong></span> <span class='ocrx_word' id='word_1_600' title='bbox 938 4533 1038 4581; x_wconf 89' lang='lat' dir='ltr'><strong>aut</strong></span> <span class='ocrx_word' id='word_1_601' title='bbox 1079 4526 1424 4582; x_wconf 89' lang='lat' dir='ltr'><strong>occasionem</strong></span> <span class='ocrx_word' id='word_1_602' title='bbox 1459 4525 1616 4583; x_wconf 90' lang='lat' dir='ltr'><strong>daret</strong></span> <span class='ocrx_word' id='word_1_603' title='bbox 1648 4525 1886 4593; x_wconf 75' lang='lat' dir='ltr'><strong>ultionis,</strong></span> <span class='ocrx_word' id='word_1_604' title='bbox 1931 4526 2092 4583; x_wconf 92' lang='lat' dir='ltr'><strong>docet</strong></span> 
     </span>
    </p>
   </div>
   <div class='ocr_carea' id='block_1_73' title="bbox 493 4614 2090 4690">
    <p class='ocr_par' dir='ltr' id='par_1_73' title="bbox 493 4614 2090 4690">
     <span class='ocr_line' id='line_1_73' title="bbox 493 4614 2090 4690; baseline 0.003 -20"><span class='ocrx_word' id='word_1_605' title='bbox 493 4614 774 4671; x_wconf 83' lang='lat' dir='ltr'><strong>Christum</strong></span> <span class='ocrx_word' id='word_1_606' title='bbox 798 4615 1018 4688; x_wconf 90' lang='lat' dir='ltr'><strong>quidem</strong></span> <span class='ocrx_word' id='word_1_607' title='bbox 1045 4617 1149 4674; x_wconf 90' lang='lat' dir='ltr'><strong>rite</strong></span> <span class='ocrx_word' id='word_1_608' title='bbox 1173 4617 1557 4683; x_wconf 75' lang='lat' dir='ltr'><strong>invocantium,</strong></span> <span class='ocrx_word' id='word_1_609' title='bbox 1587 4618 1683 4673; x_wconf 88' lang='lat' dir='ltr'><strong>sed</strong></span> <span class='ocrx_word' id='word_1_610' title='bbox 1722 4632 1940 4673; x_wconf 92' lang='lat' dir='ltr'><strong>omnem</strong></span> <span class='ocrx_word' id='word_1_611' title='bbox 1964 4634 2090 4690; x_wconf 84' lang='lat' dir='ltr'><strong>gra-</strong></span> 
     </span>
    </p>
   </div>
   <div class='ocr_carea' id='block_1_74' title="bbox 492 4704 2091 4780">
    <p class='ocr_par' dir='ltr' id='par_1_74' title="bbox 492 4704 2091 4780">
     <span class='ocr_line' id='line_1_74' title="bbox 492 4704 2091 4780; baseline 0.005 -21"><span class='ocrx_word' id='word_1_612' title='bbox 492 4704 625 4760; x_wconf 90' lang='lat' dir='ltr'><strong>tiam</strong></span> <span class='ocrx_word' id='word_1_613' title='bbox 650 4720 774 4762; x_wconf 86' lang='lat' dir='ltr'><strong>esse</strong></span> <span class='ocrx_word' id='word_1_614' title='bbox 794 4706 987 4777; x_wconf 87' lang='lat' dir='ltr'><strong>patris,</strong></span> <span class='ocrx_word' id='word_1_615' title='bbox 1015 4715 1075 4763; x_wconf 93' lang='lat' dir='ltr'><strong>ut</strong></span> <span class='ocrx_word' id='word_1_616' title='bbox 1094 4716 1151 4765; x_wconf 91' lang='lat' dir='ltr'><strong>et</strong></span> <span class='ocrx_word' id='word_1_617' title='bbox 1180 4708 1316 4764; x_wconf 87' lang='lat' dir='ltr'><strong>duos</strong></span> <span class='ocrx_word' id='word_1_618' title='bbox 1340 4708 1433 4778; x_wconf 91' lang='lat' dir='ltr'><strong>qui</strong></span> <span class='ocrx_word' id='word_1_619' title='bbox 1458 4707 1513 4763; x_wconf 93' lang='lat' dir='ltr'><strong>in</strong></span> <span class='ocrx_word' id='word_1_620' title='bbox 1538 4723 1703 4763; x_wconf 89' lang='lat' dir='ltr'><strong>unum</strong></span> <span class='ocrx_word' id='word_1_621' title='bbox 1730 4718 1859 4764; x_wconf 91' lang='lat' dir='ltr'><strong>sunt</strong></span> <span class='ocrx_word' id='word_1_622' title='bbox 1892 4724 1990 4780; x_wconf 92' lang='lat' dir='ltr'><strong>per</strong></span> <span class='ocrx_word' id='word_1_623' title='bbox 2009 4710 2091 4767; x_wconf 87' lang='lat' dir='ltr'><strong>di-</strong></span> 
     </span>
    </p>
   </div>
   <div class='ocr_carea' id='block_1_75' title="bbox 492 4795 2093 4874">
    <p class='ocr_par' dir='ltr' id='par_1_75' title="bbox 492 4795 2093 4874">
     <span class='ocr_line' id='line_1_75' title="bbox 492 4795 2093 4874; baseline 0.006 -25"><span class='ocrx_word' id='word_1_624' title='bbox 492 4795 776 4854; x_wconf 88' lang='lat' dir='ltr'><strong>vinitatem</strong></span> <span class='ocrx_word' id='word_1_625' title='bbox 801 4800 1131 4867; x_wconf 90' lang='lat' dir='ltr'><strong>ostenderet,</strong></span> <span class='ocrx_word' id='word_1_626' title='bbox 1161 4809 1218 4856; x_wconf 90' lang='lat' dir='ltr'><strong>et</strong></span> <span class='ocrx_word' id='word_1_627' title='bbox 1256 4800 1435 4856; x_wconf 89' lang='lat' dir='ltr'><strong>Patris</strong></span> <span class='ocrx_word' id='word_1_628' title='bbox 1459 4800 1839 4857; x_wconf 84' lang='lat' dir='ltr'><strong>auctoritatem</strong></span> <span class='ocrx_word' id='word_1_629' title='bbox 1866 4802 2093 4874; x_wconf 71' lang='lat' dir='ltr'><strong>praefer-</strong></span> 
     </span>
    </p>
   </div>
   <div class='ocr_carea' id='block_1_76' title="bbox 494 4884 2090 4963">
    <p class='ocr_par' dir='ltr' id='par_1_76' title="bbox 494 4884 2090 4963">
     <span class='ocr_line' id='line_1_76' title="bbox 494 4884 2090 4963; baseline 0.006 -23"><span class='ocrx_word' id='word_1_630' title='bbox 494 4894 599 4942; x_wconf 82' lang='lat' dir='ltr'><strong>ret.</strong></span> <span class='ocrx_word' id='word_1_631' title='bbox 629 4884 844 4943; x_wconf 85' lang='lat' dir='ltr'><strong>Gratias</strong></span> <span class='ocrx_word' id='word_1_632' title='bbox 889 4906 988 4961; x_wconf 90' lang='lat' dir='ltr'><strong>ago</strong></span> <span class='ocrx_word' id='word_1_633' title='bbox 1026 4888 1138 4945; x_wconf 89' lang='lat' dir='ltr'><strong>Deo</strong></span> <span class='ocrx_word' id='word_1_634' title='bbox 1181 4907 1295 4946; x_wconf 88' lang='lat' dir='ltr'><strong>meo</strong></span> <span class='ocrx_word' id='word_1_635' title='bbox 1337 4907 1540 4962; x_wconf 84' lang='lat' dir='ltr'><strong>semper</strong></span> <span class='ocrx_word' id='word_1_636' title='bbox 1567 4906 1663 4963; x_wconf 84' lang='lat' dir='ltr'><strong>pro</strong></span> <span class='ocrx_word' id='word_1_637' title='bbox 1690 4891 1851 4947; x_wconf 76' lang='lat' dir='ltr'><strong>vobis.</strong></span> <span class='ocrx_word' id='word_1_638' title='bbox 1904 4893 2090 4962; x_wconf 85' lang='lat' dir='ltr'><strong>Quan-</strong></span> 
     </span>
    </p>
   </div>
   <div class='ocr_carea' id='block_1_77' title="bbox 492 4978 2088 5055">
    <p class='ocr_par' dir='ltr' id='par_1_77' title="bbox 492 4978 2088 5055">
     <span class='ocr_line' id='line_1_77' title="bbox 492 4978 2088 5055; baseline 0.008 -27"><span class='ocrx_word' id='word_1_639' title='bbox 492 4991 658 5045; x_wconf 85' lang='lat' dir='ltr'><strong>quam</strong></span> <span class='ocrx_word' id='word_1_640' title='bbox 682 4978 1013 5035; x_wconf 90' lang='lat' dir='ltr'><strong>omnibusin</strong></span> <span class='ocrx_word' id='word_1_641' title='bbox 1041 4978 1285 5036; x_wconf 84' lang='lat' dir='ltr'><strong>Ecclesia</strong></span> <span class='ocrx_word' id='word_1_642' title='bbox 1311 4981 1536 5049; x_wconf 91' lang='lat' dir='ltr'><strong>scribat,</strong></span> <span class='ocrx_word' id='word_1_643' title='bbox 1585 4980 1679 5038; x_wconf 88' lang='lat' dir='ltr'><strong>sed</strong></span> <span class='ocrx_word' id='word_1_644' title='bbox 1710 4982 1785 5038; x_wconf 90' lang='lat' dir='ltr'><strong>ita</strong></span> <span class='ocrx_word' id='word_1_645' title='bbox 1815 4983 2088 5055; x_wconf 87' lang='lat' dir='ltr'><strong>signiﬁcat</strong></span> 
     </span>
    </p>
   </div>
   <div class='ocr_carea' id='block_1_78' title="bbox 495 5067 2084 5145">
    <p class='ocr_par' dir='ltr' id='par_1_78' title="bbox 495 5067 2084 5145">
     <span class='ocr_line' id='line_1_78' title="bbox 495 5067 2084 5145; baseline 0.008 -24"><span class='ocrx_word' id='word_1_646' title='bbox 495 5083 621 5123; x_wconf 85' lang='lat' dir='ltr'><strong>eum</strong></span> <span class='ocrx_word' id='word_1_647' title='bbox 645 5067 936 5140; x_wconf 89' lang='lat' dir='ltr'><strong>aliquando</strong></span> <span class='ocrx_word' id='word_1_648' title='bbox 961 5071 1206 5142; x_wconf 87' lang='lat' dir='ltr'><strong>corripit,</strong></span> <span class='ocrx_word' id='word_1_649' title='bbox 1244 5072 1538 5145; x_wconf 85' lang='lat' dir='ltr'><strong>aliquando</strong></span> <span class='ocrx_word' id='word_1_650' title='bbox 1566 5074 1777 5141; x_wconf 90' lang='lat' dir='ltr'><strong>laudat,</strong></span> <span class='ocrx_word' id='word_1_651' title='bbox 1825 5085 1886 5132; x_wconf 89' lang='lat' dir='ltr'><strong>ut</strong></span> <span class='ocrx_word' id='word_1_652' title='bbox 1916 5092 2084 5133; x_wconf 89' lang='lat' dir='ltr'><strong>unus-</strong></span> 
     </span>
    </p>
   </div>
   <div class='ocr_carea' id='block_1_79' title="bbox 495 5157 2080 5238">
    <p class='ocr_par' dir='ltr' id='par_1_79' title="bbox 495 5157 2080 5238">
     <span class='ocr_line' id='line_1_79' title="bbox 495 5157 2080 5238; baseline 0.009 -29"><span class='ocrx_word' id='word_1_653' title='bbox 495 5157 726 5228; x_wconf 86' lang='lat' dir='ltr'><strong>quisque</strong></span> <span class='ocrx_word' id='word_1_654' title='bbox 748 5174 872 5215; x_wconf 91' lang='lat' dir='ltr'><strong>cum</strong></span> <span class='ocrx_word' id='word_1_655' title='bbox 897 5160 1124 5230; x_wconf 89' lang='lat' dir='ltr'><strong>epistola</strong></span> <span class='ocrx_word' id='word_1_656' title='bbox 1150 5162 1365 5234; x_wconf 85' lang='lat' dir='ltr'><strong>legitur,</strong></span> <span class='ocrx_word' id='word_1_657' title='bbox 1398 5164 1664 5234; x_wconf 86' lang='lat' dir='ltr'><strong>intelligat</strong></span> <span class='ocrx_word' id='word_1_658' title='bbox 1697 5167 1828 5237; x_wconf 88' lang='lat' dir='ltr'><strong>quid</strong></span> <span class='ocrx_word' id='word_1_659' title='bbox 1863 5182 1964 5238; x_wconf 91' lang='lat' dir='ltr'><strong>pro</strong></span> <span class='ocrx_word' id='word_1_660' title='bbox 2000 5184 2080 5234; x_wconf 87' lang='lat' dir='ltr'><strong>se,</strong></span> 
     </span>
    </p>
   </div>
   <div class='ocr_carea' id='block_1_80' title="bbox 501 5247 2084 5327">
    <p class='ocr_par' dir='ltr' id='par_1_80' title="bbox 501 5247 2084 5327">
     <span class='ocr_line' id='line_1_80' title="bbox 501 5247 2084 5327; baseline 0.008 -25"><span class='ocrx_word' id='word_1_661' title='bbox 501 5247 631 5317; x_wconf 89' lang='lat' dir='ltr'><strong>quid</strong></span> <span class='ocrx_word' id='word_1_662' title='bbox 664 5248 952 5307; x_wconf 88' lang='lat' dir='ltr'><strong>adversum</strong></span> <span class='ocrx_word' id='word_1_663' title='bbox 1000 5266 1061 5308; x_wconf 89' lang='lat' dir='ltr'><strong>se</strong></span> <span class='ocrx_word' id='word_1_664' title='bbox 1099 5251 1342 5321; x_wconf 89' lang='lat' dir='ltr'><strong>dicatur;</strong></span> <span class='ocrx_word' id='word_1_665' title='bbox 1373 5255 1427 5309; x_wconf 88' lang='lat' dir='ltr'><strong>in</strong></span> <span class='ocrx_word' id='word_1_666' title='bbox 1456 5271 1562 5310; x_wconf 89' lang='lat' dir='ltr'><strong>una</strong></span> <span class='ocrx_word' id='word_1_667' title='bbox 1592 5256 1738 5312; x_wconf 89' lang='lat' dir='ltr'><strong>enim</strong></span> <span class='ocrx_word' id='word_1_668' title='bbox 1770 5257 1924 5327; x_wconf 89' lang='lat' dir='ltr'><strong>plebe</strong></span> <span class='ocrx_word' id='word_1_669' title='bbox 1951 5260 2084 5314; x_wconf 90' lang='lat' dir='ltr'><strong>duo-</strong></span> 
     </span>
    </p>
   </div>
   <div class='ocr_carea' id='block_1_81' title="bbox 501 5338 2084 5419">
    <p class='ocr_par' dir='ltr' id='par_1_81' title="bbox 501 5338 2084 5419">
     <span class='ocr_line' id='line_1_81' title="bbox 501 5338 2084 5419; baseline 0.007 -25"><span class='ocrx_word' id='word_1_670' title='bbox 501 5338 604 5395; x_wconf 86' lang='lat' dir='ltr'><strong>bus</strong></span> <span class='ocrx_word' id='word_1_671' title='bbox 628 5341 841 5411; x_wconf 85' lang='lat' dir='ltr'><strong>populis</strong></span> <span class='ocrx_word' id='word_1_672' title='bbox 866 5343 1072 5409; x_wconf 89' lang='lat' dir='ltr'><strong>scribit,</strong></span> <span class='ocrx_word' id='word_1_673' title='bbox 1104 5354 1167 5400; x_wconf 90' lang='lat' dir='ltr'><strong>ut</strong></span> <span class='ocrx_word' id='word_1_674' title='bbox 1197 5362 1323 5402; x_wconf 90' lang='lat' dir='ltr'><strong>cum</strong></span> <span class='ocrx_word' id='word_1_675' title='bbox 1351 5349 1528 5419; x_wconf 87' lang='lat' dir='ltr'><strong>arguit</strong></span> <span class='ocrx_word' id='word_1_676' title='bbox 1574 5349 1666 5419; x_wconf 91' lang='lat' dir='ltr'><strong>qui</strong></span> <span class='ocrx_word' id='word_1_677' title='bbox 1695 5349 1835 5406; x_wconf 90' lang='lat' dir='ltr'><strong>male</strong></span> <span class='ocrx_word' id='word_1_678' title='bbox 1864 5365 2084 5405; x_wconf 83' lang='lat' dir='ltr'><strong>versan-</strong></span> 
     </span>
    </p>
   </div>
   <div class='ocr_carea' id='block_1_82' title="bbox 500 5434 2075 5521">
    <p class='ocr_par' dir='ltr' id='par_1_82' title="bbox 500 5434 2075 5521">
     <span class='ocr_line' id='line_1_82' title="bbox 500 5434 2075 5521; baseline 0.008 -34"><span class='ocrx_word' id='word_1_679' title='bbox 500 5440 605 5521; x_wconf 71' lang='lat' dir='ltr'><strong>tur,</strong></span> <span class='ocrx_word' id='word_1_680' title='bbox 639 5434 815 5490; x_wconf 87' lang='lat' dir='ltr'><strong>sciant</strong></span> <span class='ocrx_word' id='word_1_681' title='bbox 836 5435 941 5492; x_wconf 88' lang='lat' dir='ltr'><strong>sibi</strong></span> <span class='ocrx_word' id='word_1_682' title='bbox 970 5438 1088 5495; x_wconf 66' lang='lat' dir='ltr'><strong>haec</strong></span> <span class='ocrx_word' id='word_1_683' title='bbox 1109 5439 1309 5511; x_wconf 90' lang='lat' dir='ltr'><strong>scripta</strong></span> <span class='ocrx_word' id='word_1_684' title='bbox 1327 5455 1343 5496; x_wconf 88' lang='lat'>:</span> <span class='ocrx_word' id='word_1_685' title='bbox 1360 5441 1611 5498; x_wconf 86' lang='lat' dir='ltr'><strong>similiter</strong></span> <span class='ocrx_word' id='word_1_686' title='bbox 1637 5452 1690 5499; x_wconf 91' lang='lat' dir='ltr'><strong>et</strong></span> <span class='ocrx_word' id='word_1_687' title='bbox 1718 5460 1842 5500; x_wconf 89' lang='lat' dir='ltr'><strong>cum</strong></span> <span class='ocrx_word' id='word_1_688' title='bbox 1872 5444 2075 5510; x_wconf 90' lang='lat' dir='ltr'><strong>laudat,</strong></span> 
     </span>
    </p>
   </div>
   <div class='ocr_carea' id='block_1_83' title="bbox 499 5523 2084 5605">
    <p class='ocr_par' dir='ltr' id='par_1_83' title="bbox 499 5523 2084 5605">
     <span class='ocr_line' id='line_1_83' title="bbox 499 5523 2084 5605; baseline 0.009 -29"><span class='ocrx_word' id='word_1_689' title='bbox 499 5523 638 5579; x_wconf 75' lang='lat' dir='ltr'><strong>sciat</strong></span> <span class='ocrx_word' id='word_1_690' title='bbox 663 5524 757 5596; x_wconf 92' lang='lat' dir='ltr'><strong>qui</strong></span> <span class='ocrx_word' id='word_1_691' title='bbox 791 5525 847 5582; x_wconf 92' lang='lat' dir='ltr'><strong>in</strong></span> <span class='ocrx_word' id='word_1_692' title='bbox 886 5527 1073 5600; x_wconf 87' lang='lat' dir='ltr'><strong>regula</strong></span> <span class='ocrx_word' id='word_1_693' title='bbox 1118 5539 1303 5587; x_wconf 90' lang='lat' dir='ltr'><strong>manet</strong></span> <span class='ocrx_word' id='word_1_694' title='bbox 1347 5532 1414 5587; x_wconf 89' lang='lat' dir='ltr'><strong>ad</strong></span> <span class='ocrx_word' id='word_1_695' title='bbox 1442 5547 1501 5588; x_wconf 88' lang='lat' dir='ltr'><strong>se</strong></span> <span class='ocrx_word' id='word_1_696' title='bbox 1546 5534 1661 5588; x_wconf 75' lang='lat' dir='ltr'><strong>lucc</strong></span> <span class='ocrx_word' id='word_1_697' title='bbox 1691 5534 1820 5589; x_wconf 89' lang='lat' dir='ltr'><strong>dici.</strong></span> <span class='ocrx_word' id='word_1_698' title='bbox 1851 5532 2084 5605; x_wconf 86' lang='lat' dir='ltr'><strong>Ideoque</strong></span> 
     </span>
    </p>
   </div>
   <div class='ocr_carea' id='block_1_84' title="bbox 498 5615 2085 5694">
    <p class='ocr_par' dir='ltr' id='par_1_84' title="bbox 498 5615 2085 5694">
     <span class='ocr_line' id='line_1_84' title="bbox 498 5615 2085 5694; baseline 0.006 -26"><span class='ocrx_word' id='word_1_699' title='bbox 498 5615 699 5684; x_wconf 83' lang='lat' dir='ltr'><strong>gratias</strong></span> <span class='ocrx_word' id='word_1_700' title='bbox 735 5634 858 5689; x_wconf 86' lang='lat' dir='ltr'><strong>ago,</strong></span> <span class='ocrx_word' id='word_1_701' title='bbox 888 5618 1082 5690; x_wconf 88' lang='lat' dir='ltr'><strong>inquit,</strong></span> <span class='ocrx_word' id='word_1_702' title='bbox 1117 5621 1228 5677; x_wconf 86' lang='lat' dir='ltr'><strong>Deo</strong></span> <span class='ocrx_word' id='word_1_703' title='bbox 1272 5638 1385 5678; x_wconf 85' lang='lat' dir='ltr'><strong>meo</strong></span> <span class='ocrx_word' id='word_1_704' title='bbox 1406 5639 1611 5694; x_wconf 78' lang='lat' dir='ltr'><strong>semper</strong></span> <span class='ocrx_word' id='word_1_705' title='bbox 1631 5639 1728 5694; x_wconf 86' lang='lat' dir='ltr'><strong>pro</strong></span> <span class='ocrx_word' id='word_1_706' title='bbox 1752 5624 1898 5678; x_wconf 81' lang='lat' dir='ltr'><strong>vobis</strong></span> <span class='ocrx_word' id='word_1_707' title='bbox 1928 5640 2085 5694; x_wconf 89' lang='lat' dir='ltr'><strong>super</strong></span> 
     </span>
    </p>
   </div>
   <div class='ocr_carea' id='block_1_85' title="bbox 501 5707 2086 5783">
    <p class='ocr_par' dir='ltr' id='par_1_85' title="bbox 501 5707 2086 5783">
     <span class='ocr_line' id='line_1_85' title="bbox 501 5707 2086 5783; baseline 0.008 -24"><span class='ocrx_word' id='word_1_708' title='bbox 501 5708 674 5776; x_wconf 85' lang='lat' dir='ltr'><strong>gratia</strong></span> <span class='ocrx_word' id='word_1_709' title='bbox 692 5707 813 5776; x_wconf 89' lang='lat' dir='ltr'><strong>Dei,</strong></span> <span class='ocrx_word' id='word_1_710' title='bbox 846 5727 966 5783; x_wconf 67' lang='lat' dir='ltr'><strong>quin</strong></span> <span class='ocrx_word' id='word_1_711' title='bbox 990 5711 1119 5768; x_wconf 85' lang='lat' dir='ltr'><strong>data</strong></span> <span class='ocrx_word' id='word_1_712' title='bbox 1141 5721 1218 5769; x_wconf 87' lang='lat' dir='ltr'><strong>est</strong></span> <span class='ocrx_word' id='word_1_713' title='bbox 1243 5714 1385 5770; x_wconf 81' lang='lat' dir='ltr'><strong>vobis</strong></span> <span class='ocrx_word' id='word_1_714' title='bbox 1426 5715 1480 5769; x_wconf 92' lang='lat' dir='ltr'><strong>in</strong></span> <span class='ocrx_word' id='word_1_715' title='bbox 1509 5713 1720 5770; x_wconf 87' lang='lat' dir='ltr'><strong>Christo</strong></span> <span class='ocrx_word' id='word_1_716' title='bbox 1770 5714 1920 5770; x_wconf 87' lang='lat' dir='ltr'><strong>Iesu.</strong></span> <span class='ocrx_word' id='word_1_717' title='bbox 1954 5715 2086 5782; x_wconf 67' lang='lat' dir='ltr'><strong>Quae</strong></span> 
     </span>
    </p>
   </div>
   <div class='ocr_carea' id='block_1_86' title="bbox 501 5799 2085 5876">
    <p class='ocr_par' dir='ltr' id='par_1_86' title="bbox 501 5799 2085 5876">
     <span class='ocr_line' id='line_1_86' title="bbox 501 5799 2085 5876; baseline 0.007 -23"><span class='ocrx_word' id='word_1_718' title='bbox 501 5799 675 5868; x_wconf 85' lang='lat' dir='ltr'><strong>gratia</strong></span> <span class='ocrx_word' id='word_1_719' title='bbox 707 5799 787 5858; x_wconf 89' lang='lat' dir='ltr'><strong>sic</strong></span> <span class='ocrx_word' id='word_1_720' title='bbox 814 5802 935 5861; x_wconf 91' lang='lat' dir='ltr'><strong>data</strong></span> <span class='ocrx_word' id='word_1_721' title='bbox 962 5813 1046 5862; x_wconf 89' lang='lat' dir='ltr'><strong>est</strong></span> <span class='ocrx_word' id='word_1_722' title='bbox 1083 5804 1138 5861; x_wconf 90' lang='lat' dir='ltr'><strong>in</strong></span> <span class='ocrx_word' id='word_1_723' title='bbox 1165 5803 1382 5864; x_wconf 89' lang='lat' dir='ltr'><strong>Christo</strong></span> <span class='ocrx_word' id='word_1_724' title='bbox 1403 5803 1556 5872; x_wconf 75' lang='lat' dir='ltr'><strong>Iesu,</strong></span> <span class='ocrx_word' id='word_1_725' title='bbox 1585 5806 1713 5876; x_wconf 87' lang='lat' dir='ltr'><strong>quia</strong></span> <span class='ocrx_word' id='word_1_726' title='bbox 1747 5805 1851 5863; x_wconf 89' lang='lat' dir='ltr'><strong>hoc</strong></span> <span class='ocrx_word' id='word_1_727' title='bbox 1877 5806 2085 5864; x_wconf 81' lang='lat' dir='ltr'><strong>consti-</strong></span> 
     </span>
    </p>
   </div>
   <div class='ocr_carea' id='block_1_87' title="bbox 2119 4576 2172 4640">
    <p class='ocr_par' dir='ltr' id='par_1_87' title="bbox 2119 4576 2172 4640">
     <span class='ocr_line' id='line_1_87' title="bbox 2119 4576 2172 4640; baseline 0 0"><span class='ocrx_word' id='word_1_728' title='bbox 2119 4576 2172 4640; x_wconf 79' lang='grc' dir='ltr'>ι)</span> 
     </span>
    </p>
   </div>
   <div class='ocr_carea' id='block_1_88' title="bbox 2191 3312 3788 3396">
    <p class='ocr_par' dir='ltr' id='par_1_88' title="bbox 2191 3312 3788 3396">
     <span class='ocr_line' id='line_1_88' title="bbox 2191 3312 3788 3396; baseline -0.001 -29"><span class='ocrx_word' id='word_1_729' title='bbox 2191 3321 2277 3368; x_wconf 90' lang='lat' dir='ltr'><strong>est</strong></span> <span class='ocrx_word' id='word_1_730' title='bbox 2310 3331 2323 3367; x_wconf 92' lang='lat'><strong>:</strong></span> <span class='ocrx_word' id='word_1_731' title='bbox 2355 3312 2598 3369; x_wconf 87' lang='lat' dir='ltr'><strong>futurum</strong></span> <span class='ocrx_word' id='word_1_732' title='bbox 2629 3313 2894 3386; x_wconf 87' lang='lat' dir='ltr'><strong>judicium</strong></span> <span class='ocrx_word' id='word_1_733' title='bbox 2920 3314 3127 3396; x_wconf 50' lang='lat' dir='ltr'><strong>Dei,.in</strong></span> <span class='ocrx_word' id='word_1_734' title='bbox 3167 3330 3277 3384; x_wconf 92' lang='lat' dir='ltr'><strong>quo</strong></span> <span class='ocrx_word' id='word_1_735' title='bbox 3303 3312 3563 3368; x_wconf 89' lang='lat' dir='ltr'><strong>Dominus</strong></span> <span class='ocrx_word' id='word_1_736' title='bbox 3591 3320 3788 3367; x_wconf 88' lang='lat' dir='ltr'><strong>noster</strong></span> 
     </span>
    </p>
   </div>
   <div class='ocr_carea' id='block_1_89' title="bbox 2184 3403 3790 3475">
    <p class='ocr_par' dir='ltr' id='par_1_89' title="bbox 2184 3403 3790 3475">
     <span class='ocr_line' id='line_1_89' title="bbox 2184 3403 3790 3475; baseline -0.002 -16"><span class='ocrx_word' id='word_1_737' title='bbox 2184 3404 2526 3459; x_wconf 86' lang='lat' dir='ltr'><strong>revelabitur</strong></span> <span class='ocrx_word' id='word_1_738' title='bbox 2582 3413 2693 3459; x_wconf 89' lang='lat' dir='ltr'><strong>tam</strong></span> <span class='ocrx_word' id='word_1_739' title='bbox 2722 3403 2845 3460; x_wconf 88' lang='lat' dir='ltr'><strong>ﬁdis</strong></span> <span class='ocrx_word' id='word_1_740' title='bbox 2892 3420 3054 3475; x_wconf 90' lang='lat' dir='ltr'><strong>quam</strong></span> <span class='ocrx_word' id='word_1_741' title='bbox 3091 3403 3296 3470; x_wconf 83' lang='lat' dir='ltr'><strong>inﬁdis,</strong></span> <span class='ocrx_word' id='word_1_742' title='bbox 3344 3411 3404 3456; x_wconf 93' lang='lat' dir='ltr'><strong>ut</strong></span> <span class='ocrx_word' id='word_1_743' title='bbox 3449 3410 3790 3475; x_wconf 76' lang='lat' dir='ltr'><strong>cognoscant</strong></span> 
     </span>
    </p>
   </div>
   <div class='ocr_carea' id='block_1_90' title="bbox 2183 3488 3786 3562">
    <p class='ocr_par' dir='ltr' id='par_1_90' title="bbox 2183 3488 3786 3562">
     <span class='ocr_line' id='line_1_90' title="bbox 2183 3488 3786 3562; baseline -0.003 -11"><span class='ocrx_word' id='word_1_744' title='bbox 2183 3495 2447 3552; x_wconf 89' lang='lat' dir='ltr'><strong>increduli</strong></span> <span class='ocrx_word' id='word_1_745' title='bbox 2486 3511 2553 3551; x_wconf 90' lang='lat' dir='ltr'><strong>ac</strong></span> <span class='ocrx_word' id='word_1_746' title='bbox 2580 3496 2760 3551; x_wconf 89' lang='lat' dir='ltr'><strong>sciant</strong></span> <span class='ocrx_word' id='word_1_747' title='bbox 2786 3510 2975 3550; x_wconf 88' lang='lat' dir='ltr'><strong>verum</strong></span> <span class='ocrx_word' id='word_1_748' title='bbox 3009 3508 3152 3558; x_wconf 89' lang='lat' dir='ltr'><strong>esse,</strong></span> <span class='ocrx_word' id='word_1_749' title='bbox 3182 3493 3326 3562; x_wconf 85' lang='lat' dir='ltr'><strong>quod</strong></span> <span class='ocrx_word' id='word_1_750' title='bbox 3347 3488 3572 3549; x_wconf 85' lang='lat' dir='ltr'><strong>credere</strong></span> <span class='ocrx_word' id='word_1_751' title='bbox 3595 3490 3786 3548; x_wconf 88' lang='lat' dir='ltr'><strong>nolue-</strong></span> 
     </span>
    </p>
   </div>
   <div class='ocr_carea' id='block_1_91' title="bbox 2186 3584 3784 3660">
    <p class='ocr_par' dir='ltr' id='par_1_91' title="bbox 2186 3584 3784 3660">
     <span class='ocr_line' id='line_1_91' title="bbox 2186 3584 3784 3660; baseline -0.003 -17"><span class='ocrx_word' id='word_1_752' title='bbox 2186 3598 2313 3643; x_wconf 92' lang='lat' dir='ltr'><strong>runt</strong></span> <span class='ocrx_word' id='word_1_753' title='bbox 2340 3596 2394 3643; x_wconf 91' lang='lat' dir='ltr'><strong>et</strong></span> <span class='ocrx_word' id='word_1_754' title='bbox 2422 3597 2668 3660; x_wconf 88' lang='lat' dir='ltr'><strong>pereant;</strong></span> <span class='ocrx_word' id='word_1_755' title='bbox 2703 3586 2798 3643; x_wconf 89' lang='lat' dir='ltr'><strong>ﬁdi</strong></span> <span class='ocrx_word' id='word_1_756' title='bbox 2823 3601 2953 3642; x_wconf 87' lang='lat' dir='ltr'><strong>vero</strong></span> <span class='ocrx_word' id='word_1_757' title='bbox 2993 3585 3264 3659; x_wconf 88' lang='lat' dir='ltr'><strong>gaudeant</strong></span> <span class='ocrx_word' id='word_1_758' title='bbox 3306 3584 3430 3658; x_wconf 90' lang='lat' dir='ltr'><strong>plus</strong></span> <span class='ocrx_word' id='word_1_759' title='bbox 3455 3584 3584 3642; x_wconf 88' lang='lat' dir='ltr'><strong>boni</strong></span> <span class='ocrx_word' id='word_1_760' title='bbox 3624 3584 3784 3640; x_wconf 87' lang='lat' dir='ltr'><strong>inve-</strong></span> 
     </span>
    </p>
   </div>
   <div class='ocr_carea' id='block_1_92' title="bbox 2185 3680 2957 3750">
    <p class='ocr_par' dir='ltr' id='par_1_92' title="bbox 2185 3680 2957 3750">
     <span class='ocr_line' id='line_1_92' title="bbox 2185 3680 2957 3750; baseline -0.005 -14"><span class='ocrx_word' id='word_1_761' title='bbox 2185 3680 2398 3736; x_wconf 87' lang='lat' dir='ltr'><strong>nientes</strong></span> <span class='ocrx_word' id='word_1_762' title='bbox 2426 3694 2591 3749; x_wconf 91' lang='lat' dir='ltr'><strong>quam</strong></span> <span class='ocrx_word' id='word_1_763' title='bbox 2612 3686 2957 3750; x_wconf 88' lang='lat' dir='ltr'><strong>putaverant.</strong></span> 
     </span>
    </p>
   </div>
   <div class='ocr_carea' id='block_1_93' title="bbox 2260 3789 3789 3863">
    <p class='ocr_par' dir='ltr' id='par_1_93' title="bbox 2260 3789 3789 3863">
     <span class='ocr_line' id='line_1_93' title="bbox 2260 3789 3789 3863; baseline 0.001 -18"><span class='ocrx_word' id='word_1_764' title='bbox 2260 3790 2363 3858; x_wconf 90' lang='lat' dir='ltr'><strong>Qui</strong></span> <span class='ocrx_word' id='word_1_765' title='bbox 2385 3800 2434 3846; x_wconf 90' lang='lat' dir='ltr'><strong>et</strong></span> <span class='ocrx_word' id='word_1_766' title='bbox 2464 3790 2796 3861; x_wconf 76' lang='lat' dir='ltr'><strong>conﬁrmabit</strong></span> <span class='ocrx_word' id='word_1_767' title='bbox 2832 3807 2919 3846; x_wconf 82' lang='lat' dir='ltr'><strong>uos</strong></span> <span class='ocrx_word' id='word_1_768' title='bbox 2963 3806 3128 3863; x_wconf 86' lang='lat' dir='ltr'><strong>usque</strong></span> <span class='ocrx_word' id='word_1_769' title='bbox 3154 3791 3211 3845; x_wconf 90' lang='lat' dir='ltr'><strong>in</strong></span> <span class='ocrx_word' id='word_1_770' title='bbox 3235 3789 3397 3860; x_wconf 80' lang='lat' dir='ltr'><strong>linem</strong></span> <span class='ocrx_word' id='word_1_771' title='bbox 3422 3790 3536 3846; x_wconf 87' lang='lat' dir='ltr'><strong>sine</strong></span> <span class='ocrx_word' id='word_1_772' title='bbox 3560 3791 3789 3848; x_wconf 84' lang='lat' dir='ltr'><strong>crimine</strong></span> 
     </span>
    </p>
   </div>
   <div class='ocr_carea' id='block_1_94' title="bbox 2187 3879 3785 3955">
    <p class='ocr_par' dir='ltr' id='par_1_94' title="bbox 2187 3879 3785 3955">
     <span class='ocr_line' id='line_1_94' title="bbox 2187 3879 3785 3955; baseline -0.001 -17"><span class='ocrx_word' id='word_1_773' title='bbox 2187 3885 2244 3938; x_wconf 92' lang='lat' dir='ltr'><strong>in</strong></span> <span class='ocrx_word' id='word_1_774' title='bbox 2263 3884 2349 3938; x_wconf 88' lang='lat' dir='ltr'><strong>die</strong></span> <span class='ocrx_word' id='word_1_775' title='bbox 2371 3887 2629 3938; x_wconf 84' lang='lat' dir='ltr'><strong>adventus</strong></span> <span class='ocrx_word' id='word_1_776' title='bbox 2676 3881 2890 3937; x_wconf 87' lang='lat' dir='ltr'><strong>Domini</strong></span> <span class='ocrx_word' id='word_1_777' title='bbox 2940 3884 3107 3938; x_wconf 86' lang='lat' dir='ltr'><strong>nostri</strong></span> <span class='ocrx_word' id='word_1_778' title='bbox 3133 3881 3267 3938; x_wconf 90' lang='lat' dir='ltr'><strong>Iesu</strong></span> <span class='ocrx_word' id='word_1_779' title='bbox 3295 3879 3515 3937; x_wconf 85' lang='lat' dir='ltr'><strong>Christi.</strong></span> <span class='ocrx_word' id='word_1_780' title='bbox 3548 3882 3785 3955; x_wconf 66' lang='grc' dir='ltr'><strong>(Ηλυιι.)</strong></span> 
     </span>
    </p>
   </div>
   <div class='ocr_carea' id='block_1_95' title="bbox 2186 3973 3786 4046">
    <p class='ocr_par' dir='ltr' id='par_1_95' title="bbox 2186 3973 3786 4046">
     <span class='ocr_line' id='line_1_95' title="bbox 2186 3973 3786 4046; baseline -0.001 -14"><span class='ocrx_word' id='word_1_781' title='bbox 2186 3975 2293 4032; x_wconf 93' lang='lat' dir='ltr'><strong>Per</strong></span> <span class='ocrx_word' id='word_1_782' title='bbox 2348 3975 2674 4042; x_wconf 90' lang='lat' dir='ltr'><strong>doctrinam,</strong></span> <span class='ocrx_word' id='word_1_783' title='bbox 2711 3975 2855 4033; x_wconf 88' lang='lat' dir='ltr'><strong>sicut</strong></span> <span class='ocrx_word' id='word_1_784' title='bbox 2896 3976 2977 4031; x_wconf 90' lang='lat' dir='ltr'><strong>ait</strong></span> <span class='ocrx_word' id='word_1_785' title='bbox 3026 3977 3221 4034; x_wconf 87' lang='lat' dir='ltr'><strong>beatus</strong></span> <span class='ocrx_word' id='word_1_786' title='bbox 3260 3975 3476 4031; x_wconf 83' lang='lat' dir='ltr'><strong>David:</strong></span> <span class='ocrx_word' id='word_1_787' title='bbox 3509 3973 3786 4046; x_wconf 81' lang='lat' dir='ltr'><strong>Conﬁrma</strong></span> 
     </span>
    </p>
   </div>
   <div class='ocr_carea' id='block_1_96' title="bbox 2188 4064 3789 4141">
    <p class='ocr_par' dir='ltr' id='par_1_96' title="bbox 2188 4064 3789 4141">
     <span class='ocr_line' id='line_1_96' title="bbox 2188 4064 3789 4141; baseline -0.001 -16"><span class='ocrx_word' id='word_1_788' title='bbox 2188 4084 2271 4125; x_wconf 88' lang='lat' dir='ltr'><strong>me</strong></span> <span class='ocrx_word' id='word_1_789' title='bbox 2318 4068 2374 4124; x_wconf 87' lang='lat' dir='ltr'><strong>in</strong></span> <span class='ocrx_word' id='word_1_790' title='bbox 2415 4067 2581 4123; x_wconf 80' lang='lat' dir='ltr'><strong>verbis</strong></span> <span class='ocrx_word' id='word_1_791' title='bbox 2617 4067 2724 4124; x_wconf 85' lang='lat' dir='ltr'><strong>tuis</strong></span> <span class='ocrx_word' id='word_1_792' title='bbox 2775 4067 2949 4141; x_wconf 88' lang='lat' dir='ltr'><strong>(Psal.</strong></span> <span class='ocrx_word' id='word_1_793' title='bbox 3006 4067 3233 4141; x_wconf 83' lang='lat' dir='ltr'><strong>cxvur);</strong></span> <span class='ocrx_word' id='word_1_794' title='bbox 3288 4076 3347 4125; x_wconf 92' lang='lat' dir='ltr'><strong>et</strong></span> <span class='ocrx_word' id='word_1_795' title='bbox 3382 4067 3624 4125; x_wconf 88' lang='lat' dir='ltr'><strong>iterum:</strong></span> <span class='ocrx_word' id='word_1_796' title='bbox 3661 4064 3789 4123; x_wconf 65' lang='lat' dir='ltr'><strong>Pax</strong></span> 
     </span>
    </p>
   </div>
   <div class='ocr_carea' id='block_1_97' title="bbox 2193 4157 3789 4229">
    <p class='ocr_par' dir='ltr' id='par_1_97' title="bbox 2193 4157 3789 4229">
     <span class='ocr_line' id='line_1_97' title="bbox 2193 4157 3789 4229; baseline -0.001 -14"><span class='ocrx_word' id='word_1_797' title='bbox 2193 4158 2359 4215; x_wconf 90' lang='lat' dir='ltr'><strong>multa</strong></span> <span class='ocrx_word' id='word_1_798' title='bbox 2398 4157 2741 4229; x_wconf 85' lang='lat' dir='ltr'><strong>diligentibus</strong></span> <span class='ocrx_word' id='word_1_799' title='bbox 2782 4175 2972 4215; x_wconf 87' lang='lat' dir='ltr'><strong>nomen</strong></span> <span class='ocrx_word' id='word_1_800' title='bbox 3019 4170 3194 4227; x_wconf 83' lang='lat' dir='ltr'><strong>tuum,</strong></span> <span class='ocrx_word' id='word_1_801' title='bbox 3232 4169 3283 4215; x_wconf 88' lang='lat' dir='ltr'><strong>et</strong></span> <span class='ocrx_word' id='word_1_802' title='bbox 3325 4176 3432 4215; x_wconf 91' lang='lat' dir='ltr'><strong>non</strong></span> <span class='ocrx_word' id='word_1_803' title='bbox 3478 4168 3555 4215; x_wconf 84' lang='lat' dir='ltr'><strong>est</strong></span> <span class='ocrx_word' id='word_1_804' title='bbox 3586 4159 3644 4214; x_wconf 91' lang='lat' dir='ltr'><strong>in</strong></span> <span class='ocrx_word' id='word_1_805' title='bbox 3678 4157 3789 4213; x_wconf 87' lang='lat' dir='ltr'><strong>illis</strong></span> 
     </span>
    </p>
   </div>
   <div class='ocr_carea' id='block_1_98' title="bbox 2189 4247 3787 4324">
    <p class='ocr_par' dir='ltr' id='par_1_98' title="bbox 2189 4247 3787 4324">
     <span class='ocr_line' id='line_1_98' title="bbox 2189 4247 3787 4324; baseline -0.001 -18"><span class='ocrx_word' id='word_1_806' title='bbox 2189 4247 2503 4306; x_wconf 88' lang='lat' dir='ltr'><strong>scandalum</strong></span> <span class='ocrx_word' id='word_1_807' title='bbox 2531 4249 2742 4323; x_wconf 87' lang='lat' dir='ltr'><strong>(Ibid.).</strong></span> <span class='ocrx_word' id='word_1_808' title='bbox 2768 4250 2999 4324; x_wconf 79' lang='lat' dir='ltr'><strong>(Ambr.)</strong></span> <span class='ocrx_word' id='word_1_809' title='bbox 3028 4251 3211 4308; x_wconf 82' lang='lat' dir='ltr'><strong>Alacri</strong></span> <span class='ocrx_word' id='word_1_810' title='bbox 3240 4251 3421 4307; x_wconf 89' lang='lat' dir='ltr'><strong>animo</strong></span> <span class='ocrx_word' id='word_1_811' title='bbox 3446 4250 3689 4307; x_wconf 90' lang='lat' dir='ltr'><strong>conﬁsus</strong></span> <span class='ocrx_word' id='word_1_812' title='bbox 3715 4250 3787 4305; x_wconf 86' lang='lat' dir='ltr'><strong>de</strong></span> 
     </span>
    </p>
   </div>
   <div class='ocr_carea' id='block_1_99' title="bbox 2191 4340 3785 4415">
    <p class='ocr_par' dir='ltr' id='par_1_99' title="bbox 2191 4340 3785 4415">
     <span class='ocr_line' id='line_1_99' title="bbox 2191 4340 3785 4415; baseline -0.003 -16"><span class='ocrx_word' id='word_1_813' title='bbox 2191 4355 2287 4413; x_wconf 83' lang='lat' dir='ltr'><strong>spe</strong></span> <span class='ocrx_word' id='word_1_814' title='bbox 2312 4341 2526 4397; x_wconf 89' lang='lat' dir='ltr'><strong>illorum</strong></span> <span class='ocrx_word' id='word_1_815' title='bbox 2557 4357 2780 4400; x_wconf 89' lang='lat' dir='ltr'><strong>securus</strong></span> <span class='ocrx_word' id='word_1_816' title='bbox 2802 4351 2910 4410; x_wconf 90' lang='lat' dir='ltr'><strong>est,</strong></span> <span class='ocrx_word' id='word_1_817' title='bbox 2957 4343 3085 4415; x_wconf 90' lang='lat' dir='ltr'><strong>quia</strong></span> <span class='ocrx_word' id='word_1_818' title='bbox 3118 4341 3363 4398; x_wconf 83' lang='lat' dir='ltr'><strong>inviolati</strong></span> <span class='ocrx_word' id='word_1_819' title='bbox 3404 4357 3575 4412; x_wconf 86' lang='lat' dir='ltr'><strong>usque</strong></span> <span class='ocrx_word' id='word_1_820' title='bbox 3602 4342 3671 4396; x_wconf 87' lang='lat' dir='ltr'><strong>ad</strong></span> <span class='ocrx_word' id='word_1_821' title='bbox 3698 4340 3785 4396; x_wconf 85' lang='lat' dir='ltr'><strong>fu-</strong></span> 
     </span>
    </p>
   </div>
   <div class='ocr_carea' id='block_1_100' title="bbox 2194 4431 3789 4506">
    <p class='ocr_par' dir='ltr' id='par_1_100' title="bbox 2194 4431 3789 4506">
     <span class='ocr_line' id='line_1_100' title="bbox 2194 4431 3789 4506; baseline 0.001 -19"><span class='ocrx_word' id='word_1_822' title='bbox 2194 4442 2377 4488; x_wconf 91' lang='lat' dir='ltr'><strong>turum</strong></span> <span class='ocrx_word' id='word_1_823' title='bbox 2421 4431 2685 4503; x_wconf 86' lang='lat' dir='ltr'><strong>judicium</strong></span> <span class='ocrx_word' id='word_1_824' title='bbox 2727 4444 2889 4491; x_wconf 91' lang='lat' dir='ltr'><strong>erunt</strong></span> <span class='ocrx_word' id='word_1_825' title='bbox 2916 4452 2930 4489; x_wconf 88' lang='lat'><strong>:</strong></span> <span class='ocrx_word' id='word_1_826' title='bbox 2962 4435 3056 4506; x_wconf 88' lang='lat' dir='ltr'><strong>qui</strong></span> <span class='ocrx_word' id='word_1_827' title='bbox 3082 4435 3227 4491; x_wconf 89' lang='lat' dir='ltr'><strong>enim</strong></span> <span class='ocrx_word' id='word_1_828' title='bbox 3264 4435 3408 4490; x_wconf 85' lang='lat' dir='ltr'><strong>inter</strong></span> <span class='ocrx_word' id='word_1_829' title='bbox 3461 4443 3540 4489; x_wconf 92' lang='lat' dir='ltr'><strong>tot</strong></span> <span class='ocrx_word' id='word_1_830' title='bbox 3589 4432 3789 4490; x_wconf 83' lang='lat' dir='ltr'><strong>discri-</strong></span> 
     </span>
    </p>
   </div>
   <div class='ocr_carea' id='block_1_101' title="bbox 2194 4522 3784 4597">
    <p class='ocr_par' dir='ltr' id='par_1_101' title="bbox 2194 4522 3784 4597">
     <span class='ocr_line' id='line_1_101' title="bbox 2194 4522 3784 4597; baseline -0.003 -16"><span class='ocrx_word' id='word_1_831' title='bbox 2194 4524 2342 4581; x_wconf 88' lang='lat' dir='ltr'><strong>mina</strong></span> <span class='ocrx_word' id='word_1_832' title='bbox 2395 4541 2652 4582; x_wconf 88' lang='lat' dir='ltr'><strong>sensuum</strong></span> <span class='ocrx_word' id='word_1_833' title='bbox 2682 4535 2740 4582; x_wconf 89' lang='lat' dir='ltr'><strong>et</strong></span> <span class='ocrx_word' id='word_1_834' title='bbox 2785 4526 3225 4597; x_wconf 87' lang='lat' dir='ltr'><strong>perturbationes</strong></span> <span class='ocrx_word' id='word_1_835' title='bbox 3268 4524 3645 4579; x_wconf 86' lang='lat' dir='ltr'><strong>diversitatum</strong></span> <span class='ocrx_word' id='word_1_836' title='bbox 3684 4522 3784 4577; x_wconf 86' lang='lat' dir='ltr'><strong>im-</strong></span> 
     </span>
    </p>
   </div>
   <div class='ocr_carea' id='block_1_102' title="bbox 2196 4613 3812 4689">
    <p class='ocr_par' dir='ltr' id='par_1_102' title="bbox 2196 4613 3812 4689">
     <span class='ocr_line' id='line_1_102' title="bbox 2196 4613 3812 4689; baseline -0.003 -16"><span class='ocrx_word' id='word_1_837' title='bbox 2196 4617 2395 4673; x_wconf 89' lang='lat' dir='ltr'><strong>mutari</strong></span> <span class='ocrx_word' id='word_1_838' title='bbox 2426 4618 2669 4673; x_wconf 85' lang='lat' dir='ltr'><strong>&#39;minime</strong></span> <span class='ocrx_word' id='word_1_839' title='bbox 2696 4626 3008 4689; x_wconf 87' lang='lat' dir='ltr'><strong>potuerunt,</strong></span> <span class='ocrx_word' id='word_1_840' title='bbox 3064 4615 3251 4687; x_wconf 92' lang='lat' dir='ltr'><strong>procul</strong></span> <span class='ocrx_word' id='word_1_841' title='bbox 3302 4613 3467 4670; x_wconf 91' lang='lat' dir='ltr'><strong>dubio</strong></span> <span class='ocrx_word' id='word_1_842' title='bbox 3505 4614 3561 4668; x_wconf 89' lang='lat' dir='ltr'><strong>in</strong></span> <span class='ocrx_word' id='word_1_843' title='bbox 3590 4613 3812 4670; x_wconf 82' lang='lat' dir='ltr'><strong>eodem&#39;</strong></span> 
     </span>
    </p>
   </div>
   <div class='ocr_carea' id='block_1_103' title="bbox 2195 4704 3782 4775">
    <p class='ocr_par' dir='ltr' id='par_1_103' title="bbox 2195 4704 3782 4775">
     <span class='ocr_line' id='line_1_103' title="bbox 2195 4704 3782 4775; baseline -0.006 -8"><span class='ocrx_word' id='word_1_844' title='bbox 2195 4725 2482 4767; x_wconf 89' lang='lat' dir='ltr'><strong>mansuros</strong></span> <span class='ocrx_word' id='word_1_845' title='bbox 2509 4726 2569 4767; x_wconf 89' lang='lat' dir='ltr'><strong>se</strong></span> <span class='ocrx_word' id='word_1_846' title='bbox 2616 4710 2927 4767; x_wconf 89' lang='lat' dir='ltr'><strong>ostendunt.</strong></span> <span class='ocrx_word' id='word_1_847' title='bbox 2959 4708 3093 4765; x_wconf 85' lang='lat' dir='ltr'><strong>Cum</strong></span> <span class='ocrx_word' id='word_1_848' title='bbox 3124 4708 3224 4763; x_wconf 89' lang='lat' dir='ltr'><strong>hos</strong></span> <span class='ocrx_word' id='word_1_849' title='bbox 3273 4706 3473 4770; x_wconf 89' lang='lat' dir='ltr'><strong>laudat,</strong></span> <span class='ocrx_word' id='word_1_850' title='bbox 3516 4704 3637 4761; x_wconf 89' lang='lat' dir='ltr'><strong>illos</strong></span> <span class='ocrx_word' id='word_1_851' title='bbox 3688 4704 3782 4775; x_wconf 90' lang='lat' dir='ltr'><strong>qui</strong></span> 
     </span>
    </p>
   </div>
   <div class='ocr_carea' id='block_1_104' title="bbox 2194 4795 3782 4874">
    <p class='ocr_par' dir='ltr' id='par_1_104' title="bbox 2194 4795 3782 4874">
     <span class='ocr_line' id='line_1_104' title="bbox 2194 4795 3782 4874; baseline -0.004 -18"><span class='ocrx_word' id='word_1_852' title='bbox 2194 4816 2381 4858; x_wconf 88' lang='lat' dir='ltr'><strong>errore</strong></span> <span class='ocrx_word' id='word_1_853' title='bbox 2408 4800 2986 4874; x_wconf 89' lang='lat' dir='ltr'><strong>pseudoapostolorum</strong></span> <span class='ocrx_word' id='word_1_854' title='bbox 3006 4798 3287 4867; x_wconf 84' lang='lat' dir='ltr'><strong>depravati</strong></span> <span class='ocrx_word' id='word_1_855' title='bbox 3313 4795 3531 4853; x_wconf 88' lang='lat' dir='ltr'><strong>fuerant</strong></span> <span class='ocrx_word' id='word_1_856' title='bbox 3555 4796 3782 4851; x_wconf 88' lang='lat' dir='ltr'><strong>invitat:</strong></span> 
     </span>
    </p>
   </div>
   <div class='ocr_carea' id='block_1_105' title="bbox 2195 4889 3785 4963">
    <p class='ocr_par' dir='ltr' id='par_1_105' title="bbox 2195 4889 3785 4963">
     <span class='ocr_line' id='line_1_105' title="bbox 2195 4889 3785 4963; baseline -0.005 -12"><span class='ocrx_word' id='word_1_857' title='bbox 2195 4895 2321 4951; x_wconf 88' lang='lat' dir='ltr'><strong>dum</strong></span> <span class='ocrx_word' id='word_1_858' title='bbox 2350 4896 2547 4952; x_wconf 91' lang='lat' dir='ltr'><strong>horum</strong></span> <span class='ocrx_word' id='word_1_859' title='bbox 2584 4896 2730 4952; x_wconf 90' lang='lat' dir='ltr'><strong>enim</strong></span> <span class='ocrx_word' id='word_1_860' title='bbox 2760 4894 2923 4950; x_wconf 88' lang='lat' dir='ltr'><strong>ﬁdem</strong></span> <span class='ocrx_word' id='word_1_861' title='bbox 2948 4892 3229 4963; x_wconf 61' lang='lat' dir='ltr'><strong>praedicat,</strong></span> <span class='ocrx_word' id='word_1_862' title='bbox 3261 4890 3384 4946; x_wconf 87' lang='lat' dir='ltr'><strong>illos</strong></span> <span class='ocrx_word' id='word_1_863' title='bbox 3412 4890 3481 4946; x_wconf 87' lang='lat' dir='ltr'><strong>ad</strong></span> <span class='ocrx_word' id='word_1_864' title='bbox 3515 4889 3785 4960; x_wconf 68' lang='lat' dir='ltr'><strong>poeniten-</strong></span> 
     </span>
    </p>
   </div>
   <div class='ocr_carea' id='block_1_106' title="bbox 2196 4982 3783 5057">
    <p class='ocr_par' dir='ltr' id='par_1_106' title="bbox 2196 4982 3783 5057">
     <span class='ocr_line' id='line_1_106' title="bbox 2196 4982 3783 5057; baseline -0.003 -15"><span class='ocrx_word' id='word_1_865' title='bbox 2196 4987 2330 5042; x_wconf 90' lang='lat' dir='ltr'><strong>tiam</strong></span> <span class='ocrx_word' id='word_1_866' title='bbox 2368 4994 2648 5057; x_wconf 88' lang='lat' dir='ltr'><strong>provocat.</strong></span> <span class='ocrx_word' id='word_1_867' title='bbox 2681 4983 2786 5053; x_wconf 83' lang='lat' dir='ltr'><strong>Qui</strong></span> <span class='ocrx_word' id='word_1_868' title='bbox 2814 4994 2862 5040; x_wconf 93' lang='lat' dir='ltr'><strong>et</strong></span> <span class='ocrx_word' id='word_1_869' title='bbox 2892 4982 3248 5053; x_wconf 73' lang='lat' dir='ltr'><strong>conﬁrmabit,</strong></span> <span class='ocrx_word' id='word_1_870' title='bbox 3279 4982 3476 5052; x_wconf 88' lang='lat' dir='ltr'><strong>inquit,</strong></span> <span class='ocrx_word' id='word_1_871' title='bbox 3503 4998 3592 5036; x_wconf 81' lang='lat' dir='ltr'><strong>vos</strong></span> <span class='ocrx_word' id='word_1_872' title='bbox 3620 4995 3783 5050; x_wconf 77' lang='lat' dir='ltr'><strong>usque</strong></span> 
     </span>
    </p>
   </div>
   <div class='ocr_carea' id='block_1_107' title="bbox 2186 5066 3776 5146">
    <p class='ocr_par' dir='ltr' id='par_1_107' title="bbox 2186 5066 3776 5146">
     <span class='ocr_line' id='line_1_107' title="bbox 2186 5066 3776 5146; baseline -0.004 -15"><span class='ocrx_word' id='word_1_873' title='bbox 2186 5077 2242 5131; x_wconf 88' lang='lat' dir='ltr'><strong>in</strong></span> <span class='ocrx_word' id='word_1_874' title='bbox 2269 5076 2427 5146; x_wconf 79' lang='lat' dir='ltr'><strong>ﬁnem</strong></span> <span class='ocrx_word' id='word_1_875' title='bbox 2472 5077 2586 5131; x_wconf 87' lang='lat' dir='ltr'><strong>sine</strong></span> <span class='ocrx_word' id='word_1_876' title='bbox 2628 5075 2848 5131; x_wconf 87' lang='lat' dir='ltr'><strong>crimine</strong></span> <span class='ocrx_word' id='word_1_877' title='bbox 2891 5074 2949 5129; x_wconf 89' lang='lat' dir='ltr'><strong>in</strong></span> <span class='ocrx_word' id='word_1_878' title='bbox 2991 5074 3273 5129; x_wconf 77' lang='lat' dir='ltr'><strong>aduentum</strong></span> <span class='ocrx_word' id='word_1_879' title='bbox 3304 5073 3539 5129; x_wconf 88' lang='lat' dir='ltr'><strong>Domini.</strong></span> <span class='ocrx_word' id='word_1_880' title='bbox 3576 5066 3776 5143; x_wconf 82' lang='lat' dir='ltr'><strong>(Greg.)</strong></span> 
     </span>
    </p>
   </div>
   <div class='ocr_carea' id='block_1_108' title="bbox 2188 5162 3765 5237">
    <p class='ocr_par' dir='ltr' id='par_1_108' title="bbox 2188 5162 3765 5237">
     <span class='ocr_line' id='line_1_108' title="bbox 2188 5162 3765 5237; baseline -0.003 -17"><span class='ocrx_word' id='word_1_881' title='bbox 2188 5166 2243 5220; x_wconf 90' lang='lat' dir='ltr'><strong>lu</strong></span> <span class='ocrx_word' id='word_1_882' title='bbox 2264 5166 2501 5237; x_wconf 77' lang='lat' dir='ltr'><strong>Epistula</strong></span> <span class='ocrx_word' id='word_1_883' title='bbox 2520 5164 2747 5222; x_wconf 81' lang='lat' dir='ltr'><strong>Ioannis</strong></span> <span class='ocrx_word' id='word_1_884' title='bbox 2771 5165 2845 5219; x_wconf 89' lang='lat' dir='ltr'><strong>ita</strong></span> <span class='ocrx_word' id='word_1_885' title='bbox 2862 5166 3121 5234; x_wconf 85' lang='lat' dir='ltr'><strong>scriptum</strong></span> <span class='ocrx_word' id='word_1_886' title='bbox 3142 5173 3229 5219; x_wconf 88' lang='lat' dir='ltr'><strong>est</strong></span> <span class='ocrx_word' id='word_1_887' title='bbox 3254 5182 3267 5218; x_wconf 90' lang='lat'><strong>:</strong></span> <span class='ocrx_word' id='word_1_888' title='bbox 3286 5162 3347 5219; x_wconf 91' lang='lat' dir='ltr'><strong>Si</strong></span> <span class='ocrx_word' id='word_1_889' title='bbox 3359 5163 3648 5218; x_wconf 74' lang='lat' dir='ltr'><strong>dixerimus</strong></span> <span class='ocrx_word' id='word_1_890' title='bbox 3658 5175 3765 5233; x_wconf 86' lang='lat' dir='ltr'><strong>quo</strong></span> 
     </span>
    </p>
   </div>
   <div class='ocr_carea' id='block_1_109' title="bbox 2185 5250 3785 5327">
    <p class='ocr_par' dir='ltr' id='par_1_109' title="bbox 2185 5250 3785 5327">
     <span class='ocr_line' id='line_1_109' title="bbox 2185 5250 3785 5327; baseline -0.003 -17"><span class='ocrx_word' id='word_1_891' title='bbox 2185 5257 2328 5311; x_wconf 90' lang='lat' dir='ltr'><strong>niam</strong></span> <span class='ocrx_word' id='word_1_892' title='bbox 2347 5265 2618 5327; x_wconf 86' lang='lat' dir='ltr'><strong>peccatum</strong></span> <span class='ocrx_word' id='word_1_893' title='bbox 2632 5271 2733 5311; x_wconf 88' lang='lat' dir='ltr'><strong>non</strong></span> <span class='ocrx_word' id='word_1_894' title='bbox 2749 5255 3018 5321; x_wconf 88' lang='lat' dir='ltr'><strong>habemus,</strong></span> <span class='ocrx_word' id='word_1_895' title='bbox 3036 5255 3133 5327; x_wconf 86' lang='lat' dir='ltr'><strong>ipsi</strong></span> <span class='ocrx_word' id='word_1_896' title='bbox 3148 5268 3242 5311; x_wconf 84' lang='lat' dir='ltr'><strong>nos</strong></span> <span class='ocrx_word' id='word_1_897' title='bbox 3252 5253 3553 5311; x_wconf 88' lang='lat' dir='ltr'><strong>seducimus</strong></span> <span class='ocrx_word' id='word_1_898' title='bbox 3578 5263 3627 5307; x_wconf 90' lang='lat' dir='ltr'><strong>et</strong></span> <span class='ocrx_word' id='word_1_899' title='bbox 3648 5250 3785 5307; x_wconf 85' lang='lat' dir='ltr'><strong>ueri-</strong></span> 
     </span>
    </p>
   </div>
   <div class='ocr_carea' id='block_1_110' title="bbox 2187 5343 3789 5421">
    <p class='ocr_par' dir='ltr' id='par_1_110' title="bbox 2187 5343 3789 5421">
     <span class='ocr_line' id='line_1_110' title="bbox 2187 5343 3789 5421; baseline 0.001 -20"><span class='ocrx_word' id='word_1_900' title='bbox 2187 5358 2270 5402; x_wconf 91' lang='lat' dir='ltr'><strong>tas</strong></span> <span class='ocrx_word' id='word_1_901' title='bbox 2294 5349 2351 5401; x_wconf 86' lang='lat' dir='ltr'><strong>in</strong></span> <span class='ocrx_word' id='word_1_902' title='bbox 2376 5347 2524 5403; x_wconf 83' lang='lat' dir='ltr'><strong>nobis</strong></span> <span class='ocrx_word' id='word_1_903' title='bbox 2542 5365 2647 5403; x_wconf 90' lang='lat' dir='ltr'><strong>non</strong></span> <span class='ocrx_word' id='word_1_904' title='bbox 2674 5358 2749 5404; x_wconf 84' lang='lat' dir='ltr'><strong>est</strong></span> <span class='ocrx_word' id='word_1_905' title='bbox 2764 5347 2816 5420; x_wconf 90' lang='grc'><strong>(1</strong></span> <span class='ocrx_word' id='word_1_906' title='bbox 2830 5347 2993 5405; x_wconf 88' lang='lat' dir='ltr'><strong>Ioan.</strong></span> <span class='ocrx_word' id='word_1_907' title='bbox 3010 5347 3074 5421; x_wconf 91' lang='grc' dir='ltr'><strong>ι).</strong></span> <span class='ocrx_word' id='word_1_908' title='bbox 3091 5348 3226 5417; x_wconf 77' lang='lat' dir='ltr'><strong>Cum</strong></span> <span class='ocrx_word' id='word_1_909' title='bbox 3248 5347 3492 5403; x_wconf 87' lang='lat' dir='ltr'><strong>seductio</strong></span> <span class='ocrx_word' id='word_1_910' title='bbox 3506 5355 3591 5402; x_wconf 87' lang='lat' dir='ltr'><strong>est</strong></span> <span class='ocrx_word' id='word_1_911' title='bbox 3601 5343 3789 5403; x_wconf 74' lang='lat' dir='ltr'><strong>existi-</strong></span> 
     </span>
    </p>
   </div>
   <div class='ocr_carea' id='block_1_111' title="bbox 2188 5437 3786 5512">
    <p class='ocr_par' dir='ltr' id='par_1_111' title="bbox 2188 5437 3786 5512">
     <span class='ocr_line' id='line_1_111' title="bbox 2188 5437 3786 5512; baseline -0.004 -16"><span class='ocrx_word' id='word_1_912' title='bbox 2188 5454 2339 5496; x_wconf 90' lang='lat' dir='ltr'><strong>mare</strong></span> <span class='ocrx_word' id='word_1_913' title='bbox 2374 5454 2497 5495; x_wconf 90' lang='lat' dir='ltr'><strong>esse</strong></span> <span class='ocrx_word' id='word_1_914' title='bbox 2543 5441 2662 5496; x_wconf 91' lang='lat' dir='ltr'><strong>sine</strong></span> <span class='ocrx_word' id='word_1_915' title='bbox 2700 5450 2947 5512; x_wconf 85' lang='lat' dir='ltr'><strong>peccato,</strong></span> <span class='ocrx_word' id='word_1_916' title='bbox 2999 5440 3271 5511; x_wconf 92' lang='lat' dir='ltr'><strong>quomodo</strong></span> <span class='ocrx_word' id='word_1_917' title='bbox 3315 5437 3707 5494; x_wconf 90' lang='lat' dir='ltr'><strong>conﬁrmamur</strong></span> <span class='ocrx_word' id='word_1_918' title='bbox 3751 5449 3786 5489; x_wconf 86' lang='lat' dir='ltr'><strong>a</strong></span> 
     </span>
    </p>
   </div>
   <div class='ocr_carea' id='block_1_112' title="bbox 2187 5530 3783 5602">
    <p class='ocr_par' dir='ltr' id='par_1_112' title="bbox 2187 5530 3783 5602">
     <span class='ocr_line' id='line_1_112' title="bbox 2187 5530 3783 5602; baseline -0.003 -16"><span class='ocrx_word' id='word_1_919' title='bbox 2187 5530 2417 5587; x_wconf 90' lang='lat' dir='ltr'><strong>Domino</strong></span> <span class='ocrx_word' id='word_1_920' title='bbox 2451 5531 2568 5589; x_wconf 89' lang='lat' dir='ltr'><strong>sine</strong></span> <span class='ocrx_word' id='word_1_921' title='bbox 2586 5533 2819 5589; x_wconf 88' lang='lat' dir='ltr'><strong>crimine</strong></span> <span class='ocrx_word' id='word_1_922' title='bbox 2861 5535 2913 5589; x_wconf 93' lang='lat' dir='ltr'><strong>in</strong></span> <span class='ocrx_word' id='word_1_923' title='bbox 2926 5534 3217 5589; x_wconf 86' lang='lat' dir='ltr'><strong>adventum</strong></span> <span class='ocrx_word' id='word_1_924' title='bbox 3242 5530 3381 5602; x_wconf 89' lang='lat' dir='ltr'><strong>ejus,</strong></span> <span class='ocrx_word' id='word_1_925' title='bbox 3397 5530 3635 5588; x_wconf 84' lang='lat' dir='ltr'><strong>maxime</strong></span> <span class='ocrx_word' id='word_1_926' title='bbox 3659 5540 3783 5583; x_wconf 89' lang='lat' dir='ltr'><strong>cum</strong></span> 
     </span>
    </p>
   </div>
   <div class='ocr_carea' id='block_1_113' title="bbox 2180 5614 3786 5696">
    <p class='ocr_par' dir='ltr' id='par_1_113' title="bbox 2180 5614 3786 5696">
     <span class='ocr_line' id='line_1_113' title="bbox 2180 5614 3786 5696; baseline -0.002 -20"><span class='ocrx_word' id='word_1_927' title='bbox 2180 5623 2346 5677; x_wconf 85' lang='lat' dir='ltr'><strong>etiam</strong></span> <span class='ocrx_word' id='word_1_928' title='bbox 2388 5623 2570 5680; x_wconf 86' lang='lat' dir='ltr'><strong>infans</strong></span> <span class='ocrx_word' id='word_1_929' title='bbox 2605 5625 2766 5682; x_wconf 89' lang='lat' dir='ltr'><strong>unius</strong></span> <span class='ocrx_word' id='word_1_930' title='bbox 2779 5625 2884 5681; x_wconf 90' lang='lat' dir='ltr'><strong>diei</strong></span> <span class='ocrx_word' id='word_1_931' title='bbox 2902 5640 3010 5682; x_wconf 91' lang='lat' dir='ltr'><strong>non</strong></span> <span class='ocrx_word' id='word_1_932' title='bbox 3035 5632 3349 5696; x_wconf 89' lang='lat' dir='ltr'><strong>potestesse</strong></span> <span class='ocrx_word' id='word_1_933' title='bbox 3374 5622 3490 5678; x_wconf 91' lang='lat' dir='ltr'><strong>sine</strong></span> <span class='ocrx_word' id='word_1_934' title='bbox 3521 5614 3786 5691; x_wconf 74' lang='lat' dir='ltr'><strong>peccato?</strong></span> 
     </span>
    </p>
   </div>
   <div class='ocr_carea' id='block_1_114' title="bbox 2188 5705 3786 5789">
    <p class='ocr_par' dir='ltr' id='par_1_114' title="bbox 2188 5705 3786 5789">
     <span class='ocr_line' id='line_1_114' title="bbox 2188 5705 3786 5789; baseline -0.005 -20"><span class='ocrx_word' id='word_1_935' title='bbox 2188 5714 2440 5785; x_wconf 85' lang='lat' dir='ltr'><strong>Nunquid</strong></span> <span class='ocrx_word' id='word_1_936' title='bbox 2482 5731 2613 5789; x_wconf 85' lang='lat' dir='ltr'><strong>ergo</strong></span> <span class='ocrx_word' id='word_1_937' title='bbox 2651 5725 2706 5772; x_wconf 90' lang='lat' dir='ltr'><strong>et</strong></span> <span class='ocrx_word' id='word_1_938' title='bbox 2733 5717 2939 5774; x_wconf 84' lang='lat' dir='ltr'><strong>crimen</strong></span> <span class='ocrx_word' id='word_1_939' title='bbox 2968 5724 3253 5789; x_wconf 87' lang='lat' dir='ltr'><strong>peccatum</strong></span> <span class='ocrx_word' id='word_1_940' title='bbox 3276 5720 3362 5771; x_wconf 90' lang='lat' dir='ltr'><strong>est</strong></span> <span class='ocrx_word' id='word_1_941' title='bbox 3381 5712 3501 5769; x_wconf 89' lang='lat' dir='ltr'><strong>sine</strong></span> <span class='ocrx_word' id='word_1_942' title='bbox 3532 5726 3640 5783; x_wconf 90' lang='lat' dir='ltr'><strong>quo</strong></span> <span class='ocrx_word' id='word_1_943' title='bbox 3661 5705 3786 5779; x_wconf 89' lang='lat' dir='ltr'><strong>quis</strong></span> 
     </span>
    </p>
   </div>
   <div class='ocr_carea' id='block_1_115' title="bbox 2189 5803 3783 5873">
    <p class='ocr_par' dir='ltr' id='par_1_115' title="bbox 2189 5803 3783 5873">
     <span class='ocr_line' id='line_1_115' title="bbox 2189 5803 3783 5873; baseline -0.006 -9"><span class='ocrx_word' id='word_1_944' title='bbox 2189 5807 2565 5867; x_wconf 88' lang='lat' dir='ltr'><strong>conformatus</strong></span> <span class='ocrx_word' id='word_1_945' title='bbox 2597 5825 2627 5864; x_wconf 89' lang='lat' dir='ltr'><strong>a</strong></span> <span class='ocrx_word' id='word_1_946' title='bbox 2657 5809 2887 5866; x_wconf 89' lang='lat' dir='ltr'><strong>Domino</strong></span> <span class='ocrx_word' id='word_1_947' title='bbox 2926 5808 3042 5866; x_wconf 89' lang='lat' dir='ltr'><strong>ﬁeri</strong></span> <span class='ocrx_word' id='word_1_948' title='bbox 3073 5805 3287 5866; x_wconf 82' lang='lat' dir='ltr'><strong>ootest?</strong></span> <span class='ocrx_word' id='word_1_949' title='bbox 3315 5803 3607 5862; x_wconf 85' lang='lat' dir='ltr'><strong>Sciendum</strong></span> <span class='ocrx_word' id='word_1_950' title='bbox 3657 5812 3783 5873; x_wconf 83' lang='lat' dir='ltr'><strong>pre-</strong></span> 
     </span>
    </p>
   </div>
  </div>
