4082 6332
263 443 330 497 i3
761 435 1307 495 ENARRATIONUM
1347 434 1413 490 1N
1455 434 1602 490 EPP.
1644 431 1850 489 PAULI
1890 431 2019 487 LIB.
2060 429 2152 486 IX.
2196 458 2265 469 -—
2302 427 2368 484 IN
2405 427 2624 484 EPIST.
2667 427 2687 481 ι
2724 427 2814 481 AD
2853 426 3011 482 (ΞΟΠ.
3456 422 3530 483 Ue

259 562 404 617 fecto
426 559 585 614 nobis
607 567 690 612 est
715 557 839 627 quia
871 571 979 610 non
1003 569 1162 610 omne
1190 561 1473 626 peccatum
1501 552 1707 608 crimen
1736 556 1840 613 est,
1870 549 1920 610 A
1949 546 2003 601 in
2027 545 2175 601 omni
2203 545 2376 618 gratia
2406 544 2630 608 diceret,
2683 543 2882 613 quibus
2913 541 3253 612 postmodum
3285 541 3534 600 dicturus

257 660 504 706 attamen
549 662 710 703 omne
761 647 967 702 crimen
1003 655 1286 717 peccatum
1341 652 1424 700 est
1455 662 1467 699 :
1501 645 1641 700 sicut
1667 642 1846 697 omnis
1947 646 2069 693 erat
2095 637 2357 692 unitatem
2394 635 2626 690 deesse?
2664 632 2818 687 Absit
2857 632 3000 698 hoc;
3038 631 3160 700 quis
3185 631 3252 687 de
3277 631 3368 685 illo
3399 630 3528 686 talia

259 738 466 808 impius
503 745 558 790 et
604 745 860 807 peccator
883 744 990 800 est,
1021 751 1127 790 non
1152 746 1331 791 autem
1365 735 1544 790 omnis
1592 741 1849 803 peccator
1948 729 2032 784 vel
2074 728 2346 798 desipiens
2396 726 2619 790 credat;
2653 725 2747 780 sed
2793 724 2920 794 quia
2972 729 3128 778 erant.
3178 721 3319 776 inter
3343 720 3540 776 Corin.

274 829 500 900 impius.
534 827 751 882 Minima
785 842 914 898 ergo
939 836 993 883 et
1018 827 1253 882 maxima
1277 836 1498 897 peccata
1551 827 1846 888 dicuntur;
1953 821 2095 876 thios
2145 820 2362 890 quidam
2386 818 2531 874 omni
2565 815 2738 888 gratia
2789 813 3000 884 repleti,
3031 822 3088 867 et
3112 819 3269 867 erant
3308 810 3538 882 quidam

268 923 504 978 crimina
551 930 734 975 autem
766 920 872 975 nisi
922 935 1113 991 magna
1143 920 1366 974 minime
1400 919 1649 990 leguntur
1679 937 1690 971 :
1721 918 1847 988 quia
1954 919 2008 972 in
2048 931 2402 986 personarum
2441 913 2717 968 favoribus
2758 911 2980 976 cxeissi,
3038 909 3203 979 etrapit
3231 924 3261 963 a
3289 907 3546 962 laudibus

267 1012 528 1068 nimirum
556 1011 670 1066 vita
719 1011 955 1064 humana
985 1011 1094 1065 Deo
1123 1009 1480 1064 conﬁrmante
1524 1017 1705 1080 potest
1731 1023 1852 1063 esse
1953 1007 2337 1077 perfecturum,
2389 1014 2448 1060 ut
2496 1005 2739 1059 modesta
2793 1003 3094 1058 invectione
3144 1003 3211 1056 ad
3243 1001 3539 1071 reprehen-

264 1104 386 1158 sine
413 1101 666 1166 crimine,
699 1101 816 1156 sine
845 1107 1068 1171 peccato
1093 1099 1400 1154 nullatenus
1421 1107 1726 1170 potestnec
1747 1113 1854 1153 uno
1956 1098 2160 1152 sionem
2209 1097 2541 1166 pertingeret
2591 1093 2952 1148 inﬁrmorum.
3005 1091 3230 1162 (Ambr.)
3272 1090 3542 1158 Quamvis

265 1193 375 1247 die.
408 1188 616 1244 Fidelis
649 1199 825 1243 autem
853 1188 994 1242 Deus
1023 1205 1290 1258 perguem
1329 1190 1500 1242 vocati
1529 1189 1652 1242 estis
1681 1189 1736 1241 in
1773 1204 1858 1241 so-
1956 1191 2131 1245 evcrsi
2162 1188 2395 1252 fuerant,
2426 1196 2606 1241 tamen
2647 1184 2846 1239 fratres
2876 1184 2994 1238 illos
3021 1181 3272 1253 appellat.
3309 1179 3464 1236 Sicut
3494 1189 3552 1235 et

267 1283 508 1338 cietatem
563 1279 696 1334 Filii
767 1280 882 1349 ejus
939 1278 1070 1334 Jesu
1135 1277 1331 1335 Christi
1415 1279 1622 1334 Domini
1668 1281 1853 1333 nostri.
1959 1285 2012 1340 in
2037 1285 2170 1340 Isaia
2189 1285 2450 1356 propheta
2473 1283 2605 1338 dicit
2628 1283 2770 1338 Deus
2795 1282 2861 1336 ad
2883 1280 3133 1350 illos,qui
3158 1294 3340 1335 secum
3365 1289 3542 1342 erant,

269 1373 502 1448 (unum)
555 1373 759 1429 Fidelis
793 1373 937 1427 Deus
973 1372 1066 1442 qui
1121 1371 1485 1438 conﬁrmavit,
1518 1373 1642 1442 quia
1671 1387 1766 1426 vos
1804 1371 1858 1425 in
1959 1387 2019 1432 ut
2063 1379 2164 1441 eis,
2199 1377 2305 1446 ‘qui
2360 1375 2848 1446 pseudoprophetis
2901 1374 3213 1439 credebant,
3277 1372 3544 1436 dicereut,

270 1465 591 1524 societatem
629 1462 723 1517 filii
749 1461 870 1530 ejus
897 1462 1130 1528 vocavit,
1160 1477 1324 1532 quam
1356 1462 1672 1516 societatem
1699 1459 1863 1515 Joan-
1961 1467 2150 1537 fratres
2202 1467 2367 1521 nostri
2413 1467 2558 1520 eritis
2581 1481 2692 1531 vos,
2747 1472 2807 1520 ut
2840 1479 2936 1536 per
2965 1465 3018 1520 id
3056 1481 3164 1520 non
3197 1463 3551 1520 dissentirent

275 1571 379 1611 nes
405 1554 634 1625 exponit
661 1554 847 1609 dicens
874 1570 887 1606 ε
923 1552 1185 1618 Quoniam
1213 1551 1356 1606 Deus
1401 1551 1496 1606 lux
1535 1561 1608 1606 εει
1640 1562 1688 1606 ει
1715 1561 1862 1605 ιεηε·
1961 1559 2031 1613 ab
2047 1557 2126 1612 eis
2148 1558 2300 1627 quasi
2329 1557 2544 1611 fratres.
2563 1555 2716 1622 Quod
2738 1563 2916 1609 autem
2942 1554 3094 1619 dicit,
3118 1554 3183 1608 ab
3205 1554 3285 1608 his
3314 1553 3404 1624 qui
3425 1561 3548 1606 sunt

275 1649 390 1702 (me
433 1647 491 1702 in
519 1662 579 1700 eo
626 1661 731 1700 non
770 1653 891 1698 sunt
923 1643 1046 1698 ulla:
1069 1659 1089 1697 :
1122 1645 1168 1698 si
1205 1643 1491 1698 dixerimus
1512 1645 1759 1714 quoniam
1779 1659 1864 1697 so-
1967 1650 2177 1713 Chloes,
2204 1650 2473 1719 aliquibus
2498 1647 2751 1704 videntur
2778 1647 3024 1702 homines
3045 1661 3164 1701 esse
3190 1653 3470 1700 manentes
3493 1651 3551 1698 et

273 1742 520 1796 cietatem
544 1726 794 1793 habemus
830 1753 948 1791 cum
971 1754 1054 1803 eo,
1083 1746 1131 1791 et
1161 1738 1217 1792 in
1258 1737 1480 1792 tenebris
1509 1735 1863 1800 ambulamus,

274 1829 564 1883 mentimur
592 1827 644 1900 (1
663 1826 830 1882 Joan.
870 1827 909 1899 ι)
935 1845 950 1892 ;
981 1836 1037 1882 ct
1078 1823 1278 1882 Paulus
1303 1827 1380 1881 ait
1411 1844 1424 1881 :
1457 1827 1518 1882 Si
1552 1828 1864 1882 commortui

1965 1738 2356 1795 fructiﬁcantes
2405 1740 2459 1793 in
2489 1739 2595 1794 ﬁde
2639 1737 2755 1802 Dei,
2810 1737 3080 1807 aliquibus
3114 1736 3363 1792 videntur
3399 1735 3552 1792 locus

1967 1845 2109 1895 esse,
2142 1838 2200 1884 ut
2222 1838 2351 1900 puta
2383 1830 2428 1885 si
2454 1829 2690 1895 dicatur,
2718 1829 2800 1884 Ab
2824 1829 2910 1884 his
2957 1829 3046 1899 qui
3073 1837 3201 1884 sunt
3225 1828 3550 1892 Antiochiae,

274 1935 487 1985 sumus,
516 1929 565 1974 et
609 1920 969 1974 convivemus:
998 1919 1044 1974 si
1081 1919 1416 1984 sustinemus,
1452 1927 1500 1973 et
1528 1918 1868 1990 conregnabi-
1895 1901 1944 1963 Β
1971 1917 2240 1992 aliquibus
2279 1930 2458 1977 autem
2495 1921 2708 1976 videtur
2757 1919 2924 1975 fuisse
2953 1919 3211 1974 feminam
3242 1919 3354 1974 Deo
3379 1918 3546 1974 devo-

278 2025 400 2064 mus
429 2008 516 2081 (II
547 2007 684 2064 Tim.
714 2009 798 2081 ιι).
858 2008 958 2064 llic
1005 2009 1155 2064 locus
1207 2017 1396 2064 contra
1435 2009 1688 2064 Arianos'
1714 2007 1868 2074 facit,

277 2101 460 2171 quiin
509 2100 612 2156 hoc
661 2101 928 2156 minorem
978 2115 1102 2157 esse
1149 2099 1344 2155 Filium
1375 2100 1584 2166 volunt,
1643 2115 1751 2170 quo
1774 2116 1872 2170 per

285 2191 467 2261 ipsum
495 2192 677 2248 omnia
706 2191 849 2248 facta
895 2191 1229 2258 referuntur,
1287 2207 1412 2248 cum
1464 2193 1568 2248 hoc
1617 2191 1785 2246 etiam
1813 2192 1870 2246 in

281 2284 504 2339 Patrem
532 2285 716 2350 cadat,
741 2300 840 2354 per
859 2301 1023 2356 quem
1057 2286 1109 2340 in
1152 2285 1467 2340 societatem
1495 2283 1590 2339 filii
1615 2283 1731 2354 ejus
1757 2299 1876 2340 cre-

283 2377 478 2435 dentes
523 2378 704 2433 vocati
743 2379 1017 2433 dicuntur.
1081 2377 1311 2448 (Ambu)
1351 2375 1484 2443 Quis
1539 2376 1775 2446 ambigat
1807 2377 1877 2432 de

289 2470 578 2542 promissis
599 2479 654 2524 et
681 2469 786 2525 ﬁde
811 2469 904 2524 Dei
929 2510 943 2532 ,
981 2468 1106 2538 quia
1135 2484 1244 2523 non
1273 2467 1379 2522 erit
1420 2467 1581 2523 aliter
1607 2483 1769 2538 quam
1795 2466 1878 2522 di-

287 2563 390 2627 xit,
419 2561 557 2616 ﬁlios
577 2561 866 2631 adoptatos
893 2575 994 2615 nos
1020 2559 1123 2614 sibi
1159 2559 1447 2615 credentes
1471 2557 1525 2613 in
1552 2557 1878 2613 Christum?

288 2655 395 2708 hoc
417 2653 560 2706 enim
586 2666 686 2707 nos
729 2653 918 2716 donat,
961 2651 1108 2721 quod
1134 2650 1429 2718 credimus,
1458 2659 1517 2705 ut
1546 2652 1671 2722 quia
1701 2651 1878 2707 credi-

290 2760 419 2800 mus
439 2743 710 2799 Christum
762 2743 958 2798 Filium
1010 2758 1132 2799 esse
1161 2744 1280 2808 Dei,
1313 2744 1417 2799 hoc
1451 2758 1550 2798 nos
1583 2757 1706 2799 esse
1739 2744 1876 2799 inci-

290 2836 536 2906 piam,
559 2835 796 2888 mansuri
850 2834 904 2888 in
949 2835 1139 2888 eadem
1193 2834 1456 2904 dignitate
1513 2833 1653 2888 sicut
1699 2842 1882 2889 manet

290 2927 566 2990 Christus,
598 2926 1056 2998 quemcredimus
1081 2925 1276 2980 Filium
1308 2925 1403 2980 Dei
1431 2940 1446 2978 :
1484 2925 1718 2980 societas
1734 2925 1880 2980 enim

291 3015 608 3071 fraternitas
637 3024 742 3081 est,
774 3023 837 3070 ut
875 3013 1147 3084 quomodo
1199 3014 1360 3068 ﬁdem
1409 3014 1504 3068 Dei
1553 3014 1882 3070 incolumem

199 3103 212 3118 “
292 3108 350 3163 in
401 3109 503 3163 hac
552 3125 718 3164 causa
756 3107 914 3164 nobis
961 3109 1199 3165 futuram
1225 3110 1480 3174 ostendit,
1525 3111 1597 3166 ita
1640 3125 1739 3166 nos
1772 3126 1881 3165 non

291 3199 388 3254 sed
417 3199 722 3256 difﬁdentes
751 3210 805 3256 et
844 3199 1038 3270 perfidi
1069 3199 1436 3269 inveniamr,
1466 3209 1881 3274 perseverantes

293 3287 350 3343 in
371 3289 738 3360 adoptionem.
1545 3289 1550 3294 ’

367 3378 596 3435 Obsecro
618 3392 792 3436 autem
819 3399 929 3447 vos,
955 3383 1168 3453 fratres,
1200 3400 1293 3453 per
1325 3401 1512 3438 nomen
1533 3384 1750 3440 Domini
1789 3399 1879 3438 no-

295 3470 392 3522 stri
414 3468 546 3524 Jesu
577 3470 793 3534 Christi,
843 3483 898 3526 ut
925 3474 1096 3544 ipsum
1127 3473 1316 3527 dicatis
1362 3491 1559 3528 omnes.
1586 3472 1738 3529 Nunc
1765 3483 1890 3530 orat

298 3567 356 3610 ut
382 3574 552 3612 unum
582 3561 839 3626 sentiant,
873 3562 974 3617 hoc
996 3563 1182 3633 utique
1228 3563 1281 3616 in
1308 3578 1415 3632 quo
1442 3564 1614 3618 renati
1644 3563 1738 3618 Dei
1790 3563 1884 3618 ﬁlii

298 3647 550 3718 appellati
581 3658 729 3704 sunt:
751 3653 833 3707 Ad
857 3669 1074 3708 omnem
1105 3654 1247 3708 enim
1281 3656 1440 3710 modo
1483 3655 1778 3710 Ecelesiam
1808 3655 1885 3712 Io-

299 3741 506 3809 quitur,
535 3749 597 3794 ut
622 3742 678 3795 hi
703 3743 796 3812 qui
820 3743 1113 3799 dissentire
1142 3753 1442 3815 coeperant,
1481 3753 1886 3802 reverterentur

304 3830 374 3886 ad
397 3840 630 3901 emptam
657 3831 838 3900 ﬁdem,
869 3849 1030 3903 quam
1061 3835 1316 3889 videbant
1345 3836 1400 3890 in
1425 3836 1511 3891 bis
1531 3836 1762 3900 laudari,
1788 3837 1881 3907 qui

302 3923 362 3978 in
385 3924 480 3978 illa
506 3928 942 3994 perseverabant.
976 3927 1044 3981 Et
1070 3944 1172 3981 non
1195 3927 1299 3982 sint
1331 3927 1387 3981 in
1415 3927 1555 3982 vobis
1580 3929 1883 3996 schismata,

301 4014 417 4067 sitis
445 4025 620 4068 autem
645 4016 860 4085 perfecti
883 4018 938 4072 in
958 4018 1137 4072 eodem
1157 4035 1334 4085 sensu,
1359 4029 1407 4073 et
1430 4018 1484 4074 in
1506 4019 1687 4074 eadem
1711 4021 1882 4074 scien-

306 4106 403 4160 tia.
458 4104 737 4162 Perfectos
775 4108 891 4164 vult
935 4124 1029 4164 eos
1055 4124 1178 4165 esse
1212 4109 1266 4164 in
1294 4111 1482 4166 eodem
1512 4126 1693 4177 sensu,
1725 4127 1886 4181 quem

317 4199 425 4254 illis
471 4200 790 4268 tradiderat,
843 4211 905 4256 ut
961 4217 1068 4257 non
1101 4185 1493 4272 discreparent.
1522 4202 1607 4258 Ad
1658 4203 1888 4258 aliorum

307 4291 455 4345 enim
484 4291 791 4362 exemplum
817 4307 955 4362 quos
988 4309 1150 4364 supra
1179 4292 1364 4348 laudat
1392 4295 1493 4350 hos
1520 4303 1800 4364 provocat,
1830 4302 1890 4348 nt

307 4384 412 4445 hoc
461 4385 701 4440 sentiant
747 4401 813 4440 ac
864 4385 1177 4451 defendant;
1233 4387 1524 4442 schismata
1581 4401 1797 4458 semper
1820 4401 1888 4442 ex

306 4474 656 4530 contentione
705 4484 1024 4531 nascuntur.
1069 4473 1342 4531 Perlatnm
1369 4486 1445 4532 est
1484 4479 1624 4532 enim
1660 4478 1787 4532 mihi
1823 4477 1888 4532 de

1970 2023 2107 2074 tam.
2139 2029 2264 2070 cum
2291 2029 2396 2084 qua
2424 2012 2580 2069 multi
2627 2021 2808 2068 essent
2863 2011 3101 2066 colentes
3128 2010 3322 2076 Deum,
3356 2011 3555 2081 quibus

1971 2103 2110 2159 fides
2132 2117 2236 2159 non
2269 2111 2578 2174 negaretur,
2607 2109 2666 2156 ut
2695 2113 2839 2172 quoa
2865 2101 3140 2157 deferrent
3165 2101 3232 2156 de
3256 2099 3556 2157 Corinthiis

1972 2208 2161 2249 verum
2207 2203 2374 2259 esset,
2431 2193 2573 2263 quod
2628 2192 3002 2248 contentiones
3047 2200 3232 2248 essent
3269 2192 3412 2246 inter
3434 2205 3552 2246 eos.

1973 2285 2359 2342 Contentiones
2379 2286 2520 2341 inter
2545 2300 2638 2342 eos
2658 2299 2779 2341 esse
2800 2285 2958 2349 dixit,
2978 2293 3037 2338 ut
3062 2284 3560 2340 ostenderetdiver-

1978 2376 2194 2434 sitatem
2210 2377 2406 2432 mentis
2418 2376 2630 2433 illorum
2646 2377 2712 2431 de
2723 2375 3006 2444 disciplina
3025 2375 3314 2430 Dominiea.
3329 2373 3556 2446 (MAUR.)

1978 2469 2251 2538 Quaeritur
2276 2470 2545 2542 quomodo
2578 2467 2866 2540 Apostolus
2915 2467 3206 2524 crediderit
3250 2467 3451 2537 aliquid
3489 2467 3558 2520 de

1976 2564 2310 2630 absentibus,
2363 2578 2489 2620 cum
2527 2562 2788 2633 scriptum
2836 2562 2908 2617 sit
2945 2579 2958 2614 :
3007 2561 3131 2614 Non
3172 2559 3356 2615 credas
3401 2558 3557 2612 audi-

1977 2655 2056 2708 tui
2083 2670 2256 2720 vano;
2285 2661 2342 2708 et
2362 2654 2560 2708 iterum
2589 2667 2606 2707 :
2639 2652 2772 2719 Quae
2807 2652 3028 2708 uiderint
3053 2650 3193 2706 oculi
3223 2652 3302 2705 tui
3325 2650 3554 2721 loquere,

1977 2752 2084 2800 etc.
2113 2743 2298 2816 (Prov.
2325 2743 2475 2815 xxv).
2507 2742 2616 2799 Sed
2640 2743 2782 2798 hanc
2811 2743 3041 2812 gratiam
3070 2741 3326 2805 habebat,
3355 2747 3414 2795 ut
3436 2755 3561 2793 nos-

1979 2843 2064 2889 set
2117 2834 2311 2889 absens
2333 2834 2462 2904 quid
2494 2833 2561 2888 de
2584 2831 2808 2902 singulis
2841 2832 3086 2888 ecclesiis
3116 2839 3390 2902 ageretur,
3421 2830 3563 2885 sicut

1981 2926 2116 2980 dicit
2140 2925 2206 2980 ad
2237 2925 2586 2981 Colossenses
2619 2940 2634 2978 :
2669 2922 2737 2976 Ut
2761 2925 2807 2978 si
2841 2939 3056 2992 corpore
3089 2923 3273 2976 absens
3310 2938 3448 2986 sunt,
3472 2923 3562 2974 sed

1980 3015 2168 3088 spiritu
2213 3031 2461 3088 praesens,
2517 3013 2750 3085 gaudens
2773 3022 2821 3067 et
2846 3013 3024 3067 videns
3070 3012 3454 3066 ordinationem
3478 3027 3564 3064 ve-

1980 3118 2168 3174 stram,
2193 3115 2250 3164 et
2275 3106 2480 3176 reliqua
2509 3103 2646 3174 (Col.
2680 3105 2764 3175 ιι).
2797 3102 2933 3170 Quia
2961 3117 3092 3172 ergo
3133 3102 3337 3157 sciebat
3373 3100 3564 3159 Corin-

1985 3201 2127 3256 thios
2153 3201 2228 3256 ita
2257 3213 2418 3270 agere
2449 3206 2510 3252 ut
2547 3197 2820 3260 audiebat,
2855 3210 2961 3250 non
2989 3183 3220 3250 credidit
3247 3194 3366 3249 sine
3395 3206 3563 3248 causa

1985 3292 2139 3363 quasi
2175 3291 2240 3348 de
2267 3289 2598 3354 absentibus,
2629 3301 2858 3358 quorum
2887 3287 3352 3342 conversationem
3378 3285 3430 3341 in
3453 3285 3565 3356 spi-

1984 3384 2091 3439 ritu
2125 3381 2409 3453 probabat.

2053 3473 2185 3530 Dico
2224 3483 2402 3529 autem
2451 3472 2548 3526 hoc
2572 3471 2709 3543 quod
2759 3486 3112 3542 unusquisque
3159 3481 3386 3524 vestrum
3414 3469 3561 3524 dicit.

1987 3566 2100 3638 Ego
2120 3565 2329 3637 quidem
2368 3580 2485 3619 sum
2520 3561 2703 3627 Pauli,
2734 3578 2828 3634 ego
2857 3572 3032 3617 autem
3059 3561 3246 3633 Apollo
3274 3575 3292 3614 :
3323 3577 3416 3632 ego
3444 3577 3565 3616 vero

1985 3659 2190 3731 Cephei,
2221 3674 2315 3730 ego
2359 3667 2536 3712 autem
2575 3655 2790 3711 Christi.
2822 3655 3051 3728 (Ambr.)
3098 3656 3350 3711 Errorem
3382 3664 3565 3711 osten-

1985 3750 2088 3818 dit,
2119 3750 2216 3806 sed
2242 3757 2524 3806 auctorum
2560 3747 2779 3804 nomina
2829 3763 2936 3802 non
2990 3747 3264 3817 prodidit:
3291 3763 3391 3803 nec
3419 3747 3564 3803 enim

1987 3841 2042 3895 in
2071 3840 2190 3896 loco
2216 3840 2454 3905 stabant,
2475 3839 2570 3895 sed
2597 3837 2958 3893 circumibant
2984 3839 3053 3893 ad
3082 3838 3415 3894 eversionem
3440 3838 3568 3893 sitn-

1984 3934 2226 4006 plicium.
2276 3932 2412 3988 Nam
2443 3933 2543 3989 hos
2579 3946 2716 4002 quos
2763 3930 3008 3986 nominat
3060 3929 3180 3986 sine
3226 3929 3391 3984 dubio
3440 3929 3566 3984 boni

1986 4033 2144 4080 erant
2167 4025 2439 4089 doctores,
2468 4023 2565 4079 sed
2588 4022 2689 4078 sub
2719 4021 2912 4075 horum
2950 4020 3130 4089 specie
3161 4019 3326 4075 falsos
3352 4028 3568 4089 aposto-

1989 4114 2070 4169 los
2098 4114 2273 4182 tangit
2297 4131 2308 4166 :
2333 4113 2378 4168 si
2403 4112 2548 4169 enim
2577 4112 2632 4166 in
2662 4111 2747 4166 his
2772 4109 3110 4180 gloriandum
3141 4118 3325 4181 negat,
3361 4119 3565 4180 quanto

1989 4205 2163 4276 magis
2190 4204 2245 4258 in
2291 4202 2451 4259 malis
2499 4202 2812 4258 doctoribus
2857 4215 3084 4270 quorum
3115 4200 3413 4256 doctrinam
3441 4215 3568 4272 pra-

1992 4313 2113 4353 vam
2146 4297 2199 4352 in
2232 4295 2490 4365 subjectis
2515 4294 2802 4365 signiﬁcat.
2828 4293 2974 4349 Inter
3001 4307 3095 4348 cos
3117 4301 3295 4348 tamen
3322 4293 3421 4348 hos
3448 4308 3571 4363 per-

1991 4399 2302 4445 severantes
2317 4387 2582 4460 designat,
2598 4386 2689 4456 qui
2715 4385 2963 4440 dicebant
2985 4401 3043 4441 se
3067 4385 3268 4440 Christi
3292 4400 3432 4450 esse,
3457 4400 3563 4439 non

1992 4480 2246 4544 hominis,
2273 4494 2403 4550 quos
2439 4478 2686 4550 superius
2724 4477 2928 4532 laudat.
2960 4476 3171 4532 Divisus
3193 4486 3266 4532 est
3287 4477 3571 4532 Christus?

308 4563 469 4628 robis,
497 4563 708 4632 fratres,
727 4566 791 4618 ab
814 4565 895 4620 his
913 4567 1002 4637 qui
1023 4577 1146 4621 sunt
1167 4566 1350 4622 Chloes
1375 4568 1516 4639 quod
1537 4570 1886 4624 contentiones
1922 4610 1964 4667 Β
1993 4572 2258 4626 Dividitur
2282 4585 2480 4641 corpus
2521 4584 2642 4624 cum
2677 4569 2918 4624 membra
2963 4567 3306 4633 dissentiunt,
3336 4568 3566 4623 divisum

307 4655 412 4707 sint
428 4655 680 4709 intereas.
722 4654 1082 4726 (Creg.)Ecce
1118 4672 1254 4728 quos
1276 4658 1329 4712 in
1344 4659 1511 4730 _omni
1540 4659 1705 4714 verbo
1740 4667 1796 4714 et
1835 4659 1888 4712 in

309 4745 458 4800 omni
480 4747 707 4802 scientia
724 4747 1061 4813 laudaverat,
1083 4750 1281 4820 quibus
1313 4749 1447 4804 nihil
1486 4751 1674 4806 deesse
1703 4751 1755 4804 in
1782 4751 1888 4805 ulla

309 4840 488 4910 gratia
531 4840 764 4907 dixerat,
819 4843 1095 4913 paulisper
1124 4843 1374 4914 loquens,
1403 4845 1471 4898 ad
1503 4844 1888 4913 increpandum

309 4931 507 4986 leniter
527 4933 774 5000 veniens,
816 4935 1017 4991 divisos
1046 4950 1174 5006 erga
1209 4937 1416 5006 seipsos
1441 4937 1806 5007 reprehendit,
1835 4946 1890 4992 et

310 5037 543 5090 quorum
571 5024 724 5094 prius
772 5024 1001 5080 salutem
1023 5035 1360 5092 narraverat,
1390 5027 1732 5098 postmodum
1767 5027 1888 5080 vul.

309 5131 440 5170 nera
471 5117 746 5186 patefacit.
778 5117 992 5173 Peritus
1011 5119 1156 5173 enim
1184 5119 1425 5175 medicus
1466 5120 1660 5175 vulnus
1695 5135 1888 5175 secan-

311 5207 440 5262 dum
468 5209 676 5272 videns,
707 5209 802 5264 sed
834 5225 1037 5281 aegrum
1083 5210 1326 5266 timidum
1377 5227 1496 5266 esse
1524 5211 1886 5282 conspiciens,

313 5299 405 5353 diu
453 5298 713 5369 palpavit,
737 5308 794 5355 et
821 5301 1000 5356 subito
1040 5302 1326 5371 percussit.
1373 5301 1532 5356 Prius
1567 5301 1712 5356 enim
1738 5301 1890 5355 blan-

314 5390 439 5443 dam
465 5405 683 5443 manum
715 5389 888 5446 laudis
920 5391 1120 5460 posuit,
1174 5392 1513 5461 postmodum
1560 5390 1761 5446 ferrum
1810 5391 1890 5445 in-

316 5480 645 5549 erepationis
687 5479 824 5534 fixit.
855 5479 968 5534 Nisi
995 5481 1141 5536 enim
1168 5481 1485 5537 verecunde
1513 5490 1724 5536 mentes
1773 5480 1889 5536 fue-

317 5572 426 5626 rint
475 5572 744 5642 palpando
783 5573 1147 5642 reprehensas,
1177 5573 1250 5628 ita
1282 5583 1342 5628 ut
1369 5589 1435 5629 ex
1461 5575 1584 5629 aliis
1612 5575 1776 5630 rebus
1804 5590 1895 5628 au-

319 5663 486 5727 diant,
521 5664 665 5732 quod
707 5662 759 5716 in
787 5663 1206 5718 consolationem
1251 5673 1489 5729 sumant,
1525 5679 1623 5734 per
1651 5665 1896 5734 increpa-

321 5753 524 5806 tionem
585 5753 832 5822 protinus
888 5754 957 5808 ad
1015 5755 1449 5824 desperationem
1480 5757 1725 5822 eadunt.
1787 5755 1896 5810 Sed

325 5843 564 5900 nunuuid
596 5844 855 5898 tnentitns
882 5854 966 5900 est
999 5844 1217 5906 Paulus,
1247 5856 1300 5900 ut
1333 5847 1482 5902 nrins
1507 5847 1586 5900 cis
1617 5847 1688 5900 nil
1712 5848 1898 5901 deesse

1995 4661 2131 4717 dixit
2158 4660 2455 4724 Christum,
2483 4660 2610 4730 quia
2638 4658 2862 4730 gloriam
2886 4657 3004 4729 ejus
3044 4657 3288 4714 homines
3311 4658 3414 4713 sibi
3441 4674 3564 4728 par-

1995 4752 2078 4808 titi
2111 4761 2274 4817 sunt;
2305 4752 2445 4806 sicut
2469 4751 2711 4807 haeretici
2739 4751 2831 4820 qui
2872 4765 2931 4804 se
2960 4758 3054 4804 aut
3078 4748 3453 4814 Photinianos,
3478 4760 3572 4804 aut

1994 4842 2246 4908 Arianos,
2300 4851 2395 4897 aut
2422 4840 2808 4913 Cataphrygas,
2838 4850 2930 4895 aut
2966 4839 3310 4905 Novatianos,
3342 4851 3437 4896 aut
3466 4842 3571 4896 Do-

1994 4934 2263 4998 natianos,
2294 4941 2390 4987 aut
2436 4931 2756 4987 Manichaeos
2786 4931 2967 4986 vocari
3010 4946 3114 4985 non
3148 4939 3389 4986 norrent.
3415 4932 3489 4987 Ita
3515 4942 3572 4985 et

1993 5023 2257 5080 Corinthii
2294 5023 2629 5078 diversorum
2681 5021 3057 5076 bteretieorum
3100 5022 3409 5076 nominibus
3441 5023 3569 5077 sub-

1988 5116 2083 5188 jiei
2131 5123 2430 5186 coeperant,
2479 5121 2540 5167 ut
2588 5113 2896 5167 viderentur
2944 5112 3062 5167 loco
3086 5111 3289 5168 Christi
3320 5115 3567 5169 homines

1994 5208 2265 5273 venerari,
2291 5208 2384 5278 qui
2433 5207 2557 5262 dum
2584 5207 2796 5262 diversa
2823 5207 2890 5262 de
2919 5206 3136 5263 Christo
3166 5210 3456 5280 accipiunt.
3486 5211 3570 5266 di-

1993 5298 2186 5354 vidunt
2235 5298 2531 5353 Christum.
2570 5297 2721 5354 Unus
2751 5299 2894 5353 enim
2927 5299 3198 5355 hominem
3243 5308 3449 5370 tantum
3475 5317 3564 5356 ac-

1995 5389 2127 5460 cipit
2154 5389 2426 5445 Christum
2453 5407 2468 5456 ;
2497 5391 2633 5446 alter
2659 5391 2825 5446 Deum
2857 5407 3049 5462 parum
3080 5393 3194 5448 sine
3234 5409 3457 5466 corpore
3487 5397 3562 5450 fa-

1995 5488 2158 5546 tetur;
2184 5481 2320 5535 alius
2340 5481 2470 5536 dicit
2485 5494 2581 5551 per
2598 5481 2891 5551 prophetas
2918 5482 3230 5550 pnedictum
3253 5484 3526 5542 Christum
3549 5504 3564 5551 ;

1997 5571 2135 5626 alter
2163 5581 2322 5642 negat
2351 5573 2640 5641 prophetas
2673 5573 2739 5626 de
2768 5571 2984 5626 Christo
3017 5573 3242 5630 locutos.
3277 5577 3411 5631 Cum
3435 5591 3562 5648 ergo

1995 5662 2244 5718 Christus
2258 5679 2396 5717 unus
2414 5663 2485 5718 sit
2497 5663 2640 5718 Deus
2651 5671 2706 5717 et
2727 5664 2910 5730 homo,
2929 5665 3016 5719 isti
3043 5665 3146 5720 sibi
3173 5667 3340 5733 aliud,
3363 5669 3563 5738 aliique

1999 5752 2142 5807 aliud
2169 5753 2218 5806 ci
2246 5752 2602 5817 vindicantes,
2627 5753 2870 5808 dividunt
2901 5754 3194 5820 Christum,
3225 5765 3278 5811 et
3307 5757 3431 5825 quia
3462 5759 3566 5813 sub

2003 5843 2220 5898 nomine
2246 5859 2344 5898 suo
2375 5843 2636 5900 ecclesias
2663 5842 2869 5899 faciunt
2905 5845 3120 5908 multas.
3151 5847 3346 5919 adjecit
3375 5867 3386 5903 :
