4082 6332
500 415 573 473 rs
1129 414 1190 469 Β.
1230 412 1486 471 unum
1525 413 1745 472 unum
1782 409 2101 471 ARCillEP.
2142 407 2450 472 uocum.
2493 368 2778 473 apsumi
2815 410 2994 474 rans
3032 416 3117 475 Ill.
3709 420 3776 487 to

565 526 825 602 Nunquid
856 524 1060 582 Paulus
1090 528 1382 597 cruytﬁxus
1402 538 1477 582 est
1502 545 1596 597 pro
1622 528 1809 582 nobis?
1837 527 2002 582 ldeoa
2024 540 2083 581 se
2110 530 2158 589 Α
2187 525 2366 581 latria.
2401 526 2525 583 Non
2544 530 2599 583 in
2628 530 2887 602 sapientia
2926 532 3087 599 verbi,
3122 543 3176 586 ut
3222 551 3324 589 non
3350 548 3628 594 θυαε-κεῖαν
3645 558 3777 599 crux

493 617 682 689 cepit,
700 633 768 673 ne
790 616 929 672 forte
951 624 1241 686 putaretur
1263 618 1490 673 aliorum
1512 617 1632 673 ideo
1645 618 1877 677 refutare
1900 633 2085 689 perso-

490 722 593 763 nas
607 714 669 762 ut
680 722 835 763 suam
849 708 1171 762 commenda
1180 717 1279 762 ret.
1297 706 1355 762 Si
1368 709 1515 764 enim
1528 708 1775 764 Christus
1795 724 1893 779 pro
1905 708 2079 774 nobis,

490 800 693 870 inquit,
720 809 974 857 mortuus
995 813 1095 870 est,
1125 801 1396 873 quomodo
1416 802 1647 872 gratiam
1673 801 1789 870 ejus
1812 808 1868 855 et
1888 798 2083 854 beneﬁ-

492 891 636 947 cium
662 890 977 950 hominibus
1000 896 1325 965 imputamus
1345 896 1415 949 ad
1436 894 1553 963 ejus
1577 891 1868 961 injuriam?
1903 888 1969 943 In
1994 906 2082 943 no-

489 982 630 1036 mine
653 980 815 1037 Pauli
842 985 1099 1057 baptizati
1124 987 1248 1041 estis
1268 986 1293 1038 ?
1333 984 1390 1040 Si
1421 984 1706 1039 credentes
1728 984 1850 1047 hoc,
1884 982 2079 1052 inquit,

490 1073 545 1127 in
575 1072 857 1133 Christum
882 1077 1249 1150 baptizamur,
1280 1086 1340 1132 ut
1363 1077 1417 1132 in
1444 1077 1659 1132 nomine
1687 1076 1803 1146 ejus
1819 1074 2081 1145 justiﬁce-

488 1179 636 1233 mur,
670 1169 801 1240 quid
830 1177 913 1225 est
943 1180 1003 1224 ut
1032 1169 1154 1226 ﬁdei
1186 1169 1348 1240 hujus
1376 1168 1623 1222 homines
1651 1167 1805 1221 nobis
1829 1175 2080 1220 auctores

488 1252 784 1328 faciamus,
834 1263 1183 1318 immemores
1225 1270 1419 1331 coepta:
1467 1259 1841 1316 credulitatis?
1892 1256 2079 1329 (Aug)

491 1355 629 1411 Nam
657 1355 1021 1412 dividentibus
1045 1355 1148 1411 sibi
1192 1354 1487 1409 Ecclesium
1511 1362 1567 1408 et
1598 1361 1779 1423 partes
1810 1350 1988 1405 facere
2014 1350 2081 1405 de

489 1448 700 1503 unitate
744 1448 1071 1503 conantibus
1113 1445 1424 1517 parturiens
1470 1443 1724 1515 parvulos
1752 1450 1924 1495 mater
1947 1442 2081 1495 cha-

490 1540 627 1594 ritas
655 1539 979 1610 in'Apostolo
1005 1537 1227 1607 exponit
1246 1536 1455 1591 viscera
1476 1550 1594 1598 sua,
1621 1530 1925 1587 consciudit
1944 1546 2079 1599 quo-

490 1630 783 1687 dammodo
804 1631 987 1686 verbis
1012 1628 1177 1684 ubera
1204 1643 1322 1691 sua,
1350 1626 1528 1696 plorat
1572 1624 1736 1685 ﬁlios,
1770 1638 1908 1692 quos
1929 1622 2078 1675 videt

488 1723 697 1788 eﬁ‘erri,
727 1730 952 1779 revocat
972 1722 1040 1776 ad
1066 1735 1238 1775 unum
1266 1734 1464 1773 nomen
1495 1732 1589 1773 eos
1635 1716 1725 1786 qui
1781 1715 1947 1769 multa
1979 1730 2075 1769 no—

486 1815 637 1872 mina
666 1815 769 1871 sibi
822 1814 1005 1870 facere
1052 1812 1335 1874 volebant,
1398 1808 1612 1879 repellit
1642 1808 1711 1862 ab
1739 1822 1923 1861 amore
1951 1821 2072 1870 suo,

2185 614 2399 672 Christi.
2432 618 2567 687 Quia
2594 621 2909 691 pratdicatio
2929 622 3234 678 Christiana
3264 641 3370 680 non
3399 627 3603 700 indiget
3628 647 3775 701 potit-

2182 723 2249 778 pa
2278 718 2335 764 et
2380 710 2526 764 cultu
2561 712 2845 778 sermonis,
2900 712 3128 784 ideoque
3178 717 3475 784 piscatores
3531 720 3777 779 homines

2184 802 2419 871 imperiti
2451 803 2609 858 electi
2638 813 2766 859 sunt
2805 805 2898 874 qui
2930 806 3386 878 evangelizarcnt,
3424 817 3484 863 ut
3515 811 3773 868 doctrinae

2182 895 2388 950 veritas
2413 896 2527 965 ipsa
2560 911 2619 952 se
2669 899 3074 953 commendaret
3111 908 3247 955 teste
3300 903 3522 967 virtute,
3556 919 3623 959 ne
3670 906 3772 961 hoe

2183 983 2390 1038 minum
2421 985 2659 1041 versutia
2687 994 2744 1039 et
2778 985 3075 1043 calliditate
3112 988 3362 1044 humanae
3387 990 3662 1060 sapientiae
3684 1010 3775 1050 ac-

2181 1076 2475 1146 ceptabiles
2498 1078 2831 1144 viderentur,
2860 1094 2969 1133 non
3017 1080 3266 1148 veritate,
3313 1082 3455 1137 sicut
3477 1084 3775 1155 disciplinas

2181 1167 2251 1222 ab
2276 1168 2588 1222 hominibus
2623 1169 2960 1234 intentatam
2988 1169 3184 1240 quibus
3206 1186 3311 1226 non
3344 1173 3500 1241 ratio,
3531 1189 3636 1230 non
3665 1176 3776 1229 vir-

2182 1266 2287 1319 tus,
2330 1258 2425 1312 sed
2457 1259 2744 1345 verborum
2790 1260 3051 1327 quaeritur
3088 1262 3430 1331 compositio,
3452 1278 3517 1318 ac
3544 1279 3642 1335 per
3669 1266 3774 1321 hoc

2178 1349 2408 1418 gloriam
2432 1365 2584 1404 suam
2612 1351 2828 1420 quaerit,
2851 1351 2941 1422 qui
2972 1351 3133 1407 ﬁdem
3172 1352 3382 1409 Christi
3410 1356 3593 1412 verbis
3613 1372 3773 1412 exor-

2179 1456 2312 1495 nare
2342 1440 2492 1495 vult:
2518 1442 2773 1496 obscurat
2795 1442 2941 1496 enim
2978 1442 3122 1497 illam
3146 1444 3433 1513 splendore
3458 1447 3771 1512 verborum,

2179 1540 2238 1584 ut
2268 1546 2375 1585 non
2410 1530 2499 1586 illa
2532 1532 2625 1587 sed
2673 1532 2788 1602 ipse
2834 1531 3106 1590 laudetur.
3137 1534 3229 1591 Sic
3255 1544 3312 1590 et
3338 1537 3773 1608 pseudoapostoii

2178 1638 2247 1677 ne
2277 1624 2427 1679 stulti
2456 1624 2773 1679 viderentur
2813 1626 3169 1696 prudentibus
3196 1630 3379 1683 mundi
3408 1631 3462 1684 in
3506 1631 3773 1700 sapientia

2178 1715 2457 1771 hominum
2506 1716 2778 1772 Christum
2804 1718 3172 1788 praedicabant
3219 1721 3415 1791 duplici
3467 1738 3690 1794 genere,
3714 1729 3776 1777 ut

2176 1808 2498 1878 eloquentia:
2550 1809 2853 1874 studerent,
2888 1819 2943 1865 et
2989 1825 3052 1866 ea
3100 1827 3221 1882 qum
3271 1813 3505 1869 mundus
3536 1814 3590 1869 in
3617 1815 3777 1870 nobis

485 1913 549 1961 ut
582 1905 833 1961 Christus
861 1911 1095 1968 ametur,
1151 1911 1206 1958 et
1234 1900 1409 1956 dicit:
1445 1898 1702 1969 Nunquid
1753 1895 1952 1951 Paulus
1980 1913 2076 1967 pro
2108 1883 2152 1941 Β
2180 1901 2343 1954 stulta
2373 1898 2582 1969 judicat
2616 1901 2908 1966 evitarent,
2961 1910 3022 1956 ut
3066 1918 3242 1973 neque
3281 1905 3631 1960 incarnatum
3676 1903 3775 1960 Dei

483 1996 631 2052 vobis
683 1995 970 2063 cruciﬁxus
998 2003 1095 2057 est,
1123 2002 1215 2046 aut
1258 1992 1313 2045 in
1357 1990 1564 2044 nomine
1612 1986 1772 2042 Pauli
1825 1985 2078 2057 baptizati

484 2088 651 2143 estis?
686 2087 816 2158 quid
868 2086 1020 2152 dicit,
1078 2083 1203 2140 nolo
1248 2083 1355 2138 mei
1401 2082 1542 2147 sitis,
1596 2089 1654 2135 ut
1678 2096 1887 2135 urceum
1932 2079 2072 2144 sitis,

488 2194 703 2235 mecum
751 2185 964 2234 estote:
997 2189 1189 2232 omnes
1236 2174 1380 2230 illius
1418 2189 1633 2237 sumus,
1667 2171 1758 2242 qui
1791 2186 1890 2241 pro
1916 2169 2076 2225 nobis

483 2278 757 2335 mortuus,
782 2269 875 2340 qui
904 2283 1006 2339 pro
1032 2266 1192 2322 nobis
1213 2263 1510 2320 cruciﬁxus
1537 2272 1641 2318 est.

555 2366 770 2423 Gratias
790 2384 892 2438 ago
920 2367 1024 2422 Deo
1053 2363 1192 2436 quod
1227 2363 1483 2417 neminem
1520 2373 1748 2416 vestrum
1785 2360 2071 2432 baptizavi,

484 2456 590 2512 nisi
620 2454 865 2527 Crispum
888 2465 936 2511 et
964 2455 1178 2519 Gaium,
1207 2468 1270 2507 ne
1308 2452 1427 2523 quis
1449 2453 1591 2507 dicat
1618 2453 1758 2523 quod
1780 2453 1835 2506 in
1866 2452 2074 2507 nomine

480 2562 598 2603 meo
629 2548 879 2619 baptizati
902 2548 1045 2602 estis.
1079 2546 1356 2617 Baptizati
1379 2557 1553 2600 autem
1590 2557 1641 2600 et
1673 2542 1951 2615 Stephante
1978 2542 2073 2596 do-

479 2656 661 2704 mum;
714 2649 960 2693 ca'terum
1027 2640 1198 2694 nescio
1267 2642 1312 2694 si
1362 2656 1515 2710 quem
1565 2637 1730 2693 alium
1783 2637 2064 2708 baptizari.

481 2729 710 2802 (Ambr.)
740 2729 958 2785 Gratias
1000 2730 1112 2802 agit
1156 2732 1266 2786 Deo
1293 2732 1419 2802 quia
1474 2746 1587 2787 non
1636 2729 1838 2785 multos
1888 2745 1954 2786 ex
1986 2729 2072 2785 his

476 2822 792 2893 baptizavit,
824 2838 893 2878 ne
927 2824 1020 2894 qui
1049 2838 1204 2878 error
1249 2825 1349 2879 sub
1377 2825 1479 2879 hac
1504 2837 1562 2878 re
1583 2831 1845 2893 coeperat,
1877 2837 1942 2877 ex
1976 2836 2071 2878 no-

480 2913 629 2970 mine
648 2915 766 2985 ejus
791 2922 939 2970 esset
986 2915 1039 2969 in
1066 2914 1337 2985 plurimis,
1366 2930 1461 2985 per
1486 2916 1589 2970 hoc
1611 2914 1793 2985 arguit
1837 2926 2070 2982 arguen-

478 3004 598 3067 dos,
625 3012 681 3058 et
718 3005 1060 3075 baptizantes
1088 3016 1145 3059 et
1192 3005 1516 3073 baptizatos,
1567 3004 1659 3074 qui
1711 3004 1778 3057 ad
1816 3002 2067 3072 iniuriam

481 3092 783 3149 Salvatoris
826 3094 1173 3163 baptismatis
1210 3094 1328 3163 ejus
1375 3093 1605 3164 gratiam
1636 3093 1946 3148 hominibus
1975 3092 2068 3147 de—

480 3189 767 3256 putabant,
794 3187 901 3241 illis
924 3186 1391 3242 dissimulantibus
1418 3184 1603 3256 gloriae
1629 3200 1812 3241 causa.
1841 3184 1896 3241 Si
1919 3185 2064 3240 enim

478 3289 638 3335 erant
663 3280 805 3336 sicut
830 3295 973 3334 nunc
1000 3277 1284 3334 Novatiani
1315 3288 1369 3332 et
1397 3278 1678 3333 Donatiaui
1700 3318 1716 3344 ,
1767 3280 1858 3348 qui
1888 3280 2065 3350 bapti-

478 3386 656 3426 smum
687 3369 789 3425 sibi
817 3369 1126 3435 vindicant,
1159 3385 1187 3422 a
1212 3369 1416 3423 nostris
1444 3367 1750 3439 baptizatos
1776 3372 2068 3441 reproban-

477 3472 586 3528 tes,
614 3470 670 3517 et
708 3461 967 3532 baptizati
994 3462 1064 3517 ab
1114 3461 1199 3516 his
1227 3461 1527 3531 gloriantur
1570 3460 1625 3515 in
1654 3462 1899 3531 personis
1948 3462 2067 3515 illo-

478 3568 620 3608 rum.
647 3551 892 3622 Denique
912 3566 944 3606 a
970 3550 1174 3607 Christi
1205 3550 1423 3606 nomine
1450 3552 1708 3617 abdicati,
1738 3551 2068 3607 Novatianos

476 3652 535 3697 ot
565 3642 897 3699 Donatianos
944 3642 1129 3698 vocari
1182 3656 1242 3696 se
1287 3641 1606 3712 gloriantur.
1662 3642 1885 3714 Crispus
1937 3658 2066 3713 ergo

477 3743 533 3790 et
555 3734 723 3789 Gaius
751 3734 1022 3790 Corinthii
1053 3741 1199 3797 sunt,
1234 3748 1372 3803 quos
1392 3732 1459 3787 ad
1493 3733 1857 3788 testimonium
1886 3734 2066 3789 nomi-

474 3834 590 3892 nat,
618 3826 743 3896 quia
772 3826 852 3881 sie
883 3825 1136 3896 baptizati
1177 3834 1303 3879 sunt
1339 3826 1408 3880 ab
1453 3825 1740 3895 Apostolo,
1780 3834 1839 3880 ut
1868 3825 2064 3880 nullam

474 3920 557 3975 illi
585 3919 808 3991 gloriam
832 3933 903 3974 ex
947 3919 1050 3975 bac
1074 3934 1239 3974 causa
1286 3919 1519 3974 dandam
1551 3920 1914 3976 addiscercnt.
1947 3919 2066 3975 Stc-

472 4013 666 4083 phana:
690 4020 873 4067 autem
898 4012 1091 4067 domus
1128 4010 1381 4081 primitiae
1423 4021 1549 4067 sunt
1574 4010 1810 4076 Achaize,
1839 4012 1975 4066 sicut
2012 4012 2064 4066 in

472 4110 745 4174 postrema
776 4110 931 4173 parte
968 4101 1225 4170 Epistola:
1261 4101 1545 4173 signiﬁcat,
1600 4102 1795 4172 quibus
1828 4105 2068 4158 testimo-

470 4193 623 4248 nium
651 4194 764 4257 dat,
789 4193 934 4263 quod
959 4192 1011 4247 in
1050 4193 1411 4249 ministerium
1440 4195 1641 4249 sanctis
1686 4209 1745 4249 se
1772 4197 2069 4251 constitue-

473 4293 619 4339 rant.
675 4282 797 4337 Non
843 4283 981 4337 enim
1026 4282 1167 4337 misit
1218 4300 1300 4337 nte
1350 4283 1589 4338 Christus
1643 4282 1930 4353 baptizare,
1974 4287 2068 4340 sed

471 4373 851 4445 evangelizare.
881 4374 1149 4442 Quoniam
1182 4373 1357 4443 majus
1380 4382 1465 4428 est
1500 4374 1877 4444 evangelizare
1904 4390 2067 4444 quam

470 4465 772 4534 baptizare,
803 4463 923 4519 ideo
973 4480 1076 4518 non
1109 4478 1169 4519 se
1208 4464 1432 4518 missum
1475 4463 1751 4533 baptizare
1793 4464 1944 4529 dicit,
1975 4465 2069 4520 sed

2180 1990 2348 2045 ﬁlium
2377 1991 2528 2048 etde
2574 1992 2782 2063 virgine
2827 2002 3015 2049 natum
3069 1995 3346 2062 docerent,
3379 2012 3561 2068 neque
3595 1998 3776 2054 carnis

2177 2082 2413 2140 futuram
2442 2088 2918 2155 resurrectionem,
2946 2089 3073 2158 quia
3105 2090 3287 2144 mundi
3333 2090 3477 2145 istud
3511 2090 3775 2161 sapientia

2176 2186 2234 2232 et
2257 2178 2397 2233 ratio
2447 2179 2670 2234 stultum
2709 2180 2962 2244 aestimat,
3011 2195 3148 2249 quos
3195 2184 3469 2253 reprobat.
3528 2181 3613 2236 Ne
3651 2197 3774 2235 eua-

2176 2277 2382 2333 cuetur,
2432 2269 2629 2340 inquit,
2687 2287 2820 2325 crua:
2864 2270 3080 2327 Christi.
3132 2272 3270 2340 Quia
3301 2274 3395 2344 qui
3431 2274 3486 2329 in
3511 2273 3774 2345 sapientia

2176 2359 2413 2415 hominis
2442 2359 2715 2416 Christum
2749 2363 3054 2428 annuntiat,
3107 2372 3266 2436 negat
3294 2365 3591 2420 veritatem
3634 2380 3779 2436 prte-

2176 2450 2488 2517 dicationis,
2514 2452 2657 2507 sicut
2685 2468 2847 2523 supra
2874 2457 3189 2510 memoravi.

2166 2591 2175 2597 .
2259 2540 2477 2598 Verbum
2518 2548 2655 2599 enim
2694 2548 2868 2601 crucis
2915 2549 3247 2617 pereuntibus
3289 2549 3499 2622 quidem
3545 2548 3784 2606 stultitia

2172 2644 2268 2688 est.
2296 2632 2636 2690 Manifestum
2671 2645 2756 2691 est
2805 2635 2931 2706 quia
2971 2637 3167 2706 quibus
3199 2654 3334 2693 crux
3379 2637 3598 2695 Christi
3649 2638 3781 2695 stol-

2172 2724 2292 2779 titia
2312 2733 2417 2789 est,
2444 2725 2498 2779 in
2525 2726 2830 2795 perditione
2846 2736 3006 2793 sunt,
3050 2728 3244 2783 inferni
3277 2729 3420 2784 enim
3459 2746 3551 2786 mo
3564 2740 3646 2787 rte
3672 2745 3778 2785 non

2173 2825 2301 2872 sunt
2321 2817 2514 2886 erepti.
2562 2817 2662 2873 His
2694 2828 2868 2873 autem
2895 2820 2987 2891 qui
3025 2820 3159 2876 salri
3182 2821 3317 2890 ﬁunt
3358 2823 3522 2876 uirtus
3556 2823 3661 2878 Dei
3677 2834 3775 2877 est.

2172 2908 2288 2963 Non
2339 2917 2423 2963 est
2452 2909 2744 2966 obscurum
2771 2912 2895 2980 quia
2927 2912 3011 2966 his
3054 2913 3147 2981 qui
3194 2915 3425 2969 credunt
3466 2915 3567 2969 Dei
3598 2916 3775 2970 virtus

2171 3007 2274 3063 est,
2324 2998 2557 3055 credunt
2604 3001 2748 3055 enim
2802 3016 2908 3056 non
2960 3002 3327 3060 inﬁrmitatem
3384 3018 3505 3060 esse
3546 3022 3772 3063 crucem

2171 3089 2397 3156 Christi,
2427 3091 2521 3146 sed
2550 3090 2847 3157 virtutem;
2890 3092 3249 3164 intelligentes
3278 3104 3509 3150 mortem
3566 3097 3770 3152 vietam

2172 3181 2225 3236 in
2252 3197 2414 3238 cruce
2437 3180 2589 3251 cujus
2612 3183 2828 3254 signum
2855 3185 2947 3255 qui
2968 3185 3193 3251 habent,
3211 3186 3344 3241 salvi
3372 3195 3522 3254 sunt,
3553 3189 3681 3259 quia
3701 3187 3770 3242 ab

2170 3270 2259 3325 illa
2286 3271 2457 3326 teneri
2482 3286 2588 3327 non
2616 3284 2863 3343 possunt.
2900 3275 3165 3345 Scriptum
3219 3286 3293 3331 est
3333 3277 3472 3332 enim
3504 3278 3562 3332 in
3582 3277 3723 3332 lsaia
3750 3294 3765 3327 :

2174 3362 2404 3420 Perdant
2452 3367 2765 3438 sapientiam
2806 3366 3145 3439 sapientium,
3192 3378 3241 3424 et
3285 3369 3606 3424 intellectum
3641 3384 3768 3441 pru-

2167 3455 2404 3510 dentium
2458 3457 2764 3528 reprobabo.
2812 3457 2999 3514 Perdit
3046 3460 3365 3531 sapientiam
3414 3460 3765 3531 sapientium.

2167 3560 2275 3600 non
2308 3562 2462 3601 suam
2493 3548 2548 3602 in
2570 3548 2651 3602 eis
2675 3550 2996 3620 sapientiam
3016 3551 3194 3620 perdit
3215 3559 3269 3604 et
3298 3552 3570 3621 reprobat,
3599 3566 3764 3623 quam

2170 3640 2287 3707 ipse
2312 3640 2557 3706 donavit,
2594 3642 2689 3697 sed
2717 3657 2879 3711 quam
2902 3642 3007 3697 sibi
3028 3652 3285 3714 arrogant
3311 3644 3404 3715 qui
3429 3660 3537 3700 non
3562 3645 3766 3700 habent

2168 3729 2369 3799 ipsius:
2392 3730 2518 3785 dum
2541 3746 2663 3802 qua:
2685 3732 2773 3787 illa
2798 3743 2957 3803 negat
2977 3748 3134 3804 posse
3158 3733 3275 3789 ﬁeri
3301 3733 3432 3790 facit
3455 3754 3469 3789 ;
3490 3743 3545 3791 et
3570 3748 3762 3806 repro-

2167 3820 2260 3875 bat
2307 3821 2639 3880 intelleetum
2686 3824 3029 3896 prudentium
3060 3868 3076 3893 ,
3117 3827 3334 3896 quando
3375 3828 3566 3894 Deum,
3599 3838 3763 3897 quem
3838 3881 3853 3891 _

2169 3912 2502 3971 incuriosum
2545 3918 2752 3983 dicunt,
2785 3932 3097 3989 aggressum
3127 3920 3321 3989 probat
3352 3935 3417 3977 ea
3444 3936 3565 3989 quae
3592 3918 3762 3974 Stulta

2170 4012 2378 4075 putant,
2406 4015 2467 4060 ut
2492 4006 2585 4060 Dei
2614 4006 2755 4061 ﬁlius
2779 4007 3093 4063 incarnatus
3135 4009 3201 4063 de
3240 4009 3453 4078 virgine
3475 4008 3761 4077 cruciﬁge-

2170 4105 2322 4151 retur
2347 4112 2446 4167 pro
2471 4097 2704 4152 humana
2744 4096 2939 4163 salute,
2970 4100 3113 4169 quod
3141 4098 3341 4153 factum
3372 4114 3499 4154 vere
3526 4108 3763 4154 testatur

2170 4188 2391 4252 virtute,
2420 4202 2527 4243 non
2579 4188 2780 4243 verbis.
2839 4185 2941 4242 Ubi
2979 4188 3235 4258 sapiens!
3284 4188 3374 4242 ubi
3420 4188 3641 4243 scriba?
3669 4186 3760 4241 ubi

2170 4278 2489 4348 conquisitor
2526 4279 2685 4349 hujus
2710 4278 2934 4333 swculi?
2956 4278 3049 4334 His
3074 4279 3233 4335 dictis
3280 4288 3390 4336 tam
3444 4280 3498 4336 in
3543 4278 3761 4336 Judzros

2171 4384 2333 4439 quam
2365 4371 2418 4424 in
2442 4370 2669 4440 gentiles
2700 4370 2989 4433 invehitur,
3026 4370 3154 4440 quia
3180 4381 3237 4427 et
3273 4370 3580 4427 Judteorum
3625 4370 3761 4427 seri-

2172 4461 2273 4523 bm,
2295 4472 2351 4516 et
2381 4461 2513 4530 legis
2540 4460 2794 4516 doctores
2848 4461 3016 4516 Deum
3069 4461 3236 4517 ﬁlium
3285 4463 3484 4518 habere
3531 4463 3758 4518 stultum

469 4554 866 4623 erangelizare,
894 4555 1020 4626 quia
1074 4556 1125 4609 in
1176 4555 1434 4623 episcopo
1477 4553 1717 4608 omnium
1775 4554 2071 4610 ordinatio-
2100 4598 2147 4657 υ
2173 4563 2366 4624 putant
2391 4553 2559 4608 credi.
2594 4553 2767 4609 Simili
2812 4554 2973 4609 modo
2999 4565 3056 4610 et
3090 4566 3277 4625 gentes
3331 4555 3473 4610 istud
3500 4556 3634 4611 risui
3662 4554 3759 4609 de-

472 4660 601 4698 num
632 4644 866 4715 dignitas
893 4654 999 4711 est,
1027 4654 1189 4714 caput
1230 4652 1313 4699 est
1342 4643 1487 4697 enim
1536 4651 1854 4699 ceterorum
1891 4661 2062 4700 mem-

468 4732 715 4789 brorum.
763 4734 868 4790 Per
908 4735 1050 4806 quod
1100 4735 1263 4789 etiam
1288 4733 1424 4804 {illos
1460 4733 1729 4795 bumiliat,
1760 4735 1957 4805 quibus
1991 4736 2063 4790 illi

471 4821 701 4876 multum
729 4822 952 4889 dabant,
995 4833 1277 4892 propterea
1304 4822 1451 4893 quod
1495 4822 1697 4877 abillis
1726 4823 1940 4878 fuerant
1968 4823 2064 4879 ba-

466 4912 678 4995 ptizati,
704 4922 765 4969 ut
788 4929 855 4969 ex
876 4929 942 4969 eo
963 4915 1161 4969 scirent
1190 4929 1295 4968 non
1326 4928 1581 4983 magnum
1602 4930 1722 4969 esse
1748 4914 2022 4984 baptizare
2046 4934 2060 4981 ;

470 5004 599 5072 quia
632 5019 740 5060 non
766 5005 945 5061 cumis
974 5006 1064 5074 qui
1102 5005 1341 5073 baptizat
1375 5005 1601 5060 idoneus
1624 5016 1710 5061 est
1753 5014 1807 5061 et
1833 5022 2064 5079 evange-

470 5096 661 5162 lizare,
691 5097 857 5152 verba
897 5098 1041 5151 enim
1073 5097 1332 5152 solemnia
1383 5107 1511 5153 sunt
1558 5114 1678 5168 qua:
1726 5100 1978 5156 dicuntur
2008 5104 2061 5157 in

468 5185 817 5257 baptismate.
883 5188 1122 5256 Denique
1172 5187 1447 5257 apostolus
1512 5189 1704 5245 Petrus
1754 5192 2062 5246 credentem

467 5274 781 5333 Cornelium
804 5292 925 5332 cum
956 5278 1071 5331 suis
1113 5279 1274 5348 jussit
1322 5279 1581 5348 baptizari
1633 5281 1781 5353 (Act.
1828 5283 1924 5353 κ),
1964 5298 2066 5340 nec

471 5366 725 5439 dignatus
749 5375 834 5423 est
858 5368 1123 5424 ministris
1150 5370 1451 5425 astantibus
1474 5370 1577 5426 hoc
1604 5387 1740 5442 opus
1770 5373 1947 5430 facere
1971 5391 1986 5440 ;
2014 5377 2063 5431 si

472 5455 619 5511 enim
647 5455 966 5525 defuissent,
1018 5458 1132 5529 ipse
1177 5460 1279 5515 hoc
1305 5462 1504 5532 egisset
1554 5463 1876 5519 necessitate
1915 5479 2063 5520 com-

470 5549 683 5619 puis'us.
720 5548 935 5617 Quanto
963 5567 1095 5623 ergo
1141 5553 1332 5608 melior
1371 5554 1456 5610 bis
1488 5555 1581 5621 sit,
1611 5570 1747 5625 quos
1788 5555 1864 5610 illi
1903 5570 2062 5612 vene-

476 5640 758 5707 rabantur,
805 5643 1062 5710 ostendit,
1090 5652 1146 5699 et
1196 5660 1301 5700 non
1344 5653 1525 5702 tamen
1556 5648 1658 5704 hoc
1706 5648 1912 5703 nomini
1962 5663 2062 5703 suo

476 5729 693 5786 decerni
724 5735 993 5802 permisit,
1046 5737 1227 5793 sciens
1268 5737 1630 5808 periculosum
1668 5754 1789 5796 esse
1835 5738 2063 5811 gloriam

476 5820 573 5879 Dei
600 5824 805 5883 nomini
833 5827 1068 5887 hominis
1093 5829 1367 5887 vindicem
1392 5851 1404 5886 :
1442 5840 1523 5888 est
1543 5834 1685 5889 enim
1709 5835 1862 5905 quasi
1893 5832 2064 5890 idolo-

2175 4655 2382 4717 putant.
2413 4646 2519 4702 Sed
2546 4646 2736 4712 Judaei,
2766 4648 2891 4719 quia
2922 4648 3023 4702 hoc
3050 4664 3154 4702 non
3190 4658 3297 4702 tam
3345 4655 3530 4717 aperte
3558 4648 3610 4701 in
3636 4646 3759 4716 iege

2173 4738 2533 4808 signiﬁcatum
2564 4745 2667 4803 est,
2700 4737 2980 4792 diuidunt:
3007 4737 3231 4808 gentiles
3262 4752 3391 4792 vero
3415 4737 3541 4807 quia
3570 4734 3757 4791 mundi

2172 4830 2308 4883 ratio
2335 4844 2438 4883 non
2472 4830 2611 4884 istud
2662 4829 2885 4900 recipit;
2919 4829 3055 4883 nihil
3097 4829 3243 4883 enim
3271 4827 3403 4882 dicit
3432 4842 3588 4896 posse
3636 4822 3758 4880 ﬁeri

2170 4922 2287 4977 sine
2314 4921 2706 4987 commistione,
2735 4921 2955 4977 stultum
3000 4919 3263 4989 iudicant.
3300 4919 3649 4990 Conquisitor
3670 4925 3758 4970 ta-

2172 5031 2293 5070 men
2322 5015 2499 5070 sreculi
2530 5014 2617 5071 hic
2665 5023 2767 5079 est,
2822 5015 2913 5084 qui
2956 5013 3455 5069 constellationibus
3482 5013 3566 5082 agi
3594 5024 3756 5066 mun-

2168 5106 2292 5159 dmn
2323 5114 2379 5159 et
2404 5104 2683 5160 duodecim
2712 5104 2882 5174 signis
2929 5111 3081 5157 ortus
3118 5111 3175 5157 et
3218 5118 3444 5157 occasus
3498 5101 3612 5156 ﬁeri
3660 5098 3756 5154 de-

2167 5194 2598 5258 cernitcaleulis,
2622 5194 2755 5248 nihil
2778 5195 3004 5249 omnino
3026 5194 3141 5248 sine
3166 5194 3354 5248 borum
3380 5182 3525 5247 motu
3556 5204 3754 5264 putans

2168 5285 2285 5339 ﬁeri
2312 5300 2487 5355 posse.
2526 5285 2712 5338 Nonne
2738 5284 2952 5337 stultam
2985 5285 3103 5355 fecit
3144 5284 3288 5338 Deus
3319 5284 3632 5353 sapientiam
3654 5288 3754 5336 hu-

2161 5376 2254 5447 jus
2280 5376 2508 5429 mundi?
2534 5375 2705 5429 Stulta
2730 5374 2871 5429 facta
2922 5384 3005 5433 est
3034 5376 3293 5444 sapientia
3338 5374 3499 5444 hujus
3540 5370 3747 5435 mundi,

2168 5476 2365 5540 putans
2394 5467 2536 5521 enim
2560 5482 2619 5523 se
2646 5482 2837 5538 sapere
2866 5467 3083 5523 inventa
3111 5476 3193 5521 est
3230 5467 3565 5538 imprudens.
3597 5459 3752 5533 Quod

2169 5560 2313 5615 enim
2342 5557 2671 5628 impossibile
2692 5556 2971 5626 judicabat
2996 5558 3253 5628 possibile
3288 5557 3616 5613 declaratum
3646 5560 3749 5614 est,

2170 5649 2337 5705 Deum
2364 5647 2692 5702 incuriosum
2720 5648 3015 5703 aestimans.
3050 5648 3149 5702 Est
3182 5647 3383 5718 aliquid
3409 5648 3512 5703 hac
3537 5654 3754 5700 asseve-

2170 5740 2379 5795 ratione
2408 5737 2646 5804 stultius,
2677 5745 2738 5793 ut
2784 5736 2978 5792 fecisse
3025 5737 3242 5793 dicatur
3286 5738 3542 5793 mundum
3566 5745 3620 5789 et
3656 5744 3753 5786 cu-

2170 5846 2285 5887 ram
2315 5829 2431 5903 ejus
2468 5846 2576 5886 non
2607 5829 2809 5902 agere?
2838 5828 2905 5885 ad
2930 5828 3058 5900 quid
3100 5828 3252 5895 fecit,
3285 5830 3332 5886 si
3375 5842 3479 5883 non
3508 5824 3573 5882 ad
3600 5824 3753 5880 illum

4054 3108 4055 3155 ι

4051 3184 4053 3249 1

4049 3284 4051 3343 Α

4046 3362 4050 3438 Ι

4045 3444 4047 3531 Α

4043 3544 4045 3625 1
