4082 6332
311 387 377 444 l7
808 385 1354 445 ENARBATIONUM
1391 386 1457 442 IN
1498 386 1646 442 EPP.
1687 385 1893 443 PAULI
1930 386 2055 443 LIB.
2096 385 2189 441 IX.
2230 417 2299 428 --
2337 385 2407 442 ΙΝ
2444 384 2663 442 EPIST.
2703 352 2858 442 IAD
2886 382 3045 440 COB.
3500 382 3593 443 η’

307 505 545 580 pertinet
578 501 723 576 quod
758 503 927 559 fecit?
957 504 1053 559 sed
1092 505 1219 574 quia
1249 488 1430 557 vident
1473 501 1734 574 quosdam
1774 501 1889 556 feli-
1917 508 1967 563 Λ
1993 501 2217 556 credere
2256 500 2594 556 cruciﬁxum.
2640 498 2867 573 (Ambr.)
2911 498 3235 554 Scandalum
3265 506 3347 554 est
3374 495 3577 558 ludatis

307 600 446 657 citer
478 596 680 656 mundo
702 596 825 658 frui,
865 597 1126 665 quosdam
1163 594 1407 666 deprimi,
1430 603 1486 650 et
1511 595 1646 649 bene
1671 602 1904 664 agentes-

308 689 533 760 despici,
562 686 851 742 malevolos
872 687 1112 758 gloriari,
1142 686 1343 740 idcirco
1372 685 1699 740 incuriosum
1724 687 1890 741 Deum

304 796 427 837 esse
459 779 825 836 crediderunt.
874 778 977 845 Qui
1020 778 1348 834 incuriosum
1392 777 1560 831 Deum
1589 777 1742 843 dicit,
1786 792 1891 831 non

303 879 465 939 negat
504 869 845 935 malevolum,
899 877 992 923 aut
1039 869 1334 940 injustam:
1383 877 1478 923 aut
1521 869 1664 924 enim
1685 867 1895 935 iudica:-

305 972 460 1012 turus
487 966 573 1013 est
598 957 876 1022 mundum,
893 966 948 1011 et
969 956 1198 1025 injustus
1218 964 1325 1022 est,
1343 956 1688 1013 dissimulans
1712 956 1779 1014 de
1804 959 1897 1012 ho-

303 1047 388 1101 nis
418 1054 474 1101 et
496 1046 709 1116 patiens
736 1045 852 1100 ﬁeri
889 1045 1049 1099 mala.
1082 1044 1138 1099 Si
1165 1045 1329 1113 igitur
1350 1044 1782 1100 animadvertant
1809 1062 1894 1102 se-

302 1136 479 1207 posito
506 1137 633 1191 odio
657 1136 852 1191 divinae
872 1135 1020 1206 legis,
1046 1142 1270 1205 possunt
1290 1135 1474 1190 videre
1489 1150 1708 1191 causam
1732 1136 1891 1192 istam

301 1244 332 1283 a
362 1228 519 1284 nobis
576 1227 878 1290 terminari,
920 1227 1013 1296 qui
1059 1226 1154 1281 Dei
1204 1226 1464 1297 judicium
1493 1235 1889 1297 exspectamus,

304 1318 359 1381 in
394 1330 504 1387 quo
528 1318 580 1371 vi
627 1317 872 1386 depressi
919 1316 1322 1382 exaltabuntur,
1367 1323 1422 1371 et
1464 1317 1686 1372 violenti
1715 1318 1893 1373 humi-

300 1407 596 1474 liabuntur,
627 1408 752 1477 quia
801 1422 907 1463 non
934 1415 1017 1463 est
1052 1422 1405 1479 personarum
1454 1410 1699 1480 acceptio
1749 1411 1890 1480 apud

302 1499 493 1555 Deum.
1743 1511 1762 1539 ‹

319 1638 327 1655 ι
372 1613 520 1668 Nam
552 1611 803 1683 quoniam
831 1611 889 1668 in
915 1613 1173 1684 sapientia
1208 1613 1307 1669 Dei
1334 1631 1438 1669 non
1463 1615 1697 1686 cognovit
1738 1632 1891 1669 mun-

298 1706 401 1758 dus
427 1719 521 1774 per
538 1703 850 1773 sapientiam
874 1703 1066 1768 Deum,
1106 1704 1301 1775 placuit
1340 1704 1450 1759 Deo
1484 1721 1576 1774 per
1613 1704 1889 1759 stultitiam

298 1794 712 1865 praedicationis,
758 1793 928 1849 salvos
977 1794 1149 1864 facere
1202 1796 1486 1850 credentes.
1520 1797 1704 1867 (κίεις.)
1749 1797 1887 1863 Quid

298 1887 446 1942 enim
483 1894 592 1940 tam
624 1884 802 1940 simile
830 1884 1225 1955 imprudentiae,
1254 1901 1417 1956 quam
1462 1886 1555 1955 qui
1584 1885 1806 1941 haberet
1831 1886 1885 1942 in

297 1984 571 2047 potestate
610 1990 719 2030 una
746 1990 880 2031 voce
934 1990 1063 2031 SUOS
1116 1984 1490 2045 persecutores
1521 1986 1883 2046 prosternere,

299 2076 577 2140 pateretur
622 2084 681 2123 se
726 2067 917 2135 teneri,
944 2067 1221 2139 ﬂagellari,
1249 2069 1497 2139 conspui,
1533 2068 1885 2138 colaphizari,

297 2161 472 2231 spinis
494 2160 771 2224 coronari,
797 2160 943 2231 ligno
970 2159 1131 2230 alligi,
1160 2159 1534 2230 imprudentiae
1556 2158 1732 2215 simile
1769 2173 1889 2213 esse

295 2260 353 2306 et
377 2248 605 2305 stultum
630 2249 880 2304 videtur:
914 2249 1011 2303 sed
1039 2249 1265 2304 stultum
1293 2250 1397 2304 hoc
1433 2257 1654 2317 superat
1697 2264 1888 2304 omnes

296 2341 589 2413 sapientes.
618 2340 837 2412 (δῖος.)
861 2340 1095 2396 Verbum
1119 2342 1325 2412 quippe
1354 2341 1449 2397 Dei
1491 2341 1755 2411 sapientia
1783 2350 1887 2406 est,
1958 2398 1971 2405 _

299 2433 397 2486 sed
422 2430 655 2486 stultitia
674 2428 840 2500 hujus
864 2430 1142 2501 sapientiai
1172 2431 1316 2487 dicta
1343 2439 1429 2487 est
1462 2445 1592 2487 caro
1619 2429 1806 2497 Verbi,
1830 2440 1890 2486 ut

265 2506 268 2515 '
297 2522 429 2591 quia
457 2519 705 2576 carnales
730 2519 932 2591 quique
952 2535 1049 2590 per
1068 2521 1244 2576 carnis
1266 2536 1377 2576 sure
1396 2520 1737 2590 prudentiam
1762 2536 1904 2592 perm

299 2613 513 2681 tingere
532 2625 643 2666 non
653 2609 905 2665 valebant
924 2610 994 2665 ad
1010 2610 1329 2681 sapientiam
1352 2610 1469 2675 Dei,
1487 2624 1583 2681 per
1603 2611 1900 2667 stultitiam-

302 2701 726 2773 pradicationis,
764 2701 819 2756 id
847 2708 932 2757 est
956 2717 1055 2773 per
1081 2717 1299 2758 carnem
1328 2703 1511 2767 Verbi,
1533 2712 1885 2763 sanarentur.

304 2793 541 2864 (Aman)
562 2793 675 2849 Non
692 2793 942 2865 cognovit
963 2793 1216 2860 mundus,
1240 2794 1293 2849 id
1317 2803 1400 2849 est
1426 2795 1692 2860 homines,
1718 2795 1889 2851 Deum

302 2884 362 2938 in
405 2884 668 2954 sapientia
709 2884 846 2955 ejus.
907 2883 1045 2952 Quia
1084 2885 1300 2940 unicatn
1360 2887 1697 2958 majestatem
1747 2887 1890 2943 illius

302 2976 577 3045 ﬁgmentis
601 2975 886 3043 dederunt,
917 2978 1002 3032 vel
1045 2976 1352 3043 elementis,
1390 2976 1793 3039 dissimulantes
1821 2977 1890 3033 de

300 3081 390 3134 eo,
414 3081 514 3136 per
540 3066 860 3137 sapientiam
891 3067 1075 3123 carnis
1117 3075 1371 3138 putantes
1395 3068 1511 3125 bzec
1540 3069 1737 3124 debere
1760 3069 1886 3135 coli,

300 3173 423 3228 quae
452 3157 705 3214 videntur
726 3176 742 3212 :
764 3167 1049 3228 propterea
1078 3159 1281 3228 placuit
1308 3160 1421 3215 Deo
1448 3159 1887 3230 medicationem

300 3252 575 3315 ordinare,
604 3268 725 3324 quae
742 3252 851 3309 illis
877 3252 1040 3309 stulta
1058 3254 1349 3321 videretur,
1380 3263 1441 3309 ut
1458 3255 1742 3311 credentes
1767 3271 1890 3327 qua:

304 3344 381 3398 illi
412 3342 681 3410 difﬁdunt,
711 3342 847 3399 salvi
878 3343 1089 3411 ﬁerent,
1114 3345 1223 3401 illis
1246 3345 1534 3400 damnatis.
1567 3344 1889 3402 vicissitudo

301 3449 434 3504 ergo
473 3435 591 3490 haec
618 3442 722 3501 est,
750 3448 849 3504 per
893 3449 1056 3505 quam
1087 3435 1183 3491 Dei
1223 3435 1450 3493 consilio
1473 3434 1667 3491 falsum
1704 3451 1735 3491 a
1760 3452 1889 3493 vero

302 3523 617 3579 damnatur.

375 3634 640 3701 Quoniam
665 3636 847 3694 Judwi
874 3639 1025 3711 signa
1060 3649 1240 3712 petunt
1285 3652 1334 3697 et
1362 3639 1534 3697 (ἔτευσί
1574 3642 1887 3714 sapientiam

300 3737 565 3795 quierunt.
594 3726 825 3800 (Ambr.)
852 3728 1023 3787 Judrei
1070 3732 1219 3802 signa
1249 3740 1459 3801 petunt,
1489 3734 1615 3803 quia
1646 3748 1752 3788 non
1781 3732 1886 3789 dif-

302 3815 479 3870 ﬁdunt
528 3819 769 3888 potuisse
820 3820 959 3887 ﬁeri,
1010 3822 1103 3877 sed
1153 3839 1222 3877 an
1274 3823 1476 3879 factum
1520 3824 1592 3879 sit
1615 3832 1885 3894 quairunt.

302 3906 553 3965 Scientes
590 3911 800 3984 virgam
841 3913 1025 3970 Aaron
1071 3916 1283 3971 aridam
1334 3917 1664 3987 germinasse
1690 3927 1747 3973 et
1769 3916 1885 3972 fru-

299 4009 450 4056 ctum
474 4003 751 4070 attulisse,
784 4015 840 4060 et
875 4004 1067 4062 Jonam
1095 4022 1126 4062 a
1159 4017 1284 4064 ceto
1317 4008 1636 4079 deglutitum
1676 4009 1733 4065 in
1757 4024 1888 4064 ven-

301 4100 386 4147 tre
414 4091 533 4161 ejus
579 4094 752 4150 tribus
797 4096 986 4152 diebus
1013 4106 1071 4153 et
1118 4098 1291 4155 tribus
1333 4100 1582 4155 noctibus
1615 4099 1803 4166 fuisse,
1832 4108 1889 4157 et

298 4185 487 4259 vivum
508 4185 739 4255 ejectum
763 4202 919 4244 esse:
955 4188 1084 4246 illud
1113 4198 1289 4244 tamen
1328 4189 1595 4261 prtecipue
1617 4202 1884 4262 quaerunt,

297 4286 362 4332 ut
398 4278 604 4349 aliquid
634 4278 741 4335 tale
788 4281 1023 4348 videant,
1054 4282 1199 4353 quod
1247 4282 1381 4338 vidit
1413 4283 1624 4355 Moyses
1665 4286 1720 4340 in
1763 4286 1887 4357 igne

298 4370 513 4436 Deum;
540 4372 684 4427 unde
717 4374 922 4440 dicunt,
948 4374 1058 4430 Nos
1084 4376 1286 4431 scimus
1315 4378 1440 4446 quia
1484 4377 1651 4450 Moysi
1678 4379 1887 4437 locutus

297 4470 387 4515 est
405 4461 571 4527 Deus,
596 4478 721 4518 cum
748 4463 920 4533 majus
948 4465 1020 4520 sit
1048 4476 1317 4522 mortuum
1345 4466 1606 4523 Lazarum
1660 4468 1887 4526 fetidum

1993 594 2118 647 dum
2149 594 2372 647 audiunt
2405 594 2681 648 Christum
2712 592 2807 647 Dcl
2835 607 2895 648 se
2921 590 3087 646 ﬁlium
3129 589 3496 658 conﬁtentem,
3520 598 3580 648 et

1995 683 2288 738 Sahbattun
2321 693 2713 747 evacuantem;
2750 681 2998 752 gentibus
3045 690 3226 736 autem
3266 680 3608 749 stultitiam,‘

1992 778 2117 846 quia
2143 777 2369 830 audiunt
2411 792 2475 830 ea
2519 775 2823 845 praedicari,
2854 790 2975 843 qua:
3018 775 3143 829 dum
3187 774 3383 829 rationi
3412 790 3575 830 mun-

1991 866 2144 920 danae
2170 881 2276 920 non
2318 875 2638 936 congruunt,
2677 865 2951 920 insensata
2992 865 3265 929 videntur,
3296 873 3355 920 et
3381 858 3605 935 partus'

1990 959 2217 1029 virginis
2240 966 2296 1013 et
2320 958 2645 1013 resurrectio
2672 965 3027 1012 mortuorum.
3061 955 3198 1027 Ipsis
3233 972 3355 1011 vero
3383 958 3577 1013 vocatis

1990 1048 2195 1102 Judtris
2237 1056 2394 1119 atque
2441 1044 2638 1102 (ἔπραξε
2685 1046 2949 1102 Christum
2976 1047 3076 1102 Dei
3110 1049 3351 1119 virtutem
3397 1057 3445 1102 et
3477 1048 3578 1107 Dei

1990 1149 2323 1219 sapientiam,
2370 1146 2498 1217 quia
2542 1148 2681 1215 apud
2731 1146 2905 1216 ipsum
2948 1160 3161 1215 semper
3208 1152 3314 1211 est,
3359 1145 3487 1215 quia
3519 1146 3578 1199 in

1989 1238 2243 1308 principio
2286 1246 2397 1291 erat
2440 1235 2682 1301 Verbum,
2728 1247 2775 1290 rt
2814 1234 3035 1290 Verbum
3060 1246 3171 1290 erat
3212 1236 3355 1306 apud
3379 1235 3576 1303 Deum,

1989 1338 2035 1379 et
2089 1325 2228 1381 Deus
2273 1337 2386 1380 crat
2450 1325 2688 1381 Verbum.
2724 1326 2996 1381 Suadentc
3036 1326 3256 1391 virtute,
3302 1341 3425 1396 quas
3474 1341 3576 1398 po-

1994 1419 2095 1473 tior
2148 1418 2331 1472 verbis
2358 1425 2462 1482 est,
2501 1417 2784 1473 credentes
2835 1417 2891 1471 in
2934 1415 3211 1471 Christum
3242 1415 3574 1488 intelligunt,

1989 1509 2159 1564 iudici
2212 1509 2465 1578 primum,
2518 1508 2610 1578 qui
2658 1509 2868 1575 signum
2906 1507 3245 1577 quaerebant,
3296 1506 3578 1565 Christum

1990 1602 2085 1657 Dei
2115 1616 2235 1656 esse
2264 1601 2517 1654 virtutem
2544 1616 2559 1664 ;
2591 1609 2646 1653 et
2688 1598 2862 1653 Graeci
2910 1597 3161 1653 similiter
3206 1598 3395 1654 vident
3420 1597 3583 1655 Chri-

2018 1699 2130 1745 tum
2176 1688 2271 1743 Dei
2301 1703 2420 1744 esse
2466 1687 2808 1759 sapientiam,
2842 1687 2987 1742 illam
3035 1694 3219 1742 autem
3245 1686 3591 1743 mundanam.

1988 1798 2150 1854 quam
2198 1781 2348 1851 prius
2401 1781 2661 1849 putabant
2711 1777 3073 1848 prudentiam,
3110 1778 3401 1835 maximam
3457 1793 3580 1835 esse

1991 1874 2292 1929 stultitiam.
2316 1871 2513 1944 (Amb.)
2540 1872 2723 1926 Virtus
2743 1886 2871 1941 ergo
2896 1870 2991 1925 Dei
3013 1878 3097 1926 est
3120 1869 3246 1939 quia
3274 1885 3374 1940 per
3403 1869 3592 1940 ipsam.

1989 1969 2171 2022 omnia
2202 1965 2326 2020 fecit
2374 1963 2518 2019 Deus
2567 1963 2766 2029 Pater;
2819 1962 3085 2032 sapientia
3133 1969 3311 2017 autem
3374 1961 3591 2019 idcircm

1990 2058 2116 2128 quia
2141 2071 2236 2126 per
2265 2056 2434 2125 ipsam
2464 2055 2711 2126 cognitus
2738 2062 2823 2109 est
2872 2052 3010 2108 Deus
3034 2070 3047 2106 :
3088 2068 3188 2109 nec
3222 2052 3368 2107 enim
3394 2057 3583 2123 posset

1991 2147 2245 2223 cognosci
2286 2148 2447 2209 Deus,
2489 2144 2591 2199 nisi
2634 2160 2732 2216 per
2771 2160 2896 2199 eum
2924 2144 3016 2215 qui
3044 2151 3188 2199 esset
3211 2143 3281 2201 de
3308 2159 3391 2199 eo.
3435 2142 3585 2210 Quia

1992 2254 2140 2292 nemo
2186 2238 2345 2303 novit,
2378 2252 2471 2291 nec
2516 2235 2640 2290 vidit
2682 2233 2898 2289 Patrem
2925 2234 3026 2289 nisi
3066 2231 3262 2293 Filius,
3301 2243 3351 2289 et
3384 2234 3471 2289 cui
3490 2249 3589 2289 νο-

1988 2326 2145 2382 tuerit
2167 2324 2343 2382 Filias
2366 2324 2593 2381 revelare
2620 2324 2771 2398 (Luc.
2790 2323 2870 2396 ι).

2065 2461 2203 2529 Quia
2231 2461 2370 2533 quod
2400 2460 2619 2517 stultum
2647 2470 2723 2516 est
2750 2460 2870 2528 Dei,
2900 2462 3191 2532 sapientius
3231 2470 3307 2516 est
3346 2460 3576 2516 homini-

1991 2556 2105 2610 bus.
2134 2553 2359 2627 (Maura)
2389 2553 2542 2622 Quod
2578 2552 2800 2610 stultum
2835 2561 3056 2624 putatur
3081 2552 3177 2608 Dei
3217 2567 3432 2609 omnem
3479 2551 3579 2607 hu-

1992 2661 2205 2701 manam
2257 2646 2577 2716 sapientiam
2624 2645 2912 2710 antecedit,
2951 2646 3075 2714 quia
3122 2660 3219 2715 per
3251 2643 3575 2716 sapientiam

1990 2753 2143 2793 suam
2169 2738 2386 2793 liberari
2417 2753 2522 2792 non
2573 2746 2822 2809 poterant
2872 2738 2983 2820 .qui
3026 2752 3124 2807 per
3151 2737 3330 2792 crucis
3371 2744 3577 2808 myste-

1992 2828 2130 2881 rium
2158 2837 2283 2883 sunt
2305 2828 2514 2882 salvati.
2548 2827 2613 2898 (ϐ
2622 2826 2752 2899 reg.)
2782 2827 3019 2883 Stultum
3045 2826 3240 2897 quippe
3268 2825 3580 2883 hominibus

1992 2917 2165 2971 visum
2190 2927 2293 2981 est,
2322 2924 2383 2971 ut
2403 2932 2501 2985 pro
2525 2917 2836 2972 hominibus
2878 2925 3069 2972 auctor
3096 2917 3221 2972 vita:
3250 2924 3575 2981 moreretur,

1991 3018 2047 3064 et
2067 3007 2190 3063 inde
2219 3014 2408 3063 contra
2434 3022 2559 3062 eum
2586 3009 2747 3062 homo
2789 3007 3100 3062 scandalum
3149 3007 3400 3077 sumpsit,
3432 3009 3573 3061 unde

1991 3100 2042 3155 ei
2078 3099 2309 3170 amplius
2335 3098 2548 3155 debitor
2578 3099 2692 3154 ﬁeri
2721 3100 2924 3154 debuit.
2970 3098 3108 3153 Nam
3134 3107 3285 3154 tanto
3319 3099 3463 3154 Deus
3503 3101 3604 3158 ab.

1916 3210 1961 3273 ρ
1994 3191 2302 3248 hominibus
2338 3191 2553 3262 dignius
2593 3191 2940 3247 honorandus
2968 3200 3071 3257 est,
3117 3200 3320 3261 quanto
3344 3208 3444 3264 pro
3472 3193 3574 3249 ho-

1989 3282 2227 3338 minibus
2265 3282 2567 3353 indigniora
2612 3282 2866 3353 suscepit.
2915 3281 3142 3354 (Ambr.)
3183 3280 3418 3337 Stultum
3453 3281 3570 3347 Dei,

1990 3377 2181 3447 inquit,
2217 3392 2323 3431 non
2347 3376 2472 3448 quia
2495 3391 2621 3433 vere
2642 3376 2865 3433 stultum
2893 3385 2995 3443 est,
3024 3375 3118 3433 sed
3149 3377 3275 3448 quia
3301 3376 3370 3431 ab
3393 3375 3571 3431 homi-

1991 3468 2172 3535 nibus,
2202 3468 2329 3523 dum
2357 3468 2549 3524 rationi
2586 3468 2869 3524 mundana:
2907 3484 3014 3523 non
3052 3467 3325 3532 convenit,
3352 3466 3580 3523 stultum

1987 3568 2229 3633 putatur,
2257 3576 2381 3616 cum
2410 3561 2481 3616 sit
2508 3560 2649 3617 ratio
2690 3560 2984 3631 spiritalis:
3021 3576 3084 3616 ac
3113 3576 3209 3630 per
3231 3560 3343 3616 hoc
3362 3559 3589 3631 sapien~

1992 3658 2098 3713 tius
2126 3656 2455 3728 dignoscitur
2481 3670 2602 3712 esse
2646 3654 2974 3717 hominibus,
3003 3653 3129 3724 quia
3164 3651 3426 3724 spiritalia
3454 3651 3581 3721 plus

1988 3749 2203 3818 sapiunt
2231 3762 2393 3819 quam
2422 3746 2682 3802 carnalia.
2712 3745 2831 3800 Non
2869 3745 3012 3799 enim
3042 3743 3304 3815 spiritalia
3334 3757 3432 3813 per
3450 3756 3589 3797 car-'-

1989 3840 2131 3896 nalia
2155 3849 2298 3904 sunt,
2327 3841 2421 3896 sed
2446 3839 2683 3895 carnalia
2707 3844 2957 3893 constant
2980 3853 3078 3907 per
3116 3834 3396 3906 spiritalia,
3430 3832 3594 3888 ideae:

1988 3949 2094 4003 que
2120 3931 2361 4001 subjecta
2392 3939 2518 3987 sunt
2565 3929 2803 3986 carnalia
2835 3926 3187 3998 spiritalibus.
3233 3924 3303 3978 Et
3324 3923 3463 3993 quod
3496 3922 3583 3977 in-

1988 4026 2195 4094 ﬁrmum
2243 4032 2318 4078 est
2348 4022 2444 4076 Dei
2487 4021 2676 4091 fortius
2708 4029 2783 4074 est
2825 4016 3141 4073 hominibus.
3173 4015 3400 4088 (ΜΑωι.)
3428 4014 3574 4070 Mor-

1991 4124 2119 4180 tem,
2141 4128 2304 4183 quam
2328 4126 2429 4167 nec
2455 4109 2712 4182 Gigantes
2731 4108 2963 4163 evadere
2989 4114 3299 4178 potuerunt,
3324 4105 3574 4161 cruciﬁxi

1989 4204 2275 4259 inﬁrmitas
2324 4202 2620 4273 superavit.
2668 4197 2901 4273 (Ambr.)
2948 4198 3077 4254 Sine
3124 4197 3287 4253 dubio
3331 4195 3574 4253 caelestia

1990 4300 2209 4353 vincunt
2255 4305 2491 4361 terrena,
2522 4294 2874 4366 quamobrem
2918 4291 3191 4346 inﬁrmum
3230 4290 3327 4345 Dei
3356 4304 3462 4346 non
3494 4297 3580 4345 est

1990 4392 2280 4455 inﬁrmum,
2307 4389 2430 4460 quia
2466 4387 2753 4443 inﬁrmitas
2780 4385 2981 4441 Christi
3004 4399 3195 4456 magna
3218 4384 3446 4440 victoria
3469 4391 3573 4439 est.

1991 4482 2132 4538 Vicit
2177 4482 2323 4537 enim
2363 4496 2487 4536 cum
2526 4479 2700 4534 victus
2740 4478 2986 4540 videtur,
3037 4476 3175 4532 sicut
3212 4475 3289 4531 ait
3330 4476 3386 4530 in
3433 4475 3574 4546 psal-

295 4565 497 4625 quarto
530 4557 617 4613 die
651 4559 717 4613 de
740 4570 1091 4617 monumento
1117 4563 1298 4617 vivum
1328 4564 1524 4620 exisse.
1555 4563 1729 4621 Gl‘tBCi
1754 4578 1884 4624 vero
1908 4566 1961 4625 D
1991 4592 2078 4631 mo
2106 4592 2136 4630 L
2164 4594 2175 4628 :
2212 4571 2279 4628 Ut
2304 4575 2479 4629 vincas
2505 4589 2621 4627 cum
2643 4569 2927 4641 judicaris.
2959 4568 3143 4624 Victor
3168 4570 3313 4624 enim
3342 4567 3527 4624 existit
3555 4608 3569 4633 ,

299 4648 623 4716 sapientiam
653 4658 922 4719 quaerunt,
942 4652 1069 4722 quia
1092 4652 1281 4707 nolunt
1306 4653 1494 4711 audire
1520 4662 1879 4726 praeterquam

297 4753 422 4805 qua:
443 4738 631 4794 mundi
662 4740 873 4796 ratione
899 4742 1173 4811 possibilia
1199 4752 1344 4799 sunt.

377 4868 491 4924 Nos
532 4880 706 4927 autem
743 4873 1090 4943 pra’dt'camtts
1121 4872 1386 4930 Christum
1427 4877 1757 4947 crucifixum,
1781 4877 1881 4933 Ju-

294 4960 429 5015 dteis
461 4961 670 5030 quidem
710 4964 1043 5031 scandalum,
1089 4965 1323 5036 gentibus
1367 4976 1540 5022 autem
1583 4968 1879 5023 stultitiam.

294 5049 527 5124 (Alsum)
564 5052 791 5109 Multum
819 5071 971 5110 suam
1018 5057 1316 5113 doctrinam
1360 5059 1429 5114 ab
1467 5058 1685 5114 illorum
1725 5076 1886 5117 sensu

292 5142 611 5214 discrepare
652 5146 1008 5205 demonstrat.
1048 5147 1256 5204 Judwis
1294 5150 1503 5221 quidem
1550 5150 1882 5206 scandalum.

288 5229 751 5291 Scandalizantur
779 5237 824 5291 si
863 5237 1082 5293 audiant
1119 5254 1151 5294 a
1191 5254 1248 5294 se
1274 5240 1549 5296 Christum
1602 5241 1742 5296 mori
1790 5257 1887 5312 po-

288 5325 485 5392 tuisse,
513 5342 677 5397 quem
721 5328 797 5383 illi
842 5331 994 5400 quasi
1042 5332 1401 5387 immortalem
1447 5341 1785 5402 exspectant,
1830 5336 1884 5391 id

286 5425 398 5481 est,
427 5418 575 5487 quod
602 5418 853 5475 dicebant
890 5438 983 5475 nos
1014 5422 1309 5476 audivimus
1333 5439 1398 5477 ex
1440 5423 1549 5493 lege
1576 5424 1699 5494 quia
1726 5422 1879 5479 Chri-

282 5516 405 5561 stus
427 5517 603 5561 manet
628 5508 683 5560 in
706 5518 955 5564 wternum
991 5510 1173 5581 (Joan.
1198 5510 1297 5583 xu)
1323 5528 1338 5575 ;
1369 5528 1475 5566 non
1521 5512 1882 5585 intelligentes

283 5597 419 5666 quia
460 5598 610 5653 illum
660 5600 890 5670 primum
921 5602 1032 5673 pati
1075 5603 1377 5673 oportebat,
1423 5614 1477 5659 et
1521 5605 1600 5659 sic
1640 5605 1694 5659 in
1725 5622 1877 5662 suam

284 5689 521 5760 gloriam
562 5692 791 5747 introire
816 5709 831 5759 ;
859 5693 1095 5763 gentibus
1121 5703 1296 5749 autem
1326 5692 1639 5761 stultitiam;
1679 5712 1876 5752 secun-

285 5783 418 5839 dum
449 5783 775 5841 mundanam
816 5786 1130 5857 sapientiam
1164 5785 1389 5843 stultitia
1428 5785 1659 5854 videtur,
1708 5789 1872 5844 Deum

1988 4670 2078 4738 qui
2113 4666 2307 4736 injuste
2354 4662 2643 4732 occiditur,
2690 4678 2843 4719 reum
2870 4661 3204 4717 constituens
3232 4676 3263 4716 a
3293 4674 3400 4731 quo
3427 4659 3572 4747 occi-

1987 4762 2150 4816 ditur.

2070 4872 2270 4939 Videte,
2298 4873 2511 4943 fratres,
2535 4854 2850 4931 vocationem
2877 4881 3118 4935 vestram,
3149 4871 3271 4941 quia
3289 4886 3392 4923 non
3420 4868 3575 4923 multi

1992 4966 2248 5034 sapientes
2282 4962 2587 5017 secundum-
2626 4978 2830 5027 amem,
2870 4978 2972 5015 non
3003 4959 3155 5014 multi
3189 4968 3443 5031 potentes,
3469 4975 3572 5013 non

1990 5054 2138 5108 multi
2169 5052 2386 5109 nobiles.
2434 5052 2773 5108 Manifestum
2814 5060 2899 5107 cst
2944 5052 3068 5121 quia
3114 5050 3269 5120 pauci
3309 5056 3436 5104 sunt
3479 5050 3569 5120 qui

1992 5146 2175 5202 mundi
2210 5144 2509 5200 rationibus
2556 5142 2721 5198 inflati
2769 5144 2941 5213 magis
2984 5158 3145 5211 quam
3189 5141 3389 5197 eruditi
3422 5148 3570 5207 sunt,

1990 5239 2093 5292 hoc
2129 5246 2241 5305 est,
2268 5238 2358 5309 qui
2389 5236 2668 5293 stellarum
2709 5245 2889 5291 motus
2931 5235 3240 5305 inspiciunt,
3278 5240 3335 5288 et
3361 5232 3567 5288 discer-

1991 5338 2144 5384 nunt.
2177 5329 2323 5400 lpsos
2350 5339 2529 5385 autem
2560 5329 2691 5385 dicit
2714 5338 2770 5385 et
2802 5329 2968 5384 fortes
2991 5328 3287 5384 secundum
3325 5342 3565 5391 carnem,

1990 5439 2125 5492 quos
2151 5431 2203 5477 et
2233 5423 2561 5493 prudentes:
2593 5430 2649 5476 et
2693 5422 2811 5478 ideo
2858 5421 3047 5486 fortes,
3096 5421 3219 5491 quia
3264 5421 3567 5491 passionem

1987 5515 2164 5569 crucis
2209 5515 2411 5570 Christi
2458 5514 2725 5569 inﬁrmam
2777 5521 3060 5568 asserunt:
3118 5513 3373 5583 iniquitas
3421 5511 3569 5568 enim

1988 5606 2143 5660 furtis
2181 5615 2236 5661 et
2271 5607 2489 5662 vincere
2529 5607 2631 5661 sibi
2684 5605 2897 5661 videtur
2920 5605 2986 5658 ad
3015 5612 3242 5673 tempus.
3270 5604 3374 5675 ipsi
3401 5603 3567 5659 etiam

1984 5698 2188 5753 nobiles
2212 5713 2308 5769 per
2328 5714 2463 5769 quos
2492 5696 2861 5769 superstitioni
2892 5712 3003 5750 sua:
3025 5695 3289 5766 originem
3327 5691 3564 5763 antiqui-

1985 5791 2109 5844 tatis
2138 5789 2433 5860 assignant,
2460 5805 2556 5846 nos
2578 5787 2815 5845 novellos
2837 5787 3076 5843 dicentes
3101 5805 3114 5852 ;
3141 5800 3247 5841 non
3270 5799 3397 5855 ergo
3426 5784 3565 5839 hanc
