4082 6332
460 319 531 378 19
1101 321 1160 378 Β.
1200 321 1453 380 RABANI
1492 324 1713 384 MAURI
1746 326 2063 384 ARCHIEP.
2107 310 2421 387 MOGU‘N'T.
2462 329 2748 391 OPERUM
2786 332 2966 394 PARS
3000 334 3090 395 lll.
3666 344 3742 404 20

459 428 918 497 asseverationem
957 439 1119 513 elegit
1158 440 1299 497 Dens
1335 459 1457 514 quae
1504 445 1557 500 in
1598 445 1786 515 paucis
1811 454 1912 501 est.
1943 444 2047 501 Sed
2075 452 2127 510 Α
2156 444 2346 500 incohe
2384 439 2493 531 loci
2542 445 2687 502 illius
2735 447 2914 503 villam
2945 449 3238 520 appellant,
3280 456 3392 508 tam
3418 464 3607 524 parva,
3629 463 3745 516 tam

456 531 620 587 stulta
667 532 850 586 mundi
896 531 1046 603 elegit
1097 541 1155 586 ut
1203 532 1491 604 confundat
1543 536 1819 605 sapientes.
1871 536 2047 592 Stulta
2078 562 2108 597 ο
2151 538 2366 608 exigua,
2414 545 2522 594 tam
2568 553 2734 611 prope
2784 541 2929 596 nulla
2973 550 3058 597 est
3104 543 3208 599 nisi
3259 544 3485 613 pristina
3528 547 3743 607 Domini

456 621 644 677 mundi
673 629 800 677 sunt
824 620 1088 694 virginem
1112 623 1400 695 peperisse,
1432 633 1491 680 et
1530 625 1626 680 Dei
1672 626 1841 680 ﬁlium
1867 628 2064 683 crucia

457 711 666 767 ﬁxum:
693 712 841 768 credi
879 713 1023 769 enim
1053 714 1157 770 hoc
1200 715 1422 771 stultum
1450 725 1625 788 putat,
1670 719 1794 774 ideo
1823 719 1965 775 Deus
1989 729 2050 776 ut

456 801 604 857 hunc
646 801 958 869 confundat,
1002 803 1104 860 hos
1146 803 1331 877 elegit,
1372 807 1466 877 qui
1495 808 1597 865 hoc
1627 808 1870 875 credunt,
1901 810 2055 889 quod.

457 895 549 951 hic
577 895 800 951 stultum
818 894 1028 966 judicat
1061 911 1077 951 :
1123 897 1532 957 confunduntur
1570 896 1718 955 enim
1746 902 2042 971 sapientes,

457 987 586 1043 dum
623 1003 748 1059 qua;
770 989 928 1059 pauci
973 1000 1203 1061 negant,
1235 992 1433 1048 multos
1467 992 1652 1049 vident
1693 993 1873 1051 fateri.
1926 994 2046 1052 Non

456 1088 542 1136 est
568 1080 713 1137 enim
740 1082 1050 1154 ambiguum
1086 1083 1378 1141 multorum
1409 1087 1709 1143 sententias
1749 1101 2044 1157 paucorum

455 1171 709 1227 anteponi
757 1172 1060 1228 sententiis.
1092 1169 1296 1246 (στου.)
1342 1175 1535 1243 Aliter,
1565 1177 1634 1232 ad
1681 1178 2044 1248 cognitionem

457 1262 582 1318 ﬁdei
604 1263 754 1333 prius
773 1263 933 1319 stulta
960 1266 1143 1322 muudl
1175 1267 1402 1325 collecta
1420 1279 1568 1337 sunt,
1588 1280 1648 1327 ut
1667 1280 1855 1343 postea
1882 1274 2044 1330 etiam

456 1362 635 1410 astuta
678 1364 1027 1423 vocarentur,
1072 1357 1240 1416 Paulo
1272 1368 1580 1428 attestante,
1630 1364 1723 1434 qui
1766 1366 1886 1421 ait:
1921 1365 2046 1423 Non

457 1446 610 1502 multi
649 1448 912 1519 sapientes
947 1451 1232 1529 secundum
1271 1470 1484 1510 carnem
1534 1471 1638 1510 non
1685 1456 1839 1511 multi
1867 1468 2047 1529 poten-

457 1547 557 1603 tes,
610 1552 714 1595 non
760 1538 912 1594 multi
941 1524 1178 1609 nobiles}
1229 1543 1321 1599 sed
1347 1561 1465 1616 gare
1507 1544 1674 1601 stulta
1718 1557 1839 1603 sunt
1861 1524 2045 1605 inundi

453 1627 606 1700 elegit
635 1629 798 1698 Deus,
817 1641 877 1687 ut
897 1633 1187 1704 confundat
1213 1636 1495 1706 sapientes.
1514 1638 1780 1710 Tempora
1808 1655 2043 1712 namque

455 1728 657 1775 sancta.-
668 1719 923 1777 Ecclesiae
932 1723 1109 1794 prima
1131 1723 1436 1780 litterarum
1457 1727 1812 1796 perhibentur
1832 1729 2040 1801 ignara,

2148 631 2349 687 Christi
2377 633 2658 688 nativitate
2692 633 3088 690 nobilitaretur.
3115 634 3294 707 Elegit
3317 651 3447 710 ergo
3472 638 3741 709 inﬁrmos,

2147 738 2434 795 pauperes,
2461 725 2723 793 indoctos,
2753 742 2858 782 non
2889 726 3014 797 quia
3034 725 3254 798 reliquit
3286 728 3494 799 ﬁrmos,
3523 732 3740 802 divites,

2147 811 2443 885 sapientes,
2488 816 2715 883 nobiles,
2747 818 2842 873 sed
2870 817 2917 874 si
2960 820 3108 889 ipsos
3150 819 3329 890 primo
3352 819 3598 894 eligeret,
3625 839 3741 880 me-

2147 906 2255 963 rito
2275 906 2584 963 divitiarum
2627 923 2868 976 suarum,
2912 910 3110 965 merito
3136 911 3587 981 substantiarum,
3633 929 3745 972 me-

2148 999 2254 1055 rito
2277 999 2537 1054 natalium
2577 1000 2680 1055 sibi
2717 999 2845 1072 eligi
2889 1000 3223 1069 viderentur,
3267 1010 3430 1073 atque
3474 1000 3642 1060 inﬂati
3671 1003 3743 1061 de

2147 1087 2233 1143 his
2274 1088 2437 1144 rebus
2482 1087 2710 1145 salutem
2739 1090 3062 1148 humilitatis
3111 1106 3220 1147 non
3265 1092 3591 1165 reciperent,
3621 1095 3745 1152 sine

2146 1195 2253 1252 qua
2281 1194 2442 1236 nemo
2468 1189 2647 1252 potest
2692 1182 2869 1238 redire
2906 1183 2981 1239 ad
3030 1182 3179 1238 illam
3219 1184 3410 1250 vitam,
3440 1185 3587 1242 unde
3628 1200 3741 1243 non

2146 1273 2418 1330 laberetur
2444 1274 2552 1331 nisi
2578 1289 2677 1345 per
2699 1275 3008 1346 superbiam
3025 1274 3231 1349 (Aug).
3248 1276 3357 1334 Sed
3372 1277 3512 1335 forte
3536 1278 3742 1337 diceret

2146 1364 2373 1436 aliquis:
2400 1365 2515 1422 Etsi
2533 1366 2647 1437 ipse
2668 1366 2945 1423 humiliter
2966 1374 3127 1424 natus
3144 1377 3251 1436 est,
3277 1370 3335 1424 in
3352 1368 3740 1442 discipulorum

2144 1456 2427 1514 nobilitate
2450 1458 2661 1529 jactare
2688 1474 2748 1515 se
2770 1459 2959 1516 voluit.
3006 1459 3125 1516 Non
3153 1460 3319 1533 elegit
3342 1476 3499 1534 reges
3522 1469 3617 1518 aut
3645 1477 3739 1519 se-

2146 1559 2385 1617 natores,
2415 1562 2510 1608 aut
2554 1552 2925 1625 philosophos,
2973 1561 3070 1610 aut
3111 1563 3379 1612 oratores.
3430 1553 3547 1612 lmo
3600 1570 3734 1614 vero

2143 1643 2307 1716 elegit
2326 1643 2585 1715 plebeios,
2626 1659 2916 1716 pauperes,
2944 1645 3211 1711 indoctos,
3262 1645 3583 1716 piscatores.
3632 1645 3741 1704 Pe-

2147 1743 2264 1791 trus
2285 1736 2545 1807 piscator,
2574 1734 2876 1809 Cyprianus
2901 1746 3108 1794 orator.
3144 1736 3261 1794 Nisi
3285 1736 3519 1795 ﬁdeliter
3536 1753 3744 1810 praece-

453 1818 516 1865 nt
536 1810 788 1869 videlicet
818 1813 1030 1870 cunctis
1083 1814 1138 1869 in
1179 1816 1620 1885 praedicatoribus
1660 1820 1774 1876 suis
1805 1820 2038 1878 Redem-
2067 1822 2116 1883 B
2143 1827 2297 1883 deret
2316 1827 2573 1899 piscator,
2601 1843 2710 1885 non
2733 1828 3012 1884 humiliter
3033 1838 3353 1899 sequeretur
3378 1838 3585 1888 orator.
3620 1830 3740 1889 Non

453 1909 576 1971 ptor
603 1902 916 1960 ostenderet
942 1904 1087 1977 quod
1107 1906 1173 1961 ad
1197 1906 1363 1963 vitam
1385 1908 1669 1967 credentes
1685 1911 1908 1982 populos
1931 1928 2041 1968 non

455 2006 658 2058 sermo,
687 1993 784 2049 sed
818 2009 983 2051 causa
1015 1996 1290 2053 suaderet.
1322 1997 1394 2054 Et
1433 1999 1646 2056 inﬁrma
1682 2000 1868 2057 mundi
1890 2001 2043 2074 elegit

454 2082 620 2149 Deus,
658 2094 713 2140 at
747 2085 1036 2156 confundat
1060 2087 1241 2158 fortia.
1275 2088 1507 2164 (Ambr.)
1548 2091 1695 2148 Idem
1720 2107 1915 2150 sensus
1933 2103 2040 2160 est,

452 2176 582 2248 quia
611 2180 755 2248 quod
777 2180 937 2251 pauci
968 2181 1241 2239 inﬁrmum
1273 2193 1489 2255 putant,
1529 2186 1583 2242 hi
1608 2186 1703 2257 qui
1732 2200 1792 2242 se
1813 2187 2045 2258 pruden-

453 2281 538 2327 tes
560 2272 831 2328 'estimant
861 2274 916 2330 in
939 2275 1160 2343 steculo,
1180 2275 1500 2334 ~diﬁidentes
1540 2278 1610 2335 de
1651 2294 1768 2351 spe,
1794 2295 1827 2335 a
1857 2279 2042 2336 multis

452 2363 628 2419 virtus
656 2363 939 2431 asseritur,
983 2366 1129 2437 quia
1159 2367 1313 2423 multi
1344 2368 1593 2436 credunt,
1616 2370 1760 2440 quod
1794 2369 2043 2428 inﬁdeles

454 2473 566 2514 non
593 2460 821 2516 credunt
857 2461 926 2516 ad
958 2460 1173 2517 illorum
1204 2462 1479 2519 ruborem.
1512 2463 1928 2521 Videutetenim
1952 2464 2039 2521 in-

454 2553 613 2611 firma
638 2553 840 2610 Christi
864 2556 1140 2612 nominata
1170 2556 1450 2615 daemoniis
1478 2556 1768 2627 imperare,
1794 2555 2042 2628 prodigia

455 2641 640 2701 facere
669 2661 684 2698 :
716 2642 933 2701 inﬁrma
961 2653 1143 2702 autem
1170 2655 1301 2703 sunt
1326 2647 1528 2703 mundo
1564 2645 1795 2717 injuriae,
1826 2655 1882 2703 et
1915 2663 2041 2720 pas-

454 2735 537 2792 sio
566 2733 870 2792 Salvatoris
909 2736 1174 2793 nescienti
1200 2738 1317 2794 haec
1343 2737 1415 2794 ad
1453 2738 1709 2795 virtutem
1752 2737 2039 2811 proﬁcere,

452 2826 583 2897 quia
613 2827 734 2885 ideo
755 2828 860 2883 ista
894 2828 1008 2899 pati
1034 2843 1094 2884 se
1118 2830 1390 2899 permisit,
1414 2837 1477 2886 ut
1502 2830 1747 2887 vinceret
1768 2838 1998 2887 mortem
2023 2850 2036 2886 :

454 2919 655 2990 injuste
680 2922 827 2977 enim
852 2921 964 2992 pati
993 2930 1049 2977 et
1075 2930 1353 2992 potentem
1382 2922 1639 2978 resistere
1680 2922 1842 2991 nolle,
1869 2923 2041 2994 gloria

452 3019 538 3068 est
582 3012 859 3083 patientis,
901 3023 958 3071 et
998 3014 1277 3069 damnatio
1321 3013 1640 3070 occidentis.
1684 3013 1755 3070 Et
1790 3015 2042 3086 ignobilia

452 3102 613 3174 hujus
650 3104 835 3159 mundi
873 3113 923 3159 et
962 3103 1372 3176 contemptibilia
1418 3104 1570 3177 elegit
1603 3104 1749 3161 Deus
1791 3122 1913 3179 qua:
1934 3123 2040 3163 non

2142 1918 2211 1975 de
2245 1933 2307 1976 se
2333 1919 2620 1991 quisquam
2649 1920 2902 1993 desperet
2938 1919 3202 1991 abiectus,
3229 1931 3415 1979 teneat
3436 1922 3739 1992 Christum,

2141 2017 2198 2065 et
2227 2023 2353 2080 spes
2378 2009 2498 2081 ejus
2529 2008 2667 2067 falsa
2693 2025 2801 2068 non
2845 2012 2972 2068 erit.
3017 2009 3097 2066 Ut.
3132 2028 3237 2067 non
3274 2011 3529 2084 glorietur
3568 2015 3741 2071 omnis

2141 2114 2265 2154 caro
2289 2099 2345 2155 in
2367 2110 2646 2171 conspectu
2658 2099 2778 2156 Dei.
2797 2100 3025 2174 (Ambr.)
3051 2101 3108 2157 ld
3127 2109 3310 2169 est,ut
3332 2103 3596 2175 sapientia
3617 2119 3741 2161 car-

2140 2190 2229 2247 nis
2280 2190 2570 2249 erubescat
2614 2193 2671 2248 in
2715 2206 2906 2249 errore
2952 2208 3052 2249 suo
3096 2193 3279 2265 judice
3325 2194 3490 2250 Deo:
3545 2209 3743 2251 sensus

2141 2280 2285 2337 enim
2350 2282 2535 2338 carnis
2588 2291 2671 2339 est
2720 2282 2965 2341 diﬂidere
3026 2283 3123 2340 Dei
3178 2285 3423 2356 potentia
3471 2285 3741 2357 virginem

2139 2370 2436 2443 peperisse,
2467 2371 2594 2444 quia
2642 2372 2748 2429 hoc
2786 2373 2973 2429 mundi
3020 2374 3180 2437 ratio,
3225 2373 3320 2445 qui
3347 2383 3611 2445 cognatus
3653 2381 3740 2431 est

2141 2462 2345 2529 carnis,
2401 2477 2512 2518 non
2566 2462 2781 2533 recipit.
2833 2462 3018 2537 (Aug.)
3055 2462 3244 2520 Videte
3283 2464 3738 2535 quemadmodum

2140 2552 2300 2609 nobis
2336 2551 2562 2611 abstulit
2603 2553 2857 2626 gloriam,
2898 2563 2958 2610 ut
3007 2555 3160 2611 daret
3201 2554 3465 2626 gloriam;
3517 2555 3739 2611 abstulit

2141 2652 2405 2711 nostram,
2441 2651 2505 2699 ut
2527 2642 2686 2701 daret
2709 2659 2896 2713 suam;
2928 2645 3154 2703 abstulit
3198 2647 3452 2713 inanem,
3494 2656 3558 2703 ut
3582 2646 3738 2703 daret

2140 2734 2395 2807 plenam;
2426 2734 2653 2792 abstulit
2678 2743 2981 2802 nutantem,
3035 2743 3098 2792 u’t
3140 2735 3296 2793 daret
3342 2736 3590 2793 solidam.
3616 2737 3736 2794 Non

2138 2842 2269 2899 ergo
2288 2827 2345 2883 in
2365 2836 2420 2884 te
2442 2826 2610 2884 debes
2629 2827 2877 2899 gloriari,
2905 2827 3049 2898 quod
3069 2828 3344 2901 prohibuit
3366 2828 3582 2885 Veritas
3596 2882 3609 2897 ,
3639 2827 3737 2885 sed

2140 2918 2285 2989 quod
2306 2917 2387 2973 ait
2432 2917 2742 2991 Apostolus,
2779 2919 2884 2975 hoc
2909 2918 3169 2990 praecepit
3195 2919 3411 2979 Veritas
3437 2936 3453 2975 :
3485 2917 3592 2988 Qui
3615 2917 3735 2992 glo-

2142 3007 2331 3074 riatur,
2358 3008 2413 3062 in
2436 3007 2662 3064 Domino
2691 3007 2947 3080 glorietur
2969 3008 3056 3083 (II
3086 3009 3310 3082 (lanx).

2212 3099 2299 3157 Ea:
2333 3101 2448 3173 ipso
2472 3102 2612 3156 enim
2655 3117 2746 3157 vos
2784 3102 2909 3158 estis
2950 3103 3008 3159 in
3051 3102 3263 3161 Christo
3305 3102 3455 3161 Iesu.
3499 3102 3733 3178 (Arnim)

453 3201 597 3258 sunt,
633 3201 693 3247 ut
729 3210 793 3249 ea
836 3209 955 3266 quae
993 3202 1114 3249 sunt
1163 3195 1472 3252 destrueret.
1522 3196 1781 3269 lgnobilia
1818 3211 1949 3270 ergo
1984 3205 2042 3255 et
2068 3178 2115 3244 (ἶ
2145 3192 2226 3248 Ex
2248 3193 2391 3265 ἰρεο,
2442 3193 2497 3249 id
2524 3201 2626 3257 εει,
2663 3207 2733 3249 ex
2782 3178 2912 3261 Βεό»
2943 3194 3039 3266 (Illi
3073 3196 3413 3268 omnipotens
3457 3203 3560 3262 est.
3613 3208 3735 3253 6880

455 3284 884 3356 contemptibilia
911 3285 1096 3358 elegit.
1124 3302 1236 3343 non
1265 3286 1393 3358 quia
1411 3303 1541 3345 vere
1564 3288 1820 3361 ignobilia
1837 3298 1894 3345 et
1914 3304 2042 3346 con~

457 3376 778 3447 temptibilia
809 3386 960 3444 sunt,
1004 3378 1100 3436 sed
1139 3379 1220 3436 sic
1264 3380 1630 3451 ,adicantura
1666 3381 1892 3448 mundo,
1914 3382 2041 3453 quia

452 3476 716 3538 spernunt
741 3468 980 3526 rationes
1004 3469 1305 3529 mundanas
1346 3470 1622 3531 credendo
1648 3472 1702 3527 in
1743 3471 2039 3539 Christum,

454 3567 516 3615 ut
543 3574 608 3616 ea
648 3575 770 3631 quae
799 3568 928 3617 sunt
954 3575 1083 3617 vere
1118 3561 1375 3633 ignobilia
1400 3554 1466 3621 'et
1492 3562 1911 3634 contemptibilia
1942 3563 2040 3619 de-

453 3659 713 3719 strueret,
758 3653 884 3723 quia
910 3653 1013 3725 ipsi
1040 3655 1214 3726 magis
1247 3655 1525 3726 judicandi
1555 3665 1612 3713 et
1643 3655 2041 3713 condemnandi

453 3754 582 3801 sunt
609 3747 702 3815 qui
735 3746 1020 3818 judicant:
1052 3747 1508 3804 asseverationem
1540 3747 1689 3804 enim
1717 3747 1933 3803 illorum
1953 3761 2043 3803 er-

453 3854 546 3895 ror
576 3838 820 3903 invenit;
852 3853 952 3894 nec
978 3838 1081 3893 fuit
1107 3839 1176 3894 ab
1205 3837 1398 3905 initio;
1446 3847 1634 3895 nostra
1661 3848 1841 3894 autem
1883 3838 2042 3894 disci-

452 3929 597 4000 plina
633 3929 702 3984 ab
733 3929 1017 3995 initioest.
1060 3929 1373 3986 Destruitur
1404 3943 1535 4002 ergo
1578 3930 1704 3986 dum
1748 3930 2043 3987 sinetesti-

453 4020 638 4075 monio
663 4020 821 4076 nudis
842 4020 1024 4077 verbis
1042 4021 1323 4077 asseritur.
1361 4019 1556 4078 Nostra
1580 4036 1710 4079 vero
1732 4037 1840 4079 non
1859 4023 2042 4080 verbis

452 4110 607 4176 solis,
656 4111 751 4166 sed
780 4119 836 4166 et
883 4119 1025 4167 teste
1073 4110 1273 4167 virtute
1321 4112 1601 4185 probatur.
1641 4112 1823 4181 Quare
1856 4122 2037 4170 autem

451 4203 631 4273 primo
674 4202 938 4274 ignobiles
983 4217 1209 4273 paucos,
1263 4204 1566 4276 imperitos,
1617 4205 1895 4277 impolitos
1936 4205 2044 4262 ele-

453 4291 599 4364 gerit
634 4292 916 4359 Dominus,
953 4307 1076 4348 cum
1115 4293 1342 4351 haberet
1382 4302 1508 4351 ante
1543 4293 1731 4351 oculos
1775 4310 1906 4352 suos
1931 4304 2042 4351 tur-

452 4384 582 4439 bam
622 4398 874 4456 magnam
919 4383 975 4440 in
997 4387 1403 4459 comparatione
1432 4387 1651 4457 quidem
1679 4386 1893 4443 illorum
1916 4404 2043 4460 pau-

452 4474 730 4545 periorum
770 4476 1077 4546 pauciores,
1123 4478 1219 4535 sed
1258 4480 1313 4534 in
1356 4494 1554 4550 genere
1583 4494 1682 4536 suo
1729 4480 1927 4536 multos
1961 4481 2040 4536 di-

2147 3301 2249 3341 nos
2271 3286 2325 3342 in
2365 3284 2473 3342 ﬁde
2499 3285 2703 3343 Christi
2728 3304 2742 3342 :
2774 3288 2871 3344 Dei
2911 3289 3058 3345 enim
3087 3289 3429 3363 propositum
3449 3297 3535 3344 est
3561 3296 3624 3345 ut
3646 3302 3736 3345 ve-

2146 3378 2366 3433 ritatem
2406 3375 2525 3447 ejus
2562 3385 2621 3434 et
2647 3378 3075 3435 misericordiam
3102 3394 3202 3450 per
3236 3378 3514 3435 Christum
3558 3378 3736 3435 disce-

2147 3484 2349 3527 remus.
2378 3469 2593 3527 Veritas
2619 3480 2705 3526 est
2729 3470 3047 3543 mysterium
3070 3467 3373 3535 Trinitatis,
3409 3468 3720 3525 misericor-

2147 3561 2236 3619 dia
2265 3575 2418 3629 vero,
2443 3561 2679 3632 quicum
2708 3575 2953 3618 essemus
2994 3559 3194 3632 captivi
3223 3558 3453 3615 redemit
3476 3573 3595 3614 nos.
3626 3556 3731 3625 Qus

2146 3653 2318 3724 factus
2360 3662 2435 3709 est
2478 3652 2733 3725 sapientia
2762 3651 2929 3719 nobis,
2952 3660 3000 3707 et
3026 3651 3260 3723 justitia,
3285 3659 3335 3705 et
3356 3648 3733 3719 sanctiﬁcatio,

2110 3818 2113 3823 ι
2142 3757 2194 3802 et
2222 3746 2527 3819 redemptio.
2577 3745 2662 3802 Ad
2703 3744 3173 3802 conﬁrmationem
3205 3740 3544 3799 credentium
3580 3738 3733 3796 Chri-

2145 3846 2292 3895 stum
2317 3837 2415 3895 Dei
2442 3837 2720 3893 voluntate
2747 3837 2881 3893 dicit
2924 3836 3105 3907 egisse
3125 3848 3244 3904 qua:
3269 3833 3458 3907 gessit,
3481 3839 3543 3887 ut
3589 3830 3731 3888 scia-

2146 3947 2271 3988 mus
2302 3945 2430 3988 vere
2474 3943 2576 3984 nos
2614 3926 2935 3998 sapientiam
2971 3924 3229 3980 didicisse
3265 3929 3322 3980 et
3365 3921 3733 3978 sanctiﬁcatos

2145 4037 2284 4090 esse,
2321 4030 2378 4079 et
2403 4019 2746 4093 iustiﬁcatos,
2785 4025 2840 4071 et
2877 4016 3185 4087 redemptos
3220 4029 3251 4068 a
3287 4012 3402 4070 Deo
3438 4027 3537 4084 per
3568 4010 3730 4068 Chri-

2146 4122 2486 4180 stum,nemo
2505 4109 2650 4165 enim
2674 4106 3016 4165 redetnitnisi
3039 4106 3183 4176 quod
3204 4103 3384 4161 fuerat
3405 4118 3585 4162 suum.
3605 4101 3733 4158 Sive

2144 4219 2276 4276 ergo
2311 4200 2454 4275 quod
2488 4198 2752 4271 redempti
2789 4212 3001 4264 sumus,
3053 4195 3169 4252 sive
3198 4194 3344 4267 quod
3383 4191 3729 4257 sanctiﬁcati,

2145 4297 2201 4353 id
2231 4304 2335 4363 est,
2366 4294 2434 4350 ab
2452 4308 2616 4367 opere
2640 4291 2821 4349 carnis
2848 4299 2906 4347 et
2944 4289 3209 4347 idolorum
3239 4285 3578 4343 immunditia
3603 4300 3733 4358 pur-

2144 4387 2276 4460 gati,
2298 4385 2412 4442 sive
2439 4383 2583 4455 quod
2621 4380 2905 4454 iustiﬁcati
2935 4381 3162 4453 (justqu
3203 4384 3286 4434 est
3337 4376 3483 4433 enim
3513 4383 3728 4432 creato—

2146 4493 2259 4533 rem
2286 4476 2464 4533 colere
2483 4474 2696 4531 caeteris
2724 4471 2967 4545 spretis),
3002 4471 3117 4529 sive
3164 4469 3307 4541 quod
3336 4468 3609 4539 sapientes
3633 4481 3731 4537 per

450 4568 616 4631 vites,
649 4569 876 4635 nobiles,
916 4570 1127 4637 doctos,
1148 4571 1445 4651 sapientes,
1476 4586 1612 4643 quos
1656 4580 1846 4644 postea
1872 4571 2035 4627 etiam
2068 4565 2116 4625 D
2143 4569 2195 4623 id
2211 4567 2357 4639 quod
2376 4567 2675 4622 mundanos
2690 4561 3294 4633 didicimusimperitos,
3314 4567 3486 4651 totum
3503 4559 3602 4615 hoc
3629 4557 3728 4613 Dei

453 4659 691 4731 collegit,
722 4662 944 4731 exponit
976 4661 1270 4733 Apostolus
1311 4672 1757 4720 sacramentum:
1813 4661 2040 4745 Inﬁt-ma

454 4756 641 4809 mundi
668 4754 815 4827 elegit
840 4755 980 4810 Deus
1008 4767 1063 4810 ut
1083 4757 1373 4828 confundat
1404 4757 1589 4827 fortia,
1614 4765 1663 4811 et
1688 4755 1850 4811 stulta
1880 4755 2039 4826 hujus
2098 4791 2120 4814 ο

454 4845 637 4900 mundi
667 4845 815 4917 elegit
860 4846 1020 4913 Deus,
1066 4857 1122 4902 ut
1168 4846 1459 4921 confundat
1498 4848 1780 4919 sapientes,
1824 4855 1873 4900 et
1899 4845 2043 4917 igno-

455 4936 582 4991 bilia
609 4936 768 5008 hujus
791 4938 973 4994 mundi
993 4939 1145 5011 elegit
1171 4939 1333 5000 Deus.
1375 4949 1423 4994 et
1463 4956 1525 4994 ea
1552 4955 1670 5011 quae
1692 4954 1796 4992 non
1821 4947 1965 5005 sunt,
1990 4939 2042 4994 itl

451 5037 556 5095 est,
588 5043 695 5084 non
724 5037 1122 5100 computantur,
1152 5037 1213 5085 ut
1250 5044 1370 5099 qua:
1402 5037 1527 5085 sunt
1566 5034 1913 5084 evacuentur.
1944 5026 2046 5084 Ve-

451 5127 607 5175 nerat
657 5119 801 5175 enim
848 5121 1043 5176 docere
1088 5120 1467 5185 humilitatem,
1506 5135 1815 5191 expugnare
1858 5134 2043 5191 super-

451 5211 635 5276 niam;
674 5221 899 5269 venerat
936 5212 1156 5268 humilis
1204 5212 1351 5268 nullo
1395 5211 1555 5267 modo
1601 5212 1691 5267 hic
1716 5211 1868 5282 prius
1902 5211 2041 5267 altos

451 5320 697 5378 quaerere
725 5306 815 5376 qui
844 5314 954 5361 tam
983 5304 1204 5361 humilis
1234 5315 1455 5361 venerat
1480 5323 1494 5371 ;
1530 5306 1705 5376 primo
1733 5305 1857 5375 quia
1880 5304 2043 5381 elegit

453 5398 604 5455 nasci
652 5399 718 5453 de
746 5397 836 5452 illa
881 5398 1099 5462 femina,
1140 5412 1260 5468 quae
1304 5398 1631 5468 desponsata
1675 5406 1795 5454 erat
1845 5394 2037 5461 fabro;

452 5508 560 5548 non
591 5491 751 5560 elegit
779 5505 909 5560 ergo
939 5488 1145 5559 atnplos
1183 5489 1392 5547 natales
1416 5507 1484 5547 ne
1507 5492 1560 5545 in
1590 5491 1694 5545 hac
1722 5498 1866 5545 terra
1889 5488 2041 5544 nobi-

451 5583 577 5637 litas
618 5580 953 5651 superbiret;
1002 5596 1106 5635 non
1136 5580 1300 5653 elegit
1332 5580 1523 5637 saltem
1551 5580 1700 5636 nasci
1731 5579 1787 5635 in
1815 5578 2037 5649 amplis-

448 5673 586 5730 sima
617 5673 855 5739 civitate,
884 5673 977 5729 sed
1005 5682 1160 5729 natus
1180 5682 1262 5729 est
1302 5674 1354 5729 in
1378 5672 1880 5754 Bcthlchem‘ludac,
1919 5686 2039 5741 qua:

450 5780 550 5819 nec
576 5764 812 5821 civitatis
857 5765 1072 5821 nomine
1122 5775 1547 5837 nuncuparetur,
1597 5754 1860 5835 hodieque
1891 5763 2034 5820 illam

2144 4656 2463 4713 beneﬁcium
2507 4664 2591 4711 est
2614 4670 2711 4725 per
2737 4654 3035 4710 Christum.
3070 4649 3388 4722 Redemptio
3423 4657 3603 4705 tamen
3634 4663 3729 4703 no-

2144 4761 2256 4806 stra
2286 4751 2401 4806 haec
2428 4759 2548 4818 est;
2588 4747 2782 4804 obtulit
2826 4747 2971 4802 enim
3000 4761 3061 4801 se
3086 4745 3337 4802 Christus
3380 4742 3594 4798 diabolo
3634 4757 3731 4797 cu-

2145 4842 2312 4912 pienti
2347 4850 2407 4896 ut
2448 4840 2656 4912 peccati
2685 4839 2738 4895 in
2765 4853 2826 4894 se
2860 4837 3345 4894 contradictionem
3389 4831 3648 4897 auferret,
3676 4840 3731 4888 et

2145 4933 2223 4987 sic
2246 4930 2491 5002 captivos
2514 4929 2631 5000 ejus
2662 4936 2898 4984 erueret.
2923 4926 3126 4999 (Greg.)
3159 4925 3265 4993 Qui
3292 4925 3463 4996 factus
3489 4933 3561 4978 est
3584 4920 3730 4976 nobis

2146 5021 2399 5094 sapientia
2425 5039 2459 5076 a
2492 5020 2620 5083 Deo,
2649 5029 2696 5075 et
2709 5018 2943 5091 justitia,
2983 5032 3087 5088 qua
3114 5015 3321 5072 scilicet
3342 5012 3576 5086 justitia,
3602 5011 3730 5066 dum

2146 5117 2199 5171 in
2216 5115 2317 5171 hoc
2339 5113 2538 5169 mundo
2553 5119 2744 5169 contra
2764 5111 2879 5167 vias
2896 5117 3242 5182 peccatorum
3266 5107 3431 5173 venit,
3446 5105 3731 5174 antiquum

2146 5210 2355 5265 hostem
2376 5207 2629 5272 vicimus,
2651 5221 2683 5261 a
2703 5220 2812 5277 quo
2831 5205 2974 5276 capti
2996 5204 3329 5261 tenebamur.
3349 5197 3532 5273 (Aug.)
3560 5196 3731 5253 Filius

2147 5302 2325 5357 factus
2350 5310 2436 5357 est
2461 5299 2631 5360 .nohis
2659 5298 2924 5369 sapientia
2950 5312 2980 5352 a
3010 5298 3119 5352 Deo
3142 5302 3198 5350 et
3234 5292 3573 5365 jusliiicatio,
3600 5290 3727 5360 quia

2148 5395 2515 5466 temporaliter
2554 5408 2652 5447 nos
2692 5390 2759 5446 ad
2803 5389 2955 5445 illum
2985 5386 3373 5451 convertimur,
3428 5384 3484 5439 id
3528 5390 3612 5437 est
3658 5394 3727 5434 ex

2148 5488 2329 5559 aliquo
2358 5496 2622 5557 tempore,
2653 5493 2712 5539 ut
2732 5499 2854 5540 cum
2894 5483 2985 5537 illo
3012 5495 3325 5536 maneamus
3354 5479 3408 5533 in
3440 5485 3724 5535 aiternutn,

2142 5589 2197 5635 et
2223 5581 2335 5650 ipse
2365 5595 2433 5635 ex
2460 5578 2693 5649 quodam
2720 5584 2961 5646 tempore
2996 5570 3219 5627 Verbum
3246 5586 3368 5625 caro
3406 5569 3604 5639 factum
3625 5573 3724 5627 est,

2143 5683 2191 5727 et
2216 5672 2467 5727 [cubitavit
2497 5672 2549 5724 in
2583 5670 2751 5733 nobis,
2783 5683 2847 5723 ea
2891 5681 3059 5736 porro
3096 5662 3308 5733 jnstitia
3347 5675 3469 5732 qua:
3498 5656 3630 5713 vivit
3672 5654 3724 5708 in

2143 5764 2319 5833 seipsa
2363 5762 2548 5834 procul
2595 5759 2759 5816 dubio
2806 5757 2944 5814 Dens
2985 5763 3087 5823 est,
3116 5764 3169 5811 et
3213 5745 3725 5810 incommutabiliter
