4082 6332
339 347 408 402 Si
840 344 1394 404 ENARRATIONUM
1431 343 1498 399 IN
1538 342 1687 398 EPP.
1725 340 1932 396 PAULI
1966 340 2092 395 LIB.
2133 339 2226 394 IX.
2266 367 2334 380 -—
2372 339 2440 394 1N
2479 339 2694 395 EPIST.
2733 340 2754 394 ι
2790 338 2883 393 AD
2920 339 3076 395 COR.
3519 343 3590 396 Β

325 459 498 524 vivit;
529 455 672 513 sicut
707 467 890 512 autem
917 472 1040 512 cum
1062 457 1136 512 sit
1167 457 1224 511 in
1262 455 1438 524 seipsa
1468 454 1600 516 vita,
1623 452 1785 506 etiam
1815 466 1913 504 no—
1941 459 1988 512 Α

327 546 415 605 bis
435 547 500 604 ﬁt
519 547 652 613 vita,
689 563 813 604 cum
836 546 953 617 ejus
992 546 1256 603 eﬁicimur
1290 555 1563 614 utcunque
1596 543 1908 613 participes;

329 641 409 700 ita
436 655 561 694 cum
585 640 639 700 in
662 654 720 694 se
743 638 1066 708 sitiustitia,
1089 639 1252 693 etiam
1281 635 1436 690 nobis
1457 634 1515 688 ﬁt
1535 633 1765 703 iustitia,
1792 645 1915 686 cum

326 732 381 786 ei
407 730 731 786 cobzerendo
753 729 1007 793 vivimus,
1029 737 1083 782 et
1106 734 1253 780 tanto
1289 725 1462 795 magis
1482 723 1766 791 minusque
1781 719 1914 788 justi

327 837 558 886 sumus,
607 828 810 890 quanto
863 819 938 874 illi
993 818 1169 888 magis
1220 817 1505 884 minusque
1558 815 1912 870 cohaeremus.

330 911 487 968 Unde
521 911 785 980 scriptum
827 918 911 966 est
949 909 1014 964 de
1047 907 1324 978 unigenito
1351 905 1490 960 Filio
1525 904 1640 968 Dei,
1692 919 1815 958 cum
1845 903 1916 956 sit

327 1003 518 1070 utique
551 1000 730 1056 Patris
772 1000 1037 1070 sapientia
1073 1007 1234 1067 atque
1266 997 1496 1068 iustitia,
1539 1004 1594 1049 et
1621 1009 1835 1064 semper
1861 994 1917 1046 in

327 1093 509 1162 seipsa
538 1091 633 1154 sit,
663 1091 807 1160 quod
829 1090 1004 1146 factus
1029 1091 1100 1145 sit
1123 1089 1277 1145 nobis
1316 1087 1582 1158 sapientia
1619 1094 1674 1141 et
1708 1084 1918 1154 iustitia

327 1191 384 1236 et
405 1182 788 1247 sanctiﬁcatio,
811 1189 866 1237 et
889 1181 1204 1252 redemptio.

403 1271 473 1326 Ut
499 1273 939 1342 quemadmodum
972 1273 1222 1342 scriptum
1253 1281 1328 1326 est
1351 1286 1375 1326 :'
1413 1269 1517 1336 Qui
1543 1269 1822 1341 gloriatur,
1861 1270 1919 1324 in

328 1365 559 1420 Domino
583 1363 853 1434 glorietur.
892 1363 986 1418 Est
1013 1363 1172 1433 plane
1202 1362 1291 1418 ille
1321 1376 1566 1417 summus
1599 1363 1757 1428 Deus,
1785 1376 1916 1416 vera

325 1455 561 1524 iustitia,
617 1453 701 1508 vel
751 1453 839 1509 ille
881 1469 1042 1509 verus
1071 1453 1214 1508 Deus
1241 1468 1452 1508 summa
1489 1450 1724 1520 iustitia,
1753 1466 1917 1522 quam

326 1546 576 1616 profecto
604 1546 813 1601 esurire
843 1561 906 1600 ac
934 1545 1088 1600 sitire
1115 1544 1414 1610 debemus;
1450 1557 1514 1599 ea
1542 1551 1728 1599 nostra
1751 1549 1837 1597 est
1862 1542 1917 1596 in

327 1639 435 1694 hac
475 1637 907 1708 peregrinatione
943 1635 1176 1706 justitia,
1213 1644 1269 1690 et
1300 1651 1406 1706 qua
1451 1643 1638 1706 postea
1683 1635 1918 1690 saturari

327 1729 614 1798 cupimus;
647 1745 708 1782 ea
736 1739 921 1784 nostra
961 1735 1046 1782 est
1072 1728 1126 1782 in
1165 1727 1469 1781 :eternitate
1493 1725 1648 1795 plena
1681 1724 1912 1796 jnstitia.

2637 448 2864 506 CAPUT
2898 449 2961 504 ll.

2014 559 2250 616 Ostendit
2274 562 2554 632 Apostolus
2597 579 2652 618 se
2678 579 2832 618 usum
2855 580 2956 617 non
2979 563 3140 632 fuisse
3167 562 3470 618 excellentia
3495 580 3596 618 sce-

2081 633 2278 703 cularis
2303 635 2574 696 sermonis,
2602 635 2723 703 quia
2759 632 2970 702 perfecti
2997 643 3233 699 tantum,
3258 642 3315 686 ut
3341 642 3462 688 sunt
3500 635 3598 689 lto-

2086 702 2248 754 mines
2278 702 2844 774 spirituales,possuut
2875 720 2989 757 eam
3010 719 3210 774 capere.

2087 811 2155 865 Et
2178 829 2269 882 ego
2291 829 2408 866 cum
2437 814 2684 868 uenissem
2721 815 2788 868 ad
2812 832 2918 880 vos,
2960 815 3170 884 fratres,
3199 815 3312 870 veni
3337 830 3440 870 non
3475 832 3598 871 cum
3675 821 3679 825 ’

2015 903 2294 956 eminentia
2342 905 2594 959 sermonis
2646 916 2736 958 aut
2792 905 3062 976 sapientia:
3110 906 3403 976 praedicans
3455 906 3598 962 vobis

2016 991 2320 1060 mysterium
2343 991 2476 1044 Dei:
2504 1009 2666 1063 neque
2696 993 2832 1046 enim
2857 993 3092 1062 judicavi
3131 995 3257 1050 scire
3294 1011 3375 1049 me
3397 993 3598 1065 aliquid

2015 1081 2150 1134 inter
2193 1097 2301 1148 vos,
2345 1082 2446 1136 nisi
2477 1080 2742 1137 Christum
2766 1083 2948 1138 Jesum
2990 1092 3040 1138 et
3084 1085 3222 1138 hunc
3263 1084 3597 1153 cruciﬁxum.

2016 1174 2218 1248 (Greg.)
2243 1174 2323 1232 Ac
2343 1176 2387 1230 si
2412 1177 2635 1242 diceret,
2662 1177 2798 1245 Quia
2824 1192 2918 1233 vos
2946 1192 3138 1248 capere
3159 1177 3454 1232 divinitatis
3475 1175 3593 1246 ejus

2015 1264 2272 1335 mysteria
2299 1279 2406 1318 non
2437 1280 2599 1342 posse
2625 1266 2867 1336 pensavi,
2899 1266 3012 1322 sola
3054 1266 3208 1322 vobis
3249 1267 3603 1322 humanitatis

2015 1354 2132 1423 ejus
2162 1353 2374 1409 inﬁrma
2407 1355 2619 1410 locutus
2659 1371 2798 1410 sum.
2837 1356 3100 1424 Quoniam
3130 1358 3376 1426 superius
3404 1356 3601 1428 grada-

2017 1446 2115 1500 tim
2143 1445 2374 1501 formam
2417 1446 2714 1516 disciplina:
2736 1458 2933 1502 nostrae
2954 1448 3208 1512 ostendit,
3235 1463 3380 1502 nunc
3407 1462 3516 1505 non
3541 1461 3604 1503 se

2017 1539 2174 1594 aliter
2213 1539 2318 1594 illis
2373 1538 2660 1595 tradidisse
2707 1540 2921 1610 probat,
2970 1554 3132 1608 quam
3177 1553 3298 1610 qute
3340 1538 3610 1604 ostendit,

2015 1632 2142 1702 quia
2169 1640 2224 1686 et
2245 1631 2298 1686 in
2329 1632 2630 1686 humilitate
2657 1632 2922 1687 sermonis
2941 1640 2996 1686 et
3019 1631 3072 1686 in
3097 1631 3323 1687 stultitia
3349 1631 3618 1702 pradica-

2017 1723 2180 1778 tionis
2227 1723 2368 1778 sicut
2389 1723 2588 1778 mundo
2605 1723 2840 1789 videtur,
2868 1725 3078 1779 locutus
3094 1732 3175 1778 est
3191 1720 3296 1777 illis
3310 1722 3378 1778 de
3389 1721 3618 1776 Christo-

327 1817 534 1888 (Cass.)
573 1816 781 1872 Cuncta
828 1831 1059 1886 namque
1086 1817 1132 1870 si
1159 1817 1228 1871 ab
1253 1831 1362 1870 uno
1409 1816 1633 1893 homine.
1675 1815 1924 1870 volumus
1951 1811 1997 1870 B
2027 1813 2340 1884 mysterium
2371 1831 2385 1868 :
2419 1815 2558 1883 quod
2585 1815 2705 1870 ideo
2733 1815 3048 1886 mysterium
3075 1822 3234 1870 vocat
3288 1813 3415 1883 quia
3462 1813 3606 1883 quod

327 1909 590 1974 mutuari,
623 1918 719 1964 aut
745 1907 980 1974 diﬁicile,
1009 1917 1103 1964 aut
1143 1917 1290 1964 certe
1333 1923 1608 1977 nunquam
1631 1907 1822 1963 idonea
1851 1907 1920 1962 ad

315 2002 652 2056 imitandum
675 2002 922 2072 exempla
961 2001 1116 2058 nobis
1147 2001 1385 2071 poterint
1420 2000 1666 2071 reperiri,
1698 2000 1824 2070 quia
1849 1998 1918 2053 li-

325 2102 420 2150 cet
444 2095 675 2148 necdum
703 2093 978 2148 Christum
1000 2092 1183 2147 omnia
1226 2092 1282 2146 in
1311 2091 1563 2147 omnibus
1601 2089 1801 2145 factum
1831 2103 1919 2144 se-

329 2184 569 2238 cundum
598 2183 912 2253 Apostolum
939 2184 1202 2248 videmus,
1229 2197 1355 2239 eum
1381 2184 1436 2238 in
1465 2182 1717 2239 omnibus
1740 2191 1924 2237 tamen

329 2273 438 2330 hoc
465 2273 626 2328 modo
644 2288 952 2343 possumus,
996 2273 1050 2328 id
1075 2282 1176 2337 est,
1205 2287 1303 2342 per
1339 2282 1531 2344 partes
1553 2274 1608 2328 in
1637 2273 1920 2339 omnibus,

329 2363 600 2419 invenire.
632 2364 708 2419 De
736 2364 855 2433 ipso
882 2364 1027 2420 enim
1057 2365 1295 2420 dicitur:
1328 2366 1433 2431 Qui
1460 2366 1634 2436 factus
1673 2375 1748 2421 est
1774 2365 1921 2420 nobis

327 2470 396 2508 ea:
424 2453 536 2508 Deo
582 2454 863 2523 sapientia,
913 2454 1149 2521 iustitia,
1194 2456 1478 2522 sanctitas,
1523 2465 1572 2510 et
1615 2457 1918 2526 redemptio.

329 2544 474 2598 Dum
514 2559 644 2614 ergo
679 2544 734 2598 in
765 2543 871 2599 alio
914 2545 1199 2616 sapientia,
1244 2545 1301 2600 in
1339 2546 1448 2601 alio
1466 2545 1701 2615 justitia,
1733 2547 1790 2602 in
1816 2547 1924 2602 alio

331 2635 619 2701 sanctitas,
672 2634 726 2688 iu
775 2634 882 2692 alio
927 2637 1300 2701 mansuetudo,
1343 2638 1399 2694 in
1449 2638 1555 2694 aho
1585 2640 1835 2706 castitas,
1867 2641 1922 2697 in

335 2724 446 2778 alio
493 2725 769 2780 humilitas
816 2727 1115 2796 reperitur,
1144 2728 1488 2783 membratim
1531 2730 1780 2786 Christus
1823 2747 1924 2802 per

338 2831 772 2886 unumquemque
829 2833 974 2874 nunc
1029 2828 1340 2875 sanctorum
1381 2821 1584 2878 divisus
1623 2829 1744 2878 est:
1794 2839 1925 2880 con-

329 2909 680 2963 currentibus
705 2924 834 2964 vero
865 2910 1131 2966 universis
1169 2911 1224 2966 in
1250 2912 1512 2968 unitatem
1556 2913 1680 2970 ﬁdei
1709 2929 1774 2970 ac
1815 2915 1925 2970 vir-

332 2997 486 3063 tutis‘,
511 2998 756 3054 redditur
779 2999 833 3053 in
853 3000 1030 3054 virum
1063 3001 1387 3070 perfectum,
1425 3003 1815 3073 plenitudinem
1837 3006 1921 3061 sui

331 3088 579 3156 corporis
606 3087 662 3142 in
686 3088 1016 3158 singulorum
1046 3091 1414 3146 membrorum
1438 3107 1696 3165 compage
1721 3109 1786 3151 ac
1804 3111 1924 3166 pro-

2021 1905 2358 1960 iucarnatum
2389 1913 2472 1960 est
2491 1905 2762 1960 occultum
2788 1913 2908 1961 erat
2947 1922 2978 1960 a
3014 1905 3226 1961 steculis
3259 1906 3398 1975 apud
3437 1903 3609 1960 Deum

2021 1995 2162 2051 Deus
2198 1997 2462 2062 verbum;
2503 1997 2784 2052 haereticos
2814 2004 2993 2051 autem
3021 2011 3140 2052 esse
3165 1997 3221 2051 in
3259 1995 3455 2066 quibus
3494 1993 3607 2064 glo-

2023 2089 2321 2155 riabantur,
2369 2089 2496 2159 quia
2532 2097 2587 2145 et
2625 2103 2723 2160 per
2761 2089 3120 2160 eloquentiam
3163 2103 3384 2160 pravam
3409 2086 3610 2143 doctri-

2022 2197 2149 2236 nam
2177 2181 2655 2248 commendabant,
2709 2182 3047 2252 prudentiam
3075 2181 3263 2236 mundi
3313 2187 3605 2241 sectantes,

2021 2288 2240 2328 erucem
2264 2272 2465 2329 Christi
2488 2273 3239 2339 evacuabant,eruhescentes
3259 2271 3406 2328 stulti
3429 2270 3612 2340 appel-

2023 2364 2182 2419 lari'a
2214 2363 2440 2428 mundo,
2469 2375 2530 2418 ut
2553 2378 2729 2434 neque
2772 2372 2958 2418 natum
2985 2362 3260 2420 Christum
3304 2377 3371 2418 ex
3403 2361 3612 2431 virgine

2022 2457 2400 2528 praedicarent,
2444 2471 2618 2525 neque
2642 2471 2771 2510 vere
2816 2455 3132 2510 cruciﬁxum
3176 2454 3466 2520 docerent,
3483 2451 3611 2522 quia

2021 2547 2245 2604 stultum
2268 2547 2504 2614 videtur,
2529 2547 2625 2604 Dei
2651 2547 2821 2602 ﬁlium
2848 2555 3034 2602 natum
3062 2546 3338 2602 hominem
3365 2544 3620 2600 fateritet.

2021 2639 2360 2695 cruciﬁxum.
2406 2638 2516 2695 Hos
2557 2646 2611 2694 et
2639 2636 2873 2694 Joannes
2923 2637 3486 2708 apostolusdesignat
3531 2635 3614 2690 dié.

2021 2747 2191 2788 cens:
2228 2731 2332 2797 Qui
2363 2740 2516 2802 negat
2544 2731 2811 2786 Christum
2849 2733 3062 2796 venisse,
3093 2729 3444 2785 Antichristus
3488 2737 3562 2783 est
3591 2744 3610 2792 ;

2021 2832 2068 2876 et
2103 2823 2192 2892 qui
2235 2833 2384 2890 negat
2419 2819 2637 2888 Filium,
2671 2839 2763 2876 nec
2788 2819 3002 2877 Patrem
3035 2821 3186 2876 habet
3227 2820 3276 2892 (I
3307 2821 3468 2877 Joan.
3503 2820 3608 2888 n);

2023 2911 2149 2981 quia
2177 2911 2348 2980 ipsum
2377 2911 2596 2967 Patrem
2632 2913 2733 2968 sibi
2765 2913 2962 2967 Filium
2989 2913 3313 2983 appellatum
3359 2910 3612 2966 dicebant
3641 2929 3643 2931 ί

2021 3017 2087 3056 ex
2111 3001 2308 3072 quibus
2329 2999 2565 3058 Marcion
2587 3002 2750 3056 traxit
2778 3017 3042 3058 errorem.
3067 3002 3198 3070 Qua:
3219 3002 3396 3073 arguit
3419 3001 3606 3056 clausa
3641 3032 3646 3037 -

2023 3091 2292 3156 videntur,
2327 3091 2454 3160 quia
2495 3107 2600 3147 non
2622 3092 2713 3146 illa
2742 3091 3075 3158 manifestat,
3102 3093 3195 3149 sed
3221 3092 3447 3163 intelligi
3472 3091 3608 3156 vult,

332 3178 568 3248 prietate
608 3178 912 3247 perﬁciens.
963 3181 1144 3237 Donec
1188 3181 1369 3237 veniat
1393 3197 1521 3253 ergo
1549 3161 1681 3239 illud
1711 3161 1922 3254 tempus
1950 3161 1994 3224 Ο
2025 3196 2089 3236 ex
2113 3196 2180 3236 eo
2215 3181 2358 3250 quod
2387 3181 2442 3236 in
2472 3181 2814 3252 prudentiam
2845 3183 3030 3237 mundi
3065 3182 3355 3247 invehitur,
3385 3161 3504 3253 qua:
3525 3190 3611 3236 est

333 3282 440 3336 quo
467 3268 536 3322 sit
564 3267 708 3322 Deus
744 3269 929 3325 omnia
977 3270 1034 3324 in
1074 3271 1346 3339 omnibus,
1378 3273 1434 3327 in
1466 3275 1720 3343 praesenti
1747 3283 1926 3346 potest

335 3360 438 3414 hoc
472 3375 581 3429 quo
611 3352 845 3414 diximus
887 3361 1066 3425 modo,
1091 3363 1143 3416 id
1171 3371 1253 3418 est
1278 3379 1375 3434 per
1415 3373 1598 3434 partes
1633 3367 1920 3432 virtutum,

333 3466 457 3506 esse
503 3451 560 3505 in
615 3451 866 3506 omnibus
894 3453 1068 3518 Deus,
1101 3453 1227 3510 licet
1253 3455 1491 3511 nondum
1528 3456 1808 3528 plenitudo
1835 3474 1929 3515 ea—

335 3560 454 3600 rum
482 3547 668 3600 omnia
691 3548 763 3602 sit
783 3547 836 3602 in
867 3548 1150 3604 omnibus:
1171 3551 1298 3619 quia
1325 3550 1454 3606 licet
1481 3568 1620 3607 unus
1650 3553 1926 3625 religionis

333 3646 535 3693 nostra:
580 3640 650 3694 sit
677 3638 821 3706 ﬁnis,
853 3639 1423 3710 professiones-tamen
1457 3646 1705 3713 diversae,
1731 3649 1926 3718 quibus

335 3729 401 3783 ad
431 3731 718 3786 Dominum
765 3733 1028 3800 tenditur,
1075 3735 1215 3790 sicut
1249 3737 1303 3792 iu
1342 3738 1719 3796 collationibus
1750 3743 1926 3797 senio-

336 3837 457 3876 rum
491 3823 703 3892 plenius
738 3825 1120 3893 disputandum
1151 3837 1255 3881 est.
1311 3827 1542 3900 Ideoque
1583 3831 1926 3889 discretionis

336 3920 394 3965 et
419 3915 763 3969 continentia:
797 3913 965 3972 forma
997 3917 1172 3972 abhis
1199 3927 1284 3973 est
1307 3919 1460 3974 nobis
1481 3921 1803 3990 peculiarius
1828 3938 1926 3978 ex-

333 4004 584 4072 petenda,
617 4021 649 4060 a
676 3996 872 4076 quibus
896 4006 1124 4062 virtutes
1174 4009 1275 4064 has
1301 4024 1398 4079 per
1424 4011 1652 4081 gratiam
1689 4012 1925 4083 Spiritus

331 4094 505 4148 sancti
527 4094 748 4151 uberius
770 4097 1000 4152 vidimus
1023 4097 1270 4166 effluere,
1324 4115 1429 4156 non
1457 4103 1601 4172 quod
1629 4103 1770 4160 ullus
1801 4119 1923 4174 qua:

330 4184 388 4240 in
413 4186 613 4242 multos
633 4188 803 4243 divisa
851 4199 997 4256 sunt,
1029 4192 1175 4248 solus
1216 4195 1388 4263 possit
1411 4195 1716 4264 acquirere,
1741 4197 1836 4252 sed
1865 4206 1928 4252 ut

330 4275 387 4331 in
410 4276 497 4332 his
515 4279 671 4334 bonis
691 4295 917 4348 quorum
941 4298 1168 4352 capaces
1190 4299 1310 4339 esse
1335 4301 1620 4356 possumus
1645 4291 1711 4343 ad
1735 4304 1923 4345 eorum

332 4386 432 4426 nos
462 4371 818 4427 imitationem
850 4375 940 4445 qui
984 4391 1077 4431 eas
1099 4378 1426 4446 peculiarius
1470 4381 1772 4449 obtinuere,
1806 4391 1923 4438 ten-

331 4463 546 4518 damus.
580 4464 806 4536 (Ambr.)
835 4465 904 4520 Ut
931 4468 1369 4537 quemadmodum
1393 4472 1642 4541 scriptum
1663 4481 1738 4527 est
1761 4488 1779 4526 :
1815 4471 1920 4539 Qui

2027 3270 2270 3340 religioni
2292 3270 2548 3336 inimica;
2593 3286 2713 3342 quae
2738 3279 2916 3327 autem
2941 3279 3066 3326 sunt
3093 3286 3214 3341 quae
3241 3272 3463 3343 corripit
3489 3271 3606 3342 ejus

2018 3359 2223 3428 judicio
2249 3361 2364 3416 vult
2400 3360 2554 3424 disci,
2611 3370 2672 3416 ut
2719 3375 2946 3432 quaeque
2974 3371 3159 3417 nostra
3202 3363 3410 3429 irridet,
3460 3361 3610 3418 velut

2026 3452 2190 3527 stulta
2241 3468 2273 3507 a
2316 3467 2374 3508 se
2403 3453 2665 3509 omniain
2709 3451 3000 3509 Corinthiis
3055 3453 3374 3524 reprehendi
3425 3461 3610 3510 osten-

2027 3549 2156 3603 dat:
2189 3561 2387 3617 corpus
2434 3546 2580 3602 enim
2610 3546 2784 3618 ipsum
2834 3553 3121 3610 memorat,
3169 3552 3230 3599 ut
3253 3560 3320 3600 ex
3347 3559 3412 3600 eo
3438 3558 3609 3599 mem-

2025 3638 2246 3692 brorum
2297 3637 2414 3708 ejus
2470 3638 2606 3692 ratio
2661 3635 3043 3708 dignoscatur;
3101 3634 3394 3691 Corinthiis
3425 3642 3608 3690 tamen

2025 3727 2319 3784 manifesta
2342 3736 2502 3784 erant
2539 3728 2662 3796 quia
2691 3743 2886 3782 causas
2916 3727 2970 3782 in
3021 3727 3217 3798 quibus
3235 3726 3607 3800 arguebantur
3642 3749 3646 3754 -

2025 3835 2134 3874 non
2157 3818 2494 3890 ignorabant.
2526 3815 2591 3868 Et
2613 3834 2704 3888 ego
2735 3819 2790 3871 in
2815 3817 3120 3886 inﬁrmitate
3148 3827 3195 3872 et
3226 3819 3411 3872 timore
3440 3816 3605 3872 multo

2026 3909 2107 3979 {ui
2126 3909 2266 3980 apud
2292 3925 2399 3964 vos.
2427 3908 2627 3981 (Amb.)
2660 3909 2933 3964 Christum
2970 3909 3114 3964 enim
3158 3911 3214 3964 in
3239 3909 3464 3966 stultitia
3511 3911 3612 3966 hu-

2025 4017 2201 4056 manae
2220 4001 2498 4072 sapientiae
2524 4001 2845 4072 praedicans,
2869 4000 3052 4056 odium
3073 4001 3176 4057 sibi
3198 4011 3258 4058 et
3283 4005 3612 4074 persecutio—

2027 4104 2150 4145 nem
2179 4091 2536 4160 provocabat,
2593 4079 2746 4160 quasi
2779 4107 2890 4146 rem
2936 4107 3131 4145 vanam
3163 4095 3510 4162 annuntians,
3552 4106 3608 4152 et

2025 4181 2360 4238 inimicitiam
2384 4180 2584 4237 Judznis
2607 4189 2768 4251 atque
2794 4181 3064 4252 gentibus.
3083 4181 3169 4238 .Et
3197 4200 3366 4238 sermo
3393 4201 3538 4240 meus
3558 4197 3608 4240 et

2023 4274 2327 4344 praedicatio
2350 4291 2465 4329 mea
2487 4291 2591 4329 non
2610 4275 2665 4329 in
2689 4277 3076 4347 persuasionem
3095 4276 3385 4347 sapientite.
3416 4277 3607 4335 Osten-

2024 4367 2104 4424 dit
2151 4367 2278 4438 quia
2326 4383 2394 4422 ne
2421 4367 2697 4423 hominum
2747 4368 2983 4426 favorem
3015 4370 3354 4440 acquireret,
3404 4373 3605 4428 idcirco

2025 4458 2272 4512 humana:
2318 4458 2596 4528 sapientiae
2634 4458 2850 4530 placere
2885 4461 3122 4516 noluisse
3147 4502 3161 4527 ,
3203 4477 3377 4532 neque
3412 4465 3604 4522 verbo-

329 4552 592 4622 gton'amr
619 4557 674 4609 in
707 4555 927 4610 Domino
973 4557 1242 4628 glorietur,
1294 4559 1405 4615 Hoc
1439 4561 1699 4630 scriptum
1729 4571 1814 4618 est
1858 4564 1912 4618 in
1944 4545 1990 4605 Ι)
2019 4565 2136 4604 rum
2163 4551 2266 4605 arti
2291 4551 2582 4618 studuisse,
2607 4552 2702 4607 sed
2730 4552 2888 4610 ﬁdem
2925 4553 3132 4608 auctori
3160 4553 3488 4622 exhibuisse,
3509 4557 3603 4628 qui

328 4641 565 4698 Ieremia
611 4646 873 4716 propheta
906 4645 1038 4718 (Jer.
1076 4647 1174 4719 ix).
1226 4648 1456 4719 Dignum
1486 4658 1570 4704 est
1597 4652 1741 4721 quod
1788 4653 1919 4708 dicit

329 4736 594 4803 propheta
622 4744 684 4789 ut
710 4736 766 4790 in
799 4737 1024 4792 Domino
1055 4738 1366 4808 gloriemur.
1417 4739 1551 4806 Quia
1589 4756 1696 4796 non
1725 4744 1922 4811 poterit

331 4825 592 4880 confundi
621 4827 714 4895 qui
745 4827 1006 4897 gloriatur
1050 4829 1102 4882 in
1133 4829 1280 4884 Deo:
1317 4845 1482 4900 opera
1521 4832 1664 4886 enim
1697 4831 1835 4900 ejus,
1863 4843 1920 4888 et

331 4917 732 4988 magniﬁcentia
763 4919 816 4972 in
862 4921 1022 4974 rebus
1059 4920 1224 4990 gestis
1249 4930 1524 4991 apparent.
1555 4922 1805 4993 Ideoque,
1837 4924 1918 4978 in-

329 5010 470 5078 quit,
503 5009 901 5064 confundantur
925 5011 978 5065 in
1009 5011 1165 5066 idolis
1193 5011 1324 5076 suis,
1351 5013 1442 5081 qui
1466 5028 1571 5068 non
1597 5012 1788 5082 pluunt
1817 5031 1916 5070 nec

329 5100 578 5154 fecerunt
603 5101 798 5154 coelum
821 5109 875 5155 et
901 5109 1123 5157 terram.
1149 5101 1320 5156 Simili
1345 5103 1522 5168 modo,
1545 5111 1600 5157 et
1619 5103 1708 5171 qui
1737 5103 1790 5156 in
1818 5105 1916 5158 ho-

329 5191 569 5245 minibus
597 5192 896 5262 gloriantur
926 5208 1063 5263 quos
1104 5193 1282 5248 sciunt
1324 5194 1509 5263 utique
1555 5193 1755 5249 nullius
1794 5209 1915 5250 esse

327 5283 567 5345 virtutis,
599 5298 767 5352 quare
797 5292 851 5338 et
875 5283 952 5338 ait
981 5283 1261 5354 Scriptura
1289 5303 1302 5339 :
1341 5283 1490 5339 Vana
1510 5302 1624 5356 spes
1643 5295 1717 5339 est
1740 5288 1794 5340 in
1819 5287 1914 5339 ho-

325 5375 468 5426 mine
493 5373 682 5445 (Eccli.
717 5374 926 5444 xxxrv).
962 5375 1054 5431 Sic
1095 5377 1239 5431 enim
1269 5377 1360 5446 qui
1389 5377 1646 5448 gloriatur
1669 5393 1777 5433 non
1806 5378 1912 5433 nisi

328 5464 382 5516 in
429 5465 658 5520 Domino
687 5465 966 5536 gloriatur,
1017 5483 1141 5522 cum
1169 5470 1444 5540 cognoscit
1467 5486 1575 5525 non
1613 5486 1769 5525 suum
1816 5472 1909 5527 sed

326 5554 475 5608 illius
498 5571 637 5621 esse,
665 5573 770 5612 nou
797 5557 968 5614 solum
995 5567 1055 5613 ut
1085 5560 1172 5624 sit,
1199 5575 1384 5616 verum
1411 5563 1572 5618 ctiam
1600 5571 1656 5618 ut
1676 5579 1782 5621 non
1806 5563 1908 5625 nisi

327 5644 399 5698 ab
424 5644 516 5700 illo
545 5645 680 5700 bene
706 5647 809 5703 sibi
844 5648 932 5715 sit,
965 5664 994 5703 a
1018 5663 1124 5718 quo
1151 5650 1314 5705 habet
1338 5659 1395 5705 ut
1423 5652 1510 5706 sit.

2022 4637 2323 4693 doctrinam
2353 4655 2506 4694 suam
2553 4655 2656 4696 non
2687 4651 2878 4696 ornatu
2913 4643 3213 4698 traditionis
3237 4645 3484 4701 humanae
3512 4662 3592 4704 ac-

2023 4731 2344 4799 ceptabilem
2375 4748 2496 4789 esse
2524 4734 2693 4789 voluit
2735 4734 3020 4788 verborum
3059 4736 3310 4805 strepitu,
3345 4737 3439 4793 sed
3471 4739 3601 4808 ipsis

2023 4824 2207 4888 rebus,
2231 4823 2356 4892 quia
2384 4839 2474 4880 res
2504 4835 2628 4880 ante
2658 4826 2818 4880 verba
2848 4835 2992 4881 sunt.
3012 4827 3091 4880 Ad
3114 4828 3456 4882 ostensionem
3486 4827 3601 4899 Spi-

2020 4915 2152 4967 ritus
2182 4924 2228 4967 et
2266 4915 2472 4969 virtutis
2505 4914 2619 4969 Dei.
2671 4914 2739 4970 Ut
2789 4915 2914 4984 quia
2963 4916 3166 4980 verbis,
3217 4932 3337 4986 quae
3383 4917 3595 4973 inﬁrma

2008 5003 2166 5073 juxta
2210 5005 2463 5059 virtutem
2510 5014 2656 5071 sunt,
2705 5021 2790 5060 res
2835 5005 2994 5060 fatua:
3047 5018 3256 5078 compte
3305 5010 3597 5078 prudentes

2015 5095 2284 5162 videntur,
2329 5095 2469 5150 Deus
2499 5095 2933 5165 praedicationem
2965 5113 3118 5153 suam
3145 5115 3251 5154 non
3287 5101 3595 5158 testimonio

2015 5187 2300 5242 verborum
2346 5186 2514 5243 voluit
2561 5190 2966 5256 commendari,
3015 5191 3110 5247 sed
3153 5192 3485 5260 virtutibus,
3534 5203 3593 5250 ut

2017 5279 2168 5334 verbi
2196 5279 2422 5334 stultitia
2459 5279 2689 5336 iudicata
2733 5281 2890 5337 factis
2932 5299 2990 5338 se
3020 5284 3340 5354 sapientiam
3367 5286 3589 5341 demon-

2015 5384 2213 5430 straret
2237 5373 2463 5444 spiritali
2485 5375 2694 5431 ratione
2731 5375 2973 5431 fundata.
3015 5376 3338 5446 Sapientiam
3359 5379 3497 5433 enim
3520 5379 3592 5432 lo-

2015 5467 2226 5538 quimur
2251 5467 2383 5530 inter
2409 5466 2682 5536 perfectos.
2714 5468 2826 5523 lloc
2856 5477 2938 5523 est
2968 5468 3108 5522 inter
3133 5484 3224 5523 eos
3253 5471 3342 5538 qui
3373 5484 3587 5524 crucem

2012 5557 2211 5612 Christi
2243 5558 2458 5613 virtutis
2499 5559 2807 5613 testimonio
2851 5560 3167 5630 sapientiam
3211 5559 3485 5614 fatentur:
3534 5559 3618 5613 hi.

2009 5650 2154 5704 enim
2183 5651 2452 5720 sapientes
2479 5659 2534 5705 et
2567 5649 2788 5720 perfecti
2818 5661 2944 5706 sunt
2966 5651 3055 5722 qui
3086 5651 3241 5707 ﬁdem
3290 5667 3394 5706 non
3421 5649 3589 5718 magis

2016 5741 2192 5796 verbis
2219 5742 2450 5804 habent.
2497 5757 2660 5806 quam
2688 5741 2862 5798 rebus.
2909 5741 3230 5798 Suvienlimu
3261 5751 3433 5796 autent
3485 5757 3584 5794 non
