4082 6332
459 332 532 388 23
1096 334 1158 394 B.
1198 336 1452 394 RABANI
1490 338 1712 397 MAURI
1742 339 2062 398 ARCHIEP.
2104 341 2412 402 MOGUNT.
2455 343 2742 405 OPERUM
2779 346 2958 406 PARS
2992 344 3081 407 III.

3654 357 3728 417 94

458 448 618 518 hujus
648 449 848 505 swculi.
879 449 1045 506 Recte
1068 451 1146 506 ait
1172 452 1481 522 sapientiam
1511 469 1617 508 non
1646 454 1806 524 hujus
1827 454 2028 523 saeculi,
2057 462 2110 521 Α
2137 456 2356 527 impiam
2382 456 2671 527 faciebant,
2703 476 2810 517 non
2844 469 3002 516 erant
3027 462 3217 519 nescii.
3248 462 3508 523 Dominus
3544 476 3726 526 tamen

458 538 555 594 sed
587 537 776 605 futuri,
801 539 854 594 in
882 554 991 610 quo
1020 541 1222 596 veritas
1246 542 1339 597 Dei
1365 545 1691 614 negantibus
1717 546 2033 615 apparebit:

459 628 565 684 hoc
589 628 732 684 enim
781 629 1035 685 szrculum
1060 621 1336 687 irationem
1366 634 1509 689 hanc
1554 650 1661 689 non
1692 635 1837 705 capit
1891 637 2040 693 inﬁr-

457 720 647 775 mitate
675 720 1020 793 cogitationis
1068 731 1314 778 terrenae.
1359 723 1540 795 Neque
1562 726 1854 796 principum
1878 729 2038 799 hujus

456 811 637 866 προτιιὶ
665 812 755 882 qui
780 812 1141 868 destruantur.
1181 813 1525 871 Manifestum
1546 825 1631 871 est
1664 832 1773 872 non
1799 830 1920 874 esse
1952 833 2039 874 sa-

454 898 713 968 pientiam
729 901 867 957 hanc
888 902 1192 973 principum
1216 904 1375 976 hujus
1394 905 1603 971 mundi,
1616 906 1742 976 quia
1755 908 2039 965 destruun-

456 999 544 1045 tur
567 990 637 1047 ab
662 991 751 1046 illa
777 1010 791 1046 :
819 992 1199 1051 Christianitas
1223 997 1369 1051 enim
1404 1012 1594 1054 omnes
1622 999 1853 1055 destruit
1879 1015 2035 1058 erro-

452 1093 561 1146 res,
578 1094 712 1149 quos
723 1081 848 1136 alibi
861 1082 1148 1152 Apostolus
1166 1095 1461 1151 enumerat,
1480 1087 1532 1143 id
1545 1088 2033 1158 est,idololatriam,

452 1172 733 1228 avaritiam
778 1183 835 1230 et
862 1184 1055 1231 caetera
1098 1176 1258 1243 vitia,
1312 1179 1463 1233 sicut.
1486 1179 1617 1236 dicit
1640 1180 1877 1239 Joannes
1901 1198 2033 1253 apo-

449 1261 620 1316 stolus
645 1280 658 1315 :
688 1260 910 1334 Propter
931 1264 1030 1318 hoc
1056 1267 1189 1319 venit
1212 1264 1388 1322 Filius
1409 1267 1507 1324 Dei
1542 1279 1599 1323 ut
1630 1269 1846 1326 solveret
1874 1288 2035 1343 opera

448 1353 647 1408 diaboli
669 1353 719 1426 (I
740 1354 901 1411 Joan.
918 1356 1023 1428 Ill).
1036 1388 1107 1399 -—
1122 1357 1228 1414 Sed
1247 1358 1511 1431 loquimur
1528 1361 1628 1416 Dei
1646 1363 1957 1433 sapientiam
1978 1365 2033 1418 in

447 1447 714 1516 mysterio,
739 1465 857 1518 φατε
884 1450 1193 1507 abscondita
1219 1462 1315 1507 est.
1356 1453 1640 1510 Occultum
1671 1470 1892 1511 sensum
1922 1472 2035 1511 ma-

446 1535 709 1595 nifestare
728 1540 953 1595 missum
985 1557 1044 1596 se
1071 1552 1320 1611 testatur,
1351 1558 1513 1615 quem
1542 1560 1717 1616 neque
1738 1547 2028 1618 principes,

448 1643 625 1698 neque
666 1638 964 1698 potestates
1011 1632 1238 1698 scirent,
1268 1650 1445 1704 neque
1486 1638 1719 1693 mundus
1745 1638 2025 1705 audierat;

447 1737 510 1776 ac
539 1736 638 1793 per
660 1723 766 1779 hoc
788 1724 1013 1780 stultum
1033 1728 1236 1796 putari,
1259 1730 1385 1798 quia
1409 1729 1741 1801 incognitum
1761 1740 1881 1798 est;
1908 1747 2030 1788 esse

2144 545 2444 615 majestatis
2468 549 2666 604 dicitur
2690 550 3005 618 cruciﬁxus,
3034 566 3154 608 cum
3186 554 3325 611 mori
3347 557 3556 612 nesciat
3585 561 3726 616 :‘sed

2141 637 2268 708 quia
2310 637 2526 693 Verbum
2551 657 2674 695 caro
2699 642 2898 711 factum
2923 652 3022 710 est,
3064 644 3117 699 id
3141 656 3244 711 est,
3295 647 3391 702 Dei
3424 646 3594 704 Filius
3640 649 3725 705 in-

2142 736 2397 785 carnatus
2446 730 2611 786 homo
2650 729 2827 787 factus
2865 740 2949 788 est
2969 774 2985 798 ,
3022 734 3125 804 ipsi
3160 736 3399 806 ascripta
3441 747 3528 794 est
3550 754 3716 804 mors,

2140 820 2266 890 quia
2291 819 2461 876 Judaei
2497 836 2605 876 non
2631 822 2819 892 utique
2864 838 3083 879 carnem
3110 828 3378 896 persecuti
3406 839 3531 885 sunt
3554 870 3571 896 ,
3623 831 3723 887 sed

2139 925 2262 965 eum
2288 911 2378 981 qui
2400 912 2728 982 operabatur
2752 928 2851 984 per
2867 929 3117 981 carnem;
3142 932 3207 972 ae
3225 930 3323 988 per
3341 917 3445 974 hoc
3471 921 3722 989 quamvis

2140 1003 2399 1059 Dominus
2451 1004 2749 1074 majestatis
2790 1014 3018 1062 mortem
3056 1006 3285 1079 ignoret,
3344 1017 3604 1079 quantum
3647 1011 3719 1066 ad

2138 1092 2441 1150 Judaeorum
2487 1104 2667 1152 tamen
2696 1104 2878 1153 votum
2906 1098 3171 1167 pertinet,
3206 1108 3264 1155 et
3305 1101 3372 1155 ad
3410 1101 3718 1174 principum

2138 1185 2297 1255 hujus
2348 1186 2560 1254 saeculi,
2607 1187 2895 1245 Dominum
2929 1190 3244 1247 occiderunt
3297 1192 3352 1247 in
3393 1207 3577 1248 carne.
3635 1195 3717 1250 Ex

2137 1274 2307 1331 forma
2337 1278 2483 1333 enim
2519 1280 2662 1334 servi
2689 1279 2981 1337 cruciﬁxus
3020 1289 3105 1337 est
3138 1289 3196 1338 et
3245 1293 3426 1340 tamen
3456 1284 3720 1342 Dominus

2133 1367 2317 1439 gloriae
2343 1369 2636 1426 cruciﬁxus
2663 1365 2786 1426 est:
2816 1371 2942 1426 talis
2971 1373 3115 1427 enim
3159 1385 3279 1430 erat
3322 1374 3415 1429 illa
3443 1376 3719 1446 susceptio

2134 1474 2254 1530 qua:
2284 1460 2451 1516 Deum
2499 1460 2772 1518 hominem
2805 1462 3041 1530 faceret,
3092 1471 3148 1520 et
3198 1465 3475 1521 hominem
3519 1465 3715 1521 Deum.

2135 1554 2318 1623 May.)
2381 1553 2521 1618 Quid
2585 1563 2768 1612 tamen
2839 1566 3063 1627 propter
3113 1557 3263 1627 quid,
3318 1564 3373 1612 et
3417 1557 3717 1615 secundum

2133 1643 2263 1713 quid
2285 1642 2518 1709 dicatur,
2550 1645 2839 1716 adiuvante
2858 1645 3109 1709 Domino,
3139 1647 3376 1718 prudens
3403 1655 3459 1703 et
3485 1647 3718 1720 diligens

2134 1731 2304 1789 lector
2329 1733 2601 1805 intelligit.
2653 1735 2788 1790 Nam
2811 1750 2939 1792 ecce
2965 1736 3220 1803 diximus,
3261 1737 3387 1807 quia
3414 1737 3717 1794 secundum

446 1821 628 1869 autem
674 1815 940 1872 rationale
961 1825 1017 1873 et
1040 1818 1278 1875 salutare
1318 1829 1460 1877 teste
1486 1822 1706 1890 virtute,
1742 1825 1827 1880 cui
1851 1827 2027 1881 omnis
2053 1809 2101 1870 Β
2130 1821 2184 1876 id
2210 1822 2354 1892 quod
2396 1824 2538 1879 Deus
2562 1831 2646 1880 est
2669 1825 2936 1896 gloriﬁcat
2963 1841 3111 1892 suos,
3142 1827 3439 1882 secundum
3467 1827 3573 1883 hoc
3601 1827 3714 1885 uti-

445 1905 676 1962 intentio
703 1908 849 1963 cedit
882 1910 1109 1966 rationis
1134 1912 1402 1968 humanae.
1427 1913 1756 1971 Abscondita
1786 1925 1870 1972 est
1897 1932 2026 1989 ergo

443 1995 541 2050 Dei
585 1997 848 2067 sapientia
875 2039 890 2064 ,
936 2000 1065 2055 dum
1100 2016 1208 2057 non
1258 2003 1313 2057 in
1343 2003 1524 2060 verbis
1551 2045 1568 2071 ,
1607 2005 1702 2061 sed
1742 2006 1797 2061 in
1827 2007 2027 2065 virtute

443 2095 561 2153 est;
594 2104 701 2144 non
727 2090 963 2145 humana
992 2092 1204 2149 ratione
1244 2094 1539 2164 possibilis,
1567 2097 1663 2151 sed
1690 2094 1925 2166 Spiritus
1949 2099 2028 2154 ef-

442 2184 630 2239 ﬂcacia
657 2185 952 2243 credibilis.
992 2185 1167 2253 Quam
1190 2189 1579 2259 praedestinavit
1603 2189 1742 2245 Deus
1781 2201 1900 2246 ante
1922 2209 2025 2248 stc-

441 2275 563 2331 cula
591 2276 647 2330 in
670 2276 893 2347 gloriam
920 2288 1171 2334 nostram.
1206 2278 1389 2350 Usque
1420 2281 1555 2336 adeo
1585 2297 1711 2337 vera
1738 2283 2022 2353 sapientia,

441 2375 498 2423 et
524 2383 649 2424 cum
676 2368 788 2425 Deo
813 2384 1028 2440 semper
1050 2370 1217 2427 fuisse
1236 2371 1562 2439 declaratur,
1595 2379 1653 2427 ut
1676 2382 1803 2430 ante
1830 2376 2025 2431 saecula

446 2458 832 2526 praedestinata
861 2458 916 2512 in
942 2458 1170 2530 gloriam
1206 2468 1448 2516 nostram
1475 2461 1708 2527 dicatur,
1739 2464 1831 2532 qui
1851 2464 2028 2519 credi-

442 2563 583 2604 mus.
624 2547 891 2605 Przescius
918 2549 1066 2605 enim
1080 2549 1224 2618 Deus
1249 2565 1464 2607 errores
1492 2550 1704 2608 futuros
1726 2553 1778 2607 in
1804 2554 2023 2620 mundo,

439 2654 601 2709 quem
630 2648 749 2695 erat
795 2639 1071 2708 facturus,
1117 2641 1223 2697 hoc
1255 2641 1499 2699 decrevit
1547 2642 1618 2698 ad
1649 2642 2024 2700 confusionem

440 2731 656 2787 illorum
692 2732 785 2802 qui
825 2732 927 2789 sibi
952 2732 1236 2789 stultitiam
1261 2734 1581 2804 sapientiam
1608 2733 1803 2790 facturi
1847 2745 2022 2801 erant,

440 2821 510 2877 ad
547 2830 786 2877 nostram
832 2831 1013 2878 autem
1063 2823 1289 2895 gloriam
1312 2826 1406 2895 qui
1434 2825 1690 2881 credituri
1714 2839 1932 2882 eramus
1970 2835 2026 2882 et

439 2911 732 2968 credimus.
762 2911 933 2979 Quam
960 2930 1109 2968 nemo
1136 2915 1429 2985 principum
1453 2914 1612 2986 hujus
1631 2914 1813 2971 steculi
1840 2931 2024 2987 cogno-

439 3004 509 3057 vit
537 3018 557 3057 :
587 3003 633 3059 si
659 3004 795 3059 enim
837 3005 1216 3074 cognovissent,
1241 3021 1505 3075 nunquam
1544 3004 1828 3059 Dominum
1861 3003 2025 3074 maje-

439 3094 591 3148 statis
623 3093 1026 3162 cruciﬁxissent.
1067 3093 1348 3163 Principes
1388 3093 1550 3164 hujus
1586 3094 1769 3150 saeculi
1796 3108 1902 3149 non
1935 3109 2023 3149 so-

2125 1928 2229 1983 que
2250 1915 2395 1984 quod
2420 1914 2678 1973 Dominus
2702 1916 2884 1987 gloria:
2910 1926 3014 1983 est,
3040 1927 3097 1973 et
3117 1928 3299 1974 tamen
3322 1919 3583 1975 Dominus
3604 1918 3718 1988 διον

2126 1999 2220 2053 ria:
2240 1999 2532 2054 cruciﬁxus
2550 2007 2663 2067 est,
2712 2002 2837 2071 quia
2867 2010 3015 2058 recte
3040 2003 3258 2068 dicitur,
3285 2014 3344 2060 et
3366 2004 3510 2060 Deus
3536 2006 3716 2062 cruci-

2125 2088 2265 2144 ﬁxus
2311 2102 2422 2144 non
2470 2103 2538 2146 ex
2574 2089 2774 2147 virtute
2800 2091 3116 2159 divinitatis,
3167 2094 3260 2150 sed
3287 2109 3357 2149 ex
3397 2094 3719 2151 inﬁmitate

2124 2196 2188 2237 ca
2195 2195 2327 2236 "IIS.

2196 2270 2303 2327 Sed
2327 2272 2465 2326 sicut
2491 2272 2741 2343 scriptum
2759 2284 2835 2329 est
2875 2290 2894 2328 :
2924 2272 3078 2340 Quod
3106 2274 3288 2329 oculus
3314 2291 3418 2329 non
3439 2274 3588 2342 vidit,
3617 2290 3716 2330 nec

2124 2364 2271 2419 auris
2299 2362 2521 2429 audivit,
2568 2380 2660 2418 nec
2686 2364 2742 2419 in
2765 2380 2857 2419 cor
2883 2365 3109 2419 hominis
3142 2364 3396 2431 ascendit,
3428 2381 3547 2435 quae
3572 2379 3710 2435 pra:-

2121 2453 2327 2523 paravit
2349 2451 2493 2509 Deus
2526 2452 2863 2524 diligentibus
2885 2470 3025 2509 eum.
3054 2452 3285 2526 (Aman)
3310 2453 3426 2509 Hoc
3448 2454 3710 2525 scriptum

2123 2551 2209 2598 est
2232 2543 2286 2597 in
2299 2541 2619 2615 Apocalypsi
2640 2543 2792 2609 Elim,
2814 2543 2869 2599 in
2894 2543 3251 2615 Apocryphis.
3274 2542 3380 2598 Per
3398 2544 3504 2600 hoc
3532 2556 3713 2600 exem-

2122 2635 2268 2705 plum
2290 2636 2622 2707 inopinatam
2642 2651 2758 2691 rem
2786 2638 2982 2692 factam
3001 2637 3154 2702 dicit,
3176 2645 3233 2693 et
3258 2651 3380 2708 qua:
3404 2651 3510 2693 non
3532 2620 3712 2693 solum

2125 2726 2180 2780 in
2213 2726 2507 2781 humanum
2540 2741 2759 2783 sensum
2793 2742 2902 2783 non
2930 2728 3170 2793 caderet,
3224 2726 3322 2783 sed
3360 2734 3416 2782 et
3461 2725 3714 2782 caelestes

2124 2818 2394 2887 potentias
2415 2817 2631 2882 lateret,
2668 2816 2766 2872 Dei
2786 2816 2995 2872 scilicet
3032 2816 3226 2872 Filium
3255 2817 3615 2882 incarnatum,
3651 2823 3715 2872 ut

2123 2908 2266 2978 quod
2290 2924 2451 2979 supra
2479 2908 2695 2964 dixerat
2736 2907 2999 2972 ﬁrmaret,
3021 2908 3148 2978 quia
3178 2908 3223 2963 si
3258 2907 3529 2978 principes
3549 2905 3713 2976 huius

2124 2998 2307 3053 szeculi
2335 2998 2622 3053 Dominum
2646 2996 2919 3053 hominem
2941 2997 3147 3053 factum
3172 3013 3279 3052 non
3302 2997 3706 3064 intellexerunt,

2124 3094 2324 3157 quanto
2351 3087 2521 3158 magis
2569 3087 2837 3143 homines.
2870 3085 2975 3141 Sed
3017 3087 3063 3142 si
3113 3087 3277 3143 verba
3324 3085 3707 3143 oﬁ‘endiculum

439 3186 550 3241 tum
574 3188 824 3242 homines
850 3187 1195 3255 accipiendos
1216 3186 1522 3244 ιυάτεοι-υω
1547 3202 1612 3243 ac
1632 3185 2018 3253 Romanorum,
2049 3166 2095 3228 C
2129 3176 2210 3231 vel
2236 3176 2547 3232 scandalum
2576 3175 2875 3242 faciebant,
2918 3176 3210 3233 virtutibus
3252 3186 3433 3232 tamen
3463 3184 3515 3233 et
3539 3177 3712 3249 signis

440 3277 538 3332 sed
570 3283 626 3331 et
654 3276 753 3331 hos
778 3276 1055 3345 principes
1078 3285 1136 3332 et
1180 3284 1479 3346 potestates
1511 3292 1647 3347 quos
1673 3292 1837 3348 supra
1865 3278 2023 3343 dixit,

441 3366 511 3421 ad
534 3380 671 3436 quos
698 3380 826 3421 vere
850 3366 1084 3437 pertinet
1105 3367 1309 3423 dictum
1333 3368 1455 3435 hoc,
1489 3369 1751 3425 adversus
1775 3383 1909 3439 quos
1929 3385 2028 3424 no-

439 3458 524 3513 bis
580 3458 887 3515 colluctatio
922 3466 1006 3514 est
1056 3459 1316 3531 spiritalia
1358 3462 1599 3532 nequitia:
1640 3464 1697 3516 in
1737 3461 2025 3517 ccelestibus

442 3547 603 3617 (Eph.
635 3547 731 3619 Iv),
774 3547 899 3618 quia
940 3549 1169 3605 consilio
1201 3564 1265 3605 ac
1291 3551 1566 3607 voluntate
1608 3551 1822 3607 illorum
1849 3552 2025 3607 cruci-

442 3638 583 3693 ﬁxus
606 3648 691 3694 est
716 3638 986 3695 Christus.
1028 3640 1270 3711 Denique
1298 3650 1419 3713 post
1443 3642 1770 3698 tentationes
1795 3642 2022 3707 recessit,

441 3731 541 3796 ait,
580 3731 820 3787 diabolus
848 3748 1009 3804 usque
1042 3732 1111 3788 ad
1134 3743 1335 3803 tempus
1369 3733 1522 3806 (Luc.
1556 3733 1651 3806 Iv),
1694 3743 1750 3790 et
1780 3735 1896 3804 ipse
1920 3733 2025 3789 Do-

442 3823 621 3877 minus
648 3842 660 3875 :
695 3822 966 3895 Princeps,
1000 3825 1203 3895 inquit,
1235 3824 1396 3895 hujus
1420 3825 1602 3879 mundi
1626 3825 1764 3879 venit
1787 3833 1834 3879 et
1861 3825 1915 3879 in
1943 3839 2026 3880 me

440 3915 633 3969 invenit
665 3915 794 3970 nihil
819 3916 1000 3988 (Joan.
1024 3917 1162 3990 xiv).
1190 3915 1469 3987 Principes
1496 3931 1627 3987 ergo
1655 3914 1816 3984 hujus
1843 3916 2024 3972 sateuli

441 4022 540 4077 per
568 4007 927 4079 ignorantiam
953 4009 1239 4065 Dominum
1267 4009 1564 4080 majestatis
1611 4008 2021 4065 cruciﬁxerunt.

445 4098 579 4154 Nam
611 4098 918 4157 Judaeorum
940 4100 1233 4173 principes,
1267 4101 1537 4172 quomodo
1562 4101 1837 4172 principes
1868 4100 2025 4171 hujus

445 4190 626 4245 saeculi
674 4200 901 4260 possunt
943 4192 1212 4264 intelligi,
1251 4193 1345 4262 qui
1380 4201 1538 4248 erant
1581 4192 1807 4262 subjecti
1858 4208 2023 4265 regno

448 4281 714 4343 Ronaano,
746 4288 803 4335 et
842 4296 1017 4350 neque
1045 4281 1413 4337 Romanorum
1443 4283 1711 4353 principes
1743 4282 2026 4337 crucitixe-

446 4382 573 4428 rum
593 4372 904 4437 Christum;
934 4375 1131 4443 quippe
1157 4388 1279 4428 cum
1300 4372 1500 4428 dixerit
1531 4373 1734 4428 Pilatus
1760 4388 1775 4426 :
1807 4370 2025 4427 Nullam

445 4481 659 4519 causam
690 4466 871 4519 mortis
899 4465 1100 4518 invenio
1128 4466 1182 4520 in
1207 4482 1266 4519 eo
1293 4464 1474 4537 (Joan.
1506 4466 1640 4536 xix),
1675 4465 1814 4520 unde
1836 4473 1890 4519 et
1915 4478 2029 4518 ma-

442 4572 548 4612 nus
570 4557 721 4621 lavit,
737 4557 921 4612 dicens
941 4555 1170 4611 Iudaeis:
1196 4556 1455 4611 innocens
1476 4573 1569 4627 ego
1587 4572 1700 4611 sum
1724 4573 1756 4610 a
1775 4554 2028 4624 sanguine

435 4652 572 4721 justi
598 4650 781 4719 hujus,
804 4666 889 4704 vos
910 4650 1137 4704 videritis
1158 4648 1371 4720 (Matth.
1388 4648 1559 4719 xxvii)
1577 4666 1589 4701 :
1606 4648 1659 4702 hi
1681 4660 1809 4718 ergo
1826 4645 2028 4715 princi-

444 4760 539 4813 pes
554 4743 939 4799 cruciﬁxerunt
958 4742 1263 4808 Dominum,
1278 4758 1413 4814 quos
1433 4740 1780 4810 triumphavit
1793 4739 1957 4793 libere
1970 4738 2023 4792 in

444 4834 758 4905 semetipso.
799 4833 1058 4902 Quamvis
1088 4833 1233 4888 dicat
1264 4832 1439 4888 Lucas
1479 4828 1804 4900 evangelista
1832 4828 1898 4883 de
1920 4827 2026 4882 da:-

446 4924 701 4979 monibus
731 4938 745 4979 :
777 4921 1019 4979 Sciebant
1060 4923 1194 4978 enim
1223 4922 1487 4977 Christum
1512 4922 1681 4991 ipsum
1708 4934 1818 4972 esse
1843 4917 2023 4972 Iesum

447 5016 602 5087 (Luc.
636 5018 749 5087 Iv);
801 5017 1040 5071 scierunt
1070 5015 1287 5086 quidem
1320 5014 1496 5084 ipsum
1521 5026 1673 5077 esse,
1709 5009 1800 5081 qui
1828 5009 1882 5063 in
1910 5009 2028 5080 lege

446 5110 750 5179 promissus
797 5116 951 5174 erat,
994 5107 1312 5179 mysterium
1358 5112 1538 5159 tamen
1577 5101 1692 5171 ejus
1733 5116 1843 5168 quo
1888 5099 2028 5154 ﬁlius

448 5202 549 5258 Dei
577 5210 661 5256 est
694 5201 1025 5256 nesciebant.
1078 5198 1192 5253 iloc
1226 5197 1390 5253 etiam
1419 5205 1475 5252 et
1523 5194 1717 5251 Petrus
1754 5190 2028 5264 apostolus

449 5294 517 5348 ad
552 5292 804 5363 populum
828 5291 1110 5347 Judaicum
1139 5290 1270 5346 dicit
1298 5286 1436 5359 (Act.
1465 5286 1549 5358 lli)
1581 5305 1593 5341 ε
1629 5284 1749 5341 Scio
1770 5326 1784 5351 ,
1815 5284 2026 5355 fratres,

448 5387 573 5455 quia
608 5402 699 5455 per
746 5384 1097 5455 ignorantiam
1140 5379 1369 5452 gessistis
1409 5379 1505 5431 hoc
1535 5376 1753 5447 malunt,
1801 5375 1934 5429 sicut
1980 5382 2029 5427 et

449 5476 708 5544 principes
737 5474 906 5537 vestri,
946 5488 1050 5526 non
1080 5479 1257 5525 tamen
1282 5467 1483 5522 seculi.
1513 5466 1571 5520 Si
1592 5481 1721 5535 ergo
1758 5480 1854 5534 per
1880 5464 2029 5533 igno-

454 5566 685 5620 rantiam
726 5565 867 5620 servi
926 5563 1241 5619 occiderunt
1288 5558 1594 5622 Dominum,
1628 5564 1907 5625 peccatum
1952 5553 2032 5607 eis

457 5659 652 5713 ascribi
691 5674 796 5712 non
839 5656 995 5711 debet
1031 5673 1044 5707 :
1088 5655 1181 5710 sed
1214 5668 1318 5707 non
1348 5652 1474 5706 licet
1519 5650 1623 5704 hoc
1670 5647 1939 5717 ignorare.
1966 5643 2034 5697 Et

459 5748 703 5821 quamvis
729 5746 1011 5803 Dominum
1039 5758 1157 5800 esse
1197 5739 1505 5805 nescierint,
1530 5747 1728 5792 tamen.
1762 5734 1902 5805 quia
1920 5747 2033 5788 rem

2056 4492 2106 4551 D

2125 3265 2259 3321 ﬁdes
2307 3280 2417 3321 non
2463 3264 2721 3321 debuerat
2774 3265 3071 3337 denegari:
3122 3265 3422 3321 inﬁrmitati
3470 3265 3616 3320 enim
3652 3273 3712 3321 et

2124 3357 2438 3426 ignorantiae
2508 3356 2757 3412 humana:
2825 3356 3000 3412 virtus
3049 3356 3308 3413 debuerat
3364 3357 3606 3428 praeponi
3655 3364 3715 3412 et

2122 3447 2271 3503 credi
2296 3446 2440 3518 quod
2484 3447 2734 3503 humana:
2783 3447 2981 3502 rationi
3028 3445 3359 3517 impossibile
3402 3446 3709 3513 videbatur,

2124 3538 2350 3608 ideoque
2380 3539 2724 3610 diligentibus
2754 3539 3066 3604 Dominum,
3102 3538 3155 3593 id
3193 3549 3311 3605 est,
3357 3538 3708 3594 credentibus

2121 3631 2445 3702 praeparavit
2466 3631 2665 3687 donum
2706 3632 2828 3687 hoc.
2882 3630 3064 3704 (Aug)
3092 3630 3281 3696 Aliter,
3328 3630 3474 3700 quod
3516 3628 3709 3685 oculus

2123 3738 2232 3779 non
2257 3723 2406 3789 vidit,
2445 3724 2571 3793 quia
2600 3740 2708 3779 non
2738 3731 2823 3779 est
2844 3723 3011 3788 color,
3034 3736 3134 3778 nec
3158 3721 3308 3777 auris
3334 3720 3560 3784 audivit,
3580 3720 3709 3789 quia

2124 3830 2230 3870 non
2256 3822 2340 3870 est
2375 3827 2562 3878 sonus,
2588 3828 2688 3869 nec
2713 3814 2767 3868 in
2778 3828 2889 3868 ~eor
2913 3812 3151 3868 hominis
3176 3810 3441 3875 ascendit,
3465 3809 3593 3878 quia
3613 3824 3711 3865 cor

2123 3903 2360 3961 hominis
2388 3902 2517 3959 illuc
2557 3902 2716 3959 debet
2742 3904 3054 3958 ascendere.
3110 3900 3277 3955 Nobis
3306 3916 3426 3954 vero
3471 3898 3713 3955 reuelauit

2123 3996 2378 4051 Dominus
2420 4012 2514 4068 per
2542 3995 2797 4066 Spiritum
2835 4010 3010 4049 suum.
3048 3992 3247 4063 (Ilion)
3294 3990 3353 4046 Si
3377 3991 3568 4046 oculus
3601 4005 3710 4047 non

2125 4088 2253 4143 vidit
2277 4102 2379 4143 nec
2405 4086 2556 4141 auris
2579 4085 2782 4140 audivit
2805 4099 2926 4154 qua:
2958 4082 3284 4155 praeparavit
3310 4083 3454 4137 Deus
3484 4081 3570 4137 his
3612 4081 3711 4151 qui

2123 4178 2348 4247 diligunt
2376 4190 2533 4241 eum,
2561 4175 2830 4245 quomodo
2858 4175 3001 4230 idem
3027 4171 3314 4244 Apostolus
3343 4171 3529 4237 infert,
3560 4171 3709 4227 nobis

2123 4275 2294 4319 autem
2329 4262 2572 4319 reuelauit
2599 4263 2741 4318 Deus
2766 4279 2858 4335 per
2895 4262 3149 4334 Spiritum
3174 4261 3371 4316 suum?
3413 4258 3472 4316 Si
3500 4258 3708 4316 revela-

2126 4365 2237 4411 tum
2282 4364 2368 4410 est
2397 4354 2655 4426 Apostolo
2697 4343 3175 4427 intelligendumne
3219 4362 3303 4409 est
3338 4353 3481 4424 quod
3523 4361 3580 4408 et
3620 4351 3710 4408 ille

2130 4448 2251 4503 aliis
2302 4449 2660 4513 revelaverit;
2701 4458 2864 4519 atque
2914 4448 3096 4504 brevis
3128 4448 3408 4518 responsio
3451 4454 3554 4513 est,
3598 4462 3711 4502 non

2132 4540 2327 4596 debere
2351 4541 2630 4611 requirere
2647 4580 2663 4605 ,
2691 4539 2821 4609 quid
2849 4539 2919 4595 sit
2949 4539 3078 4594 illud
3123 4538 3266 4608 quod
3294 4551 3392 4592 nec
3416 4534 3606 4591 oculus
3631 4534 3710 4587 vi-

2132 4630 2233 4694 dit,
2260 4645 2359 4685 nec
2395 4631 2544 4685 auris
2572 4631 2798 4697 audivit,
2837 4645 2938 4685 nec
2964 4630 3018 4684 in
3044 4645 3141 4685 cor
3174 4627 3407 4684 hominis
3432 4623 3706 4689 ascendit:

2129 4723 2174 4780 si
2202 4723 2345 4779 enim
2370 4723 2650 4794 ignoratur
2674 4723 2940 4792 quomodo
2961 4720 3087 4776 sciri
3111 4726 3290 4790 potest
3316 4717 3459 4787 quod
3482 4714 3711 4785 promit-

2129 4814 2259 4869 titur
2281 4813 2333 4867 in
2364 4811 2568 4878 futuro,
2596 4828 2703 4868 non
2730 4812 2973 4867 cernitur
3010 4810 3065 4863 in
3092 4807 3380 4879 praesenti;
3418 4818 3542 4875 spes
3565 4803 3713 4860 enim

2129 4920 2249 4975 quae
2272 4904 2501 4969 videtur,
2535 4917 2640 4958 non
2675 4910 2760 4958 est
2788 4916 2933 4971 spes,
2960 4901 3052 4955 sed
3079 4898 3193 4967 jam
3222 4905 3370 4954 certa
3398 4894 3709 4966 possessio;

2128 4999 2398 5068 quomodo
2453 4998 2498 5053 si
2534 4995 2663 5052 velit
2710 4994 2977 5065 quispiam
3021 4992 3242 5056 dicere,
3299 4984 3524 5047 ostende
3576 4984 3711 5040 mihi

2128 5090 2272 5159 quod
2304 5087 2632 5159 impossibile
2683 5093 2787 5150 est,
2841 5084 3061 5152 loquere
3097 5081 3239 5152 quod
3282 5078 3452 5135 audiri
3483 5092 3592 5131 non
3618 5089 3715 5144 po-

2131 5188 2252 5245 test,
2281 5194 2489 5250 expone
2509 5176 2649 5247 quod
2678 5190 2785 5230 non
2810 5172 3218 5244 colnprehendit
3241 5171 3480 5225 humana
3503 5164 3713 5237 cogita-

2131 5269 2226 5322 tio.
2256 5268 2395 5338 Ergo
2420 5267 2525 5321 hoc
2546 5280 2708 5320 sensu
2728 5263 3019 5333 Apostolus
3055 5262 3256 5317 dixisse
3276 5255 3583 5315 credendus
3607 5261 3710 5318 est,

2132 5359 2276 5430 quod
2305 5357 2613 5412 carnalibus
2630 5355 2801 5409 oculis
2819 5364 2873 5409 et
2899 5369 3029 5408 aure
3051 5350 3275 5413 carnali,
3310 5355 3366 5402 et
3386 5343 3716 5417 cogitatione

2134 5447 2366 5513 mortali,
2405 5462 2511 5502 non
2537 5445 2745 5516 possint
2785 5444 3047 5516 spiritalia
3074 5434 3478 5510 comprehendi.
3529 5431 3637 5489 Et:
3668 5433 3716 5487 si

2133 5549 2268 5603 enim
2297 5559 2601 5600 noveramus
2647 5539 2911 5612 quondam
2959 5537 3139 5591 Jesum
3168 5530 3453 5588 secundum
3479 5540 3714 5589 carnem,

2134 5637 2224 5691 sed
2254 5651 2390 5689 nunc
2404 5634 2521 5704 jam
2561 5649 2666 5687 non
2702 5631 2932 5686 norimus
2980 5641 3138 5689 cum;
3174 5631 3229 5678 ct
3258 5623 3309 5677 in
3333 5617 3559 5674 Joannis
3593 5613 3717 5683 Epi-

2137 5728 2269 5785 stula
2307 5726 2561 5783 scribitur
2593 5744 2605 5778 :
2655 5721 2980 5777 Chorissimi.
3022 5734 3157 5771 nunc
3187 5714 3283 5784 ﬁlii
3312 5713 3413 5767 'Dei
3442 5724 3643 5772 sumus,
3668 5718 3714 5759 et
