4082 6332
274 332 348 388 25
791 324 1343 386 ENARRATIONUM
1380 326 1449 384 ΙΝ
1487 326 1641 385 EPP.
1676 324 1886 386 PAULI
1920 328 2049 385 LIB.
2086 328 2178 388 lX.
2216 361 2287 371 -—
2320 328 2390 386 IN
2428 329 2646 392 EPISI'.
2684 332 2706 389 1
2741 334 2835 391 AD
2870 334 3028 393 (ΞΟΠ.
3490 338 3571 395 εσ

274 440 501 497 necdum
540 440 879 510 manifestum
906 450 982 495 est
1018 441 1145 512 quid
1174 441 1343 512 futuri
1363 456 1567 507 sumus,
1613 441 1864 511 quoniam
1892 449 1941 506 Α
1968 440 2062 496 Dei
2088 441 2272 497 docuit
2303 457 2403 498 nos
2424 443 2568 513 quod
2594 444 2700 501 scit
2742 452 3086 512 naturaliter,
3116 459 3227 501 non
3255 447 3465 513 doctus,
3510 457 3568 505 et

271 528 571 595 hdebimus
607 548 728 586 cum
751 533 905 586 sicuti
945 541 1021 587 est
1048 531 1097 604 (Ι
1128 531 1293 587 Ioan.
1339 532 1442 605 tu).
1473 533 1734 604 Quodque
1780 548 1871 588 m-

275 633 523 680 veiatuui
549 624 653 679 sibi
695 631 751 678 et
781 623 985 679 sanctis
1020 638 1120 694 per
1160 624 1420 693 Spiritum
1471 638 1592 681 esse
1622 631 1872 689 testatur,

276 730 389 769 non
419 715 610 769 statim
631 715 895 784 sequitur,
922 722 985 768 ut
1010 714 1126 785 ipse
1162 715 1283 770 aliis
1314 715 1604 781 revelarit;
1638 714 1874 785 alioquin

274 804 491 860 audivit
531 813 591 860 et
640 805 694 859 in
738 805 992 875 paradiso
1020 807 1186 860 verba
1239 805 1548 873 ineffabilia,
1599 822 1721 877 qua:
1753 807 1875 862 aliis

275 910 509 950 mrrare
537 909 649 951 non
696 902 929 965 poterat,
970 886 1068 951 aut
1113 896 1161 951 si
1209 898 1488 962 narravit,
1530 912 1876 967 nequaquam

279 986 577 1043 incﬂ'abilia
613 993 758 1043 sunt.
789 986 1015 1058 (Ambr.)
1052 986 1189 1042 Nam
1224 988 1355 1057 quia
1394 987 1667 1058 principes
1692 985 1875 1043 sseculi

276 1080 385 1134 hoc
410 1078 760 1150 ignorabant,
812 1076 951 1133 Deus
978 1079 1081 1133 hoc
1110 1094 1210 1149 per
1242 1076 1503 1148 Spiritum
1544 1093 1701 1134 suum
1724 1094 1878 1135 reve-

276 1169 414 1225 lavit
440 1168 789 1224 credentibus
806 1209 822 1234 ,
871 1169 999 1238 quia
1028 1183 1118 1222 res
1142 1167 1238 1223 Dei
1264 1182 1371 1222 non
1397 1176 1577 1237 potest
1602 1169 1720 1223 sine
1751 1167 1875 1238 Spi-

278 1261 389 1314 ritu
420 1259 519 1315 Dei
550 1258 775 1314 addisci.
819 1256 956 1312 Nam
992 1273 1097 1313 non
1128 1256 1302 1313 solum
1350 1258 1660 1331 hominibus
1687 1273 1876 1313 sacra-

279 1360 529 1407 mentum
560 1349 702 1404 istud
731 1349 955 1404 missum
976 1363 1036 1404 se
1055 1348 1186 1404 dicit
1210 1347 1508 1415 declarare,
1536 1349 1630 1404 sed
1655 1357 1711 1405 et
1732 1350 1879 1420 prin-

280 1442 497 1513 cipibus
523 1448 581 1495 et
604 1440 966 1511 potestatibus
1002 1441 1060 1494 in
1108 1438 1421 1495 coelestibus
1468 1439 1561 1510 qui
1588 1437 1876 1495 Dominum

277 1533 697 1596 crnciflsernnt,
748 1538 810 1585 ut
838 1531 943 1586 hoc
966 1531 1296 1601 praedicante
1338 1531 1392 1585 in
1440 1531 1632 1598 terris,
1667 1532 1879 1588 discant

278 1627 376 1698 qui
401 1634 531 1682 sunt
558 1626 615 1681 in
642 1624 953 1681 carnalibus
979 1625 1154 1692 caelis,
1183 1626 1274 1695 qui
1300 1626 1501 1697 degunt
1527 1626 1881 1683 subelemen-

280 1720 357 1774 tis
389 1716 740 1772 firmamenti.
772 1715 872 1772 Hic
900 1732 1029 1788 ergo
1059 1716 1346 1786 singularis
1370 1717 1642 1788 apostolus
1676 1726 1789 1785 est,
1820 1727 1877 1774 et

1973 532 2157 587 docuit
2182 547 2282 589 nos
2306 534 2373 589 de
2393 515 2651 607 mysterio
2675 536 2900 604 Christi,
2931 537 3059 609 quia
3092 551 3202 594 non
3231 538 3406 594 solum
3436 541 3561 611 Spi-

1974 620 2113 677 ritus
2140 621 2234 677 Dei
2262 631 2368 688 est,
2394 625 2487 679 sed
2512 632 2569 680 et
2586 625 2808 681 Christi.

2045 713 2164 768 Nos
2187 724 2363 770 autem
2385 733 2490 771 non
2517 717 2759 787 spiritum
2807 718 2970 788 hujus
3011 718 3197 773 mundi
3238 719 3559 790 accepimus,

1973 803 2064 859 sed
2093 803 2351 874 Spiritum
2371 808 2464 877 qui
2488 822 2555 862 ex
2579 807 2694 862 Deo
2731 817 2827 862 est.
2858 808 2999 864 llinc
3027 809 3229 865 scimus
3266 810 3394 880 quia
3439 809 3564 881 Spi-

1974 898 2138 950 ritum
2166 896 2259 966 qui
2295 897 2362 953 de
2386 897 2495 954 Deo
2522 907 2607 955 est
2628 899 2958 969 accepimus,
2985 900 3110 970 quia
3135 901 3321 957 mundi
3344 901 3570 972 spiritus

1977 1004 2083 1043 non
2112 997 2292 1059 potest
2335 993 2497 1058 scire,
2525 1009 2647 1063 quas
2688 993 2758 1048 ab
2792 992 2899 1049 hoc
2933 992 3090 1048 nobis
3119 993 3394 1049 insinuata
3416 1001 3561 1049 sunt.

1978 1078 2215 1149 Spiritus
2247 1088 2424 1137 tamen
2451 1082 2637 1138 mundi
2666 1084 2758 1139 hic
2784 1092 2885 1148 est,
2916 1098 3015 1153 per
3040 1100 3201 1155 quem
3234 1083 3571 1155 arripiuntur

1978 1169 2218 1236 fanatici,
2237 1172 2348 1241 .qui
2377 1172 2495 1229 sine
2520 1174 2634 1229 Deo
2662 1185 2791 1229 sunt
2818 1193 2831 1228 :
2862 1182 2951 1229 est
2975 1174 3121 1229 enim
3155 1174 3299 1228 inter
3335 1175 3568 1230 munda-

1976 1281 2077 1320 nos
2135 1265 2357 1336 spiritus
2410 1267 2616 1336 potior,
2671 1269 2815 1324 unde
2867 1268 3005 1324 solet
3053 1267 3382 1338 conjecturis
3450 1283 3573 1339 quae

1976 1357 2160 1413 mundi
2184 1367 2312 1412 sunt
2335 1358 2601 1425 divinare,
2627 1373 2788 1428 quem
2822 1360 3114 1431 pythonem
3147 1359 3440 1430 appellant.
3466 1359 3567 1415 Hic

1977 1447 2122 1504 enim
2148 1456 2253 1514 est,
2293 1447 2387 1519 qui
2420 1464 2520 1519 per
2542 1449 2857 1506 verisimilia
2911 1449 3117 1506 fallitur
3143 1459 3200 1506 et
3242 1451 3421 1519 fallit;
3472 1450 3564 1506 hic

1977 1544 2079 1603 est,
2137 1536 2231 1606 qui
2275 1552 2371 1607 per
2431 1537 2679 1609 sibyllam
2729 1539 2945 1595 locutus
2985 1548 3114 1606 est,
3170 1555 3393 1596 sensum
3446 1555 3573 1596 nos-

1982 1635 2126 1682 trum
2155 1635 2400 1693 secutus,
2426 1627 2607 1684 locum
2651 1628 2837 1686 volens
2882 1630 3026 1685 inter
3056 1629 3305 1686 caelestes
3349 1630 3570 1685 habere.

1979 1716 2049 1772 Ut
2079 1718 2331 1783 sciamus,
2360 1734 2478 1789 qua:
2499 1734 2533 1772 a
2558 1718 2667 1775 Deo
2686 1718 2883 1775 donata
2909 1729 3028 1774 sunt
3056 1720 3223 1775 nobis.
3269 1719 3407 1788 Quia
3427 1720 3574 1776 enim

280 1809 375 1880 qui
421 1808 567 1863 hanc
610 1807 843 1879 gratiam
891 1815 1213 1863 consecutus
1256 1815 1372 1873 est,
1419 1808 1545 1878 quia
1592 1808 1874 1866 Trinitatis
1904 1799 1948 1859 Β
1976 1809 2071 1864 Dei
2093 1808 2329 1880 Spiritus
2348 1811 2506 1867 datus
2525 1821 2610 1867 est
2626 1812 2806 1882 nobis,
2822 1814 3025 1869 scimus
3046 1828 3167 1885 quae
3188 1828 3219 1867 a
3240 1813 3351 1871 Deo
3371 1814 3572 1868 donata

280 1899 603 1971 mysterium
620 1914 649 1952 a
664 1898 808 1953 nullo
825 1898 907 1954 sic
924 1898 1100 1969 potuit
1112 1898 1389 1969 explanari
1407 1915 1421 1966 ;
1438 1900 1578 1957 unde
1597 1907 1653 1955 et
1667 1917 1758 1957 vas
1775 1901 1881 1956 elc-

280 1990 475 2045 ctionis
503 1989 688 2044 divino
708 1988 911 2060 judicio
930 1990 1199 2044 vocitatus
1223 1997 1325 2044 est.
1358 1987 1588 2061 Spiritus
1610 1991 1748 2045 enim
1773 2006 1880 2047 out-

281 2082 374 2135 nia
398 2089 698 2143 scrutatur,
735 2081 896 2135 etiam
940 2079 1207 2151 profunda
1252 2081 1368 2135 Dei.
1412 2081 1596 2152 (Aug.)
1630 2080 1747 2136 Non
1770 2083 1877 2136 uti-

281 2189 412 2243 que,
440 2181 503 2228 ut
528 2173 674 2243 quod
692 2173 869 2229 nescit
894 2172 1153 2236 inveniat,
1186 2175 1281 2229 sed
1307 2173 1432 2244 quia
1463 2174 1597 2229 nihil
1624 2169 1880 2245 relinquit

280 2266 511 2321 omnino
531 2264 677 2334 quod
700 2265 927 2320 nesciat.
967 2263 1194 2336 (Ambr.)
1235 2263 1369 2332 Quia
1400 2264 1545 2320 enim
1571 2265 1638 2320 de
1660 2266 1770 2320 Deo
1797 2274 1882 2322 est

284 2358 377 2414 hic
402 2356 660 2426 Spiritus,
690 2354 873 2410 omnia
913 2354 1083 2410 novit.
1121 2354 1219 2409 Dei
1246 2353 1511 2424 profunda
1539 2365 1720 2409 autem
1758 2354 1880 2412 ideo

282 2451 385 2516 ait,
406 2449 535 2519 quia
555 2462 774 2505 omnem
793 2447 1050 2503 virtutem
1070 2455 1123 2502 et
1144 2446 1538 2517 prazscientiam
1557 2445 1673 2517 ejus
1694 2447 1874 2504 novit:

282 2541 433 2612 quod
475 2541 696 2596 omnino
744 2547 1008 2595 creaturae
1054 2539 1386 2610 impossibile
1426 2547 1527 2595 est.
1581 2538 1715 2605 Quis
1743 2539 1880 2594 enim

282 2633 387 2687 scit
412 2632 680 2685 hominum
702 2646 767 2688 ea
811 2645 930 2701 qua:
964 2639 1087 2684 sunt
1116 2629 1363 2693 hominis,
1408 2629 1509 2683 nisi
1538 2628 1753 2698 spiritus
1786 2628 1883 2683 ho-

284 2723 451 2777 minis
488 2721 577 2788 qui
616 2721 671 2774 in
710 2721 824 2791 ipso
858 2728 934 2775 est
956 2720 982 2773 ?
1020 2718 1367 2775 Manifestum
1413 2729 1497 2775 est
1524 2720 1881 2789 cogitationes

283 2820 508 2868 nostras
536 2826 565 2864 a
608 2811 754 2866 nullo
801 2811 952 2875 sciri,
997 2810 1102 2865 nisi
1132 2810 1203 2865 ab
1249 2812 1430 2865 animo
1480 2819 1690 2876 nostro,
1717 2825 1881 2880 quem

282 2904 539 2974 spiritum
574 2903 728 2957 dixit.
779 2900 964 2971 May.)
1021 2900 1262 2971 Denique
1307 2901 1361 2955 in
1413 2900 1705 2973 Evangelia
1739 2900 1884 2956 inter

282 3003 484 3049 cetera
520 2992 601 3049 sic
624 2993 700 3048 ait
724 3009 738 3046 :
770 2991 843 3046 Et
883 2991 1099 3062 spiritus
1123 2991 1240 3062 ejus
1265 3007 1498 3047 reversus
1525 2998 1602 3046 est
1639 2991 1709 3046 ad
1730 2990 1879 3046 illam

283 3083 504 3155 (Matth.
546 3082 647 3155 rx).
705 3080 942 3153 Spiritus
984 3081 1219 3137 hominis
1258 3081 1312 3136 in
1363 3082 1650 3153 scripturis
1680 3082 1881 3137 dicitur

284 3150 457 3247 ipsius
481 3150 677 3232 animae
719 3150 960 3246 potentia
992 3174 1287 3240 rationalis,
1319 3189 1426 3244 qua
1469 3150 1635 3230 distat
1660 3189 1691 3228 a
1719 3187 1880 3245 peco—
1906 3150 1950 3214 α

285 3270 462 3334 ribus,
497 3279 555 3325 et
603 3269 685 3326 eis
707 3277 918 3324 natura:
954 3268 1070 3339 lege
1113 3266 1424 3322 dominatur
1447 3308 1462 3334 ,
1505 3267 1572 3323 de
1616 3282 1723 3337 quo
1748 3267 1883 3323 dicit

283 3362 577 3432 Apostolus
605 3378 619 3415 :
654 3359 825 3416 Nemo
849 3361 949 3414 scit
986 3376 1049 3414 ea
1085 3375 1202 3431 quia
1224 3368 1347 3414 sunt
1374 3359 1621 3425 hominis,
1654 3359 1755 3413 nisi
1776 3360 1883 3430 spi-

286 3458 420 3511 ritus
448 3455 677 3510 hominis
705 3454 795 3526 qui
832 3454 887 3508 in
914 3452 1028 3523 ipso
1071 3461 1177 3507 est:
1212 3450 1384 3507 Nemo
1424 3451 1569 3507 enim
1617 3451 1722 3507 scit
1749 3450 1883 3521 quid

286 3555 482 3619 agatur
518 3546 575 3600 in
605 3544 843 3611 homine,
874 3543 979 3598 nisi
1010 3543 1230 3614 spiritus
1258 3541 1496 3598 hominis
1521 3541 1614 3611 qui
1664 3541 1719 3596 in
1765 3541 1883 3611 ipso

285 3647 390 3701 est,
431 3637 606 3693 donec
636 3635 819 3691 veniat
862 3634 1146 3699 Dominus,
1177 3641 1234 3690 et
1262 3632 1529 3688 illuminet
1563 3631 1882 3688 abscondita

287 3730 637 3785 tenebrarum
660 3736 716 3784 et
735 3727 1047 3783 manifestet
1069 3725 1424 3797 cogitationes
1446 3724 1644 3789 cordis,
1680 3732 1742 3780 ut
1766 3738 1880 3789 eas,

284 3836 396 3877 non
424 3822 597 3878 solum
626 3820 856 3892 quisque
881 3834 1011 3875 suas
1036 3819 1243 3882 videat,
1280 3816 1376 3872 sed
1402 3824 1459 3872 et
1482 3816 1733 3872 aliorum.
1783 3814 1882 3871 Se-

284 3915 525 3970 cundum
577 3914 684 3969 hoc
710 3912 857 3967 enim
887 3910 1023 3966 dixit
1067 3908 1390 3979 Apostolus,
1435 3907 1710 3964 neminem
1742 3907 1884 3962 scire

282 4004 416 4074 quid
445 4011 639 4074 agatur
674 4003 729 4057 in
758 4000 995 4064 homine,
1047 3998 1153 4054 nisi
1181 3998 1404 4069 spiritus
1432 3997 1666 4052 hominis
1694 3997 1784 4066 qui
1828 3996 1883 4050 in

282 4097 405 4167 ipso
428 4102 534 4159 est,
563 4091 857 4148 secundum
881 4090 1025 4162 quod
1043 4088 1290 4146 videmus
1320 4088 1375 4143 in
1403 4086 1598 4144 nobis:
1628 4102 1757 4143 nam
1800 4102 1884 4144 se-

282 4187 525 4243 cundum
572 4184 626 4239 id
660 4182 804 4253 quod
835 4181 1108 4238 credimus
1149 4195 1257 4236 non
1302 4179 1550 4236 videmus
1590 4186 1647 4235 et
1682 4177 1882 4236 multos

282 4276 476 4333 ﬁdeles
501 4288 623 4331 esse
650 4274 917 4337 novimus,
943 4283 1001 4327 et
1042 4270 1229 4327 multis
1257 4270 1368 4327 noti
1392 4285 1577 4327 sumus
1601 4285 1724 4326 cum
1748 4270 1884 4327 scri-

280 4380 435 4442 ptum
460 4368 551 4433 sit,
576 4368 709 4435 Quis
731 4381 860 4437 ergo
882 4365 1159 4420 hominum
1184 4364 1330 4418 scit?
1360 4361 1563 4435 (Greg.)
1593 4361 1650 4418 Si
1677 4377 1741 4417 ea
1761 4378 1883 4433 qua:

1980 1912 2107 1958 sunt
2131 1902 2283 1958 nobis
2310 1921 2324 1957 :
2356 1918 2465 1958 non
2486 1904 2634 1958 enim
2658 1904 2776 1959 hac
2799 1918 3082 1975 possemus
3109 1904 3271 1968 scire,
3300 1904 3347 1959 si
3381 1903 3569 1959 mundi

1980 1993 2228 2063 spiritum
2276 1993 2622 2062 haberemus,
2669 1994 2797 2065 quia
2840 2010 2949 2051 non
2978 2002 3157 2066 potest
3206 1995 3348 2050 scire
3384 1993 3572 2049 mundi

1979 2083 2223 2154 spiritus.
2269 2082 2499 2140 Sensum
2533 2085 2679 2141 enim
2709 2086 2803 2141 Dei
2844 2100 3006 2142 nemo
3034 2086 3201 2150 novit,
3235 2085 3336 2141 nisi
3366 2085 3458 2155 qui
3506 2085 3575 2139 de

1981 2176 2093 2231 Deo
2118 2184 2203 2231 est
2229 2175 2461 2245 Spiritus
2489 2176 2606 2232 Dei.
2637 2175 2897 2231 inferiora
2924 2176 3069 2231 enim
3090 2192 3199 2231 non
3230 2183 3456 2246 possunt
3482 2190 3573 2230 su-

1978 2265 2253 2335 periorum
2278 2265 2421 2321 scire
2449 2266 2755 2332 consilium,
2778 2281 2955 2338 neque
2996 2274 3248 2322 creatura
3276 2264 3574 2322 conditoris

1980 2355 2297 2427 dignoscere
2331 2355 2684 2413 voluntatem.
2734 2355 2867 2423 Quae
2911 2367 2960 2412 et
3002 2356 3286 2429 loquimur.
3339 2355 3413 2412 Ut
3444 2355 3574 2412 hinc

1980 2445 2330 2502 manifestum
2355 2447 2428 2501 sit
2467 2446 2609 2502 scire
2656 2461 2760 2501 nos
2803 2461 2924 2517 qum
2973 2461 3005 2502 a
3029 2448 3142 2503 Deo
3188 2446 3348 2503 nobis
3372 2445 3571 2501 donata

1980 2543 2126 2603 sunt,
2155 2536 2284 2606 quia
2323 2536 2443 2592 inec
2468 2544 2526 2591 et
2545 2536 2838 2606 loquimur,
2876 2544 2940 2591 ut
2982 2545 3041 2593 et
3082 2536 3174 2591 alii
3217 2536 3431 2591 discant
3477 2550 3576 2606 per

1977 2625 2280 2683 doctrinam
2324 2627 2642 2698 spiritalem.
2692 2627 3153 2684 Prsedicatoribus
3173 2627 3355 2693 enim,
3382 2627 3438 2683 id
3491 2634 3576 2682 est

1980 2716 2257 2789 apostolis,
2293 2718 2566 2774 insinuata
2611 2718 2871 2775 divinitus
2916 2728 3079 2786 sunt,
3127 2735 3248 2790 quae
3298 2719 3580 2775 traderent

1979 2809 2211 2880 populis,
2243 2817 2301 2864 et
2343 2810 2691 2866 addiscerent
2734 2811 3010 2881 principes
3037 2809 3199 2880 hujus
3242 2809 3423 2866 saeculi
3446 2807 3579 2880 quid

1980 2899 2328 2955 admisissent
2376 2901 2526 2955 mali.
2580 2900 2765 2973 (Aug.)
2802 2900 2938 2957 Nam
2991 2917 3115 2958 cum
3147 2902 3410 2958 Dominus
3449 2901 3571 2956 ait:

1982 2989 2122 3059 Quia
2147 3005 2324 3045 smus
2364 2991 2526 3046 nescit
2565 2992 2691 3063 quid
2739 2990 2904 3063 faciat
2942 2992 3187 3047 dominus
3229 2994 3345 3060 ejus
3388 2992 3573 3064 (Joun.

1980 3082 2094 3157 xv),
2138 3098 2238 3139 nos
2277 3094 2459 3140 autem
2502 3083 2843 3150 charissimi,
2896 3092 2956 3139 ut
3000 3084 3163 3140 amici
3196 3084 3415 3140 Domini
3457 3097 3581 3140 esse

1982 3174 2290 3246 possimus,
2341 3173 2472 3245 quid
2526 3182 2711 3231 noster
2767 3175 3031 3231 Dominus
3080 3167 3268 3241 faciat,
3306 3175 3547 3231 sciamus

1982 3283 2091 3323 non
2152 3266 2326 3322 solum
2397 3266 2549 3323 enim
2618 3266 2892 3332 homines,
2930 3280 3121 3322 verum
3180 3265 3346 3322 etiam
3406 3266 3583 3337 iustos
3670 3334 3685 3351 ν

1983 3358 2099 3429 ipse
2157 3359 2287 3415 facit
2355 3374 2495 3425 nos,
2555 3368 2614 3415 et
2682 3375 2790 3416 non
2848 3359 2951 3429 ipsi
3010 3374 3158 3425 nos:
3222 3367 3281 3415 et
3341 3366 3404 3414 ut
3467 3358 3573 3415 hoc

1982 3451 2239 3515 sciamus,
2298 3450 2420 3520 quis
2467 3450 2574 3505 nisi
2630 3450 2746 3522 ipse
2797 3448 2974 3507 facit?
3032 3450 3150 3505 Non
3203 3450 3351 3506 eiiim
3410 3449 3575 3521 spiri-

1983 3551 2098 3599 tum
2127 3544 2286 3615 hujus
2311 3544 2496 3599 mundi
2519 3544 2850 3615 accepimus,
2875 3544 2969 3600 sed
2993 3543 3256 3615 Spiritum
3269 3542 3362 3614 qui
3377 3558 3445 3599 ex
3464 3542 3578 3598 Deo

1979 3641 2083 3705 est,
2109 3640 2172 3689 ut
2191 3634 2447 3699 sciamus,
2477 3648 2599 3704 quae
2625 3649 2655 3688 a
2685 3633 2798 3689 Deo
2812 3635 3011 3689 donata
3031 3642 3156 3688 sunt
3183 3633 3432 3700 nobis,ab
3461 3633 3579 3704 ipso

1982 3724 2246 3797 quidquid
2288 3725 2415 3781 boni
2441 3732 2525 3781 est
2553 3725 2805 3780 donatur.
2838 3725 2982 3797 Ergo
3005 3725 3133 3796 quia
3158 3733 3217 3782 et
3240 3726 3346 3781 hoc
3371 3725 3577 3781 bonum

1988 3826 2108 3883 est,
2148 3818 2217 3874 ab
2254 3817 2370 3888 ipso
2398 3817 2591 3888 utique
2616 3817 2795 3884 datur,
2841 3827 2904 3874 ut
2933 3818 3136 3874 sciatur
3161 3834 3192 3873 a
3226 3834 3337 3889 quo
3376 3818 3579 3876 bonum
3628 3862 3643 3877 .

1980 3924 2141 3965 omne
2181 3910 2442 3975 donetur,
2494 3917 2556 3964 ut
2593 3910 2815 3964 omnino
2866 3909 2934 3965 de
2986 3909 3239 3964 omnibus
3273 3909 3430 3965 bonis
3482 3908 3577 3981 qui

1980 3998 2241 4070 gloriatur
2267 4000 2323 4054 in
2352 3999 2577 4054 Domino
2605 3998 2895 4069 glorietur;
2920 4001 3011 4070 qui
3030 4000 3171 4053 enim
3183 3998 3336 4054 habet
3363 3998 3580 4053 dabitur

1983 4092 2033 4144 ei
2063 4090 2217 4162 (Luc.
2247 4090 2557 4163 vm).'Quid
2583 4099 2667 4146 est
2686 4089 2845 4160 plene
2863 4090 3100 4144 habere?
3129 4088 3282 4144 Scire
3304 4090 3446 4144 unde
3470 4089 3569 4144 ha-

1982 4180 2130 4236 beas.
2148 4180 2255 4248 Qui
2275 4190 2446 4236 autem
2473 4197 2576 4236 non
2597 4180 2772 4247 habet,
2788 4179 2841 4236 id
2856 4189 2961 4245 est,
2979 4179 3306 4235 nescitunde
3326 4179 3510 4246 habet,
3526 4187 3576 4234 et

1980 4274 2120 4346 quod
2139 4272 2580 4343 habetauferetur
2603 4271 2669 4326 ab
2697 4288 2779 4327 eo.
2796 4272 3061 4343 Denique,
3084 4270 3225 4327 sicut
3244 4270 3358 4342 ipse
3369 4269 3576 4334 ait,ltoc

1981 4367 2155 4436 ipsum
2184 4374 2296 4419 erat
2338 4362 2615 4435 sapientia:
2651 4363 2786 4417 scire
2810 4363 2964 4432 cujus
3009 4370 3141 4417 esset
3176 4370 3225 4416 et
3255 4361 3353 4416 hoc
3378 4360 3576 4416 donum

281 4471 413 4519 sunt
455 4461 692 4517 hominis
729 4474 889 4515 nemo
915 4458 1040 4524 scit,
1070 4457 1174 4512 nisi
1197 4457 1419 4528 spiritus
1441 4456 1676 4513 hominis
1701 4457 1795 4527 qui
1826 4457 1880 4512 in
1908 4499 1960 4559 υ
1986 4455 2285 4529 (Sap.vm).
2316 4454 2410 4511 Sic
2429 4464 2485 4511 et
2507 4454 2779 4526 apostolus
2794 4453 2993 4509 Paulus
3021 4469 3145 4510 cum
3165 4451 3575 4509 commendaret

282 4557 403 4627 ipso
441 4562 546 4619 est,
575 4567 682 4623 qua
711 4551 919 4607 ratione
954 4550 1009 4605 in
1034 4547 1135 4605 Job
1159 4548 1391 4620 legitur:
1421 4547 1570 4604 Certe
1591 4549 1710 4604 novi
1742 4549 1882 4619 cogi—
1908 4544 1956 4559 ν
1986 4549 2143 4605 nobis
2185 4549 2416 4619 gratiam
2448 4548 2543 4604 Dei
2574 4549 2628 4603 in
2660 4544 2862 4617 Spiritu
2887 4554 3075 4603 sancto
3095 4546 3175 4603 ait
3206 4564 3219 4599 :
3249 4544 3362 4600 Nos
3402 4556 3577 4599 autem

280 4648 506 4702 taliones
532 4655 733 4699 vestras
775 4642 915 4714 (Job.
949 4641 1084 4713 ut).
1133 4640 1239 4696 Sed
1269 4650 1397 4697 tunc
1442 4641 1668 4712 spiritus
1709 4640 1879 4696 homi-

278 4740 369 4794 nis
395 4739 676 4809 ignoratur
700 4735 769 4789 ah
792 4734 983 4799 altero,
1017 4749 1140 4789 cum
1168 4733 1476 4800 verbis,-vel
1497 4734 1751 4805 operibus
1769 4749 1878 4789 non

280 4831 718 4893 demonstratur,
766 4841 889 4881 nam
920 4841 1041 4881 cum
1071 4825 1332 4897 scriptum
1369 4825 1477 4880 sit:
1511 4825 1599 4880 Ex
1625 4824 1881 4895 fructibus

278 4936 462 4976 eorum
493 4917 812 4989 cognoscetis
839 4934 925 4972 eos
949 4916 1162 4990 (Matth.
1193 4917 1311 4989 vn),
1364 4932 1461 4990 per
1484 4918 1586 4975 hoc
1608 4919 1753 4989 quod
1793 4917 1877 4972 fo-

280 5030 373 5068 ras
398 5012 598 5083 agitur,
625 5009 886 5081 quidquid
913 5009 1058 5065 intus
1096 5009 1227 5064 latet
1264 5011 1522 5081 aperitur.
1554 5008 1707 5064 Unde
1733 5019 1878 5065 recte

276 5120 499 5175 quoque
537 5117 639 5173 per
664 5101 1007 5157 Salomoncm
1040 5100 1276 5156 dicitur:
1318 5100 1593 5166 Quomodo
1635 5101 1692 5156 in
1727 5100 1878 5171 aquis

278 5195 631 5268 respondeant
653 5192 825 5249 vultus
849 5193 1298 5265 prospicientium,
1321 5193 1397 5248 sic
1416 5192 1580 5247 corda
1604 5192 1874 5248 hominum

276 5286 567 5357 manifesta
614 5294 736 5341 sunt
777 5283 1120 5356 prudentibus
1171 5280 1360 5357 (Prov:
1398 5283 1592 5357 xxvu).
1642 5283 1876 5342 Proinde

277 5379 475 5435 beatus
495 5377 600 5433 Job
650 5392 773 5434 cum
800 5378 1100 5433 amicorum
1144 5376 1568 5448 colloquentium
1595 5377 1876 5449 cogitatio-

278 5487 378 5527 nes
400 5486 565 5527 nosse
589 5485 710 5525 sese
738 5470 963 5535 diceret,
989 5468 1234 5539 adjunxit
1251 5508 1267 5535 ,
1305 5477 1353 5523 et
1377 5469 1664 5524 sententias
1690 5478 1875 5525 contra

276 5580 361 5616 me
398 5562 632 5634 iniquas,
682 5569 742 5615 ut
786 5576 850 5617 ex
880 5560 1088 5632 patenti
1132 5574 1194 5615 re
1238 5557 1567 5626 ostenderet,
1616 5560 1743 5630 quia
1770 5561 1874 5617 hoc

278 5657 425 5728 quod
454 5657 510 5712 in
536 5656 617 5711 eis
636 5654 837 5711 latebat
867 5654 1177 5709 invenisset.
1207 5651 1297 5708 Sic
1317 5661 1364 5706 et
1385 5668 1503 5722 qua:
1523 5653 1578 5707 in
1603 5651 1708 5708 Deo
1729 5663 1870 5719 sunt,

280 5768 431 5806 nemo
462 5748 703 5821 cognovit
739 5747 838 5803 nisi
869 5745 1099 5819 Spiritus
1146 5744 1238 5800 Dei
1269 5743 1473 5816 (Anth)
1514 5743 1613 5800 llic
1640 5743 1871 5816 Spiritus

1986 4656 2088 4694 non
2129 4640 2374 4711 spiritum
2420 4639 2579 4711 hujus
2616 4638 2800 4693 mundi
2830 4638 3144 4709 accepimus,
3186 4636 3277 4691 sed
3318 4633 3576 4707 Spiritum

1982 4730 2074 4801 qui
2098 4745 2164 4784 ex
2190 4728 2294 4784 Deo
2314 4738 2424 4795 est;
2448 4737 2505 4784 et
2522 4729 2679 4799 quasi
2701 4728 2973 4784 diceretur
2998 4726 3100 4791 illi,
3125 4724 3267 4781 unde
3286 4723 3572 4782 discernis.

1983 4830 2201 4879 secutus
2230 4823 2326 4888 ait,
2361 4833 2417 4876 ut
2446 4824 2676 4877 sciamus
2704 4837 2821 4893 qua:
2849 4837 2882 4875 a
2908 4819 3014 4875 Deo
3038 4819 3234 4874 donata
3261 4826 3383 4873 sunt
3404 4816 3572 4871 nobis.

1985 4916 2129 4987 Ergo
2156 4914 2389 4986 Spiritus
2409 4913 2503 4970 Dei
2526 4913 2752 4985 spiritus
2778 4920 2864 4969 est
2894 4911 3194 4975 charitatis,
3219 4909 3445 4982 spiritus
3472 4910 3575 4964 hu-

1975 5010 2065 5079 jus
2096 5008 2276 5063 mundi
2303 5008 2524 5078 spiritus
2552 5015 2639 5062 est
2660 5005 2929 5062 elationis.
2954 5003 3057 5073 Qui
3084 5003 3289 5060 habent
3317 5002 3569 5073 spiritum

1981 5103 2140 5173 hujus
2169 5100 2376 5166 mundi,
2413 5101 2627 5171 superbi
2654 5112 2800 5166 sunt,
2829 5098 3028 5170 ingrati
3059 5105 3185 5153 sunt
3210 5097 3321 5153 Deo
3355 5113 3368 5150 :
3405 5092 3571 5151 multa

1980 5192 2117 5247 dona
2144 5192 2262 5262 ejus
2284 5191 2511 5255 habent,
2538 5191 2631 5246 sed
2658 5206 2763 5245 non
2790 5178 2972 5245 colunt
3008 5204 3132 5245 eum
3166 5204 3197 5243 a
3219 5201 3327 5259 quo
3347 5186 3572 5249 habent,

1960 5285 2104 5340 ideo
2143 5293 2270 5339 sunt
2316 5282 2576 5339 infelices.
2610 5281 2814 5356 (Greg.)
2856 5282 2974 5337 Non
3005 5282 3057 5336 in
3094 5279 3343 5336 doctrina
3373 5278 3570 5334 verbo-

1986 5395 2105 5433 rum
2149 5380 2397 5434 humanm
2429 5377 2724 5447 sapienti-.19,
2775 5377 2869 5432 sed
2918 5375 2973 5431 in
3011 5374 3268 5431 'doctrina
3314 5370 3579 5443 Spiritus,
3644 5448 3653 5451 _

1984 5469 2222 5526 malebat
2250 5468 2449 5540 quippe
2487 5470 2627 5524 hanc
2664 5468 2985 5538 sapientiam
3017 5467 3131 5523 sola
3163 5464 3401 5538 puritate
3431 5459 3574 5517 veri-

1983 5562 2110 5616 tatis
2133 5562 2418 5617 ostendere
2438 5601 2453 5625 ,
2491 5576 2597 5617 non
2631 5572 2811 5616 autem
2839 5560 3036 5629 eloquii
3070 5558 3329 5614 tinctione
3362 5563 3567 5608 tueare.

1983 5654 2182 5726 (Αηεὺ.)
2208 5652 2384 5710 Verba
2415 5654 2559 5708 enim
2592 5654 2842 5709 humanm
2869 5651 3147 5722 sapientia:
3171 5650 3317 5705 hunc
3346 5655 3567 5701 sensum

1983 5758 2088 5801 non
2120 5746 2332 5813 vident,
2368 5759 2540 5814 neque
2567 5745 2886 5801 litteratura:
2907 5743 3100 5800 studiis
3121 5734 3570 5812 apprehenditur,
