4082 6332
478 320 550 376 27
1113 313 1175 369 Β.
1214 308 1469 368 RABANI
1505 306 1726 366 MAURI
1763 303 2084 363 ARCHIEP.
2119 302 2430 363 MOGUNT.
2467 303 2755 363 OPERUM
2785 304 2967 363 PARS
3001 303 3070 362 III
3674 301 3746 363 28

479 431 579 489 sed
617 442 716 502 per
746 426 908 483 ﬁdem
949 423 1183 495 spiritali
1227 423 1440 478 ratione
1478 420 1813 493 concipitur,
1847 419 2065 475 dicente
2089 418 2143 480 Α
2167 418 2294 488 quia
2328 431 2424 473 eos
2464 417 2553 472 isti
2591 417 2736 475 inter
2771 432 2832 473 se
2857 417 3120 483 dividere,
3152 426 3207 472 et
3235 430 3336 488 pro
3369 413 3543 473 altero
3574 415 3749 473 inllari

479 521 621 580 Isaia
663 518 925 592 propheta
954 530 971 571 :
1001 515 1125 570 Nisi
1165 514 1525 581 credideritis,
1568 527 1733 583 neque
1765 508 2065 580 intelligetis

483 612 623 685 (Isa.
650 608 782 682 vn);
812 604 1048 663 naturali
1070 604 1215 660 enim
1239 604 1412 676 magis
1434 603 1574 675 lege,
1601 616 1764 672 quam
1785 615 1951 656 cursu
1992 598 2069 655 si-

481 702 695 766 derum,
720 705 776 754 et
799 696 1024 755 calculis
1052 696 1353 766 signorum,
1380 686 1503 765 quae
1526 694 1579 748 in
1607 692 1951 747 ﬁrmamento
1975 690 2068 746 de-

481 800 760 858 notantur,
811 790 1131 846 addiscitur.
1189 788 1432 858 Denique
1479 785 1763 842 credentes
1811 799 1917 838 non
1967 784 2068 838 hu-

482 884 662 940 manis
705 882 888 938 verbis
936 881 1033 937 sed
1077 887 1284 937 natura:
1332 894 1445 935 suae
1500 877 1686 932 vident
1741 886 2065 945 congruere,

481 975 626 1045 quod
664 973 937 1029 credunt:
980 986 1116 1041 opus
1142 969 1289 1025 enim
1332 968 1582 1039 agnoscit
1606 964 1876 1035 opiﬁcem;
1916 964 2069 1019 ideo-

482 1077 591 1134 que
630 1061 982 1134 Evangelium
1018 1059 1214 1115 animis
1246 1059 1449 1115 nostris
1495 1056 1735 1127 loquitur
1781 1053 2065 1126 spiritalia,

481 1154 731 1210 excitans
758 1152 881 1208 illos
910 1153 979 1207 ad
1012 1149 1375 1222 cognitionem
1406 1147 1492 1205 sui
1511 1145 1808 1204 Creatoris.
1842 1143 2070 1215 Spiritu-

482 1245 619 1301 libus
643 1243 905 1316 spiritalia
923 1250 1306 1313 comparantes.
1331 1240 1444 1296 Hoc
1472 1248 1575 1306 est,
1605 1239 1692 1294 his
1719 1239 1813 1309 qui
1839 1236 2079 1293 munda—

482 1350 611 1390 nam
650 1333 990 1408 prudentiam
1022 1330 1276 1395 refutant,
1311 1329 1613 1402 spiritalem
1647 1327 1939 1386 eﬁicaciam
1960 1334 2077 1382 tra-

483 1424 633 1494 dere,
650 1438 773 1495 qua:
793 1422 1054 1494 mysterio
1081 1422 1204 1477 ﬁdei
1231 1422 1567 1486 continetur,
1588 1420 1657 1476 ad
1684 1415 2073 1476 illur'ninandos

484 1528 680 1571 sensus
698 1511 1084 1569 benevolorum
1108 1511 1423 1577 hominum;
1450 1511 1739 1567 credentes
1774 1509 1921 1565 enim
1952 1524 2074 1580 qua:

485 1595 675 1662 mundi
703 1604 971 1676 sapientia
1007 1602 1172 1659 stulta
1195 1602 1428 1673 judicat,
1465 1601 1739 1673 spiritales
1765 1608 1911 1657 sunt.
1944 1602 2079 1656 Ani-

484 1698 642 1753 malis
689 1707 863 1753 autem
913 1696 1068 1750 homo
1115 1712 1217 1750 non
1265 1695 1481 1766 percipit
1523 1711 1642 1766 qua:
1683 1703 1806 1751 sunt
1845 1691 2074 1764 Spiritus

2168 506 2429 563 adversus
2455 506 2684 562 alterum
2709 515 3018 577 coeperunt,
3041 506 3297 563 dicuntur
3319 514 3383 563 et
3402 505 3670 572 homines,
3697 516 3754 564 et

2168 598 2439 666 carnales,
2481 607 2539 655 et
2581 600 2869 666 animales,
2898 615 3007 656 non
3045 600 3287 656 valentes
3323 600 3602 672 percipere
3630 614 3755 670 quae

2167 694 2293 743 sunt
2321 685 2558 758 Spiritus
2590 688 2720 743 Dei:
2753 696 2809 744 et
2834 696 3014 744 tamen
3034 689 3160 758 quia
3189 705 3297 746 non
3325 697 3454 746 sunt
3477 687 3548 745 ab
3561 689 3756 745 Eccle-

2168 778 2575 848 sia'segregati,
2609 778 2821 848 parvuli
2863 779 3203 850 appellantur
3244 780 3301 836 in
3349 779 3587 847 Christo,
3617 795 3760 851 quos

2167 870 2355 939 utique
2376 869 2465 924 vel
2490 869 2713 941 angelos
2734 909 2760 935 ,.
2787 869 2873 924 vel
2901 870 3034 927 deos
3071 885 3195 927 esse
3220 870 3474 942 cupiebat
3496 886 3635 942 quos
3666 886 3757 927 ar-

2167 960 2387 1031 guebat,
2417 960 2545 1031 quia
2568 959 2819 1019 homines
2847 969 3024 1028 erant,
3054 961 3109 1017 id
3129 970 3234 1029 est,
3262 961 3319 1017 in
3340 962 3424 1019 his
3451 963 3764 1020 contentio-

2170 1052 2351 1118 nibus,
2375 1067 2483 1109 non
2508 1066 2630 1121 qua:
2651 1052 2750 1108 Dei
2773 1060 2921 1118 sunt,
2950 1054 3046 1109 sed
3071 1068 3191 1124 qum
3212 1060 3340 1108 sunt
3362 1053 3643 1108 hominum
3661 1067 3767 1109 set-

2170 1142 2407 1213 piebant.
2437 1142 2514 1199 De
2542 1141 2648 1197 illis
2671 1156 2802 1197 vero
2830 1143 2924 1212 qui
2952 1150 3082 1198 sunt
3115 1143 3185 1199 ab
3211 1142 3456 1199 Ecclesia
3485 1143 3769 1217 segregati

2170 1246 2277 1287 non
2299 1232 2505 1288 dictum
2530 1240 2636 1299 est,
2664 1246 2731 1289 ea
2756 1248 2876 1303 quae
2896 1225 3024 1288 sunt
3054 1231 3431 1303 Spiritus-non
3456 1234 3764 1306 percipien-

2171 1332 2272 1388 tes,
2322 1340 2395 1381 ne
2441 1325 2511 1380 ad
2562 1324 2807 1381 scientiae
2862 1326 3265 1396 perceptionem
3297 1324 3615 1394 referretur,
3662 1325 3762 1383 sed

2172 1415 2378 1472 dictum
2402 1424 2516 1483 est,
2546 1415 2799 1487 Spiritum
2842 1433 2949 1473 non
2985 1416 3255 1473 habentes.
3296 1415 3416 1473 Non
3454 1424 3540 1474 est
3578 1424 3763 1475 autem
3840 1422 3857 1439 ’

2173 1519 2535 1578 consequens,
2580 1514 2640 1562 ut
2684 1508 2779 1579 qui
2810 1507 2973 1564 habet
3013 1508 3191 1563 ctiam.
3234 1507 3455 1565 sciendo
3493 1509 3767 1580 percipiat

2174 1597 2321 1669 quod
2358 1598 2559 1664 habet;
2592 1597 2794 1655 habent
2818 1614 2949 1671 ergo
2979 1599 3143 1655 istum
3188 1598 3451 1670 Spiritum
3492 1600 3551 1655 in
3579 1599 3768 1657 Eccle-
3840 1665 3849 1678 .

2176 1688 2258 1746 sia
2296 1688 2579 1746 constituti
2608 1688 2818 1760 parvuli
2849 1690 2904 1744 in
2931 1688 3168 1756 Christo,
3200 1691 3375 1746 adhuc
3398 1690 3665 1749 animales
3683 1698 3769 1747 at-

489 1785 587 1841 Dei
623 1800 644 1839 :
682 1785 908 1841 stultitia
936 1785 1076 1839 enim
1104 1791 1179 1839 est
1219 1783 1322 1839 illi.
1370 1783 1667 1840 Pecoribus
1692 1782 1840 1839 enim
1878 1782 2075 1839 similis
2101 1767 2149 1828 Β
2176 1794 2282 1850 que
2306 1779 2555 1836 carnales
2573 1819 2589 1846 ,
2615 1779 2748 1850 quid
2783 1780 3020 1836 habeant
3050 1780 3332 1851 percipere
3368 1795 3477 1836 non
3504 1780 3765 1849 valentes,

486 1892 708 1934 sensum
730 1891 888 1932 suum
923 1874 977 1930 in
1007 1882 1155 1930 terra
1181 1873 1455 1945 deprimit,
1478 1874 1602 1930 ideo
1630 1888 1738 1929 non
1768 1872 2075 1943 assequitur

487 1969 593 2027 nisi
621 1984 742 2040 quae
781 1968 946 2035 videt,
987 1980 1088 2024 nec
1113 1975 1269 2037 putat
1293 1965 1495 2038 aliquid
1521 1981 1682 2037 posse
1717 1964 1873 2032 ﬁeri,
1910 1980 2076 2039 quam

486 2064 759 2137 quomodo
787 2064 913 2121 scit.
944 2062 1071 2119 ldco
1096 2061 1358 2133 quidquid
1386 2060 1546 2117 aliter
1568 2060 1756 2127 audit,
1783 2074 1947 2130 quam
1970 2073 2073 2114 no-

492 2156 595 2222 vit,
622 2154 845 2211 stultum
865 2151 1115 2222 iudicat;
1148 2152 1284 2207 nihil
1306 2152 1452 2207 enim
1474 2151 1712 2208 aestimat
1751 2164 1911 2221 posse
1934 2147 2079 2215 ﬁeri,

487 2247 608 2303 sine
634 2245 1032 2302 commistione.
1068 2241 1223 2300 Unde
1245 2243 1407 2308 ridet,
1438 2241 1665 2298 audiens
1694 2241 1869 2296 Deum
1906 2238 2078 2296 ﬁlium

488 2336 781 2406 genuisse,
818 2351 981 2406 quem
1024 2335 1130 2391 scit
1169 2332 1468 2404 simplicem
1494 2340 1552 2388 et
1579 2332 1991 2400 incorporeum;
2023 2334 2080 2383 et

488 2426 754 2498 virginem
778 2425 1052 2496 peperisse
1072 2464 1088 2491 ,
1128 2432 1188 2480 et
1220 2422 1458 2479 resoluta
1483 2435 1714 2491 corpora
1750 2432 1965 2474 rursum
1993 2431 2085 2473 re-

492 2516 679 2571 vocari
703 2516 773 2571 ad
796 2516 1000 2582 vitam;
1023 2529 1149 2571 cum
1172 2515 1289 2571 haec
1308 2512 1484 2586 magis
1505 2512 1573 2568 ad
1594 2512 1807 2568 laudem
1832 2511 1928 2566 Dei
1953 2526 2081 2582 pro-

490 2608 679 2662 ﬁciant
696 2614 756 2662 ut
780 2606 1036 2662 credatur
1064 2605 1279 2672 fecisse,
1302 2603 1458 2675 cujus
1485 2603 1666 2675 operis
1693 2603 1832 2658 ratio
1858 2602 2082 2658 investi-

490 2698 607 2768 gari
633 2681 744 2753 hon
774 2698 946 2768 possit
977 2715 993 2752 :
1032 2697 1177 2755 Deus
1195 2705 1279 2753 est
1308 2697 1451 2752 enim
1479 2697 1573 2767 qui
1613 2694 1762 2752 fecit.
1795 2693 2082 2751 lmbecilli-

493 2798 581 2844 tas
609 2789 754 2843 enim
786 2790 1022 2844 humana
1065 2788 1290 2844 stultum
1324 2797 1498 2859 putat,
1538 2787 1685 2857 quod
1724 2785 1954 2842 scientia
1980 2799 2081 2842 sua

489 2893 606 2936 non
622 2879 924 2943 concludit;
957 2893 1081 2934 cum
1122 2881 1226 2937 hoc
1261 2879 1436 2951 magis
1463 2878 1692 2933 stultum
1727 2878 1951 2934 deberet
1977 2877 2079 2932 ha-

492 2970 652 3037 bere,
672 2980 729 3025 et
756 2971 887 3026 illud
914 2969 1175 3042 prudens,
1195 2970 1340 3041 quod
1361 2969 1486 3040 quia
1510 2961 1605 3024 Dei
1630 2967 1834 3023 factum
1858 2966 2078 3032 dicitur,

2175 1871 2231 1926 id
2259 1880 2366 1939 est,
2392 1872 2694 1943 intelligere
2712 1880 2768 1927 et
2787 1887 2967 1929 nosse.
2996 1872 3131 1927 Nam
3152 1872 3423 1942 quomodo
3443 1880 3628 1929 essent
3641 1888 3771 1943 par-

2175 1963 2288 2018 vuli
2330 1965 2387 2019 in
2423 1963 2665 2029 Christo,
2706 1964 2811 2019 nisi
2858 1964 3034 2019 renati
3060 1978 3129 2019 ex
3164 1962 3371 2035 Spiritu
3401 1964 3628 2019 sancto?
3656 1962 3773 2020 Nec

2176 2051 2377 2106 mirum
2400 2051 2578 2109 videri
2611 2052 2771 2111 debet
2798 2053 2943 2124 quod
2969 2051 3201 2123 quisque
3229 2051 3431 2122 aliquid
3461 2051 3679 2118 habeat,
3711 2060 3775 2108 et

2177 2143 2324 2214 quod
2352 2143 2527 2200 habet
2550 2144 2785 2215 ignoret.
2816 2143 2887 2200 Ut
2915 2145 3060 2201 enim
3098 2154 3307 2199 taceam
3331 2144 3397 2199 de
3422 2144 3769 2214 omnipoten-

2182 2236 2247 2291 tis
2279 2242 2444 2306 atque
2481 2235 2943 2291 incommutabilis
2985 2234 3268 2290 Trinitatis
3302 2234 3607 2300 divinitate,
3647 2235 3770 2305 quis

2178 2325 2339 2383 facile
2377 2325 2605 2383 scientia
2631 2326 2861 2398 percipit
2896 2325 3027 2398 quid
3068 2326 3144 2385 sit
3178 2326 3384 2393 anima,
3416 2334 3472 2381 et
3511 2327 3634 2396 quis
3660 2340 3772 2382 non

2180 2407 2355 2474 habet
2381 2417 2653 2473 animam?
2692 2416 2975 2473 Postremo
3016 2424 3080 2473 ut
3110 2415 3397 2473 verissime
3432 2414 3772 2482 noverimus,

2180 2510 2323 2581 quod
2358 2510 2568 2580 parvuli
2615 2509 2669 2564 in
2715 2508 2953 2576 Christo,
2989 2509 3229 2565 nondum
3266 2508 3627 2579 percipientes
3651 2521 3774 2577 quae

2180 2613 2309 2660 sunt
2355 2603 2610 2674 Spiritus,
2660 2602 2863 2658 habent
2909 2611 3089 2657 tamen
3130 2600 3395 2671 Spiritum
3445 2600 3564 2665 Dei,
3611 2597 3774 2670 paulo

2179 2704 2304 2768 post
2346 2695 2654 2750 intueamur
2696 2690 3151 2763 quemadmodum
3182 2706 3279 2747 eos
3310 2691 3456 2762 ipsos
3482 2690 3773 2759 increpans

2181 2786 2260 2841 ait
2286 2799 2303 2840 :
2342 2783 2569 2839 Nescitis
2593 2784 2721 2854 quia
2762 2780 3013 2853 templum
3037 2781 3137 2837 Dei
3162 2781 3286 2836 estis
3304 2820 3321 2848 ,
3344 2788 3394 2834 et
3421 2778 3652 2850 Spiritus
3674 2776 3775 2835 Dei

2181 2878 2384 2931 habitat
2423 2877 2478 2931 in
2518 2874 2704 2931 vobis?
2738 2874 2842 2929 hoc
2872 2874 3055 2944 itaque
3096 2872 3244 2929 nullo
3274 2872 3435 2929 modo
3458 2870 3666 2926 diceret
3702 2866 3777 2926 ab

2184 2966 2424 3023 Ecclesia
2451 2964 2772 3037 scgregatis,
2799 2965 2865 3021 de
2900 2965 3100 3036 quibus
3129 2963 3333 3020 dictum
3355 2972 3440 3021 est
3465 2980 3497 3018 :.
3516 2960 3789 3034 Spiritum:

493 3062 877 3133 comprehendi
914 3077 1020 3117 non
1065 3069 1266 3132 potest,
1292 3061 1586 3115 humanam
1619 3058 1966 3114 traditionem
1994 3071 2082 3112 se-
2112 3120 2152 3133 _
2185 3073 2291 3111 non
2316 3056 2582 3111 habentes.

490 3120 739 3223 quedtes,
769 3154 896 3207 dum
925 3120 1088 3209 unius
1119 3153 1214 3209 Dei
1245 3120 1405 3208 ﬁdem
1437 3151 1729 3222 abnegant,
1760 3150 2079 3222 spiritaliter
2106 3120 2153 3185 Ο
2257 3148 2526 3221 Spiritalis
2553 3159 2729 3203 autem
2750 3147 3011 3218 dijudicat
3037 3146 3232 3212 omnia,
3272 3146 3384 3218 ipse
3419 3154 3593 3202 autem
3618 3163 3650 3201 a
3685 3162 3783 3203 ne.

491 3243 698 3300 factum
724 3252 809 3299 est
842 3244 1008 3314 quod,
1051 3243 1262 3300 ratione
1290 3236 1471 3299 cardls
1501 3241 1695 3308 inﬂati,
1727 3248 1921 3312 putant
1959 3241 2080 3298 ﬁeri

494 3350 602 3390 non
633 3348 808 3403 posse,
839 3344 894 3388 et
937 3333 1017 3390 sic
1060 3335 1279 3405 reprobi
1325 3333 1569 3389 annotati
1593 3332 1912 3404 spiritaliter
1953 3350 2085 3390 con-

498 3426 742 3481 demnati
789 3437 936 3482 sunt.
990 3426 1176 3498 (Δις.)
1208 3425 1363 3483 Hunc
1398 3425 1663 3498 Spiritum
1700 3427 1846 3497 quod
1874 3427 1949 3483 illi
1972 3420 2084 3484 non

490 3519 761 3583 habeant,
792 3519 887 3590 qui
912 3527 1039 3575 sunt
1062 3519 1132 3574 ab
1154 3518 1397 3575 Ecclesia
1428 3518 1731 3590 segregati,
1754 3516 1924 3575 Jutlas
1953 3533 2085 3589 apo-

492 3608 667 3667 stolus
720 3609 1066 3679 apertissime
1117 3609 1416 3666 declaravit
1451 3610 1684 3666 dicens:
1725 3608 1831 3677 Qui
1885 3610 2082 3680 seipsos

488 3712 760 3772 segregant
791 3701 1046 3758 animales
1073 3701 1333 3774 Spiritum
1375 3719 1477 3757 non
1506 3703 1774 3758 habentes.
1826 3701 1981 3759 Unde
2027 3702 2083 3758 in

492 3790 611 3863 ipsa
632 3790 876 3861 Ecclesia
913 3793 1077 3848 etiam
1105 3792 1225 3849 illos
1265 3793 1358 3863 qui
1391 3808 1489 3862 per
1522 3793 1738 3848 nomina
1770 3792 2076 3858 hominum,

492 3880 744 3950 quamvis
762 3881 817 3935 in
836 3881 956 3953 ejus
976 3883 1184 3938 unitate
1203 3883 1644 3948 constitutorum,
1671 3883 1918 3953 quaedam
1939 3882 2085 3938 schi-

494 3978 669 4026 smata
715 3971 1108 4040 moliebantur,
1148 3972 1350 4028 Paulus
1380 3973 1656 4043 apostolus
1692 3989 1957 4046 arguens,
2006 3974 2086 4030 ait

494 4057 639 4112 inter
662 4068 856 4114 caetera
882 4076 897 4114 :
924 4057 1185 4116 Animalis
1210 4068 1386 4114 autem
1418 4060 1573 4115 homo
1597 4076 1699 4114 non
1723 4061 1939 4132 percipit
1962 4077 2111 4132 quae.

491 4159 615 4205 sunt
644 4149 875 4220 Spiritus
908 4150 1024 4204 Dei.
1053 4149 1291 4207 Stultitia
1331 4159 1407 4206 est
1452 4153 1590 4207 enim
1634 4150 1736 4217 illi,
1760 4160 1809 4205 et
1854 4168 1960 4206 non
1991 4168 2083 4222 po-

495 4250 591 4296 test
642 4242 775 4295 scire
824 4241 1075 4312 quoniam
1140 4240 1448 4311 spiritaliter
1491 4241 1841 4311 dijudicatur,
1899 4249 2084 4297 osten-

495 4331 576 4386 dit
629 4331 761 4401 quid
805 4331 1004 4386 dixerit
1048 4348 1153 4386 non
1199 4332 1436 4401 percipit,
1468 4331 1521 4387 id
1563 4340 1668 4397 est,
1717 4331 1946 4387 scientia
1973 4346 2081 4387 non

494 4421 658 4492 capit.
706 4421 909 4477 Verum
955 4422 1055 4477 hos
1094 4422 1148 4477 in
1182 4420 1421 4478 Ecclesia
1464 4423 1788 4479 constitutos
1828 4420 2083 4493 parvulos

2183 3240 2324 3296 mine
2340 3239 2639 3310 judicatur.
2673 3238 2881 3311 (Amh.)
2920 3237 3187 3305 Quoniam
3222 3252 3353 3294 vera
3383 3237 3524 3294 ratio
3550 3237 3774 3308 spirita-

2184 3331 2317 3387 lium
2341 3340 2426 3387 est
2441 3373 2456 3398 ,
2476 3331 2529 3387 id
2550 3339 2635 3387 est
2657 3331 3017 3396 credentium,
3046 3332 3152 3386 hoc
3175 3330 3322 3385 enim
3341 3329 3468 3399 quis
3496 3342 3776 3399 nuncupa-

2185 3431 2275 3478 tur
2286 3423 2430 3494 quod
2442 3421 2636 3487 credit,
2656 3420 2777 3477 ideo
2792 3419 2893 3492 ipsi
2906 3419 3616 3491 omniajudicanthsorum
3628 3417 3777 3474 enim

2183 3513 2431 3584 exemplo
2458 3512 2748 3569 inﬁdelitas
2795 3511 3199 3584 diiudicabitur,
3242 3510 3346 3581 ipsi
3389 3519 3570 3565 autem
3609 3524 3641 3565 a
3680 3522 3783 3565 ne-

2183 3605 2331 3662 mine
2349 3603 2766 3675 judicabuntur:
2796 3604 2920 3674 quis
2962 3603 3108 3659 enim
3150 3601 3636 3663 condemnetyera
3686 3601 3775 3657 di-

2185 3695 2441 3751 centem?
2469 3693 2605 3750 Cum
2647 3694 2792 3750 enim
2841 3701 3054 3749 constet
3103 3706 3310 3748 omnes.
3342 3690 3598 3748 inimicos
3646 3690 3774 3748 ﬁdei

2184 3785 2319 3842 falsa
2361 3793 2545 3841 tenere
2576 3799 2677 3855 pro
2710 3783 2874 3848 veris,
2913 3783 3189 3840 accusatio
3217 3781 3434 3839 illorum
3463 3782 3518 3837 in
3553 3781 3773 3837 irritum

2181 3877 2299 3948 jam
2340 3878 2568 3934 deducta
2594 3886 2680 3933 est
2716 3877 2829 3932 veri
2854 3875 3063 3945 judicio
3088 3875 3445 3932 condemnata
3471 3889 3488 3942 ;
3533 3874 3660 3945 quia
3684 3874 3780 3947 qui

2187 3987 2293 4027 non
2322 3970 2636 4035 crediderit,
2686 3968 2863 4038 inquit
2905 3967 3191 4032 Dominus,
3227 3982 3348 4036 1am
3383 3965 3780 4034 judicatusest

2187 4062 2371 4133 (Jaan.
2395 4062 2500 4132 ιιι).
2534 4058 2722 4133 [Aug.]
2750 4059 2827 4114 [ta
2855 4058 3019 4115 homo
3048 4066 3340 4114 renovatur
3369 4056 3423 4112 in
3445 4057 3781 4129 agnitionem

2188 4156 2281 4212 Dei
2310 4156 2608 4211 secundum
2650 4154 2938 4224 imaginem
2982 4153 3124 4225 ejus,
3164 4152 3256 4222 qui
3295 4140 3672 4217 creaviteum,
3724 4157 3781 4207 et

2187 4246 2448 4319 spiritalis
2491 4244 2716 4302 ell’ectus
2750 4242 3011 4313 dijudicat
3036 4243 3240 4309 omnia,
3279 4257 3400 4312 qua:
3425 4241 3612 4313 utique
3636 4240 3778 4311 judi-

2186 4339 2362 4395 canda
2402 4347 2529 4395 sunt
2569 4357 2583 4393 :
2624 4339 2738 4410 ipse
2782 4347 2963 4394 autem
2992 4352 3023 4392 a
3051 4337 3267 4392 nemine
3295 4334 3584 4405 iudicatur.
3624 4335 3781 4403 Quod

2188 4440 2369 4487 autem
2408 4430 2615 4502 iudicat
2647 4431 2827 4486 omnia
2849 4470 2866 4495 ,
2909 4431 3011 4485 hoc
3034 4437 3151 4495 est,
3180 4427 3323 4499 quod
3353 4427 3518 4484 habet
3544 4434 3783 4498 potesta-

501 4487 634 4571 dicit
652 4517 890 4572 nondum
916 4515 1210 4588 spiritales,
1237 4517 1332 4572 sed
1361 4517 1538 4573 adhuc
1566 4487 1844 4583 carnales,
1866 4525 1924 4572 et
1944 4516 2082 4571 lacte
2114 4487 2161 4546 D
2189 4530 2293 4576 tcm
2339 4487 2567 4593 piscium
2612 4520 2800 4586 maris,
2846 4487 2902 4576 et
2929 4487 3225 4574 volatilium
3261 4518 3409 4583 caeli,
3452 4527 3507 4572 et
3533 4487 3781 4573 omnium

495 4605 739 4671 alendos,
779 4622 886 4662 non
940 4622 1087 4664 esca.
1134 4607 1302 4675 Quasi
1319 4606 1573 4679 part-uiis,
1602 4608 1799 4679 inquit,
1834 4608 1892 4662 in
1922 4607 2081 4662 Chri-

496 4707 578 4752 sto
603 4696 686 4752 lac
712 4698 855 4754 vobis
894 4709 1074 4769 potum
1115 4700 1257 4767 dedi,
1294 4718 1398 4756 non
1432 4718 1637 4768 escam,
1680 4701 1912 4756 nondum
1945 4703 2086 4757 enim

402 4840 415 4851 ,
495 4790 787 4861 poteratis:
811 4789 903 4844 sed
942 4805 1035 4844 nec
1061 4789 1235 4844 adhuc
1255 4791 1465 4863 quidem
1486 4792 1697 4861 potestis
1733 4791 1785 4864 (Ι
1826 4790 1948 4846 Cor.
1976 4792 2081 4864 ιιι).

501 4880 605 4937 Ubi
635 4881 851 4946 dicitur,
900 4881 1151 4948 nondum,
1199 4881 1285 4936 vel
1313 4897 1422 4940 non
1453 4883 1649 4950 adhuc,
1696 4881 1939 4954 profecto
1976 4899 2083 4938 non

499 4975 838 5044 desperatur,
870 4975 914 5032 si
934 4991 1000 5032 eo
1022 4974 1279 5042 tenditur,
1303 4984 1363 5030 ut
1382 4976 1454 5031 sit
1478 4975 1765 5045 aliquando
1780 4976 1924 5046 quod
1948 4992 2085 5031 non-

499 5062 631 5120 dum
655 5072 760 5129 est,
786 5064 957 5119 adhuc
979 5066 1135 5129 enim,
1165 5065 1360 5135 inquit,
1390 5065 1513 5120 estis
1535 5064 1794 5129 carnales,
1834 5074 1889 5121 et
1907 5074 2087 5122 osten-

499 5155 654 5222 dens,
677 5156 818 5213 unde
844 5159 955 5212 sint
981 5157 1258 5213 carnales:
1290 5157 1422 5212 Cum
1444 5158 1579 5213 enim
1602 5156 1667 5211 sit
1704 5158 1839 5212 inter
1866 5174 1977 5224 vos,
2006 5158 2090 5213 in-

500 5248 641 5321 quit,
688 5248 952 5304 temulatio
988 5259 1035 5303 et
1076 5250 1372 5315 contentio,
1404 5248 1848 5303 nonne.carnales
1884 5250 2005 5305 estis
2039 5260 2089 5305 et

501 5339 790 5396 secundum
808 5339 1067 5395 hominem
1094 5340 1415 5397 antlia/alis?
1441 5348 1602 5410 atque
1631 5341 1861 5411 idipsum
1878 5341 2088 5413 planius

501 5431 772 5502 aperiens,
816 5447 936 5486 cum
976 5432 1114 5486 enim
1145 5432 1262 5503 quis
1285 5431 1461 5497 dicat,
1488 5431 1665 5501 inquit
1695 5451 1708 5485 :
1739 5431 1853 5502 Ego
1878 5431 2088 5503 quidem

500 5541 619 5579 sum
644 5521 826 5584 Pauli,
859 5522 996 5578 alius
1038 5532 1233 5588 autem,
1268 5522 1380 5593 Ego
1414 5523 1620 5593 Apollo,
1648 5540 1819 5579 nonne
1853 5524 2088 5581 homines

501 5617 665 5672 estis?
699 5616 765 5671 lli
797 5632 944 5687 ergo,
996 5615 1049 5671 id
1086 5625 1167 5671 est
1203 5615 1402 5671 Paulus
1431 5622 1489 5671 et
1529 5615 1743 5687 Apollo,
1791 5618 2088 5673 concordes

504 5719 663 5769 erant
696 5711 749 5766 in
782 5708 989 5785 unitate
1018 5707 1254 5777 Spiritus
1290 5720 1341 5767 et
1371 5709 1584 5766 vinculo
1614 5710 1784 5781 pacis,
1816 5719 1871 5767 et
1900 5718 2082 5767 tamen

2186 4630 2446 4685 pecorum
2474 4622 2530 4670 et
2553 4611 2887 4678 ferarum,et
2903 4612 3082 4669 omnis
3109 4621 3289 4679 terrae,
3321 4621 3377 4668 et
3394 4610 3636 4692 omnium
3659 4624 3778 4666 ser—

2185 4707 2429 4776 pentium
2494 4721 2614 4776 qua:
2678 4713 2874 4776 repunt
2926 4720 3090 4774 super
3145 4714 3349 4761 terram
3403 4722 3416 4759 :
3475 4705 3580 4760 hoc
3630 4703 3776 4758 enim

2189 4801 2300 4870 agit
2332 4814 2432 4871 per
2469 4799 2669 4854 mentis
2696 4799 3051 4866 intellectum,
3082 4814 3179 4871 per
3212 4813 3372 4869 quem
3400 4797 3629 4869 percipit
3656 4812 3779 4867 qute

2189 4900 2317 4946 sunt
2352 4891 2586 4961 Spiritus
2618 4890 2734 4946 Dei.
2780 4888 3033 4961 Alioquin
3072 4891 3227 4946 homo
3266 4890 3319 4945 in
3348 4891 3545 4947 honore
3580 4890 3779 4960 positus

2192 4999 2296 5036 non
2323 4981 2610 5048 intellexit,
2648 4991 2982 5052 comparatus
3013 4993 3087 5037 est
3110 4982 3365 5053 jumentis
3388 4979 3698 5046 insensatis,
3728 4989 3778 5033 et

2189 5073 2375 5128 similis
2401 5072 2574 5144 factus
2607 5082 2682 5128 est
2723 5072 2830 5128 illis
2872 5073 3042 5145 (Psal.
3096 5074 3307 5148 xcvm).
3360 5073 3577 5131 Iudicat
3614 5073 3780 5130 etiam

2190 5165 2454 5235 epit-italis
2491 5165 2838 5235 approbando
2866 5165 3012 5236 quod
3035 5175 3268 5232 rectum,
3307 5165 3661 5236 improbando
3688 5180 3791 5220 ιιιια

2192 5266 2299 5311 tem
2346 5252 2492 5337 (μιοῇ
2527 5270 2811 5326 perperam
2849 5257 3115 5316 invenerit
3145 5260 3199 5314 in
3235 5258 3489 5331 operibus
3514 5257 3781 5314 moribus-

2195 5364 2297 5418 que
2318 5347 2578 5412 ﬁdelilun,
2596 5347 2648 5403 in
2673 5348 2941 5416 castitate,
2958 5350 3011 5406 in
3030 5349 3270 5421 jejuniis,
3292 5350 3344 5405 in
3362 5350 3781 5422 cogitationibus

2194 5438 2297 5508 piis
2323 5438 2391 5493 de
2420 5438 2528 5519 his,
2567 5454 2689 5508 quae
2716 5455 2815 5510 per
2847 5456 3067 5497 sensum
3091 5440 3334 5511 corporis
3364 5441 3733 5512 percipiuntur
3762 5457 3777 5495 :

2192 5527 2259 5582 de
2287 5527 2372 5582 his
2402 5528 2551 5582 etnith
2584 5525 2832 5596 judicare
2873 5544 3016 5586 nunc
3052 5530 3250 5586 dicitur
3288 5530 3341 5584 in
3369 5529 3568 5600 quibus
3602 5537 3659 5584 et
3684 5544 3780 5598 po-

2195 5626 2441 5674 testatem
2479 5620 2787 5691 corrigendi
2824 5621 3007 5677 habet.
3055 5620 3186 5687 Quis
3220 5621 3359 5676 enim
3392 5621 3627 5691 cognovit
3662 5635 3781 5674 sen-

2191 5726 2305 5765 sum
2335 5696 2572 5778 Domini,
2617 5712 2705 5784 qui
2736 5713 2960 5767 instruat
2991 5712 3156 5767 eum?
3200 5710 3405 5785 (Amh.}
3453 5711 3657 5769 Sensus
3684 5710 3783 5768 Dei
