4082 6332
316 345 397 402 9.9

828 339 1383 399 ENARRATIONUM
1413 338 1483 396 IN
1521 337 1671 396 EPP.
1712 333 1918 394 PAULI
1954 334 2082 392 LIB.
2118 334 2210 392 1X.
2246 365 2317 376 —
2353 331 2421 391 ΙΝ
2461 332 2680 391 ΕΡιδτ.
2722 332 2742 389 l
2776 330 2871 389 AD
2907 330 3065 389 COR.
3519 332 3593 391 30

314 464 435 520 est,
462 468 572 526 quo
596 454 713 510 hzec
736 451 1059 525 spiritaliter
1085 450 1248 523 jussit
1274 452 1411 519 ﬁeri,
1439 465 1538 521 per
1562 466 1686 522 quae
1714 451 1900 506 mundi
1930 453 1981 514 Α
2006 448 2106 516 los,
2135 447 2295 503 aliter
2335 447 2626 518 discipulos
2659 445 2883 502 alfatum
2907 485 2923 511 ,
2951 452 3008 500 et
3036 444 3181 500 inter
3211 441 3360 515 ipsos
3377 455 3591 518 aposto-

312 546 587 621 snpientia
614 545 778 601 stulta
805 544 1163 615 probaretur,
1192 558 1395 616 negans
1418 556 1581 614 posse
1611 542 1729 597 ﬁeri
1755 540 1901 613 quod

311 640 521 697 factum
550 647 658 694 est.
680 635 853 704 Quem
881 650 1103 692 sensum
1125 635 1303 693 nullus
1330 642 1416 691 est
1443 635 1535 706 qui
1563 636 1903 708 cognoverit,

309 742 371 791 et
387 732 673 805 displiceat
697 730 794 797 illi,
822 738 883 785 ut
908 730 1159 785 emendet
1187 727 1469 785 consilium
1497 729 1626 794 Dei;
1653 729 1781 800 quia
1802 729 1900 799 qui

309 822 591 895 cognovit,
647 820 832 876 laudat
875 819 1171 890 potentiam
1210 817 1331 884 Dei,
1376 833 1540 890 quem
1584 820 1678 889 qui
1719 820 1903 877 omnia

306 923 483 988 negat
512 928 694 984 posse,
724 927 826 969 nec
853 910 1112 966 mundum
1140 911 1310 966 credit
1336 908 1552 967 fecisse.
1585 911 1724 978 Quid
1755 911 1900 966 enim

308 1023 572 1078 magnum
598 1014 684 1065 est
723 1013 783 1061 ut
808 1006 874 1062 de
899 1021 958 1061 se
1000 1004 1253 1060 credatur
1289 1017 1613 1074 generasse,
1663 1004 1755 1074 qui
1790 1020 1900 1060 non

308 1100 612 1172 ambigitur
644 1105 839 1154 cuncta
869 1112 937 1153 ex
972 1095 1138 1151 nihilo
1168 1093 1398 1151 fecisse?
1430 1095 1629 1166 quippe
1662 1110 1785 1150 cum
1825 1095 1903 1150 di-

306 1200 404 1248 cat
452 1190 754 1248 Salvator:
788 1187 943 1259 Apud
990 1185 1158 1240 Deum
1203 1194 1378 1263 autem
1421 1186 1598 1240 omnia
1628 1186 1899 1257 possibilia

304 1291 434 1336 sunt
460 1281 616 1353 (Luc.
662 1279 841 1350 xvm),
874 1276 1083 1333 cunctis
1117 1275 1288 1345 liquet
1314 1274 1441 1346 quia
1468 1274 1613 1331 Deus
1644 1274 1899 1331 consilia-

305 1373 409 1427 riis
437 1387 543 1427 non
566 1378 713 1440 eget,
742 1370 833 1441 qui
870 1369 1000 1440 ipsis
1024 1382 1236 1439 quoque
1259 1366 1584 1422 consiliariis
1612 1367 1893 1422 hominum

304 1463 594 1535 sapientiae
620 1461 906 1518 consilium
937 1460 1140 1531 praebet
1162 1500 1178 1526 ,
1217 1459 1284 1515 de
1307 1472 1416 1530 quo
1444 1459 1606 1515 etiam
1633 1458 1893 1528 scriptum

300 1562 391 1610 est
422 1571 436 1608 :
472 1552 606 1619 Quis
634 1550 868 1624 cognovit
890 1565 1101 1605 sensum
1130 1546 1366 1612 Domini,
1396 1556 1487 1601 aut
1511 1547 1628 1618 quis
1648 1545 1898 1601 consilia-

304 1647 419 1700 rius
437 1646 555 1716 ejus
577 1644 725 1715 fuit?
759 1643 863 1698 Sed
889 1639 1338 1711 quemadmodum
1364 1654 1488 1694 cum
1513 1638 1670 1709 panis
1693 1635 1776 1693 vel
1804 1651 1896 1692 ve-

303 1737 626 1792 stimentum
667 1733 847 1805 egenti
888 1733 1167 1799 tribuitur,
1215 1731 1318 1786 hoc
1347 1745 1409 1786 se
1440 1729 1701 1785 Dominus
1730 1743 1892 1785 acce-

2007 539 2090 594 los
2117 537 2284 595 fuisse
2322 538 2658 595 distantiam.
2691 536 2890 592 Tribus
2916 535 3122 592 etenim
3147 534 3426 608 discipulis
3468 537 3591 610 glo-

2005 632 2142 687 riam
2169 645 2322 686 suam
2343 646 2399 684 m
2440 636 2624 684 monte
2642 627 2900 691 ostendit,
2923 626 3109 684 dicens
3132 625 3241 682 illis
3263 634 3327 681 ut
3345 633 3592 685 tacerent

2003 723 2203 789 visum,
2230 720 2473 793 quandiu
2500 735 2532 775 a
2553 719 2785 775 mortuis
2813 724 3140 790 resurgeret.
3170 716 3375 791 (Greg.)
3398 717 3591 775 Sancti

2002 815 2205 870 etenim
2235 814 2622 884 praedicatores
2647 812 2805 883 quasi
2831 820 3002 882 porta:
3015 810 3171 867 nobis
3197 818 3348 879 sunt,
3369 811 3462 882 qui
3488 827 3591 869 nos

2004 906 2073 961 ad
2102 904 2414 960 interiorem
2451 903 2786 959 intellectum
2819 910 3037 958 aeternae
3076 902 3354 972 sapientiai
3390 902 3589 974 perdu-

2004 1004 2134 1053 cunt
2165 1014 2179 1051 :
2211 996 2309 1051 sed
2335 1012 2461 1052 cum
2488 995 2667 1051 adhuc
2699 994 3083 1051 inchoantibus
3116 1010 3225 1050 non
3248 994 3359 1051 alta
3380 1003 3438 1050 et
3471 1009 3593 1070 my-

2001 1087 2160 1153 stica,
2212 1087 2307 1142 sed
2345 1086 2595 1157 quaedam
2614 1101 2735 1156 qua:
2760 1085 2881 1157 capi
2918 1085 3232 1155 praevalent,
3268 1086 3589 1157 praedicant,

2002 1190 2171 1251 portae
2197 1180 2497 1237 exteriores
2522 1189 2679 1247 sunt;
2716 1195 2838 1235 cum
2865 1195 2996 1235 vero
3032 1179 3288 1250 perfectis
3316 1181 3590 1254 profunda

1999 1284 2056 1328 et
2098 1273 2324 1344 mystica
2373 1272 2688 1343 loquuntur,
2720 1280 2890 1344 portae
2936 1272 3245 1330 interiores.
3295 1272 3589 1332 Videamus

2000 1364 2233 1436 qualiter
2262 1371 2417 1435 porta
2460 1361 2702 1419 exterior
2739 1369 2923 1433 pateat
2955 1380 2968 1417 :
3000 1362 3127 1418 Non
3166 1363 3316 1435 potui
3340 1364 3482 1421 vobis
3515 1365 3588 1421 lo-

1998 1458 2088 1529 qui
2127 1457 2282 1529 quasi
2318 1455 2672 1527 spiritalibus,
2722 1454 2815 1510 sed
2874 1455 3028 1527 quasi
3071 1455 3417 1522 carnalibus;
3462 1464 3585 1512 tan-

1996 1566 2154 1623 quam
2179 1548 2412 1621 parvulis
2434 1548 2492 1604 in
2539 1546 2747 1603 Christo
2793 1546 2878 1602 lac
2899 1547 3040 1603 vobis
3079 1556 3260 1618 polum
3301 1546 3444 1615 dedi,
3481 1563 3589 1603 non

1996 1655 2189 1695 escam.
2232 1639 2528 1696 Videamus
2567 1638 2802 1709 qualiter
2828 1646 2985 1709 porta
3015 1637 3241 1693 interior
3276 1645 3426 1710 patet
3454 1655 3469 1693 :
3498 1654 3587 1694 sa-

1994 1735 2245 1807 pientiam
2285 1733 2552 1805 loquimur
2587 1734 2724 1788 inter
2761 1732 3037 1803 perfectos.
3083 1732 3374 1789 Videamus
3401 1739 3586 1788 utrum

302 1830 452 1899 pisse
500 1835 736 1883 testatur
781 1843 795 1879 :
831 1825 907 1880 ita
951 1839 1075 1879 cum
1121 1821 1385 1879 nescienti
1420 1819 1641 1876 cuilibet
1687 1827 1894 1875 rectum

1997 1830 2188 1886 eadem
2214 1829 2330 1899 ipsa
2361 1828 2434 1884 sit
2457 1834 2616 1898 porta
2644 1826 2870 1882 interior
2897 1832 2955 1882 et
2976 1824 3237 1892 exterior,
3265 1823 3585 1896 sapientibus

303 1919 597 1977 consilium
640 1920 833 1983 datur,
863 1917 967 1973 hoc
1000 1918 1115 1987 ipse
1150 1914 1377 1986 accepit,
1406 1912 1680 1985 cujusilte
1713 1928 1888 1970 mem-

296 2014 464 2068 brum
485 2019 571 2068 est
598 2010 690 2081 qui
716 2006 979 2065 eruditur.
996 2007 1197 2063 Omnes
1215 2005 1415 2061 etenim
1446 2003 1894 2063 ﬁdelesmembra

305 2104 488 2160 nostri
518 2101 878 2172 redemptoris
903 2114 1105 2162 sumus,
1133 2108 1188 2154 et
1221 2098 1361 2153 sicut
1394 2096 1509 2167 ipse
1538 2097 1591 2152 in
1614 2097 1770 2152 nobis
1796 2111 1895 2168 per

300 2193 740 2250 misericordiam
786 2190 1054 2263 largitatis
1091 2189 1351 2260 pascitur,
1388 2189 1463 2243 ita
1490 2187 1605 2259 ipse
1644 2187 1699 2242 in
1736 2187 1894 2245 nobis

300 2299 404 2355 per
429 2283 697 2339 doctrinae
718 2282 1001 2339 consilium
1031 2279 1273 2350 juvatur.
1321 2279 1435 2335 Nos
1472 2289 1647 2333 autem
1683 2295 1893 2334 sensum

303 2374 400 2430 Dei
447 2376 721 2430 habemus.
768 2372 881 2429 Hoc
925 2372 1074 2438 dicit,
1113 2371 1239 2443 quia
1280 2370 1564 2427 credentes
1602 2371 1893 2443 participes

298 2484 494 2525 sumus
521 2468 765 2541 ejusdem
788 2466 983 2523 divina:
1008 2465 1310 2521 sententiae.

927 2600 1156 2658 CAPUT
1193 2600 1277 2656 lli.

304 2694 556 2750 Removet
590 2710 819 2750 errorem
860 2692 1275 2761 Corinthiorum,
1319 2692 1446 2763 quia
1480 2692 1739 2763 ministris
1785 2691 1889 2746 ali-

374 2765 564 2832 quibus
600 2765 817 2818 nimium
864 2763 1192 2833 tribuebant,
1219 2762 1425 2833 agitque
1451 2762 1516 2817 de
1543 2762 1892 2833 aediﬁcatione

372 2830 538 2958 sape;
548 2834 780 2916 lignum,
810 2833 1011 2904 fenum,
1031 2830 1280 2896 stipulam
1302 2830 1351 2888 et
1374 2832 1439 2887 de
1452 2830 1615 2887 stulta
1634 2832 1891 2903 sapientia

370 2922 501 2959 mun
541 2921 582 2959 ι.

370 3018 439 3074 Et
466 2996 585 3091 ego,
609 3019 818 3089 fratres,
844 3034 945 3074 non
967 3019 1112 3090 potui
1140 3016 1280 3073 vobis
1303 3015 1447 3087 loqui
1464 3015 1617 3088 quasi
1639 3014 1891 3086 spiritali-

296 3113 416 3175 bus,
439 3112 533 3166 sed
573 3110 727 3180 quasi
756 3108 1079 3165 carnalibus.
1111 3104 1318 3179 (Δηὼ.)
1340 3104 1495 3162 Nunc
1534 3105 1621 3160 his
1649 3105 1888 3175 loquitur

296 3205 392 3276 qui
421 3176 709 3276 propterea
737 3203 880 3273 quod
902 3200 1084 3258 saeculi
1105 3176 1282 3256 adhuc
1297 3176 1667 3271 voluptatibus
1687 3199 1890 3254 servie-
1914 3176 1961 3241 (ἶ

296 3297 453 3359 bant,
494 3293 746 3350 carnales
772 3299 950 3349 erant.
983 3291 1244 3361 Quamvis
1265 3291 1379 3362 jam
1402 3289 1662 3361 baptizati
1683 3297 1888 3357 essent,

297 3396 356 3441 et
397 3383 665 3455 Spiritum
692 3392 943 3439 sanctum
964 3380 1315 3452 {accepissent
1345 3396 1359 3434 :
1392 3388 1577 3435 tamen
1616 3379 1746 3450 quia
1768 3387 1892 3450 post

298 3475 635 3546 baptismum
664 3474 849 3530 statim
874 3475 942 3529 ad
968 3481 1208 3528 veterem
1245 3471 1520 3527 hominem
1550 3470 1767 3528 fuerant
1804 3486 1893 3529 re-

298 3567 470 3630 versi,
498 3566 590 3623 cui
617 3563 1154 3630 abrenuntiaverant,
1179 3562 1434 3618 dicuntur
1454 3561 1737 3628 carnales;
1769 3559 1891 3632 Spi-

298 3659 441 3713 ritus
464 3656 611 3712 enim
638 3663 860 3711 sanctus
890 3662 1017 3710 tunc
1040 3661 1327 3724 permanet
1347 3652 1402 3707 in
1430 3667 1516 3720 eo,
1544 3652 1631 3708 cui
1656 3667 1715 3709 se
1737 3651 1887 3707 infu-

300 3749 483 3814 derat,
515 3747 562 3803 si
604 3754 826 3801 maneat
868 3744 922 3800 in
950 3744 1228 3816 proposito
1254 3742 1654 3815 generationis;
1688 3742 1736 3798 si
1759 3757 1892 3813 quo-

300 3841 509 3906 minus,
537 3837 782 3904 abcedit;
816 3837 890 3893 ita
920 3844 1098 3893 tamen
1132 3842 1194 3891 ut
1224 3834 1270 3891 si
1297 3848 1357 3890 se
1381 3833 1761 3890 reformaverit
1795 3834 1893 3890 hos

303 3949 418 3999 mo,
440 3931 627 3987 redeat
648 3931 716 3987 ad
736 3928 909 3994 illum,
933 3943 1146 3998 semper
1172 3927 1315 3983 enim
1344 3934 1569 3997 paratus
1597 3926 1665 3981 ad
1688 3926 1891 3982 bonum

302 4034 420 4092 est,
444 4023 677 4093 diligens
710 4021 1104 4093 paenitentiam.
1129 4018 1298 4086 Quasi
1322 4017 1554 4090 parvulis
1588 4018 1648 4072 in
1677 4015 1891 4073 Christo

302 4116 387 4170 lac
433 4114 579 4169 vobis
614 4122 796 4184 potum
841 4111 983 4176 dedi,
1030 4126 1132 4165 non
1177 4125 1368 4164 escam.
1411 4107 1672 4176 Quamvis
1718 4106 1895 4163 renati

300 4214 493 4261 essent
530 4203 589 4260 in
628 4202 868 4268 Christo,
899 4209 1082 4256 tamen
1107 4215 1213 4256 non
1242 4198 1344 4255 fuit
1371 4197 1594 4271 dignum
1624 4200 1762 4255 tradi
1810 4199 1897 4256 his

302 4295 573 4367 spiritalia
602 4313 617 4350 :
649 4301 865 4364 accepta
906 4292 1053 4348 enim
1083 4290 1211 4356 ﬁde,
1243 4306 1364 4362 quae
1392 4300 1477 4346 est
1508 4291 1676 4346 veluti
1709 4306 1896 4347 semen

1997 1931 2046 1977 et
2069 1920 2434 1991 insipientibus
2463 1918 2667 1974 debitor
2693 1934 2808 1973 sum
2837 1915 3017 1990 (Rom.
3053 1917 3118 1984 ι),
3150 1916 3241 1986 qui
3269 1930 3487 1972 rursum
3505 1914 3585 1971 di-

1993 2014 2087 2079 cit,
2109 2014 2214 2069 sive
2241 2021 2411 2068 mente
2435 2011 2752 2077 excedimus,
2781 2009 2893 2066 Deo
2909 2009 3047 2075 ;sive
3074 2008 3236 2064 sobrii
3260 2024 3463 2073 sumus,
3487 2021 3579 2062 vo-

1993 2106 2071 2162 bis
2116 2102 2200 2177 (II
2233 2103 2355 2161 Cor.
2406 2103 2503 2177 v);
2555 2103 2609 2159 in
2644 2105 2749 2159 hoc
2790 2103 2936 2158 enim
2977 2102 3123 2172 quod
3169 2099 3584 2171 contemplando

1992 2204 2049 2254 et
2070 2195 2339 2267 loquendo
2367 2194 2703 2266 sapientibus
2725 2200 2907 2248 mente
2920 2181 3157 2258 excedit,
3179 2199 3334 2262 porta
3355 2190 3585 2246 interior

1992 2294 2109 2355 est;
2152 2285 2206 2342 in
2236 2287 2340 2342 hoc
2366 2300 2496 2342 vero
2522 2284 2667 2356 quod
2685 2283 2927 2355 parvulis
2952 2282 3135 2339 sobrie
3156 2282 3213 2337 in
3241 2281 3585 2353 praedicatio-

1992 2393 2117 2435 nem
2144 2392 2204 2433 se
2256 2384 2541 2448 temperat,
2583 2383 2643 2431 et
2688 2381 2891 2445 quanta
2933 2373 3197 2429 ebrietate
3238 2370 3474 2443 Spiritus
3507 2370 3588 2426 in-

1991 2471 2250 2527 fundatur
2294 2470 2351 2526 in
2404 2476 2608 2535 mente,
2659 2482 2782 2523 cum
2835 2464 3117 2538 praedicat,
3172 2478 3282 2520 non
3325 2462 3583 2528 ostendit,

1989 2564 2315 2620 exteriorem
2346 2570 2559 2634 portam
2585 2575 2644 2617 se
2672 2575 2794 2617 esse
2817 2557 3151 2615 manifestat.
3180 2557 3288 2629 Ipsi
3320 2557 3504 2627 itaque
3529 2563 3587 2612 et

1989 2655 2291 2712 exteriores
2308 2662 2481 2725 portae
2503 2653 2659 2709 nobis
2682 2659 2830 2715 sunt,
2852 2659 2909 2706 et
2930 2650 3234 2713 interiores,
3258 2663 3381 2719 quae
3402 2660 3507 2725 nos
3530 2654 3588 2702 et

1990 2746 2046 2801 in
2068 2744 2245 2815 primo
2265 2744 2414 2799 aditu
2436 2742 2578 2807 ﬁdei,
2608 2742 2748 2813 spei,
2767 2748 2930 2811 atque
2956 2739 3240 2796 charitatis
3269 2737 3581 2803 instituunt,

1990 2848 2196 2896 etcum
2229 2838 2342 2908 jam
2386 2835 2795 2908 proﬁcientibus
2830 2833 3072 2891 caelestis
3122 2831 3279 2905 regni
3324 2829 3586 2903 mysteria

1990 2931 2323 3006 praedicant,
2351 2947 2449 3001 per
2470 2929 2809 2985 subtiliorem
2839 2942 3057 2984 sensum
3084 2942 3186 2982 nos
3213 2926 3283 2981 ad
3321 2925 3585 2981 interiora

1988 3025 2313 3098 perducunt.
2351 3020 2535 3095 (Aug.)
2568 3019 2900 3077 Praedicatus
2935 3018 3005 3074 ab
3037 3016 3294 3089 apostolis
3324 3015 3578 3073 Christus

1992 3118 2285 3177 cruciﬁxus
2338 3123 2395 3172 et
2440 3113 2640 3171 Judazis
2686 3120 2806 3169 erat
2848 3110 3182 3175 scandalum,
3231 3116 3288 3164 et
3331 3106 3585 3180 gentibus

1992 3210 2244 3277 stultitia,
2274 3217 2329 3265 et
2345 3206 2477 3279 ipsis
2502 3206 2708 3292 vocay's
2727 3202 2945 3267 Judaeis,
2981 3210 3037 3259 et
3063 3200 3267 3259 Greecis
3292 3199 3388 3255 Dei
3407 3198 3586 3254 virtus

1989 3312 2045 3360 et
2068 3302 2164 3359 Dei
2204 3300 2500 3371 sapientia;
2534 3288 2970 3354 sed'carnalihus
3014 3292 3254 3365 parvulis
3308 3288 3581 3348 credendo

1991 3394 2047 3451 id
2089 3399 2299 3450 tantum
2335 3389 2675 3455 tenentibus,
2710 3385 3046 3457 spiritalibus
3077 3392 3257 3440 autem
3286 3378 3584 3454 capaciori-

1991 3485 2113 3553 bus,
2167 3484 2223 3541 id
2253 3483 2419 3540 etiam
2466 3479 2815 3552 intelligendo
2862 3476 3227 3534 cernentibus.
3262 3473 3378 3530 lIoc
3419 3471 3587 3542 igitur

1991 3575 2244 3649 primitus
2284 3572 2522 3643 cognito,
2562 3571 2706 3643 quod
2743 3585 2809 3626 ea
2840 3568 2959 3641 ipsa
2999 3583 3120 3638 qua:
3161 3564 3323 3626 simul
3360 3564 3588 3620 audiunt

1991 3665 2265 3740 spiritales
2299 3672 2462 3736 atque
2493 3660 2760 3727 carnales,
2790 3675 2891 3731 pro
2918 3673 3018 3715 suo
3051 3657 3257 3729 quique
3293 3655 3455 3712 modo
3487 3669 3586 3710 ca-

1936 3820 1945 3827 _
1992 3758 2167 3829 piunt,
2204 3755 2313 3822 illi,
2344 3762 2404 3809 ut
2430 3751 2662 3824 parvuli,
2700 3751 2789 3806 isti
2814 3757 2877 3805 ut
2904 3749 3175 3820 majores;
3208 3746 3309 3812 illi,
3336 3753 3394 3802 ut
3427 3743 3586 3801 lactis

1995 3847 2312 3903 alimentum
2332 3884 2349 3911 ,
2377 3843 2465 3898 isti
2497 3848 2557 3898 ut
2582 3842 2691 3898 eihi
2717 3841 3159 3907 solidameutum,
3191 3836 3337 3893 nulla
3365 3834 3583 3891 videtur

1993 3954 2114 3996 esse
2143 3937 2443 3994 necessitas
2468 3944 2529 3990 ut
2555 3935 2737 4004 aliqua
2768 3940 2979 3989 secreta
3012 3930 3271 3987 doctrina:
3295 3934 3580 3985 taceantur

1996 4039 2054 4086 et
2065 4028 2463 4086 abscondantur
2477 4024 2743 4091 ﬁdelibus,
2760 4036 3003 4080 seorsum
3020 4022 3248 4078 dicenoa
3262 4017 3583 4087 majoribus,

1997 4122 2102 4177 hoc
2126 4128 2210 4177 est
2232 4115 2770 4188 intelligentioribus;
2800 4121 2857 4170 et
2875 4113 2981 4169 hoc
3009 4112 3131 4168 ideo
3158 4110 3461 4167 faciendum
3487 4123 3586 4179 pu-

2000 4220 2163 4277 tetur,
2209 4208 2335 4281 quia
2366 4207 2503 4263 dixit
2535 4203 2824 4277 Apostolus
2855 4221 2869 4258 :
2903 4201 3030 4258 Non
3072 4202 3219 4273 potui
3255 4199 3395 4256 vobis
3437 4197 3586 4269 loqui

1996 4305 2148 4377 quasi
2174 4300 2518 4374 spiritalibus,
2541 4299 2633 4355 sed
2654 4307 2711 4353 ut
2732 4296 3057 4362 carnalibus,
3092 4296 3196 4352 hoc
3231 4295 3406 4365 ipsum
3437 4292 3584 4349 enim

304 4386 575 4460 spiritale,
610 4386 817 4442 nullum
846 4382 1099 4451 fructum
1142 4382 1255 4438 Deo
1279 4382 1500 4449 dignum
1542 4381 1806 4447 fecerunt,
1839 4390 1897 4436 ut

1999 4395 2142 4466 quod
2176 4408 2284 4449 non
2320 4390 2589 4464 judicavit
2632 4404 2690 4446 se
2716 4388 2859 4444 scire
2891 4388 2944 4442 in
2975 4386 3056 4443 eis
3084 4386 3185 4442 nisi
3212 4384 3397 4441 Jesum
3427 4383 3587 4440 Chri—

304 4477 662 4550 perfectionis
682 4475 850 4532 verba
886 4481 1226 4531 mererentur
1263 4472 1566 4539 addiscere,
1607 4472 1702 4528 sed
1739 4473 1895 4542 quasi
2000 4494 2142 4541 stum
2161 4493 2217 4539 et
2245 4485 2389 4538 hunc
2409 4480 2754 4544 cruciﬁxum,
2780 4478 2911 4550 ipsis
2931 4493 3037 4534 ηοη
3064 4477 3237 4547 potuit
3265 4475 3411 4546 loqui
3434 4474 3588 4546 quasi

304 4570 518 4643 parvuli
558 4567 985 4640 imperfectionis
1027 4565 1276 4622 sensibus
1312 4565 1618 4621 studebant.
1668 4564 1897 4637 Aposto-

2002 4577 2355 4650 spiritalibus,
2388 4575 2514 4645 quia
2538 4574 2590 4628 id
2613 4573 2753 4629 sicut
2779 4570 3055 4641 spiritales
3079 4583 3275 4640 capere
3310 4582 3417 4624 non
3440 4567 3588 4622 vale—

306 4664 394 4719 lus
420 4671 608 4718 autem
630 4661 719 4715 vir
741 4660 957 4715 divinus
976 4669 1031 4714 et
1057 4657 1299 4713 medicus
1327 4655 1586 4727 spiritalis
1611 4653 1897 4727 unicuique

2005 4672 2153 4728 bant.
2194 4667 2513 4739 Quicunque
2548 4665 2692 4720 enim
2723 4661 2992 4733 spiritales
3019 4662 3161 4717 inter
3188 4675 3285 4716 eos
3317 4666 3494 4723 erant,
3538 4657 3590 4712 id

310 4757 609 4813 secundum
625 4751 898 4823 viresejus
911 4751 1249 4815 tradebat,ne
1261 4765 1361 4821 per
1372 4747 1834 4821 imperfectionem
1847 4758 1897 4803 et

2002 4769 2108 4828 est,
2152 4760 2294 4831 quod
2324 4759 2400 4814 illi
2429 4766 2685 4828 tanquam
2723 4753 2967 4810 carnales
3001 4752 3315 4816 audiebant,
3353 4748 3587 4820 spiritali

310 4847 645 4918 imperitiam
668 4845 793 4915 quis
821 4845 888 4900 de
912 4844 1075 4901 rebus
1107 4841 1440 4912 spiritalibus
1469 4839 1782 4896 scandalum
1812 4854 1905 4911 pa-

311 4947 542 4995 teretur.
606 4935 861 4992 Nondum
911 4935 1048 4991 enim
1097 4934 1368 5006 poteratis.
1418 4931 1667 4989 Ostendit
1715 4941 1904 5005 aperte

311 5046 421 5085 non
465 5027 589 5084 illos
627 5026 879 5084 debuisse
919 5025 1108 5081 audire
1145 5039 1267 5095 quae
1299 5021 1633 5079 conﬁrmatis
1671 5022 1899 5078 dicenda

310 5128 459 5177 sunt.
489 5118 600 5175 Sed
641 5134 804 5189 neque
828 5135 966 5173 nunc
998 5117 1242 5188 potestis,
1275 5116 1447 5171 adhuc
1468 5116 1604 5170 enim
1631 5114 1753 5170 estis
1779 5132 1900 5170 car—

312 5211 480 5265 nales.
529 5207 632 5265 llic
671 5207 827 5264 valde
875 5208 1052 5278 arguit
1090 5206 1451 5262 temeritatem
1500 5205 1714 5261 illorum
1739 5245 1756 5273 ,
1808 5206 1903 5277 qui

310 5300 685 5370 querebantur
718 5297 919 5353 dudum
958 5313 1018 5354 se
1058 5311 1163 5353 non
1192 5296 1412 5353 audisse
1452 5297 1742 5368 spiritalia,
1772 5312 1899 5354 cum

312 5390 495 5448 adhuc
523 5390 727 5461 indigni
776 5399 958 5446 essent
1006 5390 1214 5445 audire.
1268 5390 1709 5461 Pseudoapostoli
1754 5392 1902 5447 enim

310 5483 625 5555 promiscue
651 5482 903 5537 omnibus
936 5496 1047 5537 uno
1083 5490 1247 5551 atque
1278 5482 1466 5537 eodem
1494 5497 1693 5553 genere
1718 5485 1902 5539 trade—

312 5577 472 5641 hant,
492 5575 694 5631 nullius
714 5590 999 5647 personam
1022 5574 1428 5643 discernentes;
1458 5584 1519 5631 ut
1546 5577 1907 5647 acccptahiles

317 5672 513 5726 ﬁerent
533 5685 632 5741 per
657 5668 966 5742 hypocrisin
987 5666 1375 5733 commendati,
1402 5684 1526 5724 cum
1555 5677 1765 5724 constet
1795 5669 1903 5726 Do-

317 5762 528 5817 minum
559 5768 617 5818 et
659 5769 932 5818 auctorem
961 5769 1203 5818 nostrum
1241 5759 1517 5819 Christum
1545 5761 1705 5818 aliter
1729 5776 1902 5835 popu-

2007 4851 2280 4908 intellectu
2334 4849 2435 4922 ipsi
2467 4847 2776 4920 capiebant,
2828 4854 2888 4899 ut
2936 4843 3015 4900 sic
3053 4841 3414 4914 intelligatur;
3447 4839 3591 4911 quod

2009 4959 2115 5000 non
2160 4932 2310 5016 potui
2353 4942 2509 4997 vobis
2553 4939 2699 5008 loqui
2728 4938 2883 5008 quasi
2922 4935 3274 5008 spiritalibus,
3308 4933 3402 4990 sed
3436 4934 3589 5004 quasi

2004 5033 2336 5100 carnalibus,
2364 5048 2430 5088 ac
2458 5030 2505 5086 si
2531 5029 2756 5093 diceret,
2789 5042 2896 5084 non
2922 5026 3174 5098 potuistis
3195 5024 3349 5096 quasi
3376 5024 3593 5095 spirita-

2006 5125 2104 5191 les,
2151 5125 2248 5180 sed
2298 5122 2456 5194 quasi
2505 5120 2755 5177 carnales
2802 5134 2999 5190 capere
3046 5118 3264 5189 quando
3306 5115 3587 5188 loquebar.

2003 5216 2187 5285 Itaque
2215 5212 2576 5269 festinandum
2625 5211 2781 5267 nobis
2812 5218 2916 5276 est,
2957 5218 3017 5264 ut
3060 5224 3185 5265 cum
3215 5208 3594 5264 renuntiantes

2011 5305 2332 5363 desierimus
2376 5318 2497 5359 esse
2524 5300 2801 5366 carnales,
2834 5301 2887 5357 id
2915 5307 3017 5367 est,
3061 5315 3093 5355 a
3120 5299 3461 5356 saecularium
3484 5313 3598 5353 coe-

2009 5397 2251 5468 perimus
2270 5394 2681 5451 conversatione
2723 5391 2929 5463 seiungi
2952 5432 2967 5458 ,
2997 5401 3053 5447 et
3078 5392 3145 5447 ab
3175 5390 3263 5446 illa
3306 5387 3594 5446 manifesta

2012 5489 2190 5544 carnis
2215 5487 2507 5559 pollutione
2528 5500 2765 5553 cessare,
2791 5483 3091 5556 spiritalem
3117 5492 3316 5541 statum
3350 5482 3598 5556 protinus

2014 5581 2419 5651 apprchendere
2463 5587 2576 5635 tota
2602 5579 2806 5635 virtute
2836 5578 3098 5643 nitamur,
3148 5592 3217 5633 ne
3254 5575 3394 5631 forte
3436 5573 3596 5630 blan-

2014 5672 2223 5728 dientes
2247 5672 2403 5728 nobis
2424 5671 2514 5742 qui
2546 5670 2793 5726 videmur
2817 5671 3113 5727 secundum
3136 5668 3465 5724 exteriorem
3494 5665 3590 5720 ho-

2011 5766 2213 5822 minem
2248 5765 2375 5823 huic
2410 5765 2751 5822 renuntiasse
2786 5765 3006 5832 mundo,
3047 5762 3129 5819 vel
3160 5757 3456 5818 carnalium
3488 5756 3597 5814 for-
