  <div class='ocr_page' id='page_1' title='image "/cluster/home/n/w/nwhite01/storage/ocr_20150623/112/hvd.32044015685407/022.png"; bbox 0 0 4082 6332; ppageno 0'>
   <div class='ocr_carea' id='block_1_1' title="bbox 295 400 3579 478">
    <p class='ocr_par' dir='ltr' id='par_1_1' title="bbox 295 400 3579 478">
     <span class='ocr_line' id='line_1_1' title="bbox 295 400 3579 478; baseline -0.003 -8"><span class='ocrx_word' id='word_1_1' title='bbox 295 412 375 478; x_wconf 68' lang='lat'><strong>53</strong></span> <span class='ocrx_word' id='word_1_2' title='bbox 796 404 1350 468; x_wconf 77' lang='lat' dir='ltr'><strong>ENARRATIONUM</strong></span> <span class='ocrx_word' id='word_1_3' title='bbox 1387 409 1455 465; x_wconf 75' lang='lat' dir='ltr'><strong>IN</strong></span> <span class='ocrx_word' id='word_1_4' title='bbox 1494 406 1644 464; x_wconf 82' lang='lat' dir='ltr'><strong>EPP.</strong></span> <span class='ocrx_word' id='word_1_5' title='bbox 1685 404 1893 464; x_wconf 81' lang='lat' dir='ltr'><strong>PAULI</strong></span> <span class='ocrx_word' id='word_1_6' title='bbox 1933 407 2060 462; x_wconf 86' lang='lat' dir='ltr'><strong>LIB.</strong></span> <span class='ocrx_word' id='word_1_7' title='bbox 2102 404 2194 460; x_wconf 76' lang='lat' dir='ltr'><strong>IX.</strong></span> <span class='ocrx_word' id='word_1_8' title='bbox 2236 436 2305 446; x_wconf 94' lang='lat'><strong><em>—</em></strong></span> <span class='ocrx_word' id='word_1_9' title='bbox 2343 402 2412 459; x_wconf 77' lang='lat' dir='ltr'><strong>IN</strong></span> <span class='ocrx_word' id='word_1_10' title='bbox 2450 400 2665 462; x_wconf 81' lang='lat' dir='ltr'><strong>EPIST.</strong></span> <span class='ocrx_word' id='word_1_11' title='bbox 2704 402 2730 461; x_wconf 84' lang='grc' dir='ltr'>ἰ</span> <span class='ocrx_word' id='word_1_12' title='bbox 2767 402 2856 461; x_wconf 87' lang='lat' dir='ltr'><strong>AD</strong></span> <span class='ocrx_word' id='word_1_13' title='bbox 2896 404 3052 463; x_wconf 77' lang='lat' dir='ltr'><strong>COR.</strong></span> <span class='ocrx_word' id='word_1_14' title='bbox 3500 404 3579 471; x_wconf 62' lang='grc' dir='ltr'><strong>δι</strong></span> 
     </span>
    </p>
   </div>
   <div class='ocr_carea' id='block_1_2' title="bbox 280 486 3579 597">
    <p class='ocr_par' dir='ltr' id='par_1_2' title="bbox 280 486 3579 597">
     <span class='ocr_line' id='line_1_2' title="bbox 280 486 3579 597; baseline -0.005 -6"><span class='ocrx_word' id='word_1_15' title='bbox 280 526 544 597; x_wconf 77' lang='lat' dir='ltr'><strong>‘dedil;et</strong></span> <span class='ocrx_word' id='word_1_16' title='bbox 573 530 796 584; x_wconf 78' lang='lat' dir='ltr'><strong>iterum:</strong></span> <span class='ocrx_word' id='word_1_17' title='bbox 826 526 1078 597; x_wconf 78' lang='lat' dir='ltr'><strong>Nunquid</strong></span> <span class='ocrx_word' id='word_1_18' title='bbox 1097 523 1300 579; x_wconf 84' lang='lat' dir='ltr'><strong>Paulus</strong></span> <span class='ocrx_word' id='word_1_19' title='bbox 1320 540 1414 595; x_wconf 87' lang='lat' dir='ltr'><strong>pro</strong></span> <span class='ocrx_word' id='word_1_20' title='bbox 1441 522 1584 577; x_wconf 85' lang='lat' dir='ltr'><strong>vobis</strong></span> <span class='ocrx_word' id='word_1_21' title='bbox 1608 486 1889 591; x_wconf 72' lang='lat' dir='ltr'><strong>crucifixus</strong></span> <span class='ocrx_word' id='word_1_22' title='bbox 1918 527 1968 588; x_wconf 77' lang='grc' dir='ltr'>Α</span> <span class='ocrx_word' id='word_1_23' title='bbox 1995 538 2174 576; x_wconf 90' lang='lat' dir='ltr'><strong>sumus</strong></span> <span class='ocrx_word' id='word_1_24' title='bbox 2201 521 2494 591; x_wconf 76' lang='lat' dir='ltr'><strong>adjutores.</strong></span> <span class='ocrx_word' id='word_1_25' title='bbox 2536 519 2594 575; x_wconf 89' lang='lat' dir='ltr'><strong>Si</strong></span> <span class='ocrx_word' id='word_1_26' title='bbox 2624 536 2755 592; x_wconf 78' lang='lat' dir='ltr'><strong>ergo</strong></span> <span class='ocrx_word' id='word_1_27' title='bbox 2787 522 2985 577; x_wconf 87' lang='lat' dir='ltr'><strong>bonum</strong></span> <span class='ocrx_word' id='word_1_28' title='bbox 3027 529 3112 576; x_wconf 90' lang='lat' dir='ltr'><strong>est</strong></span> <span class='ocrx_word' id='word_1_29' title='bbox 3146 496 3266 578; x_wconf 84' lang='lat' dir='ltr'><strong>esse</strong></span> <span class='ocrx_word' id='word_1_30' title='bbox 3303 524 3579 595; x_wconf 73' lang='lat' dir='ltr'><strong>adjutores</strong></span> 
     </span>
    </p>
   </div>
   <div class='ocr_carea' id='block_1_3' title="bbox 297 612 1887 690">
    <p class='ocr_par' dir='ltr' id='par_1_3' title="bbox 297 612 1887 690">
     <span class='ocr_line' id='line_1_3' title="bbox 297 612 1887 690; baseline -0.01 -9"><span class='ocrx_word' id='word_1_31' title='bbox 297 634 403 690; x_wconf 78' lang='lat' dir='ltr'><strong>est,</strong></span> <span class='ocrx_word' id='word_1_32' title='bbox 443 631 537 678; x_wconf 86' lang='lat' dir='ltr'><strong>aut</strong></span> <span class='ocrx_word' id='word_1_33' title='bbox 572 622 628 675; x_wconf 90' lang='lat' dir='ltr'><strong>in</strong></span> <span class='ocrx_word' id='word_1_34' title='bbox 670 619 876 673; x_wconf 79' lang='lat' dir='ltr'><strong>nomine</strong></span> <span class='ocrx_word' id='word_1_35' title='bbox 906 615 1067 670; x_wconf 87' lang='lat' dir='ltr'><strong>Pauli</strong></span> <span class='ocrx_word' id='word_1_36' title='bbox 1107 615 1355 685; x_wconf 80' lang='lat' dir='ltr'><strong>buptizati</strong></span> <span class='ocrx_word' id='word_1_37' title='bbox 1395 612 1713 668; x_wconf 81' lang='lat' dir='ltr'><strong>estis?Vide</strong></span> <span class='ocrx_word' id='word_1_38' title='bbox 1755 626 1887 681; x_wconf 85' lang='lat' dir='ltr'><strong>quo-</strong></span> 
     </span>
    </p>
   </div>
   <div class='ocr_carea' id='block_1_4' title="bbox 293 706 1889 781">
    <p class='ocr_par' dir='ltr' id='par_1_4' title="bbox 293 706 1889 781">
     <span class='ocr_line' id='line_1_4' title="bbox 293 706 1889 781; baseline -0.008 -10"><span class='ocrx_word' id='word_1_39' title='bbox 293 716 464 771; x_wconf 80' lang='lat' dir='ltr'><strong>nmdo</strong></span> <span class='ocrx_word' id='word_1_40' title='bbox 494 728 555 770; x_wconf 90' lang='lat' dir='ltr'><strong>se</strong></span> <span class='ocrx_word' id='word_1_41' title='bbox 581 712 683 768; x_wconf 92' lang='lat' dir='ltr'><strong>coli</strong></span> <span class='ocrx_word' id='word_1_42' title='bbox 712 710 919 781; x_wconf 76' lang='lat' dir='ltr'><strong>respuit</strong></span> <span class='ocrx_word' id='word_1_43' title='bbox 946 724 1047 779; x_wconf 90' lang='lat' dir='ltr'><strong>pro</strong></span> <span class='ocrx_word' id='word_1_44' title='bbox 1073 708 1310 774; x_wconf 89' lang='lat' dir='ltr'><strong>Christo,</strong></span> <span class='ocrx_word' id='word_1_45' title='bbox 1338 716 1395 763; x_wconf 91' lang='lat' dir='ltr'><strong>et</strong></span> <span class='ocrx_word' id='word_1_46' title='bbox 1420 706 1668 764; x_wconf 84' lang='lat' dir='ltr'><strong>non-vult</strong></span> <span class='ocrx_word' id='word_1_47' title='bbox 1693 722 1753 760; x_wconf 90' lang='lat' dir='ltr'><strong>se</strong></span> <span class='ocrx_word' id='word_1_48' title='bbox 1778 706 1889 760; x_wconf 90' lang='lat' dir='ltr'><strong>for-</strong></span> 
     </span>
    </p>
   </div>
   <div class='ocr_carea' id='block_1_5' title="bbox 295 796 1887 869">
    <p class='ocr_par' dir='ltr' id='par_1_5' title="bbox 295 796 1887 869">
     <span class='ocr_line' id='line_1_5' title="bbox 295 796 1887 869; baseline -0.007 -8"><span class='ocrx_word' id='word_1_49' title='bbox 295 803 506 861; x_wconf 85' lang='lat' dir='ltr'><strong>nicanti</strong></span> <span class='ocrx_word' id='word_1_50' title='bbox 528 803 721 857; x_wconf 75' lang='lat' dir='ltr'><strong>anima:</strong></span> <span class='ocrx_word' id='word_1_51' title='bbox 748 808 1021 856; x_wconf 70' lang='lat' dir='ltr'><strong>ostentare</strong></span> <span class='ocrx_word' id='word_1_52' title='bbox 1046 813 1145 868; x_wconf 89' lang='lat' dir='ltr'><strong>pro</strong></span> <span class='ocrx_word' id='word_1_53' title='bbox 1171 813 1388 869; x_wconf 90' lang='lat' dir='ltr'><strong>sponso.</strong></span> <span class='ocrx_word' id='word_1_54' title='bbox 1417 796 1607 852; x_wconf 79' lang='lat' dir='ltr'><strong>Nonne</strong></span> <span class='ocrx_word' id='word_1_55' title='bbox 1632 811 1887 866; x_wconf 80' lang='lat' dir='ltr'><strong>magnum</strong></span> 
     </span>
    </p>
   </div>
   <div class='ocr_carea' id='block_1_6' title="bbox 292 886 1889 962">
    <p class='ocr_par' dir='ltr' id='par_1_6' title="bbox 292 886 1889 962">
     <span class='ocr_line' id='line_1_6' title="bbox 292 886 1889 962; baseline -0.006 -13"><span class='ocrx_word' id='word_1_56' title='bbox 292 894 517 949; x_wconf 86' lang='lat' dir='ltr'><strong>videtur</strong></span> <span class='ocrx_word' id='word_1_57' title='bbox 541 891 786 962; x_wconf 76' lang='lat' dir='ltr'><strong>plantam</strong></span> <span class='ocrx_word' id='word_1_58' title='bbox 807 898 865 945; x_wconf 89' lang='lat' dir='ltr'><strong>et</strong></span> <span class='ocrx_word' id='word_1_59' title='bbox 888 889 1103 961; x_wconf 83' lang='lat' dir='ltr'><strong>rigare?</strong></span> <span class='ocrx_word' id='word_1_60' title='bbox 1127 886 1233 943; x_wconf 88' lang='lat' dir='ltr'><strong>Sed</strong></span> <span class='ocrx_word' id='word_1_61' title='bbox 1273 904 1435 959; x_wconf 86' lang='lat' dir='ltr'><strong>neque</strong></span> <span class='ocrx_word' id='word_1_62' title='bbox 1459 888 1550 957; x_wconf 89' lang='lat' dir='ltr'><strong>qui</strong></span> <span class='ocrx_word' id='word_1_63' title='bbox 1582 886 1785 958; x_wconf 78' lang='lat' dir='ltr'><strong>plantat</strong></span> <span class='ocrx_word' id='word_1_64' title='bbox 1804 896 1889 940; x_wconf 80' lang='lat' dir='ltr'><strong>est</strong></span> 
     </span>
    </p>
   </div>
   <div class='ocr_carea' id='block_1_7' title="bbox 288 977 1891 1054">
    <p class='ocr_par' dir='ltr' id='par_1_7' title="bbox 288 977 1891 1054">
     <span class='ocr_line' id='line_1_7' title="bbox 288 977 1891 1054; baseline -0.004 -16"><span class='ocrx_word' id='word_1_65' title='bbox 288 982 528 1054; x_wconf 80' lang='lat' dir='ltr'><strong>aliquid,</strong></span> <span class='ocrx_word' id='word_1_66' title='bbox 552 996 714 1051; x_wconf 85' lang='lat' dir='ltr'><strong>neque</strong></span> <span class='ocrx_word' id='word_1_67' title='bbox 737 981 827 1051; x_wconf 88' lang='lat' dir='ltr'><strong>qui</strong></span> <span class='ocrx_word' id='word_1_68' title='bbox 866 982 1023 1051; x_wconf 87' lang='lat' dir='ltr'><strong>rigat.</strong></span> <span class='ocrx_word' id='word_1_69' title='bbox 1052 978 1333 1046; x_wconf 84' lang='lat' dir='ltr'><strong>Quomodo</strong></span> <span class='ocrx_word' id='word_1_70' title='bbox 1358 978 1573 1033; x_wconf 83' lang='lat' dir='ltr'><strong>timuit?</strong></span> <span class='ocrx_word' id='word_1_71' title='bbox 1594 994 1701 1033; x_wconf 91' lang='lat' dir='ltr'><strong>non</strong></span> <span class='ocrx_word' id='word_1_72' title='bbox 1726 993 1786 1032; x_wconf 89' lang='lat' dir='ltr'><strong>se</strong></span> <span class='ocrx_word' id='word_1_73' title='bbox 1813 977 1891 1031; x_wconf 82' lang='lat' dir='ltr'><strong>di-</strong></span> 
     </span>
    </p>
   </div>
   <div class='ocr_carea' id='block_1_8' title="bbox 280 1066 1886 1145">
    <p class='ocr_par' dir='ltr' id='par_1_8' title="bbox 280 1066 1886 1145">
     <span class='ocr_line' id='line_1_8' title="bbox 280 1066 1886 1145; baseline -0.006 -15"><span class='ocrx_word' id='word_1_74' title='bbox 280 1076 375 1131; x_wconf 60' lang='lat' dir='ltr'><strong>:cit</strong></span> <span class='ocrx_word' id='word_1_75' title='bbox 400 1074 607 1145; x_wconf 89' lang='lat' dir='ltr'><strong>aliquid</strong></span> <span class='ocrx_word' id='word_1_76' title='bbox 642 1073 710 1127; x_wconf 89' lang='lat' dir='ltr'><strong>ad</strong></span> <span class='ocrx_word' id='word_1_77' title='bbox 736 1071 967 1127; x_wconf 85' lang='lat' dir='ltr'><strong>salutem</strong></span> <span class='ocrx_word' id='word_1_78' title='bbox 994 1085 1181 1126; x_wconf 90' lang='lat' dir='ltr'><strong>eorum</strong></span> <span class='ocrx_word' id='word_1_79' title='bbox 1195 1083 1348 1139; x_wconf 84' lang='lat' dir='ltr'><strong>&#39;qnos</strong></span> <span class='ocrx_word' id='word_1_80' title='bbox 1386 1070 1441 1124; x_wconf 91' lang='lat' dir='ltr'><strong>in</strong></span> <span class='ocrx_word' id='word_1_81' title='bbox 1475 1068 1691 1125; x_wconf 88' lang='lat' dir='ltr'><strong>Christo</strong></span> <span class='ocrx_word' id='word_1_82' title='bbox 1716 1066 1886 1124; x_wconf 81' lang='lat' dir='ltr'><strong>aediﬁ-</strong></span> 
     </span>
    </p>
   </div>
   <div class='ocr_carea' id='block_1_9' title="bbox 292 1162 1883 1239">
    <p class='ocr_par' dir='ltr' id='par_1_9' title="bbox 292 1162 1883 1239">
     <span class='ocr_line' id='line_1_9' title="bbox 292 1162 1883 1239; baseline -0.006 -14"><span class='ocrx_word' id='word_1_83' title='bbox 292 1184 426 1225; x_wconf 85' lang='lat' dir='ltr'><strong>care</strong></span> <span class='ocrx_word' id='word_1_84' title='bbox 453 1168 725 1239; x_wconf 87' lang='lat' dir='ltr'><strong>cupiebat.</strong></span> <span class='ocrx_word' id='word_1_85' title='bbox 760 1163 965 1237; x_wconf 81' lang='lat' dir='ltr'><strong>(Greg.)</strong></span> <span class='ocrx_word' id='word_1_86' title='bbox 1010 1164 1298 1235; x_wconf 84' lang='lat' dir='ltr'><strong>Adjutores</strong></span> <span class='ocrx_word' id='word_1_87' title='bbox 1340 1163 1485 1217; x_wconf 90' lang='lat' dir='ltr'><strong>enim</strong></span> <span class='ocrx_word' id='word_1_88' title='bbox 1516 1162 1612 1217; x_wconf 89' lang='lat' dir='ltr'><strong>Dei</strong></span> <span class='ocrx_word' id='word_1_89' title='bbox 1653 1177 1841 1217; x_wconf 88' lang='lat' dir='ltr'><strong>sumus</strong></span> <span class='ocrx_word' id='word_1_90' title='bbox 1871 1179 1883 1215; x_wconf 91' lang='lat'>:</span> 
     </span>
    </p>
   </div>
   <div class='ocr_carea' id='block_1_10' title="bbox 288 1249 1886 1327">
    <p class='ocr_par' dir='ltr' id='par_1_10' title="bbox 288 1249 1886 1327">
     <span class='ocr_line' id='line_1_10' title="bbox 288 1249 1886 1327; baseline -0.008 -12"><span class='ocrx_word' id='word_1_91' title='bbox 288 1275 425 1315; x_wconf 84' lang='lat' dir='ltr'><strong>nam</strong></span> <span class='ocrx_word' id='word_1_92' title='bbox 448 1273 571 1313; x_wconf 83' lang='lat' dir='ltr'><strong>cum</strong></span> <span class='ocrx_word' id='word_1_93' title='bbox 605 1257 655 1312; x_wconf 90' lang='lat' dir='ltr'><strong>ei</strong></span> <span class='ocrx_word' id='word_1_94' title='bbox 681 1270 843 1327; x_wconf 85' lang='lat' dir='ltr'><strong>quem</strong></span> <span class='ocrx_word' id='word_1_95' title='bbox 876 1254 992 1324; x_wconf 89' lang='lat' dir='ltr'><strong>ipse</strong></span> <span class='ocrx_word' id='word_1_96' title='bbox 1018 1268 1115 1325; x_wconf 90' lang='lat' dir='ltr'><strong>per</strong></span> <span class='ocrx_word' id='word_1_97' title='bbox 1142 1254 1414 1309; x_wconf 89' lang='lat' dir='ltr'><strong>internam</strong></span> <span class='ocrx_word' id='word_1_98' title='bbox 1446 1253 1674 1324; x_wconf 74' lang='lat' dir='ltr'><strong>gratiam</strong></span> <span class='ocrx_word' id='word_1_99' title='bbox 1706 1249 1886 1304; x_wconf 80' lang='lat' dir='ltr'><strong>infun-</strong></span> 
     </span>
    </p>
   </div>
   <div class='ocr_carea' id='block_1_11' title="bbox 292 1341 1887 1410">
    <p class='ocr_par' dir='ltr' id='par_1_11' title="bbox 292 1341 1887 1410">
     <span class='ocr_line' id='line_1_11' title="bbox 292 1341 1887 1410; baseline -0.006 -5"><span class='ocrx_word' id='word_1_100' title='bbox 292 1351 377 1405; x_wconf 85' lang='lat' dir='ltr'><strong>dit</strong></span> <span class='ocrx_word' id='word_1_101' title='bbox 418 1364 522 1405; x_wconf 88' lang='lat' dir='ltr'><strong>nos</strong></span> <span class='ocrx_word' id='word_1_102' title='bbox 556 1345 950 1403; x_wconf 78' lang='lat' dir='ltr'><strong>exhortationis</strong></span> <span class='ocrx_word' id='word_1_103' title='bbox 993 1358 1125 1399; x_wconf 87' lang='lat' dir='ltr'><strong>voce</strong></span> <span class='ocrx_word' id='word_1_104' title='bbox 1162 1343 1553 1406; x_wconf 84' lang='lat' dir='ltr'><strong>concurrimus,</strong></span> <span class='ocrx_word' id='word_1_105' title='bbox 1602 1342 1707 1395; x_wconf 89' lang='lat' dir='ltr'><strong>hoc</strong></span> <span class='ocrx_word' id='word_1_106' title='bbox 1744 1341 1887 1410; x_wconf 89' lang='lat' dir='ltr'><strong>quod</strong></span> 
     </span>
    </p>
   </div>
   <div class='ocr_carea' id='block_1_12' title="bbox 292 1434 1888 1512">
    <p class='ocr_par' dir='ltr' id='par_1_12' title="bbox 292 1434 1888 1512">
     <span class='ocr_line' id='line_1_12' title="bbox 292 1434 1888 1512; baseline -0.006 -14"><span class='ocrx_word' id='word_1_107' title='bbox 292 1443 389 1499; x_wconf 86' lang='lat' dir='ltr'><strong>ille</strong></span> <span class='ocrx_word' id='word_1_108' title='bbox 411 1457 513 1512; x_wconf 90' lang='lat' dir='ltr'><strong>per</strong></span> <span class='ocrx_word' id='word_1_109' title='bbox 552 1440 814 1510; x_wconf 86' lang='lat' dir='ltr'><strong>Spiritum</strong></span> <span class='ocrx_word' id='word_1_110' title='bbox 846 1437 952 1509; x_wconf 78' lang='lat' dir='ltr'><strong>agit</strong></span> <span class='ocrx_word' id='word_1_111' title='bbox 992 1437 1341 1500; x_wconf 87' lang='lat' dir='ltr'><strong>intrinsecus,</strong></span> <span class='ocrx_word' id='word_1_112' title='bbox 1385 1451 1484 1491; x_wconf 90' lang='lat' dir='ltr'><strong>nos</strong></span> <span class='ocrx_word' id='word_1_113' title='bbox 1513 1434 1752 1490; x_wconf 81' lang='lat' dir='ltr'><strong>exterius</strong></span> <span class='ocrx_word' id='word_1_114' title='bbox 1789 1449 1888 1504; x_wconf 87' lang='lat' dir='ltr'><strong>per</strong></span> 
     </span>
    </p>
   </div>
   <div class='ocr_carea' id='block_1_13' title="bbox 289 1523 1885 1595">
    <p class='ocr_par' dir='ltr' id='par_1_13' title="bbox 289 1523 1885 1595">
     <span class='ocr_line' id='line_1_13' title="bbox 289 1523 1885 1595; baseline -0.006 -9"><span class='ocrx_word' id='word_1_115' title='bbox 289 1530 661 1586; x_wconf 84' lang='lat' dir='ltr'><strong>ministerium</strong></span> <span class='ocrx_word' id='word_1_116' title='bbox 691 1527 839 1582; x_wconf 88' lang='lat' dir='ltr'><strong>vocis</strong></span> <span class='ocrx_word' id='word_1_117' title='bbox 876 1524 1213 1595; x_wconf 87' lang='lat' dir='ltr'><strong>adjuva&#39;mus,</strong></span> <span class='ocrx_word' id='word_1_118' title='bbox 1251 1533 1306 1581; x_wconf 87' lang='lat' dir='ltr'><strong>et</strong></span> <span class='ocrx_word' id='word_1_119' title='bbox 1335 1533 1463 1579; x_wconf 89' lang='lat' dir='ltr'><strong>tunc</strong></span> <span class='ocrx_word' id='word_1_120' title='bbox 1490 1523 1663 1580; x_wconf 89' lang='lat' dir='ltr'><strong>solum</strong></span> <span class='ocrx_word' id='word_1_121' title='bbox 1702 1532 1885 1577; x_wconf 87' lang='lat' dir='ltr'><strong>nostra</strong></span> 
     </span>
    </p>
   </div>
   <div class='ocr_carea' id='block_1_14' title="bbox 289 1615 1887 1685">
    <p class='ocr_par' dir='ltr' id='par_1_14' title="bbox 289 1615 1887 1685">
     <span class='ocr_line' id='line_1_14' title="bbox 289 1615 1887 1685; baseline -0.005 -9"><span class='ocrx_word' id='word_1_122' title='bbox 289 1619 609 1676; x_wconf 78' lang='lat' dir='ltr'><strong>exhortatio</strong></span> <span class='ocrx_word' id='word_1_123' title='bbox 655 1617 724 1672; x_wconf 90' lang='lat' dir='ltr'><strong>ad</strong></span> <span class='ocrx_word' id='word_1_124' title='bbox 765 1615 1154 1685; x_wconf 81' lang='lat' dir='ltr'><strong>perfectionem</strong></span> <span class='ocrx_word' id='word_1_125' title='bbox 1193 1615 1429 1679; x_wconf 86' lang='lat' dir='ltr'><strong>ducitur,</strong></span> <span class='ocrx_word' id='word_1_126' title='bbox 1475 1630 1598 1669; x_wconf 91' lang='lat' dir='ltr'><strong>cum</strong></span> <span class='ocrx_word' id='word_1_127' title='bbox 1640 1615 1695 1668; x_wconf 91' lang='lat' dir='ltr'><strong>in</strong></span> <span class='ocrx_word' id='word_1_128' title='bbox 1724 1615 1887 1669; x_wconf 89' lang='lat' dir='ltr'><strong>corde</strong></span> 
     </span>
    </p>
   </div>
   <div class='ocr_carea' id='block_1_15' title="bbox 288 1705 1886 1780">
    <p class='ocr_par' dir='ltr' id='par_1_15' title="bbox 288 1705 1886 1780">
     <span class='ocr_line' id='line_1_15' title="bbox 288 1705 1886 1780; baseline -0.005 -13"><span class='ocrx_word' id='word_1_129' title='bbox 288 1711 440 1767; x_wconf 84' lang='lat' dir='ltr'><strong>Deus</strong></span> <span class='ocrx_word' id='word_1_130' title='bbox 468 1710 655 1774; x_wconf 79' lang='lat' dir='ltr'><strong>fuerit,</strong></span> <span class='ocrx_word' id='word_1_131' title='bbox 684 1710 777 1780; x_wconf 86' lang='lat' dir='ltr'><strong>qui</strong></span> <span class='ocrx_word' id='word_1_132' title='bbox 807 1708 1117 1779; x_wconf 81' lang='lat' dir='ltr'><strong>adjuvetur;</strong></span> <span class='ocrx_word' id='word_1_133' title='bbox 1148 1708 1291 1763; x_wconf 89' lang='lat' dir='ltr'><strong>unde</strong></span> <span class='ocrx_word' id='word_1_134' title='bbox 1313 1716 1369 1760; x_wconf 88' lang='lat' dir='ltr'><strong>et</strong></span> <span class='ocrx_word' id='word_1_135' title='bbox 1393 1706 1527 1762; x_wconf 90' lang='lat' dir='ltr'><strong>alias</strong></span> <span class='ocrx_word' id='word_1_136' title='bbox 1560 1706 1694 1763; x_wconf 85' lang='lat' dir='ltr'><strong>dicit</strong></span> <span class='ocrx_word' id='word_1_137' title='bbox 1724 1724 1737 1759; x_wconf 92' lang='lat'>:</span> <span class='ocrx_word' id='word_1_138' title='bbox 1776 1705 1886 1759; x_wconf 88' lang='lat' dir='ltr'><strong>Ne-</strong></span> 
     </span>
    </p>
   </div>
   <div class='ocr_carea' id='block_1_16' title="bbox 288 1794 1885 1874">
    <p class='ocr_par' dir='ltr' id='par_1_16' title="bbox 288 1794 1885 1874">
     <span class='ocr_line' id='line_1_16' title="bbox 288 1794 1885 1874; baseline -0.006 -17"><span class='ocrx_word' id='word_1_139' title='bbox 288 1819 392 1874; x_wconf 96' lang='lat' dir='ltr'><strong>que</strong></span> <span class='ocrx_word' id='word_1_140' title='bbox 428 1802 521 1873; x_wconf 85' lang='lat' dir='ltr'><strong>qui</strong></span> <span class='ocrx_word' id='word_1_141' title='bbox 560 1799 765 1869; x_wconf 86' lang='lat' dir='ltr'><strong>plantat</strong></span> <span class='ocrx_word' id='word_1_142' title='bbox 800 1808 875 1853; x_wconf 88' lang='lat' dir='ltr'><strong>est</strong></span> <span class='ocrx_word' id='word_1_143' title='bbox 912 1795 1138 1868; x_wconf 77' lang='lat' dir='ltr'><strong>aliquid,</strong></span> <span class='ocrx_word' id='word_1_144' title='bbox 1176 1812 1339 1867; x_wconf 84' lang='lat' dir='ltr'><strong>neque</strong></span> <span class='ocrx_word' id='word_1_145' title='bbox 1369 1796 1459 1866; x_wconf 77' lang='lat' dir='ltr'><strong>qui</strong></span> <span class='ocrx_word' id='word_1_146' title='bbox 1493 1796 1648 1866; x_wconf 84' lang='lat' dir='ltr'><strong>rigat,</strong></span> <span class='ocrx_word' id='word_1_147' title='bbox 1676 1795 1765 1850; x_wconf 85' lang='lat' dir='ltr'><strong>sed</strong></span> <span class='ocrx_word' id='word_1_148' title='bbox 1792 1794 1885 1865; x_wconf 84' lang='lat' dir='ltr'><strong>qui</strong></span> 
     </span>
    </p>
   </div>
   <div class='ocr_carea' id='block_1_17' title="bbox 1989 612 3579 684">
    <p class='ocr_par' dir='ltr' id='par_1_17' title="bbox 1989 612 3579 684">
     <span class='ocr_line' id='line_1_17' title="bbox 1989 612 3579 684; baseline 0.003 -16"><span class='ocrx_word' id='word_1_149' title='bbox 1989 613 2109 678; x_wconf 87' lang='lat' dir='ltr'><strong>Dei,</strong></span> <span class='ocrx_word' id='word_1_150' title='bbox 2142 613 2272 684; x_wconf 91' lang='lat' dir='ltr'><strong>quid</strong></span> <span class='ocrx_word' id='word_1_151' title='bbox 2302 612 2457 667; x_wconf 78' lang='lat' dir='ltr'><strong>Heliu</strong></span> <span class='ocrx_word' id='word_1_152' title='bbox 2482 614 2900 683; x_wconf 85' lang='lat' dir='ltr'><strong>reprehenditur</strong></span> <span class='ocrx_word' id='word_1_153' title='bbox 2924 615 2990 669; x_wconf 88' lang='lat' dir='ltr'><strong>de</strong></span> <span class='ocrx_word' id='word_1_154' title='bbox 3032 614 3297 683; x_wconf 87' lang='lat' dir='ltr'><strong>adjutorio</strong></span> <span class='ocrx_word' id='word_1_155' title='bbox 3323 617 3459 671; x_wconf 86' lang='lat' dir='ltr'><strong>Dei?</strong></span> <span class='ocrx_word' id='word_1_156' title='bbox 3496 616 3579 673; x_wconf 82' lang='lat' dir='ltr'><strong>Ad</strong></span> 
     </span>
    </p>
   </div>
   <div class='ocr_carea' id='block_1_18' title="bbox 1989 704 3579 779">
    <p class='ocr_par' dir='ltr' id='par_1_18' title="bbox 1989 704 3579 779">
     <span class='ocr_line' id='line_1_18' title="bbox 1989 704 3579 779; baseline 0.004 -20"><span class='ocrx_word' id='word_1_157' title='bbox 1989 706 2134 777; x_wconf 91' lang='lat' dir='ltr'><strong>quod</strong></span> <span class='ocrx_word' id='word_1_158' title='bbox 2165 704 2538 775; x_wconf 88' lang='lat' dir='ltr'><strong>respondetur,</strong></span> <span class='ocrx_word' id='word_1_159' title='bbox 2568 704 2824 760; x_wconf 89' lang='lat' dir='ltr'><strong>nimirum</strong></span> <span class='ocrx_word' id='word_1_160' title='bbox 2859 706 3000 761; x_wconf 89' lang='lat' dir='ltr'><strong>scire</strong></span> <span class='ocrx_word' id='word_1_161' title='bbox 3025 721 3124 762; x_wconf 90' lang='lat' dir='ltr'><strong>nos</strong></span> <span class='ocrx_word' id='word_1_162' title='bbox 3152 708 3428 773; x_wconf 77' lang='lat' dir='ltr'><strong>convenit,</strong></span> <span class='ocrx_word' id='word_1_163' title='bbox 3453 710 3579 779; x_wconf 80' lang='lat' dir='ltr'><strong>quis</strong></span> 
     </span>
    </p>
   </div>
   <div class='ocr_carea' id='block_1_19' title="bbox 1988 793 3581 873">
    <p class='ocr_par' dir='ltr' id='par_1_19' title="bbox 1988 793 3581 873">
     <span class='ocr_line' id='line_1_19' title="bbox 1988 793 3581 873; baseline 0.003 -23"><span class='ocrx_word' id='word_1_164' title='bbox 1988 795 2228 850; x_wconf 88' lang='lat' dir='ltr'><strong>nonnulli</strong></span> <span class='ocrx_word' id='word_1_165' title='bbox 2257 793 2593 850; x_wconf 88' lang='lat' dir='ltr'><strong>defendendo</strong></span> <span class='ocrx_word' id='word_1_166' title='bbox 2638 795 2805 849; x_wconf 90' lang='lat' dir='ltr'><strong>Deum</strong></span> <span class='ocrx_word' id='word_1_167' title='bbox 2832 794 3141 873; x_wconf 71' lang='lat' dir='ltr'><strong>offendunt,</strong></span> <span class='ocrx_word' id='word_1_168' title='bbox 3187 808 3244 852; x_wconf 90' lang='lat' dir='ltr'><strong>et</strong></span> <span class='ocrx_word' id='word_1_169' title='bbox 3284 806 3412 853; x_wconf 92' lang='lat' dir='ltr'><strong>sunt</strong></span> <span class='ocrx_word' id='word_1_170' title='bbox 3445 814 3581 855; x_wconf 87' lang='lat' dir='ltr'><strong>non-</strong></span> 
     </span>
    </p>
   </div>
   <div class='ocr_carea' id='block_1_20' title="bbox 1986 886 3582 957">
    <p class='ocr_par' dir='ltr' id='par_1_20' title="bbox 1986 886 3582 957">
     <span class='ocr_line' id='line_1_20' title="bbox 1986 886 3582 957; baseline 0.002 -15"><span class='ocrx_word' id='word_1_171' title='bbox 1986 886 2116 942; x_wconf 84' lang='lat' dir='ltr'><strong>nulli</strong></span> <span class='ocrx_word' id='word_1_172' title='bbox 2147 887 2272 957; x_wconf 90' lang='lat' dir='ltr'><strong>qui,</strong></span> <span class='ocrx_word' id='word_1_173' title='bbox 2299 895 2559 956; x_wconf 88' lang='lat' dir='ltr'><strong>quantum</strong></span> <span class='ocrx_word' id='word_1_174' title='bbox 2585 886 2639 940; x_wconf 92' lang='lat' dir='ltr'><strong>in</strong></span> <span class='ocrx_word' id='word_1_175' title='bbox 2674 886 2804 956; x_wconf 90' lang='lat' dir='ltr'><strong>ipsis</strong></span> <span class='ocrx_word' id='word_1_176' title='bbox 2830 895 2946 952; x_wconf 90' lang='lat' dir='ltr'><strong>est,</strong></span> <span class='ocrx_word' id='word_1_177' title='bbox 2991 901 3214 943; x_wconf 83' lang='lat' dir='ltr'><strong>causam</strong></span> <span class='ocrx_word' id='word_1_178' title='bbox 3256 888 3353 943; x_wconf 87' lang='lat' dir='ltr'><strong>Dei</strong></span> <span class='ocrx_word' id='word_1_179' title='bbox 3394 888 3582 945; x_wconf 83' lang='lat' dir='ltr'><strong>defen—</strong></span> 
     </span>
    </p>
   </div>
   <div class='ocr_carea' id='block_1_21' title="bbox 1988 976 3578 1047">
    <p class='ocr_par' dir='ltr' id='par_1_21' title="bbox 1988 976 3578 1047">
     <span class='ocr_line' id='line_1_21' title="bbox 1988 976 3578 1047; baseline 0.001 -14"><span class='ocrx_word' id='word_1_180' title='bbox 1988 977 2158 1043; x_wconf 90' lang='lat' dir='ltr'><strong>dunt;</strong></span> <span class='ocrx_word' id='word_1_181' title='bbox 2201 977 2290 1032; x_wconf 88' lang='lat' dir='ltr'><strong>isti</strong></span> <span class='ocrx_word' id='word_1_182' title='bbox 2316 976 2583 1031; x_wconf 81' lang='lat' dir='ltr'><strong>veraciter</strong></span> <span class='ocrx_word' id='word_1_183' title='bbox 2610 976 2952 1045; x_wconf 66' lang='lat' dir='ltr'><strong>prmdicando</strong></span> <span class='ocrx_word' id='word_1_184' title='bbox 2978 977 3072 1030; x_wconf 84' lang='lat' dir='ltr'><strong>Dei</strong></span> <span class='ocrx_word' id='word_1_185' title='bbox 3107 976 3382 1047; x_wconf 83' lang='lat' dir='ltr'><strong>adjutores</strong></span> <span class='ocrx_word' id='word_1_186' title='bbox 3406 987 3533 1034; x_wconf 89' lang='lat' dir='ltr'><strong>sunt</strong></span> <span class='ocrx_word' id='word_1_187' title='bbox 3563 997 3578 1034; x_wconf 89' lang='lat'><strong>:</strong></span> 
     </span>
    </p>
   </div>
   <div class='ocr_carea' id='block_1_22' title="bbox 1987 1065 3578 1137">
    <p class='ocr_par' dir='ltr' id='par_1_22' title="bbox 1987 1065 3578 1137">
     <span class='ocr_line' id='line_1_22' title="bbox 1987 1065 3578 1137; baseline 0 -14"><span class='ocrx_word' id='word_1_188' title='bbox 1987 1068 2065 1123; x_wconf 88' lang='lat' dir='ltr'><strong>illi</strong></span> <span class='ocrx_word' id='word_1_189' title='bbox 2103 1065 2432 1136; x_wconf 83' lang='lat' dir='ltr'><strong>increpando</strong></span> <span class='ocrx_word' id='word_1_190' title='bbox 2462 1065 2725 1121; x_wconf 83' lang='lat' dir='ltr'><strong>fallaciter</strong></span> <span class='ocrx_word' id='word_1_191' title='bbox 2760 1075 2977 1122; x_wconf 88' lang='lat' dir='ltr'><strong>sanctos</strong></span> <span class='ocrx_word' id='word_1_192' title='bbox 3020 1081 3120 1137; x_wconf 84' lang='lat' dir='ltr'><strong>pro</strong></span> <span class='ocrx_word' id='word_1_193' title='bbox 3160 1068 3269 1122; x_wconf 90' lang='lat' dir='ltr'><strong>Deo</strong></span> <span class='ocrx_word' id='word_1_194' title='bbox 3305 1076 3578 1136; x_wconf 66' lang='lat' dir='ltr'><strong>satagunt,</strong></span> 
     </span>
    </p>
   </div>
   <div class='ocr_carea' id='block_1_23' title="bbox 1984 1142 3583 1231">
    <p class='ocr_par' dir='ltr' id='par_1_23' title="bbox 1984 1142 3583 1231">
     <span class='ocr_line' id='line_1_23' title="bbox 1984 1142 3583 1231; baseline 0.001 -18"><span class='ocrx_word' id='word_1_195' title='bbox 1984 1160 2082 1213; x_wconf 82' lang='lat' dir='ltr'><strong>sed</strong></span> <span class='ocrx_word' id='word_1_196' title='bbox 2116 1158 2412 1230; x_wconf 76' lang='lat' dir='ltr'><strong>satagendo</strong></span> <span class='ocrx_word' id='word_1_197' title='bbox 2434 1155 2745 1223; x_wconf 77' lang='lat' dir='ltr'><strong>oli&#39;endunt;</strong></span> <span class='ocrx_word' id='word_1_198' title='bbox 2790 1157 2877 1212; x_wconf 89' lang='lat' dir='ltr'><strong>isti</strong></span> <span class='ocrx_word' id='word_1_199' title='bbox 2918 1172 3027 1212; x_wconf 90' lang='lat' dir='ltr'><strong>non</strong></span> <span class='ocrx_word' id='word_1_200' title='bbox 3059 1159 3227 1229; x_wconf 81' lang='lat' dir='ltr'><strong>ignoti</strong></span> <span class='ocrx_word' id='word_1_201' title='bbox 3255 1159 3351 1215; x_wconf 86' lang='lat' dir='ltr'><strong>sed</strong></span> <span class='ocrx_word' id='word_1_202' title='bbox 3377 1142 3583 1231; x_wconf 48' lang='lat' dir='ltr'><strong>ceg&#39;niti</strong></span> 
     </span>
    </p>
   </div>
   <div class='ocr_carea' id='block_1_24' title="bbox 1987 1250 3583 1323">
    <p class='ocr_par' dir='ltr' id='par_1_24' title="bbox 1987 1250 3583 1323">
     <span class='ocr_line' id='line_1_24' title="bbox 1987 1250 3583 1323; baseline 0.001 -14"><span class='ocrx_word' id='word_1_203' title='bbox 1987 1253 2056 1309; x_wconf 89' lang='lat' dir='ltr'><strong>de</strong></span> <span class='ocrx_word' id='word_1_204' title='bbox 2083 1252 2193 1307; x_wconf 88' lang='lat' dir='ltr'><strong>Deo</strong></span> <span class='ocrx_word' id='word_1_205' title='bbox 2235 1251 2527 1321; x_wconf 89' lang='lat' dir='ltr'><strong>loquuntur</strong></span> <span class='ocrx_word' id='word_1_206' title='bbox 2561 1268 2573 1304; x_wconf 90' lang='lat'>:</span> <span class='ocrx_word' id='word_1_207' title='bbox 2606 1250 2681 1305; x_wconf 89' lang='lat' dir='ltr'><strong>illi</strong></span> <span class='ocrx_word' id='word_1_208' title='bbox 2719 1251 2883 1306; x_wconf 89' lang='lat' dir='ltr'><strong>etiam</strong></span> <span class='ocrx_word' id='word_1_209' title='bbox 2927 1266 3054 1306; x_wconf 88' lang='lat' dir='ltr'><strong>vera</strong></span> <span class='ocrx_word' id='word_1_210' title='bbox 3095 1252 3375 1323; x_wconf 83' lang='lat' dir='ltr'><strong>loquentes</strong></span> <span class='ocrx_word' id='word_1_211' title='bbox 3403 1269 3433 1307; x_wconf 90' lang='lat' dir='ltr'><strong>a</strong></span> <span class='ocrx_word' id='word_1_212' title='bbox 3470 1253 3583 1310; x_wconf 87' lang='lat' dir='ltr'><strong>Deo</strong></span> 
     </span>
    </p>
   </div>
   <div class='ocr_carea' id='block_1_25' title="bbox 1986 1342 3583 1416">
    <p class='ocr_par' dir='ltr' id='par_1_25' title="bbox 1986 1342 3583 1416">
     <span class='ocr_line' id='line_1_25' title="bbox 1986 1342 3583 1416; baseline 0 -16"><span class='ocrx_word' id='word_1_213' title='bbox 1986 1345 2211 1401; x_wconf 86' lang='lat' dir='ltr'><strong>minime</strong></span> <span class='ocrx_word' id='word_1_214' title='bbox 2256 1352 2672 1416; x_wconf 80' lang='lat' dir='ltr'><strong>cognoscuntur,</strong></span> <span class='ocrx_word' id='word_1_215' title='bbox 2727 1342 2956 1400; x_wconf 91' lang='lat' dir='ltr'><strong>Domino</strong></span> <span class='ocrx_word' id='word_1_216' title='bbox 3003 1345 3070 1399; x_wconf 90' lang='lat' dir='ltr'><strong>de</strong></span> <span class='ocrx_word' id='word_1_217' title='bbox 3120 1343 3274 1400; x_wconf 83' lang='lat' dir='ltr'><strong>Heliu</strong></span> <span class='ocrx_word' id='word_1_218' title='bbox 3329 1345 3583 1414; x_wconf 81' lang='lat' dir='ltr'><strong>loquente</strong></span> 
     </span>
    </p>
   </div>
   <div class='ocr_carea' id='block_1_26' title="bbox 1988 1434 3582 1509">
    <p class='ocr_par' dir='ltr' id='par_1_26' title="bbox 1988 1434 3582 1509">
     <span class='ocr_line' id='line_1_26' title="bbox 1988 1434 3582 1509; baseline 0 -20"><span class='ocrx_word' id='word_1_219' title='bbox 1988 1435 2132 1509; x_wconf 81' lang='lat' dir='ltr'><strong>(Job.</strong></span> <span class='ocrx_word' id='word_1_220' title='bbox 2171 1435 2422 1507; x_wconf 81' lang='lat' dir='ltr'><strong>xxxvtn.)</strong></span> <span class='ocrx_word' id='word_1_221' title='bbox 2467 1434 2597 1500; x_wconf 82' lang='lat' dir='ltr'><strong>Quis</strong></span> <span class='ocrx_word' id='word_1_222' title='bbox 2641 1444 2716 1488; x_wconf 88' lang='lat' dir='ltr'><strong>est</strong></span> <span class='ocrx_word' id='word_1_223' title='bbox 2755 1435 2848 1489; x_wconf 88' lang='lat' dir='ltr'><strong>iste</strong></span> <span class='ocrx_word' id='word_1_224' title='bbox 2873 1434 3136 1489; x_wconf 88' lang='lat' dir='ltr'><strong>involvens</strong></span> <span class='ocrx_word' id='word_1_225' title='bbox 3164 1437 3446 1491; x_wconf 81' lang='lat' dir='ltr'><strong>sententias</strong></span> <span class='ocrx_word' id='word_1_226' title='bbox 3471 1453 3582 1491; x_wconf 60' lang='lat' dir='ltr'><strong>sera</strong></span> 
     </span>
    </p>
   </div>
   <div class='ocr_carea' id='block_1_27' title="bbox 1986 1525 3581 1597">
    <p class='ocr_par' dir='ltr' id='par_1_27' title="bbox 1986 1525 3581 1597">
     <span class='ocr_line' id='line_1_27' title="bbox 1986 1525 3581 1597; baseline 0 -16"><span class='ocrx_word' id='word_1_227' title='bbox 1986 1528 2224 1582; x_wconf 81' lang='lat' dir='ltr'><strong>monibus</strong></span> <span class='ocrx_word' id='word_1_228' title='bbox 2266 1527 2557 1597; x_wconf 84' lang='lat' dir='ltr'><strong>imperitis?</strong></span> <span class='ocrx_word' id='word_1_229' title='bbox 2593 1525 2731 1592; x_wconf 85' lang='lat' dir='ltr'><strong>Quid</strong></span> <span class='ocrx_word' id='word_1_230' title='bbox 2765 1535 2847 1580; x_wconf 92' lang='lat' dir='ltr'><strong>est</strong></span> <span class='ocrx_word' id='word_1_231' title='bbox 2893 1527 3036 1597; x_wconf 90' lang='lat' dir='ltr'><strong>quod</strong></span> <span class='ocrx_word' id='word_1_232' title='bbox 3081 1526 3337 1581; x_wconf 88' lang='lat' dir='ltr'><strong>Dominus</strong></span> <span class='ocrx_word' id='word_1_233' title='bbox 3375 1527 3443 1581; x_wconf 91' lang='lat' dir='ltr'><strong>de</strong></span> <span class='ocrx_word' id='word_1_234' title='bbox 3487 1526 3581 1582; x_wconf 87' lang='lat' dir='ltr'><strong>illo</strong></span> 
     </span>
    </p>
   </div>
   <div class='ocr_carea' id='block_1_28' title="bbox 1986 1616 3581 1689">
    <p class='ocr_par' dir='ltr' id='par_1_28' title="bbox 1986 1616 3581 1689">
     <span class='ocr_line' id='line_1_28' title="bbox 1986 1616 3581 1689; baseline 0.001 -18"><span class='ocrx_word' id='word_1_235' title='bbox 1986 1617 2283 1689; x_wconf 81' lang='lat' dir='ltr'><strong>interrogat</strong></span> <span class='ocrx_word' id='word_1_236' title='bbox 2319 1617 2543 1672; x_wconf 88' lang='lat' dir='ltr'><strong>dicens:</strong></span> <span class='ocrx_word' id='word_1_237' title='bbox 2580 1617 2708 1683; x_wconf 82' lang='lat' dir='ltr'><strong>Quis</strong></span> <span class='ocrx_word' id='word_1_238' title='bbox 2740 1626 2813 1670; x_wconf 88' lang='lat' dir='ltr'><strong>est</strong></span> <span class='ocrx_word' id='word_1_239' title='bbox 2843 1617 2939 1671; x_wconf 86' lang='lat' dir='ltr'><strong>iste</strong></span> <span class='ocrx_word' id='word_1_240' title='bbox 2975 1616 3237 1671; x_wconf 79' lang='lat' dir='ltr'><strong>involvens</strong></span> <span class='ocrx_word' id='word_1_241' title='bbox 3262 1616 3581 1672; x_wconf 80' lang='lat' dir='ltr'><strong>sententias?</strong></span> 
     </span>
    </p>
   </div>
   <div class='ocr_carea' id='block_1_29' title="bbox 1986 1705 3580 1779">
    <p class='ocr_par' dir='ltr' id='par_1_29' title="bbox 1986 1705 3580 1779">
     <span class='ocr_line' id='line_1_29' title="bbox 1986 1705 3580 1779; baseline 0 -17"><span class='ocrx_word' id='word_1_242' title='bbox 1986 1715 2043 1762; x_wconf 91' lang='lat' dir='ltr'><strong>et</strong></span> <span class='ocrx_word' id='word_1_243' title='bbox 2076 1717 2254 1762; x_wconf 86' lang='lat' dir='ltr'><strong>tamen</strong></span> <span class='ocrx_word' id='word_1_244' title='bbox 2286 1707 2667 1777; x_wconf 83' lang='lat' dir='ltr'><strong>interrogando</strong></span> <span class='ocrx_word' id='word_1_245' title='bbox 2707 1707 2962 1778; x_wconf 88' lang='lat' dir='ltr'><strong>reprobat</strong></span> <span class='ocrx_word' id='word_1_246' title='bbox 3001 1705 3349 1779; x_wconf 84' lang='lat' dir='ltr'><strong>subjungens,</strong></span> <span class='ocrx_word' id='word_1_247' title='bbox 3380 1726 3580 1763; x_wconf 88' lang='lat' dir='ltr'><strong>sermo-</strong></span> 
     </span>
    </p>
   </div>
   <div class='ocr_carea' id='block_1_30' title="bbox 1987 1801 3579 1872">
    <p class='ocr_par' dir='ltr' id='par_1_30' title="bbox 1987 1801 3579 1872">
     <span class='ocr_line' id='line_1_30' title="bbox 1987 1801 3579 1872; baseline 0.001 -18"><span class='ocrx_word' id='word_1_248' title='bbox 1987 1801 2173 1867; x_wconf 83' lang='lat' dir='ltr'><strong>nibus,</strong></span> <span class='ocrx_word' id='word_1_249' title='bbox 2222 1802 2429 1871; x_wconf 87' lang='lat' dir='ltr'><strong>inquit,</strong></span> <span class='ocrx_word' id='word_1_250' title='bbox 2474 1802 2767 1872; x_wconf 81' lang='lat' dir='ltr'><strong>imperitis?</strong></span> <span class='ocrx_word' id='word_1_251' title='bbox 2807 1802 2898 1858; x_wconf 84' lang='lat' dir='ltr'><strong>Ille</strong></span> <span class='ocrx_word' id='word_1_252' title='bbox 2926 1816 3057 1858; x_wconf 88' lang='lat' dir='ltr'><strong>vero</strong></span> <span class='ocrx_word' id='word_1_253' title='bbox 3096 1802 3392 1858; x_wconf 84' lang='lat' dir='ltr'><strong>sententias</strong></span> <span class='ocrx_word' id='word_1_254' title='bbox 3418 1816 3579 1856; x_wconf 87' lang='lat' dir='ltr'><strong>veras</strong></span> 
     </span>
    </p>
   </div>
   <div class='ocr_carea' id='block_1_31' title="bbox 288 1886 3579 1963">
    <p class='ocr_par' dir='ltr' id='par_1_31' title="bbox 288 1886 3579 1963">
     <span class='ocr_line' id='line_1_31' title="bbox 288 1886 3579 1963; baseline 0 -18"><span class='ocrx_word' id='word_1_255' title='bbox 288 1893 675 1946; x_wconf 80' lang='lat' dir='ltr'><strong>incrementum</strong></span> <span class='ocrx_word' id='word_1_256' title='bbox 723 1888 816 1943; x_wconf 86' lang='lat' dir='ltr'><strong>dat</strong></span> <span class='ocrx_word' id='word_1_257' title='bbox 868 1887 1032 1942; x_wconf 77' lang='lat' dir='ltr'><strong>Deus.</strong></span> <span class='ocrx_word' id='word_1_258' title='bbox 1075 1886 1333 1943; x_wconf 74' lang='lat' dir='ltr'><strong>Plantam</strong></span> <span class='ocrx_word' id='word_1_259' title='bbox 1379 1887 1577 1956; x_wconf 81' lang='lat' dir='ltr'><strong>quippe</strong></span> <span class='ocrx_word' id='word_1_260' title='bbox 1611 1893 1667 1941; x_wconf 83' lang='lat' dir='ltr'><strong>et</strong></span> <span class='ocrx_word' id='word_1_261' title='bbox 1708 1886 1884 1956; x_wconf 79' lang='lat' dir='ltr'><strong>rigare</strong></span> <span class='ocrx_word' id='word_1_262' title='bbox 1915 1886 1960 1945; x_wconf 81' lang='grc' dir='ltr'><strong>Β</strong></span> <span class='ocrx_word' id='word_1_263' title='bbox 1987 1893 2231 1959; x_wconf 84' lang='lat' dir='ltr'><strong>dicebat,</strong></span> <span class='ocrx_word' id='word_1_264' title='bbox 2274 1894 2369 1949; x_wconf 86' lang='lat' dir='ltr'><strong>sed</strong></span> <span class='ocrx_word' id='word_1_265' title='bbox 2408 1908 2501 1949; x_wconf 88' lang='lat' dir='ltr'><strong>eas</strong></span> <span class='ocrx_word' id='word_1_266' title='bbox 2544 1894 2885 1950; x_wconf 89' lang='lat' dir='ltr'><strong>sermonibus</strong></span> <span class='ocrx_word' id='word_1_267' title='bbox 2930 1894 3193 1963; x_wconf 82' lang='lat' dir='ltr'><strong>imperitis</strong></span> <span class='ocrx_word' id='word_1_268' title='bbox 3238 1891 3579 1957; x_wconf 76' lang='lat' dir='ltr'><strong>involvebat,</strong></span> 
     </span>
    </p>
   </div>
   <div class='ocr_carea' id='block_1_32' title="bbox 280 1974 1887 2052">
    <p class='ocr_par' dir='ltr' id='par_1_32' title="bbox 280 1974 1887 2052">
     <span class='ocr_line' id='line_1_32' title="bbox 280 1974 1887 2052; baseline -0.006 -16"><span class='ocrx_word' id='word_1_269' title='bbox 280 1981 557 2052; x_wconf 75' lang='lat' dir='ltr'><strong>adjuvare</strong></span> <span class='ocrx_word' id='word_1_270' title='bbox 584 1988 691 2045; x_wconf 90' lang='lat' dir='ltr'><strong>est,</strong></span> <span class='ocrx_word' id='word_1_271' title='bbox 733 1977 877 2048; x_wconf 90' lang='lat' dir='ltr'><strong>quod</strong></span> <span class='ocrx_word' id='word_1_272' title='bbox 918 1984 1207 2047; x_wconf 90' lang='lat' dir='ltr'><strong>utrumque</strong></span> <span class='ocrx_word' id='word_1_273' title='bbox 1237 1991 1465 2030; x_wconf 87' lang='lat' dir='ltr'><strong>vacuum</strong></span> <span class='ocrx_word' id='word_1_274' title='bbox 1500 1975 1606 2030; x_wconf 88' lang='lat' dir='ltr'><strong>erit</strong></span> <span class='ocrx_word' id='word_1_275' title='bbox 1644 1974 1887 2029; x_wconf 80' lang='lat' dir='ltr'><strong>ministe-</strong></span> 
     </span>
    </p>
   </div>
   <div class='ocr_carea' id='block_1_33' title="bbox 282 2063 1887 2125">
    <p class='ocr_par' dir='ltr' id='par_1_33' title="bbox 282 2063 1887 2125">
     <span class='ocr_line' id='line_1_33' title="bbox 282 2063 1887 2125; baseline -0.004 0"><span class='ocrx_word' id='word_1_276' title='bbox 282 2070 438 2125; x_wconf 76' lang='lat' dir='ltr'><strong>rium</strong></span> <span class='ocrx_word' id='word_1_277' title='bbox 477 2070 525 2125; x_wconf 90' lang='lat' dir='ltr'><strong>si</strong></span> <span class='ocrx_word' id='word_1_278' title='bbox 566 2070 623 2124; x_wconf 90' lang='lat' dir='ltr'><strong>in</strong></span> <span class='ocrx_word' id='word_1_279' title='bbox 653 2069 817 2124; x_wconf 90' lang='lat' dir='ltr'><strong>corde</strong></span> <span class='ocrx_word' id='word_1_280' title='bbox 857 2066 1001 2123; x_wconf 90' lang='lat' dir='ltr'><strong>Deus</strong></span> <span class='ocrx_word' id='word_1_281' title='bbox 1037 2081 1145 2122; x_wconf 90' lang='lat' dir='ltr'><strong>non</strong></span> <span class='ocrx_word' id='word_1_282' title='bbox 1179 2066 1274 2121; x_wconf 89' lang='lat' dir='ltr'><strong>dat</strong></span> <span class='ocrx_word' id='word_1_283' title='bbox 1318 2067 1731 2121; x_wconf 87' lang='lat' dir='ltr'><strong>incrementum.</strong></span> <span class='ocrx_word' id='word_1_284' title='bbox 1779 2063 1887 2119; x_wconf 89' lang='lat' dir='ltr'><strong>Sed</strong></span> 
     </span>
    </p>
   </div>
   <div class='ocr_carea' id='block_1_34' title="bbox 290 2153 1883 2232">
    <p class='ocr_par' dir='ltr' id='par_1_34' title="bbox 290 2153 1883 2232">
     <span class='ocr_line' id='line_1_34' title="bbox 290 2153 1883 2232; baseline -0.005 -16"><span class='ocrx_word' id='word_1_285' title='bbox 290 2162 390 2232; x_wconf 88' lang='lat' dir='ltr'><strong>qui</strong></span> <span class='ocrx_word' id='word_1_286' title='bbox 419 2161 488 2216; x_wconf 89' lang='lat' dir='ltr'><strong>de</strong></span> <span class='ocrx_word' id='word_1_287' title='bbox 512 2174 675 2217; x_wconf 89' lang='lat' dir='ltr'><strong>sensu</strong></span> <span class='ocrx_word' id='word_1_288' title='bbox 699 2173 799 2213; x_wconf 89' lang='lat' dir='ltr'><strong>suo</strong></span> <span class='ocrx_word' id='word_1_289' title='bbox 819 2156 931 2213; x_wconf 90' lang='lat' dir='ltr'><strong>alta</strong></span> <span class='ocrx_word' id='word_1_290' title='bbox 954 2156 1192 2226; x_wconf 90' lang='lat' dir='ltr'><strong>sapiunt,</strong></span> <span class='ocrx_word' id='word_1_291' title='bbox 1218 2171 1340 2211; x_wconf 87' lang='lat' dir='ltr'><strong>esse</strong></span> <span class='ocrx_word' id='word_1_292' title='bbox 1367 2154 1644 2210; x_wconf 87' lang='lat' dir='ltr'><strong>humiliter</strong></span> <span class='ocrx_word' id='word_1_293' title='bbox 1666 2153 1760 2208; x_wconf 90' lang='lat' dir='ltr'><strong>Dei</strong></span> <span class='ocrx_word' id='word_1_294' title='bbox 1788 2154 1883 2209; x_wconf 91' lang='lat' dir='ltr'><strong>ad-</strong></span> 
     </span>
    </p>
   </div>
   <div class='ocr_carea' id='block_1_35' title="bbox 286 2242 1887 2319">
    <p class='ocr_par' dir='ltr' id='par_1_35' title="bbox 286 2242 1887 2319">
     <span class='ocr_line' id='line_1_35' title="bbox 286 2242 1887 2319; baseline -0.005 -14"><span class='ocrx_word' id='word_1_295' title='bbox 286 2251 504 2319; x_wconf 77' lang='lat' dir='ltr'><strong>jutores</strong></span> <span class='ocrx_word' id='word_1_296' title='bbox 544 2247 750 2311; x_wconf 89' lang='lat' dir='ltr'><strong>nolunt,</strong></span> <span class='ocrx_word' id='word_1_297' title='bbox 783 2246 910 2317; x_wconf 85' lang='lat' dir='ltr'><strong>quia</strong></span> <span class='ocrx_word' id='word_1_298' title='bbox 953 2245 1081 2302; x_wconf 91' lang='lat' dir='ltr'><strong>dum</strong></span> <span class='ocrx_word' id='word_1_299' title='bbox 1124 2259 1183 2301; x_wconf 90' lang='lat' dir='ltr'><strong>se</strong></span> <span class='ocrx_word' id='word_1_300' title='bbox 1222 2260 1344 2301; x_wconf 89' lang='lat' dir='ltr'><strong>esse</strong></span> <span class='ocrx_word' id='word_1_301' title='bbox 1389 2244 1548 2299; x_wconf 91' lang='lat' dir='ltr'><strong>utiles</strong></span> <span class='ocrx_word' id='word_1_302' title='bbox 1586 2244 1697 2297; x_wconf 88' lang='lat' dir='ltr'><strong>Deo</strong></span> <span class='ocrx_word' id='word_1_303' title='bbox 1742 2242 1887 2298; x_wconf 66' lang='lat' dir='ltr'><strong>testi-</strong></span> 
     </span>
    </p>
   </div>
   <div class='ocr_carea' id='block_1_36' title="bbox 284 2334 1886 2409">
    <p class='ocr_par' dir='ltr' id='par_1_36' title="bbox 284 2334 1886 2409">
     <span class='ocr_line' id='line_1_36' title="bbox 284 2334 1886 2409; baseline -0.005 -12"><span class='ocrx_word' id='word_1_304' title='bbox 284 2350 470 2409; x_wconf 79' lang='lat' dir='ltr'><strong>maut,</strong></span> <span class='ocrx_word' id='word_1_305' title='bbox 498 2357 533 2396; x_wconf 88' lang='lat' dir='ltr'><strong>a</strong></span> <span class='ocrx_word' id='word_1_306' title='bbox 562 2340 738 2396; x_wconf 90' lang='lat' dir='ltr'><strong>fructu</strong></span> <span class='ocrx_word' id='word_1_307' title='bbox 770 2353 829 2395; x_wconf 91' lang='lat' dir='ltr'><strong>se</strong></span> <span class='ocrx_word' id='word_1_308' title='bbox 854 2338 1104 2394; x_wconf 88' lang='lat' dir='ltr'><strong>utilitatis</strong></span> <span class='ocrx_word' id='word_1_309' title='bbox 1124 2338 1381 2392; x_wconf 88' lang='lat' dir='ltr'><strong>alienant.</strong></span> <span class='ocrx_word' id='word_1_310' title='bbox 1415 2335 1568 2391; x_wconf 86' lang='lat' dir='ltr'><strong>Unde</strong></span> <span class='ocrx_word' id='word_1_311' title='bbox 1595 2344 1651 2391; x_wconf 91' lang='lat' dir='ltr'><strong>et</strong></span> <span class='ocrx_word' id='word_1_312' title='bbox 1677 2334 1886 2391; x_wconf 85' lang='lat' dir='ltr'><strong>Verita—</strong></span> 
     </span>
    </p>
   </div>
   <div class='ocr_carea' id='block_1_37' title="bbox 286 2427 1886 2503">
    <p class='ocr_par' dir='ltr' id='par_1_37' title="bbox 286 2427 1886 2503">
     <span class='ocr_line' id='line_1_37' title="bbox 286 2427 1886 2503; baseline -0.005 -13"><span class='ocrx_word' id='word_1_313' title='bbox 286 2435 369 2490; x_wconf 71' lang='lat' dir='ltr'><strong>tis</strong></span> <span class='ocrx_word' id='word_1_314' title='bbox 395 2448 530 2489; x_wconf 84' lang='lat' dir='ltr'><strong>voce</strong></span> <span class='ocrx_word' id='word_1_315' title='bbox 554 2431 829 2503; x_wconf 83' lang='lat' dir='ltr'><strong>discipulis</strong></span> <span class='ocrx_word' id='word_1_316' title='bbox 862 2430 1063 2486; x_wconf 86' lang='lat' dir='ltr'><strong>dicitur</strong></span> <span class='ocrx_word' id='word_1_317' title='bbox 1087 2444 1103 2484; x_wconf 86' lang='lat'><strong>:</strong></span> <span class='ocrx_word' id='word_1_318' title='bbox 1142 2428 1274 2484; x_wconf 88' lang='lat' dir='ltr'><strong>Cum</strong></span> <span class='ocrx_word' id='word_1_319' title='bbox 1309 2429 1541 2499; x_wconf 77' lang='lat' dir='ltr'><strong>feceritis</strong></span> <span class='ocrx_word' id='word_1_320' title='bbox 1568 2427 1742 2482; x_wconf 76' lang='lat' dir='ltr'><strong>omnia</strong></span> <span class='ocrx_word' id='word_1_321' title='bbox 1768 2444 1886 2498; x_wconf 65' lang='lat' dir='ltr'><strong>quae</strong></span> 
     </span>
    </p>
   </div>
   <div class='ocr_carea' id='block_1_38' title="bbox 292 2517 1885 2599">
    <p class='ocr_par' dir='ltr' id='par_1_38' title="bbox 292 2517 1885 2599">
     <span class='ocr_line' id='line_1_38' title="bbox 292 2517 1885 2599; baseline -0.006 -17"><span class='ocrx_word' id='word_1_322' title='bbox 292 2536 556 2599; x_wconf 73' lang='lat' dir='ltr'><strong>prccepta</strong></span> <span class='ocrx_word' id='word_1_323' title='bbox 577 2534 698 2580; x_wconf 87' lang='lat' dir='ltr'><strong>sunt</strong></span> <span class='ocrx_word' id='word_1_324' title='bbox 718 2524 881 2589; x_wconf 86' lang='lat' dir='ltr'><strong>vobis,</strong></span> <span class='ocrx_word' id='word_1_325' title='bbox 901 2522 1059 2576; x_wconf 84' lang='lat' dir='ltr'><strong>dicite</strong></span> <span class='ocrx_word' id='word_1_326' title='bbox 1080 2536 1100 2575; x_wconf 90' lang='lat'><strong><em>:</em></strong></span> <span class='ocrx_word' id='word_1_327' title='bbox 1124 2519 1269 2576; x_wconf 81' lang='lat' dir='ltr'><strong>Servi</strong></span> <span class='ocrx_word' id='word_1_328' title='bbox 1289 2518 1498 2573; x_wconf 88' lang='lat' dir='ltr'><strong>inutiles</strong></span> <span class='ocrx_word' id='word_1_329' title='bbox 1522 2535 1726 2585; x_wconf 87' lang='lat' dir='ltr'><strong>sumus,</strong></span> <span class='ocrx_word' id='word_1_330' title='bbox 1747 2517 1885 2589; x_wconf 83' lang='lat' dir='ltr'><strong>quod</strong></span> 
     </span>
    </p>
   </div>
   <div class='ocr_carea' id='block_1_39' title="bbox 288 2609 1886 2685">
    <p class='ocr_par' dir='ltr' id='par_1_39' title="bbox 288 2609 1886 2685">
     <span class='ocr_line' id='line_1_39' title="bbox 288 2609 1886 2685; baseline -0.006 -12"><span class='ocrx_word' id='word_1_331' title='bbox 288 2617 574 2672; x_wconf 74' lang='lat' dir='ltr'><strong>debuimus</strong></span> <span class='ocrx_word' id='word_1_332' title='bbox 602 2615 773 2685; x_wconf 81' lang='lat' dir='ltr'><strong>facere</strong></span> <span class='ocrx_word' id='word_1_333' title='bbox 800 2614 1019 2684; x_wconf 66' lang='lat' dir='ltr'><strong>fecimus</strong></span> <span class='ocrx_word' id='word_1_334' title='bbox 1048 2610 1199 2683; x_wconf 88' lang='lat' dir='ltr'><strong>(Luc.</strong></span> <span class='ocrx_word' id='word_1_335' title='bbox 1224 2611 1382 2683; x_wconf 79' lang='lat' dir='ltr'><strong>xvu).</strong></span> <span class='ocrx_word' id='word_1_336' title='bbox 1410 2609 1513 2676; x_wconf 81' lang='lat' dir='ltr'><strong>Qui</strong></span> <span class='ocrx_word' id='word_1_337' title='bbox 1534 2620 1709 2665; x_wconf 89' lang='lat' dir='ltr'><strong>autem</strong></span> <span class='ocrx_word' id='word_1_338' title='bbox 1735 2609 1886 2681; x_wconf 84' lang='lat' dir='ltr'><strong>plau-</strong></span> 
     </span>
    </p>
   </div>
   <div class='ocr_carea' id='block_1_40' title="bbox 290 2701 1886 2777">
    <p class='ocr_par' dir='ltr' id='par_1_40' title="bbox 290 2701 1886 2777">
     <span class='ocr_line' id='line_1_40' title="bbox 290 2701 1886 2777; baseline -0.004 -16"><span class='ocrx_word' id='word_1_339' title='bbox 290 2717 379 2763; x_wconf 86' lang='lat' dir='ltr'><strong>tat</strong></span> <span class='ocrx_word' id='word_1_340' title='bbox 409 2716 457 2761; x_wconf 88' lang='lat' dir='ltr'><strong>et</strong></span> <span class='ocrx_word' id='word_1_341' title='bbox 482 2708 572 2777; x_wconf 85' lang='lat' dir='ltr'><strong>qui</strong></span> <span class='ocrx_word' id='word_1_342' title='bbox 602 2707 735 2776; x_wconf 82' lang='lat' dir='ltr'><strong>rigat</strong></span> <span class='ocrx_word' id='word_1_343' title='bbox 762 2719 927 2758; x_wconf 87' lang='lat' dir='ltr'><strong>unum</strong></span> <span class='ocrx_word' id='word_1_344' title='bbox 954 2712 1095 2757; x_wconf 86' lang='lat' dir='ltr'><strong>sunt.</strong></span> <span class='ocrx_word' id='word_1_345' title='bbox 1130 2701 1314 2775; x_wconf 76' lang='lat' dir='ltr'><strong>(Aug.)</strong></span> <span class='ocrx_word' id='word_1_346' title='bbox 1352 2701 1529 2757; x_wconf 90' lang='lat' dir='ltr'><strong>Unum</strong></span> <span class='ocrx_word' id='word_1_347' title='bbox 1565 2710 1721 2765; x_wconf 89' lang='lat' dir='ltr'><strong>sunt,</strong></span> <span class='ocrx_word' id='word_1_348' title='bbox 1760 2701 1886 2769; x_wconf 81' lang='lat' dir='ltr'><strong>quia</strong></span> 
     </span>
    </p>
   </div>
   <div class='ocr_carea' id='block_1_41' title="bbox 290 2791 1887 2864">
    <p class='ocr_par' dir='ltr' id='par_1_41' title="bbox 290 2791 1887 2864">
     <span class='ocr_line' id='line_1_41' title="bbox 290 2791 1887 2864; baseline -0.006 -10"><span class='ocrx_word' id='word_1_349' title='bbox 290 2801 466 2856; x_wconf 80' lang='lat' dir='ltr'><strong>ambo</strong></span> <span class='ocrx_word' id='word_1_350' title='bbox 491 2796 806 2855; x_wconf 85' lang='lat' dir='ltr'><strong>mercenarii</strong></span> <span class='ocrx_word' id='word_1_351' title='bbox 834 2803 979 2861; x_wconf 87' lang='lat' dir='ltr'><strong>sunt,</strong></span> <span class='ocrx_word' id='word_1_352' title='bbox 1015 2793 1263 2864; x_wconf 83' lang='lat' dir='ltr'><strong>quamvis</strong></span> <span class='ocrx_word' id='word_1_353' title='bbox 1289 2792 1501 2848; x_wconf 85' lang='lat' dir='ltr'><strong>diversa</strong></span> <span class='ocrx_word' id='word_1_354' title='bbox 1527 2792 1636 2846; x_wconf 91' lang='lat' dir='ltr'><strong>sint</strong></span> <span class='ocrx_word' id='word_1_355' title='bbox 1674 2791 1887 2846; x_wconf 89' lang='lat' dir='ltr'><strong>illorum</strong></span> 
     </span>
    </p>
   </div>
   <div class='ocr_carea' id='block_1_42' title="bbox 292 2882 1888 2952">
    <p class='ocr_par' dir='ltr' id='par_1_42' title="bbox 292 2882 1888 2952">
     <span class='ocr_line' id='line_1_42' title="bbox 292 2882 1888 2952; baseline -0.008 -4"><span class='ocrx_word' id='word_1_356' title='bbox 292 2892 498 2948; x_wconf 80' lang='lat' dir='ltr'><strong>oﬂicia.</strong></span> <span class='ocrx_word' id='word_1_357' title='bbox 548 2889 742 2945; x_wconf 85' lang='lat' dir='ltr'><strong>Nescio</strong></span> <span class='ocrx_word' id='word_1_358' title='bbox 794 2896 976 2943; x_wconf 88' lang='lat' dir='ltr'><strong>utrum</strong></span> <span class='ocrx_word' id='word_1_359' title='bbox 1028 2884 1332 2940; x_wconf 87' lang='lat' dir='ltr'><strong>inveniatur</strong></span> <span class='ocrx_word' id='word_1_360' title='bbox 1382 2883 1434 2937; x_wconf 91' lang='lat' dir='ltr'><strong>in</strong></span> <span class='ocrx_word' id='word_1_361' title='bbox 1468 2882 1762 2952; x_wconf 89' lang='lat' dir='ltr'><strong>Scripturis</strong></span> <span class='ocrx_word' id='word_1_362' title='bbox 1809 2882 1888 2937; x_wconf 88' lang='lat' dir='ltr'><strong>di-</strong></span> 
     </span>
    </p>
   </div>
   <div class='ocr_carea' id='block_1_43' title="bbox 280 2972 1886 3049">
    <p class='ocr_par' dir='ltr' id='par_1_43' title="bbox 280 2972 1886 3049">
     <span class='ocr_line' id='line_1_43' title="bbox 280 2972 1886 3049; baseline -0.009 -8"><span class='ocrx_word' id='word_1_363' title='bbox 280 2992 480 3049; x_wconf 77' lang='lat' dir='ltr'><strong>ctum,</strong></span> <span class='ocrx_word' id='word_1_364' title='bbox 525 2998 690 3037; x_wconf 76' lang='lat' dir='ltr'><strong>unum</strong></span> <span class='ocrx_word' id='word_1_365' title='bbox 734 2988 876 3045; x_wconf 87' lang='lat' dir='ltr'><strong>sunt,</strong></span> <span class='ocrx_word' id='word_1_366' title='bbox 907 2992 1135 3048; x_wconf 87' lang='lat' dir='ltr'><strong>quorum</strong></span> <span class='ocrx_word' id='word_1_367' title='bbox 1179 2984 1265 3032; x_wconf 91' lang='lat' dir='ltr'><strong>est</strong></span> <span class='ocrx_word' id='word_1_368' title='bbox 1313 2975 1527 3030; x_wconf 78' lang='lat' dir='ltr'><strong>diversa</strong></span> <span class='ocrx_word' id='word_1_369' title='bbox 1568 2982 1783 3028; x_wconf 89' lang='lat' dir='ltr'><strong>natura.</strong></span> <span class='ocrx_word' id='word_1_370' title='bbox 1829 2972 1886 3028; x_wconf 90' lang='lat' dir='ltr'><strong>Si</strong></span> 
     </span>
    </p>
   </div>
   <div class='ocr_carea' id='block_1_44' title="bbox 291 3064 1887 3140">
    <p class='ocr_par' dir='ltr' id='par_1_44' title="bbox 291 3064 1887 3140">
     <span class='ocr_line' id='line_1_44' title="bbox 291 3064 1887 3140; baseline -0.006 -12"><span class='ocrx_word' id='word_1_371' title='bbox 291 3081 479 3129; x_wconf 81' lang='lat' dir='ltr'><strong>autem</strong></span> <span class='ocrx_word' id='word_1_372' title='bbox 508 3080 566 3128; x_wconf 88' lang='lat' dir='ltr'><strong>et</strong></span> <span class='ocrx_word' id='word_1_373' title='bbox 603 3071 711 3127; x_wconf 85' lang='lat' dir='ltr'><strong>alia</strong></span> <span class='ocrx_word' id='word_1_374' title='bbox 743 3069 899 3140; x_wconf 89' lang='lat' dir='ltr'><strong>plura</strong></span> <span class='ocrx_word' id='word_1_375' title='bbox 926 3066 1165 3137; x_wconf 86' lang='lat' dir='ltr'><strong>ejusdem</strong></span> <span class='ocrx_word' id='word_1_376' title='bbox 1193 3073 1399 3121; x_wconf 82' lang='lat' dir='ltr'><strong>naturae</strong></span> <span class='ocrx_word' id='word_1_377' title='bbox 1428 3065 1555 3130; x_wconf 88' lang='lat' dir='ltr'><strong>sint,</strong></span> <span class='ocrx_word' id='word_1_378' title='bbox 1585 3072 1640 3119; x_wconf 92' lang='lat' dir='ltr'><strong>et</strong></span> <span class='ocrx_word' id='word_1_379' title='bbox 1676 3064 1887 3118; x_wconf 86' lang='lat' dir='ltr'><strong>diversa</strong></span> 
     </span>
    </p>
   </div>
   <div class='ocr_carea' id='block_1_45' title="bbox 286 3156 1887 3228">
    <p class='ocr_par' dir='ltr' id='par_1_45' title="bbox 286 3156 1887 3228">
     <span class='ocr_line' id='line_1_45' title="bbox 286 3156 1887 3228; baseline -0.008 -7"><span class='ocrx_word' id='word_1_380' title='bbox 286 3165 555 3228; x_wconf 79' lang='lat' dir='ltr'><strong>sentiant,</strong></span> <span class='ocrx_word' id='word_1_381' title='bbox 587 3178 697 3221; x_wconf 89' lang='lat' dir='ltr'><strong>non</strong></span> <span class='ocrx_word' id='word_1_382' title='bbox 731 3168 861 3217; x_wconf 89' lang='lat' dir='ltr'><strong>sunt</strong></span> <span class='ocrx_word' id='word_1_383' title='bbox 902 3175 1092 3225; x_wconf 88' lang='lat' dir='ltr'><strong>unum,</strong></span> <span class='ocrx_word' id='word_1_384' title='bbox 1138 3158 1193 3212; x_wconf 91' lang='lat' dir='ltr'><strong>in</strong></span> <span class='ocrx_word' id='word_1_385' title='bbox 1235 3165 1496 3227; x_wconf 90' lang='lat' dir='ltr'><strong>quantum</strong></span> <span class='ocrx_word' id='word_1_386' title='bbox 1526 3156 1736 3210; x_wconf 89' lang='lat' dir='ltr'><strong>diversa</strong></span> <span class='ocrx_word' id='word_1_387' title='bbox 1765 3170 1887 3209; x_wconf 81' lang='lat' dir='ltr'><strong>sen-</strong></span> 
     </span>
    </p>
   </div>
   <div class='ocr_carea' id='block_1_46' title="bbox 1989 1984 3578 2056">
    <p class='ocr_par' dir='ltr' id='par_1_46' title="bbox 1989 1984 3578 2056">
     <span class='ocr_line' id='line_1_46' title="bbox 1989 1984 3578 2056; baseline -0.001 -16"><span class='ocrx_word' id='word_1_388' title='bbox 1989 1986 2111 2055; x_wconf 85' lang='lat' dir='ltr'><strong>quia</strong></span> <span class='ocrx_word' id='word_1_389' title='bbox 2145 1986 2287 2042; x_wconf 86' lang='lat' dir='ltr'><strong>dicta</strong></span> <span class='ocrx_word' id='word_1_390' title='bbox 2330 1985 2566 2056; x_wconf 87' lang='lat' dir='ltr'><strong>Spiritus</strong></span> <span class='ocrx_word' id='word_1_391' title='bbox 2593 1987 2764 2043; x_wconf 90' lang='lat' dir='ltr'><strong>sancti</strong></span> <span class='ocrx_word' id='word_1_392' title='bbox 2795 1987 2861 2042; x_wconf 87' lang='lat' dir='ltr'><strong>de</strong></span> <span class='ocrx_word' id='word_1_393' title='bbox 2898 1986 3141 2056; x_wconf 87' lang='lat' dir='ltr'><strong>reprobis</strong></span> <span class='ocrx_word' id='word_1_394' title='bbox 3177 1986 3231 2039; x_wconf 92' lang='lat' dir='ltr'><strong>in</strong></span> <span class='ocrx_word' id='word_1_395' title='bbox 3268 1984 3370 2039; x_wconf 81' lang='lat' dir='ltr'><strong>Job</strong></span> <span class='ocrx_word' id='word_1_396' title='bbox 3400 1992 3578 2040; x_wconf 82' lang='lat' dir='ltr'><strong>retor-</strong></span> 
     </span>
    </p>
   </div>
   <div class='ocr_carea' id='block_1_47' title="bbox 1986 2076 3581 2147">
    <p class='ocr_par' dir='ltr' id='par_1_47' title="bbox 1986 2076 3581 2147">
     <span class='ocr_line' id='line_1_47' title="bbox 1986 2076 3581 2147; baseline 0.001 -17"><span class='ocrx_word' id='word_1_397' title='bbox 1986 2076 2205 2147; x_wconf 89' lang='lat' dir='ltr'><strong>quebat,</strong></span> <span class='ocrx_word' id='word_1_398' title='bbox 2252 2077 2320 2131; x_wconf 87' lang='lat' dir='ltr'><strong>de</strong></span> <span class='ocrx_word' id='word_1_399' title='bbox 2364 2092 2493 2146; x_wconf 91' lang='lat' dir='ltr'><strong>quo,</strong></span> <span class='ocrx_word' id='word_1_400' title='bbox 2538 2079 2664 2147; x_wconf 86' lang='lat' dir='ltr'><strong>quia</strong></span> <span class='ocrx_word' id='word_1_401' title='bbox 2708 2079 2825 2133; x_wconf 89' lang='lat' dir='ltr'><strong>sine</strong></span> <span class='ocrx_word' id='word_1_402' title='bbox 2869 2077 3087 2147; x_wconf 87' lang='lat' dir='ltr'><strong>querela</strong></span> <span class='ocrx_word' id='word_1_403' title='bbox 3132 2085 3271 2143; x_wconf 89' lang='lat' dir='ltr'><strong>erat,</strong></span> <span class='ocrx_word' id='word_1_404' title='bbox 3322 2076 3581 2132; x_wconf 85' lang='lat' dir='ltr'><strong>Dominus</strong></span> 
     </span>
    </p>
   </div>
   <div class='ocr_carea' id='block_1_48' title="bbox 1986 2166 3578 2238">
    <p class='ocr_par' dir='ltr' id='par_1_48' title="bbox 1986 2166 3578 2238">
     <span class='ocr_line' id='line_1_48' title="bbox 1986 2166 3578 2238; baseline 0.001 -17"><span class='ocrx_word' id='word_1_405' title='bbox 1986 2167 2357 2222; x_wconf 88' lang='lat' dir='ltr'><strong>testimonium</strong></span> <span class='ocrx_word' id='word_1_406' title='bbox 2397 2168 2637 2224; x_wconf 86' lang='lat' dir='ltr'><strong>dederat.</strong></span> <span class='ocrx_word' id='word_1_407' title='bbox 2685 2166 2799 2223; x_wconf 81' lang='lat' dir='ltr'><strong>Non</strong></span> <span class='ocrx_word' id='word_1_408' title='bbox 2843 2169 3035 2224; x_wconf 89' lang='lat' dir='ltr'><strong>eodem</strong></span> <span class='ocrx_word' id='word_1_409' title='bbox 3075 2168 3234 2223; x_wconf 89' lang='lat' dir='ltr'><strong>modo</strong></span> <span class='ocrx_word' id='word_1_410' title='bbox 3276 2182 3404 2238; x_wconf 81' lang='lat' dir='ltr'><strong>ergo</strong></span> <span class='ocrx_word' id='word_1_411' title='bbox 3439 2167 3578 2223; x_wconf 88' lang='lat' dir='ltr'><strong>dici-</strong></span> 
     </span>
    </p>
   </div>
   <div class='ocr_carea' id='block_1_49' title="bbox 1987 2257 3576 2328">
    <p class='ocr_par' dir='ltr' id='par_1_49' title="bbox 1987 2257 3576 2328">
     <span class='ocr_line' id='line_1_49' title="bbox 1987 2257 3576 2328; baseline 0.001 -16"><span class='ocrx_word' id='word_1_412' title='bbox 1987 2273 2109 2314; x_wconf 87' lang='lat' dir='ltr'><strong>mus</strong></span> <span class='ocrx_word' id='word_1_413' title='bbox 2133 2276 2145 2312; x_wconf 88' lang='lat'><strong>:</strong></span> <span class='ocrx_word' id='word_1_414' title='bbox 2181 2257 2323 2313; x_wconf 86' lang='lat' dir='ltr'><strong>Deus</strong></span> <span class='ocrx_word' id='word_1_415' title='bbox 2351 2258 2569 2328; x_wconf 87' lang='lat' dir='ltr'><strong>adjutor</strong></span> <span class='ocrx_word' id='word_1_416' title='bbox 2595 2267 2772 2313; x_wconf 84' lang='lat' dir='ltr'><strong>noster</strong></span> <span class='ocrx_word' id='word_1_417' title='bbox 2798 2260 2854 2314; x_wconf 89' lang='lat' dir='ltr'><strong>in</strong></span> <span class='ocrx_word' id='word_1_418' title='bbox 2888 2270 3161 2324; x_wconf 62' lang='lat' dir='ltr'><strong>internum,</strong></span> <span class='ocrx_word' id='word_1_419' title='bbox 3191 2274 3297 2328; x_wconf 92' lang='lat' dir='ltr'><strong>quo</strong></span> <span class='ocrx_word' id='word_1_420' title='bbox 3326 2257 3576 2325; x_wconf 87' lang='lat' dir='ltr'><strong>dicimus,</strong></span> 
     </span>
    </p>
   </div>
   <div class='ocr_carea' id='block_1_50' title="bbox 1987 2346 3579 2419">
    <p class='ocr_par' dir='ltr' id='par_1_50' title="bbox 1987 2346 3579 2419">
     <span class='ocr_line' id='line_1_50' title="bbox 1987 2346 3579 2419; baseline 0.003 -19"><span class='ocrx_word' id='word_1_421' title='bbox 1987 2346 2085 2402; x_wconf 85' lang='lat' dir='ltr'><strong>Dei</strong></span> <span class='ocrx_word' id='word_1_422' title='bbox 2120 2365 2301 2402; x_wconf 87' lang='lat' dir='ltr'><strong>sumus</strong></span> <span class='ocrx_word' id='word_1_423' title='bbox 2340 2347 2643 2417; x_wconf 79' lang='lat' dir='ltr'><strong>adjutores;</strong></span> <span class='ocrx_word' id='word_1_424' title='bbox 2682 2347 2771 2403; x_wconf 90' lang='lat' dir='ltr'><strong>ille</strong></span> <span class='ocrx_word' id='word_1_425' title='bbox 2814 2350 2957 2404; x_wconf 89' lang='lat' dir='ltr'><strong>enim</strong></span> <span class='ocrx_word' id='word_1_426' title='bbox 2998 2364 3104 2403; x_wconf 89' lang='lat' dir='ltr'><strong>non</strong></span> <span class='ocrx_word' id='word_1_427' title='bbox 3143 2358 3265 2418; x_wconf 82' lang='lat' dir='ltr'><strong>eget</strong></span> <span class='ocrx_word' id='word_1_428' title='bbox 3306 2349 3579 2419; x_wconf 86' lang='lat' dir='ltr'><strong>adjutorio</strong></span> 
     </span>
    </p>
   </div>
   <div class='ocr_carea' id='block_1_51' title="bbox 1985 2437 3573 2508">
    <p class='ocr_par' dir='ltr' id='par_1_51' title="bbox 1985 2437 3573 2508">
     <span class='ocr_line' id='line_1_51' title="bbox 1985 2437 3573 2508; baseline 0 -15"><span class='ocrx_word' id='word_1_429' title='bbox 1985 2446 2195 2504; x_wconf 90' lang='lat' dir='ltr'><strong>nostro,</strong></span> <span class='ocrx_word' id='word_1_430' title='bbox 2224 2453 2325 2492; x_wconf 87' lang='lat' dir='ltr'><strong>nos</strong></span> <span class='ocrx_word' id='word_1_431' title='bbox 2360 2446 2539 2493; x_wconf 89' lang='lat' dir='ltr'><strong>autem</strong></span> <span class='ocrx_word' id='word_1_432' title='bbox 2569 2437 2704 2493; x_wconf 89' lang='lat' dir='ltr'><strong>nihil</strong></span> <span class='ocrx_word' id='word_1_433' title='bbox 2738 2453 3025 2508; x_wconf 72' lang='lat' dir='ltr'><strong>possumus</strong></span> <span class='ocrx_word' id='word_1_434' title='bbox 3059 2437 3239 2493; x_wconf 88' lang='lat' dir='ltr'><strong>facere</strong></span> <span class='ocrx_word' id='word_1_435' title='bbox 3277 2440 3394 2494; x_wconf 88' lang='lat' dir='ltr'><strong>sine</strong></span> <span class='ocrx_word' id='word_1_436' title='bbox 3434 2440 3573 2508; x_wconf 86' lang='lat' dir='ltr'><strong>ipso.</strong></span> 
     </span>
    </p>
   </div>
   <div class='ocr_carea' id='block_1_52' title="bbox 1986 2526 3583 2600">
    <p class='ocr_par' dir='ltr' id='par_1_52' title="bbox 1986 2526 3583 2600">
     <span class='ocr_line' id='line_1_52' title="bbox 1986 2526 3583 2600; baseline -0.001 -16"><span class='ocrx_word' id='word_1_437' title='bbox 1986 2528 2085 2584; x_wconf 87' lang='lat' dir='ltr'><strong>Dei</strong></span> <span class='ocrx_word' id='word_1_438' title='bbox 2115 2526 2462 2600; x_wconf 81' lang='lat' dir='ltr'><strong>agricultura,</strong></span> <span class='ocrx_word' id='word_1_439' title='bbox 2502 2527 2598 2582; x_wconf 88' lang='lat' dir='ltr'><strong>Dei</strong></span> <span class='ocrx_word' id='word_1_440' title='bbox 2626 2528 2908 2596; x_wconf 77' lang='lat' dir='ltr'><strong>wdiﬁcatio</strong></span> <span class='ocrx_word' id='word_1_441' title='bbox 2938 2529 3060 2584; x_wconf 86' lang='lat' dir='ltr'><strong>estis</strong></span> <span class='ocrx_word' id='word_1_442' title='bbox 3098 2545 3202 2594; x_wconf 83' lang='lat' dir='ltr'><strong>vos,</strong></span> <span class='ocrx_word' id='word_1_443' title='bbox 3233 2529 3359 2598; x_wconf 85' lang='lat' dir='ltr'><strong>quia</strong></span> <span class='ocrx_word' id='word_1_444' title='bbox 3392 2529 3583 2584; x_wconf 82' lang='lat' dir='ltr'><strong>videli-</strong></span> 
     </span>
    </p>
   </div>
   <div class='ocr_carea' id='block_1_53' title="bbox 1982 2617 3578 2675">
    <p class='ocr_par' dir='ltr' id='par_1_53' title="bbox 1982 2617 3578 2675">
     <span class='ocr_line' id='line_1_53' title="bbox 1982 2617 3578 2675; baseline -0.001 -1"><span class='ocrx_word' id='word_1_445' title='bbox 1982 2626 2072 2674; x_wconf 88' lang='lat' dir='ltr'><strong>cet</strong></span> <span class='ocrx_word' id='word_1_446' title='bbox 2106 2617 2299 2673; x_wconf 85' lang='lat' dir='ltr'><strong>civitas</strong></span> <span class='ocrx_word' id='word_1_447' title='bbox 2333 2617 2496 2672; x_wconf 89' lang='lat' dir='ltr'><strong>habet</strong></span> <span class='ocrx_word' id='word_1_448' title='bbox 2532 2618 2622 2674; x_wconf 92' lang='lat' dir='ltr'><strong>hic</strong></span> <span class='ocrx_word' id='word_1_449' title='bbox 2658 2625 2714 2673; x_wconf 90' lang='lat' dir='ltr'><strong>et</strong></span> <span class='ocrx_word' id='word_1_450' title='bbox 2754 2619 2809 2673; x_wconf 94' lang='lat' dir='ltr'><strong>in</strong></span> <span class='ocrx_word' id='word_1_451' title='bbox 2855 2628 3165 2674; x_wconf 89' lang='lat' dir='ltr'><strong>sanctorum</strong></span> <span class='ocrx_word' id='word_1_452' title='bbox 3196 2620 3436 2675; x_wconf 89' lang='lat' dir='ltr'><strong>moribus</strong></span> <span class='ocrx_word' id='word_1_453' title='bbox 3466 2635 3578 2674; x_wconf 89' lang='lat' dir='ltr'><strong>ma-</strong></span> 
     </span>
    </p>
   </div>
   <div class='ocr_carea' id='block_1_54' title="bbox 1986 2707 3580 2781">
    <p class='ocr_par' dir='ltr' id='par_1_54' title="bbox 1986 2707 3580 2781">
     <span class='ocr_line' id='line_1_54' title="bbox 1986 2707 3580 2781; baseline 0.001 -18"><span class='ocrx_word' id='word_1_454' title='bbox 1986 2724 2151 2780; x_wconf 83' lang='lat' dir='ltr'><strong>gnum</strong></span> <span class='ocrx_word' id='word_1_455' title='bbox 2181 2707 2296 2777; x_wconf 89' lang='lat' dir='ltr'><strong>jam</strong></span> <span class='ocrx_word' id='word_1_456' title='bbox 2326 2707 2613 2764; x_wconf 65' lang='lat' dir='ltr'><strong>aedilicium</strong></span> <span class='ocrx_word' id='word_1_457' title='bbox 2637 2724 2828 2778; x_wconf 83' lang='lat' dir='ltr'><strong>suum.</strong></span> <span class='ocrx_word' id='word_1_458' title='bbox 2866 2709 2924 2763; x_wconf 87' lang='lat' dir='ltr'><strong>lu</strong></span> <span class='ocrx_word' id='word_1_459' title='bbox 2952 2710 3179 2765; x_wconf 66' lang='lat' dir='ltr'><strong>aediﬁcio</strong></span> <span class='ocrx_word' id='word_1_460' title='bbox 3205 2710 3402 2781; x_wconf 81' lang='lat' dir='ltr'><strong>quippe</strong></span> <span class='ocrx_word' id='word_1_461' title='bbox 3442 2710 3580 2781; x_wconf 84' lang='lat' dir='ltr'><strong>lapis</strong></span> 
     </span>
    </p>
   </div>
   <div class='ocr_carea' id='block_1_55' title="bbox 1987 2797 3583 2871">
    <p class='ocr_par' dir='ltr' id='par_1_55' title="bbox 1987 2797 3583 2871">
     <span class='ocr_line' id='line_1_55' title="bbox 1987 2797 3583 2871; baseline 0.003 -21"><span class='ocrx_word' id='word_1_462' title='bbox 1987 2797 2219 2869; x_wconf 90' lang='lat' dir='ltr'><strong>lapidem</strong></span> <span class='ocrx_word' id='word_1_463' title='bbox 2246 2807 2458 2868; x_wconf 86' lang='lat' dir='ltr'><strong>portat,</strong></span> <span class='ocrx_word' id='word_1_464' title='bbox 2487 2801 2614 2871; x_wconf 92' lang='lat' dir='ltr'><strong>quia</strong></span> <span class='ocrx_word' id='word_1_465' title='bbox 2645 2800 2782 2871; x_wconf 91' lang='lat' dir='ltr'><strong>lapis</strong></span> <span class='ocrx_word' id='word_1_466' title='bbox 2809 2816 2971 2871; x_wconf 88' lang='lat' dir='ltr'><strong>super</strong></span> <span class='ocrx_word' id='word_1_467' title='bbox 3001 2800 3231 2871; x_wconf 88' lang='lat' dir='ltr'><strong>lapidem</strong></span> <span class='ocrx_word' id='word_1_468' title='bbox 3257 2803 3495 2871; x_wconf 89' lang='lat' dir='ltr'><strong>ponitur,</strong></span> <span class='ocrx_word' id='word_1_469' title='bbox 3526 2808 3583 2854; x_wconf 87' lang='lat' dir='ltr'><strong>ct</strong></span> 
     </span>
    </p>
   </div>
   <div class='ocr_carea' id='block_1_56' title="bbox 1986 2887 3580 2960">
    <p class='ocr_par' dir='ltr' id='par_1_56' title="bbox 1986 2887 3580 2960">
     <span class='ocr_line' id='line_1_56' title="bbox 1986 2887 3580 2960; baseline 0.004 -20"><span class='ocrx_word' id='word_1_470' title='bbox 1986 2887 2079 2957; x_wconf 91' lang='lat' dir='ltr'><strong>qui</strong></span> <span class='ocrx_word' id='word_1_471' title='bbox 2115 2892 2295 2957; x_wconf 87' lang='lat' dir='ltr'><strong>portat</strong></span> <span class='ocrx_word' id='word_1_472' title='bbox 2328 2888 2579 2955; x_wconf 88' lang='lat' dir='ltr'><strong>alterum,</strong></span> <span class='ocrx_word' id='word_1_473' title='bbox 2618 2898 2866 2958; x_wconf 88' lang='lat' dir='ltr'><strong>portatur</strong></span> <span class='ocrx_word' id='word_1_474' title='bbox 2907 2891 2975 2944; x_wconf 89' lang='lat' dir='ltr'><strong>ab</strong></span> <span class='ocrx_word' id='word_1_475' title='bbox 3011 2890 3182 2945; x_wconf 85' lang='lat' dir='ltr'><strong>altero</strong></span> <span class='ocrx_word' id='word_1_476' title='bbox 3227 2909 3239 2944; x_wconf 92' lang='lat'><strong>:</strong></span> <span class='ocrx_word' id='word_1_477' title='bbox 3281 2892 3360 2946; x_wconf 81' lang='lat' dir='ltr'><strong>sic</strong></span> <span class='ocrx_word' id='word_1_478' title='bbox 3395 2892 3580 2960; x_wconf 86' lang='lat' dir='ltr'><strong>itaque</strong></span> 
     </span>
    </p>
   </div>
   <div class='ocr_carea' id='block_1_57' title="bbox 1988 2976 3578 3048">
    <p class='ocr_par' dir='ltr' id='par_1_57' title="bbox 1988 2976 3578 3048">
     <span class='ocr_line' id='line_1_57' title="bbox 1988 2976 3578 3048; baseline 0.003 -17"><span class='ocrx_word' id='word_1_479' title='bbox 1988 2977 2069 3031; x_wconf 91' lang='lat' dir='ltr'><strong>sic</strong></span> <span class='ocrx_word' id='word_1_480' title='bbox 2112 2976 2168 3031; x_wconf 89' lang='lat' dir='ltr'><strong>in</strong></span> <span class='ocrx_word' id='word_1_481' title='bbox 2210 2984 2397 3031; x_wconf 89' lang='lat' dir='ltr'><strong>sancta</strong></span> <span class='ocrx_word' id='word_1_482' title='bbox 2439 2976 2679 3032; x_wconf 90' lang='lat' dir='ltr'><strong>Ecclesia</strong></span> <span class='ocrx_word' id='word_1_483' title='bbox 2719 2977 3089 3047; x_wconf 89' lang='lat' dir='ltr'><strong>unusquisque</strong></span> <span class='ocrx_word' id='word_1_484' title='bbox 3124 2989 3180 3033; x_wconf 89' lang='lat' dir='ltr'><strong>et</strong></span> <span class='ocrx_word' id='word_1_485' title='bbox 3222 2987 3406 3048; x_wconf 84' lang='lat' dir='ltr'><strong>portat</strong></span> <span class='ocrx_word' id='word_1_486' title='bbox 3442 2980 3578 3035; x_wconf 88' lang='lat' dir='ltr'><strong>alte-</strong></span> 
     </span>
    </p>
   </div>
   <div class='ocr_carea' id='block_1_58' title="bbox 1989 3068 3578 3139">
    <p class='ocr_par' dir='ltr' id='par_1_58' title="bbox 1989 3068 3578 3139">
     <span class='ocr_line' id='line_1_58' title="bbox 1989 3068 3578 3139; baseline 0.001 -17"><span class='ocrx_word' id='word_1_487' title='bbox 1989 3082 2131 3133; x_wconf 89' lang='lat' dir='ltr'><strong>rum,</strong></span> <span class='ocrx_word' id='word_1_488' title='bbox 2159 3074 2215 3122; x_wconf 91' lang='lat' dir='ltr'><strong>et</strong></span> <span class='ocrx_word' id='word_1_489' title='bbox 2240 3074 2490 3136; x_wconf 90' lang='lat' dir='ltr'><strong>portatur</strong></span> <span class='ocrx_word' id='word_1_490' title='bbox 2516 3068 2585 3122; x_wconf 89' lang='lat' dir='ltr'><strong>ab</strong></span> <span class='ocrx_word' id='word_1_491' title='bbox 2608 3068 2797 3124; x_wconf 88' lang='lat' dir='ltr'><strong>altero.</strong></span> <span class='ocrx_word' id='word_1_492' title='bbox 2832 3068 2967 3123; x_wconf 89' lang='lat' dir='ltr'><strong>Nam</strong></span> <span class='ocrx_word' id='word_1_493' title='bbox 2997 3069 3233 3125; x_wconf 87' lang='lat' dir='ltr'><strong>vicissim</strong></span> <span class='ocrx_word' id='word_1_494' title='bbox 3261 3085 3321 3125; x_wconf 89' lang='lat' dir='ltr'><strong>se</strong></span> <span class='ocrx_word' id='word_1_495' title='bbox 3345 3070 3578 3139; x_wconf 74' lang='lat' dir='ltr'><strong>proximi</strong></span> 
     </span>
    </p>
   </div>
   <div class='ocr_carea' id='block_1_59' title="bbox 1990 3158 3580 3231">
    <p class='ocr_par' dir='ltr' id='par_1_59' title="bbox 1990 3158 3580 3231">
     <span class='ocr_line' id='line_1_59' title="bbox 1990 3158 3580 3231; baseline 0.001 -18"><span class='ocrx_word' id='word_1_496' title='bbox 1990 3158 2241 3224; x_wconf 88' lang='lat' dir='ltr'><strong>tolerant,</strong></span> <span class='ocrx_word' id='word_1_497' title='bbox 2268 3166 2328 3213; x_wconf 90' lang='lat' dir='ltr'><strong>ut</strong></span> <span class='ocrx_word' id='word_1_498' title='bbox 2365 3174 2462 3229; x_wconf 88' lang='lat' dir='ltr'><strong>per</strong></span> <span class='ocrx_word' id='word_1_499' title='bbox 2490 3173 2583 3213; x_wconf 87' lang='lat' dir='ltr'><strong>eos</strong></span> <span class='ocrx_word' id='word_1_500' title='bbox 2611 3160 2900 3215; x_wconf 68' lang='lat' dir='ltr'><strong>azdilicmm</strong></span> <span class='ocrx_word' id='word_1_501' title='bbox 2924 3160 3210 3216; x_wconf 88' lang='lat' dir='ltr'><strong>charitatis</strong></span> <span class='ocrx_word' id='word_1_502' title='bbox 3242 3169 3443 3231; x_wconf 82' lang='lat' dir='ltr'><strong>surgat.</strong></span> <span class='ocrx_word' id='word_1_503' title='bbox 3484 3160 3580 3217; x_wconf 89' lang='lat' dir='ltr'><strong>Se-</strong></span> 
     </span>
    </p>
   </div>
   <div class='ocr_carea' id='block_1_60' title="bbox 294 3245 3580 3322">
    <p class='ocr_par' dir='ltr' id='par_1_60' title="bbox 294 3245 3580 3322">
     <span class='ocr_line' id='line_1_60' title="bbox 294 3245 3580 3322; baseline -0.001 -12"><span class='ocrx_word' id='word_1_504' title='bbox 294 3256 459 3311; x_wconf 76' lang='lat' dir='ltr'><strong>tilnt.</strong></span> <span class='ocrx_word' id='word_1_505' title='bbox 484 3254 623 3309; x_wconf 85' lang='lat' dir='ltr'><strong>Nam</strong></span> <span class='ocrx_word' id='word_1_506' title='bbox 650 3253 695 3308; x_wconf 88' lang='lat' dir='ltr'><strong>si</strong></span> <span class='ocrx_word' id='word_1_507' title='bbox 714 3250 830 3321; x_wconf 88' lang='lat' dir='ltr'><strong>jam</strong></span> <span class='ocrx_word' id='word_1_508' title='bbox 852 3265 1016 3306; x_wconf 88' lang='lat' dir='ltr'><strong>unum</strong></span> <span class='ocrx_word' id='word_1_509' title='bbox 1039 3257 1250 3315; x_wconf 86' lang='lat' dir='ltr'><strong>essent,</strong></span> <span class='ocrx_word' id='word_1_510' title='bbox 1272 3262 1355 3304; x_wconf 66' lang='grc' dir='ltr'><strong>σοι(</strong></span> <span class='ocrx_word' id='word_1_511' title='bbox 1376 3261 1441 3302; x_wconf 86' lang='lat' dir='ltr'><strong>eo</strong></span> <span class='ocrx_word' id='word_1_512' title='bbox 1464 3247 1607 3315; x_wconf 89' lang='lat' dir='ltr'><strong>quod</strong></span> <span class='ocrx_word' id='word_1_513' title='bbox 1638 3246 1883 3300; x_wconf 87' lang='lat' dir='ltr'><strong>homines</strong></span> <span class='ocrx_word' id='word_1_514' title='bbox 1911 3245 1956 3308; x_wconf 92' lang='lat' dir='ltr'><strong>C</strong></span> <span class='ocrx_word' id='word_1_515' title='bbox 1987 3250 2214 3304; x_wconf 84' lang='lat' dir='ltr'><strong>cundum</strong></span> <span class='ocrx_word' id='word_1_516' title='bbox 2245 3251 2473 3321; x_wconf 84' lang='lat' dir='ltr'><strong>gratiam</strong></span> <span class='ocrx_word' id='word_1_517' title='bbox 2497 3267 2625 3321; x_wconf 77' lang='lat' dir='ltr'><strong>qua:</strong></span> <span class='ocrx_word' id='word_1_518' title='bbox 2652 3251 2780 3305; x_wconf 84' lang='lat' dir='ltr'><strong>data</strong></span> <span class='ocrx_word' id='word_1_519' title='bbox 2818 3261 2894 3306; x_wconf 86' lang='lat' dir='ltr'><strong>est</strong></span> <span class='ocrx_word' id='word_1_520' title='bbox 2924 3252 3052 3305; x_wconf 79' lang='lat' dir='ltr'><strong>mihi</strong></span> <span class='ocrx_word' id='word_1_521' title='bbox 3080 3261 3134 3305; x_wconf 88' lang='lat' dir='ltr'><strong>ut</strong></span> <span class='ocrx_word' id='word_1_522' title='bbox 3163 3254 3371 3322; x_wconf 84' lang='lat' dir='ltr'><strong>sapiens</strong></span> <span class='ocrx_word' id='word_1_523' title='bbox 3405 3253 3580 3307; x_wconf 76' lang='lat' dir='ltr'><strong>archi-</strong></span> 
     </span>
    </p>
   </div>
   <div class='ocr_carea' id='block_1_61' title="bbox 289 3340 1879 3411">
    <p class='ocr_par' dir='ltr' id='par_1_61' title="bbox 289 3340 1879 3411">
     <span class='ocr_line' id='line_1_61' title="bbox 289 3340 1879 3411; baseline -0.006 -10"><span class='ocrx_word' id='word_1_524' title='bbox 289 3353 477 3411; x_wconf 72' lang='lat' dir='ltr'><strong>erunt,</strong></span> <span class='ocrx_word' id='word_1_525' title='bbox 502 3360 614 3400; x_wconf 89' lang='lat' dir='ltr'><strong>non</strong></span> <span class='ocrx_word' id='word_1_526' title='bbox 640 3343 866 3409; x_wconf 89' lang='lat' dir='ltr'><strong>diceret,</strong></span> <span class='ocrx_word' id='word_1_527' title='bbox 891 3349 953 3397; x_wconf 91' lang='lat' dir='ltr'><strong>ut</strong></span> <span class='ocrx_word' id='word_1_528' title='bbox 974 3341 1084 3397; x_wconf 87' lang='lat' dir='ltr'><strong>sint</strong></span> <span class='ocrx_word' id='word_1_529' title='bbox 1106 3356 1295 3404; x_wconf 88' lang='lat' dir='ltr'><strong>unum,</strong></span> <span class='ocrx_word' id='word_1_530' title='bbox 1324 3340 1464 3394; x_wconf 90' lang='lat' dir='ltr'><strong>sicut</strong></span> <span class='ocrx_word' id='word_1_531' title='bbox 1491 3348 1547 3393; x_wconf 88' lang='lat' dir='ltr'><strong>et</strong></span> <span class='ocrx_word' id='word_1_532' title='bbox 1570 3354 1672 3393; x_wconf 87' lang='lat' dir='ltr'><strong>nos</strong></span> <span class='ocrx_word' id='word_1_533' title='bbox 1694 3353 1879 3403; x_wconf 87' lang='lat' dir='ltr'><strong>unum,</strong></span> 
     </span>
    </p>
   </div>
   <div class='ocr_carea' id='block_1_62' title="bbox 296 3428 1883 3503">
    <p class='ocr_par' dir='ltr' id='par_1_62' title="bbox 296 3428 1883 3503">
     <span class='ocr_line' id='line_1_62' title="bbox 296 3428 1883 3503; baseline -0.006 -11"><span class='ocrx_word' id='word_1_534' title='bbox 296 3451 423 3491; x_wconf 89' lang='lat' dir='ltr'><strong>cum</strong></span> <span class='ocrx_word' id='word_1_535' title='bbox 466 3450 599 3491; x_wconf 82' lang='lat' dir='ltr'><strong>suos</strong></span> <span class='ocrx_word' id='word_1_536' title='bbox 648 3432 942 3503; x_wconf 87' lang='lat' dir='ltr'><strong>discipulos</strong></span> <span class='ocrx_word' id='word_1_537' title='bbox 988 3432 1135 3487; x_wconf 85' lang='lat' dir='ltr'><strong>Patri</strong></span> <span class='ocrx_word' id='word_1_538' title='bbox 1177 3428 1600 3485; x_wconf 88' lang='lat' dir='ltr'><strong>commendaret.</strong></span> <span class='ocrx_word' id='word_1_539' title='bbox 1636 3431 1710 3481; x_wconf 82' lang='lat' dir='ltr'><strong>At</strong></span> <span class='ocrx_word' id='word_1_540' title='bbox 1754 3441 1883 3482; x_wconf 86' lang='lat' dir='ltr'><strong>vero</strong></span> 
     </span>
    </p>
   </div>
   <div class='ocr_carea' id='block_1_63' title="bbox 295 3516 1882 3594">
    <p class='ocr_par' dir='ltr' id='par_1_63' title="bbox 295 3516 1882 3594">
     <span class='ocr_line' id='line_1_63' title="bbox 295 3516 1882 3594; baseline -0.004 -15"><span class='ocrx_word' id='word_1_541' title='bbox 295 3524 500 3579; x_wconf 89' lang='lat' dir='ltr'><strong>Paulus</strong></span> <span class='ocrx_word' id='word_1_542' title='bbox 527 3532 588 3578; x_wconf 91' lang='lat' dir='ltr'><strong>et</strong></span> <span class='ocrx_word' id='word_1_543' title='bbox 621 3522 816 3594; x_wconf 80' lang='lat' dir='ltr'><strong>Apollo</strong></span> <span class='ocrx_word' id='word_1_544' title='bbox 857 3521 985 3591; x_wconf 88' lang='lat' dir='ltr'><strong>quia</strong></span> <span class='ocrx_word' id='word_1_545' title='bbox 1031 3528 1088 3575; x_wconf 86' lang='lat' dir='ltr'><strong>et</strong></span> <span class='ocrx_word' id='word_1_546' title='bbox 1133 3520 1293 3575; x_wconf 82' lang='lat' dir='ltr'><strong>ambo</strong></span> <span class='ocrx_word' id='word_1_547' title='bbox 1334 3517 1605 3582; x_wconf 86' lang='lat' dir='ltr'><strong>homines,</strong></span> <span class='ocrx_word' id='word_1_548' title='bbox 1646 3523 1701 3572; x_wconf 91' lang='lat' dir='ltr'><strong>et</strong></span> <span class='ocrx_word' id='word_1_549' title='bbox 1744 3516 1882 3572; x_wconf 88' lang='lat' dir='ltr'><strong>idem</strong></span> 
     </span>
    </p>
   </div>
   <div class='ocr_carea' id='block_1_64' title="bbox 295 3610 1882 3685">
    <p class='ocr_par' dir='ltr' id='par_1_64' title="bbox 295 3610 1882 3685">
     <span class='ocr_line' id='line_1_64' title="bbox 295 3610 1882 3685; baseline -0.005 -14"><span class='ocrx_word' id='word_1_550' title='bbox 295 3615 607 3671; x_wconf 86' lang='lat' dir='ltr'><strong>sentiebant</strong></span> <span class='ocrx_word' id='word_1_551' title='bbox 637 3632 653 3669; x_wconf 90' lang='lat'><strong>:</strong></span> <span class='ocrx_word' id='word_1_552' title='bbox 689 3613 793 3680; x_wconf 81' lang='lat' dir='ltr'><strong>Qui</strong></span> <span class='ocrx_word' id='word_1_553' title='bbox 827 3612 1060 3685; x_wconf 84' lang='lat' dir='ltr'><strong>plantat,</strong></span> <span class='ocrx_word' id='word_1_554' title='bbox 1092 3612 1297 3683; x_wconf 90' lang='lat' dir='ltr'><strong>inquit,</strong></span> <span class='ocrx_word' id='word_1_555' title='bbox 1334 3619 1384 3666; x_wconf 91' lang='lat' dir='ltr'><strong>et</strong></span> <span class='ocrx_word' id='word_1_556' title='bbox 1417 3610 1507 3682; x_wconf 86' lang='lat' dir='ltr'><strong>qui</strong></span> <span class='ocrx_word' id='word_1_557' title='bbox 1544 3610 1680 3681; x_wconf 82' lang='lat' dir='ltr'><strong>rigat</strong></span> <span class='ocrx_word' id='word_1_558' title='bbox 1719 3625 1882 3664; x_wconf 87' lang='lat' dir='ltr'><strong>unum</strong></span> 
     </span>
    </p>
   </div>
   <div class='ocr_carea' id='block_1_65' title="bbox 292 3699 1886 3776">
    <p class='ocr_par' dir='ltr' id='par_1_65' title="bbox 292 3699 1886 3776">
     <span class='ocr_line' id='line_1_65' title="bbox 292 3699 1886 3776; baseline -0.004 -16"><span class='ocrx_word' id='word_1_559' title='bbox 292 3715 440 3760; x_wconf 80' lang='lat' dir='ltr'><strong>sunt.</strong></span> <span class='ocrx_word' id='word_1_560' title='bbox 487 3704 599 3761; x_wconf 84' lang='lat' dir='ltr'><strong>Cur</strong></span> <span class='ocrx_word' id='word_1_561' title='bbox 637 3719 769 3776; x_wconf 74' lang='lat' dir='ltr'><strong>ergo</strong></span> <span class='ocrx_word' id='word_1_562' title='bbox 807 3703 887 3759; x_wconf 90' lang='lat' dir='ltr'><strong>sic</strong></span> <span class='ocrx_word' id='word_1_563' title='bbox 933 3703 1129 3759; x_wconf 89' lang='lat' dir='ltr'><strong>dicitur</strong></span> <span class='ocrx_word' id='word_1_564' title='bbox 1161 3718 1350 3767; x_wconf 87' lang='lat' dir='ltr'><strong>unum,</strong></span> <span class='ocrx_word' id='word_1_565' title='bbox 1400 3709 1460 3756; x_wconf 91' lang='lat' dir='ltr'><strong>ut</strong></span> <span class='ocrx_word' id='word_1_566' title='bbox 1505 3717 1615 3756; x_wconf 89' lang='lat' dir='ltr'><strong>non</strong></span> <span class='ocrx_word' id='word_1_567' title='bbox 1656 3699 1886 3755; x_wconf 83' lang='lat' dir='ltr'><strong>addatur</strong></span> 
     </span>
    </p>
   </div>
   <div class='ocr_carea' id='block_1_66' title="bbox 295 3792 1882 3865">
    <p class='ocr_par' dir='ltr' id='par_1_66' title="bbox 295 3792 1882 3865">
     <span class='ocr_line' id='line_1_66' title="bbox 295 3792 1882 3865; baseline -0.003 -16"><span class='ocrx_word' id='word_1_568' title='bbox 295 3794 433 3865; x_wconf 88' lang='lat' dir='ltr'><strong>quid</strong></span> <span class='ocrx_word' id='word_1_569' title='bbox 460 3794 660 3849; x_wconf 82' lang='lat' dir='ltr'><strong>unum?</strong></span> <span class='ocrx_word' id='word_1_570' title='bbox 697 3802 753 3849; x_wconf 89' lang='lat' dir='ltr'><strong>et</strong></span> <span class='ocrx_word' id='word_1_571' title='bbox 778 3792 933 3863; x_wconf 88' lang='lat' dir='ltr'><strong>plura</strong></span> <span class='ocrx_word' id='word_1_572' title='bbox 962 3808 1129 3847; x_wconf 90' lang='lat' dir='ltr'><strong>unum</strong></span> <span class='ocrx_word' id='word_1_573' title='bbox 1156 3793 1429 3857; x_wconf 88' lang='lat' dir='ltr'><strong>dicuntur,</strong></span> <span class='ocrx_word' id='word_1_574' title='bbox 1470 3793 1659 3845; x_wconf 90' lang='lat' dir='ltr'><strong>eadem</strong></span> <span class='ocrx_word' id='word_1_575' title='bbox 1690 3798 1882 3846; x_wconf 82' lang='lat' dir='ltr'><strong>natura</strong></span> 
     </span>
    </p>
   </div>
   <div class='ocr_carea' id='block_1_67' title="bbox 296 3880 1888 3953">
    <p class='ocr_par' dir='ltr' id='par_1_67' title="bbox 296 3880 1888 3953">
     <span class='ocr_line' id='line_1_67' title="bbox 296 3880 1888 3953; baseline -0.003 -15"><span class='ocrx_word' id='word_1_576' title='bbox 296 3892 470 3953; x_wconf 87' lang='lat' dir='ltr'><strong>atque</strong></span> <span class='ocrx_word' id='word_1_577' title='bbox 504 3881 739 3938; x_wconf 85' lang='lat' dir='ltr'><strong>essentia</strong></span> <span class='ocrx_word' id='word_1_578' title='bbox 775 3896 884 3937; x_wconf 93' lang='lat' dir='ltr'><strong>non</strong></span> <span class='ocrx_word' id='word_1_579' title='bbox 925 3881 1194 3937; x_wconf 86' lang='lat' dir='ltr'><strong>dissidens</strong></span> <span class='ocrx_word' id='word_1_580' title='bbox 1234 3896 1410 3951; x_wconf 89' lang='lat' dir='ltr'><strong>neque</strong></span> <span class='ocrx_word' id='word_1_581' title='bbox 1449 3880 1773 3936; x_wconf 88' lang='lat' dir='ltr'><strong>dissentiens</strong></span> <span class='ocrx_word' id='word_1_582' title='bbox 1813 3880 1888 3934; x_wconf 87' lang='lat' dir='ltr'><strong>si-</strong></span> 
     </span>
    </p>
   </div>
   <div class='ocr_carea' id='block_1_68' title="bbox 295 3970 1888 4045">
    <p class='ocr_par' dir='ltr' id='par_1_68' title="bbox 295 3970 1888 4045">
     <span class='ocr_line' id='line_1_68' title="bbox 295 3970 1888 4045; baseline -0.002 -18"><span class='ocrx_word' id='word_1_583' title='bbox 295 3972 615 4045; x_wconf 74' lang='lat' dir='ltr'><strong>gniﬁcatur;</strong></span> <span class='ocrx_word' id='word_1_584' title='bbox 647 3988 771 4028; x_wconf 90' lang='lat' dir='ltr'><strong>cum</strong></span> <span class='ocrx_word' id='word_1_585' title='bbox 797 3986 928 4027; x_wconf 84' lang='lat' dir='ltr'><strong>vero</strong></span> <span class='ocrx_word' id='word_1_586' title='bbox 954 3971 1169 4027; x_wconf 88' lang='lat' dir='ltr'><strong>additur</strong></span> <span class='ocrx_word' id='word_1_587' title='bbox 1195 3970 1323 4041; x_wconf 90' lang='lat' dir='ltr'><strong>quid</strong></span> <span class='ocrx_word' id='word_1_588' title='bbox 1358 3987 1547 4035; x_wconf 90' lang='lat' dir='ltr'><strong>unum,</strong></span> <span class='ocrx_word' id='word_1_589' title='bbox 1584 3979 1763 4040; x_wconf 88' lang='lat' dir='ltr'><strong>potest</strong></span> <span class='ocrx_word' id='word_1_590' title='bbox 1792 3970 1888 4024; x_wconf 89' lang='lat' dir='ltr'><strong>ali-</strong></span> 
     </span>
    </p>
   </div>
   <div class='ocr_carea' id='block_1_69' title="bbox 296 4060 1887 4134">
    <p class='ocr_par' dir='ltr' id='par_1_69' title="bbox 296 4060 1887 4134">
     <span class='ocr_line' id='line_1_69' title="bbox 296 4060 1887 4134; baseline 0 -17"><span class='ocrx_word' id='word_1_591' title='bbox 296 4063 431 4133; x_wconf 78' lang='lat' dir='ltr'><strong>quid</strong></span> <span class='ocrx_word' id='word_1_592' title='bbox 458 4062 754 4134; x_wconf 81' lang='lat' dir='ltr'><strong>signiﬁcari</strong></span> <span class='ocrx_word' id='word_1_593' title='bbox 795 4076 862 4117; x_wconf 81' lang='lat' dir='ltr'><strong>ex</strong></span> <span class='ocrx_word' id='word_1_594' title='bbox 896 4061 1138 4131; x_wconf 87' lang='lat' dir='ltr'><strong>pluribus</strong></span> <span class='ocrx_word' id='word_1_595' title='bbox 1175 4075 1345 4117; x_wconf 87' lang='lat' dir='ltr'><strong>unum</strong></span> <span class='ocrx_word' id='word_1_596' title='bbox 1370 4060 1597 4125; x_wconf 89' lang='lat' dir='ltr'><strong>factum,</strong></span> <span class='ocrx_word' id='word_1_597' title='bbox 1640 4061 1887 4130; x_wconf 72' lang='lat' dir='ltr'><strong>quamvis</strong></span> 
     </span>
    </p>
   </div>
   <div class='ocr_carea' id='block_1_70' title="bbox 294 4151 1889 4223">
    <p class='ocr_par' dir='ltr' id='par_1_70' title="bbox 294 4151 1889 4223">
     <span class='ocr_line' id='line_1_70' title="bbox 294 4151 1889 4223; baseline -0.003 -14"><span class='ocrx_word' id='word_1_598' title='bbox 294 4154 530 4209; x_wconf 84' lang='lat' dir='ltr'><strong>diversis</strong></span> <span class='ocrx_word' id='word_1_599' title='bbox 560 4165 775 4219; x_wconf 89' lang='lat' dir='ltr'><strong>natura,</strong></span> <span class='ocrx_word' id='word_1_600' title='bbox 813 4153 948 4208; x_wconf 87' lang='lat' dir='ltr'><strong>sicut</strong></span> <span class='ocrx_word' id='word_1_601' title='bbox 978 4153 1158 4207; x_wconf 90' lang='lat' dir='ltr'><strong>anima</strong></span> <span class='ocrx_word' id='word_1_602' title='bbox 1182 4160 1240 4209; x_wconf 88' lang='lat' dir='ltr'><strong>et</strong></span> <span class='ocrx_word' id='word_1_603' title='bbox 1265 4167 1462 4223; x_wconf 89' lang='lat' dir='ltr'><strong>corpus</strong></span> <span class='ocrx_word' id='word_1_604' title='bbox 1489 4168 1596 4207; x_wconf 91' lang='lat' dir='ltr'><strong>non</strong></span> <span class='ocrx_word' id='word_1_605' title='bbox 1625 4161 1753 4207; x_wconf 85' lang='lat' dir='ltr'><strong>sunt</strong></span> <span class='ocrx_word' id='word_1_606' title='bbox 1782 4151 1889 4205; x_wconf 88' lang='lat' dir='ltr'><strong>uti-</strong></span> 
     </span>
    </p>
   </div>
   <div class='ocr_carea' id='block_1_71' title="bbox 295 4243 1888 4315">
    <p class='ocr_par' dir='ltr' id='par_1_71' title="bbox 295 4243 1888 4315">
     <span class='ocr_line' id='line_1_71' title="bbox 295 4243 1888 4315; baseline 0 -17"><span class='ocrx_word' id='word_1_607' title='bbox 295 4258 407 4315; x_wconf 81' lang='lat' dir='ltr'><strong>que</strong></span> <span class='ocrx_word' id='word_1_608' title='bbox 448 4256 640 4310; x_wconf 90' lang='lat' dir='ltr'><strong>unum,</strong></span> <span class='ocrx_word' id='word_1_609' title='bbox 690 4244 823 4313; x_wconf 91' lang='lat' dir='ltr'><strong>quid</strong></span> <span class='ocrx_word' id='word_1_610' title='bbox 857 4244 1002 4298; x_wconf 89' lang='lat' dir='ltr'><strong>enim</strong></span> <span class='ocrx_word' id='word_1_611' title='bbox 1037 4251 1148 4298; x_wconf 90' lang='lat' dir='ltr'><strong>tam</strong></span> <span class='ocrx_word' id='word_1_612' title='bbox 1185 4243 1478 4309; x_wconf 88' lang='lat' dir='ltr'><strong>diversum,</strong></span> <span class='ocrx_word' id='word_1_613' title='bbox 1513 4243 1618 4298; x_wconf 87' lang='lat' dir='ltr'><strong>nisi</strong></span> <span class='ocrx_word' id='word_1_614' title='bbox 1657 4244 1888 4299; x_wconf 85' lang='lat' dir='ltr'><strong>addatur</strong></span> 
     </span>
    </p>
   </div>
   <div class='ocr_carea' id='block_1_72' title="bbox 295 4335 1886 4407">
    <p class='ocr_par' dir='ltr' id='par_1_72' title="bbox 295 4335 1886 4407">
     <span class='ocr_line' id='line_1_72' title="bbox 295 4335 1886 4407; baseline 0.003 -17"><span class='ocrx_word' id='word_1_615' title='bbox 295 4342 396 4391; x_wconf 90' lang='lat' dir='ltr'><strong>aut</strong></span> <span class='ocrx_word' id='word_1_616' title='bbox 429 4335 866 4407; x_wconf 74' lang='lat' dir='ltr'><strong>subintelligatur</strong></span> <span class='ocrx_word' id='word_1_617' title='bbox 888 4336 1016 4406; x_wconf 90' lang='lat' dir='ltr'><strong>quid</strong></span> <span class='ocrx_word' id='word_1_618' title='bbox 1064 4352 1259 4401; x_wconf 90' lang='lat' dir='ltr'><strong>unum,</strong></span> <span class='ocrx_word' id='word_1_619' title='bbox 1297 4337 1351 4392; x_wconf 93' lang='lat' dir='ltr'><strong>id</strong></span> <span class='ocrx_word' id='word_1_620' title='bbox 1376 4345 1491 4403; x_wconf 91' lang='lat' dir='ltr'><strong>est,</strong></span> <span class='ocrx_word' id='word_1_621' title='bbox 1526 4352 1665 4393; x_wconf 91' lang='lat' dir='ltr'><strong>unus</strong></span> <span class='ocrx_word' id='word_1_622' title='bbox 1702 4338 1886 4405; x_wconf 89' lang='lat' dir='ltr'><strong>homo,</strong></span> 
     </span>
    </p>
   </div>
   <div class='ocr_carea' id='block_1_73' title="bbox 296 4428 1889 4500">
    <p class='ocr_par' dir='ltr' id='par_1_73' title="bbox 296 4428 1889 4500">
     <span class='ocr_line' id='line_1_73' title="bbox 296 4428 1889 4500; baseline 0 -14"><span class='ocrx_word' id='word_1_623' title='bbox 296 4442 397 4486; x_wconf 82' lang='lat' dir='ltr'><strong>aut</strong></span> <span class='ocrx_word' id='word_1_624' title='bbox 420 4443 590 4484; x_wconf 88' lang='lat' dir='ltr'><strong>unum</strong></span> <span class='ocrx_word' id='word_1_625' title='bbox 617 4428 836 4485; x_wconf 90' lang='lat' dir='ltr'><strong>animal.</strong></span> <span class='ocrx_word' id='word_1_626' title='bbox 871 4428 999 4486; x_wconf 87' lang='lat' dir='ltr'><strong>lude</strong></span> <span class='ocrx_word' id='word_1_627' title='bbox 1025 4429 1316 4500; x_wconf 84' lang='lat' dir='ltr'><strong>Apostolus</strong></span> <span class='ocrx_word' id='word_1_628' title='bbox 1341 4448 1354 4484; x_wconf 90' lang='lat'><strong>:</strong></span> <span class='ocrx_word' id='word_1_629' title='bbox 1389 4430 1494 4495; x_wconf 78' lang='lat' dir='ltr'><strong>Qui</strong></span> <span class='ocrx_word' id='word_1_630' title='bbox 1521 4429 1774 4497; x_wconf 60' lang='lat' dir='ltr'><strong>adiceret,</strong></span> <span class='ocrx_word' id='word_1_631' title='bbox 1807 4432 1889 4486; x_wconf 90' lang='lat' dir='ltr'><strong>in-</strong></span> 
     </span>
    </p>
   </div>
   <div class='ocr_carea' id='block_1_74' title="bbox 298 4519 1620 4593">
    <p class='ocr_par' dir='ltr' id='par_1_74' title="bbox 298 4519 1620 4593">
     <span class='ocr_line' id='line_1_74' title="bbox 298 4519 1620 4593; baseline 0.002 -19"><span class='ocrx_word' id='word_1_632' title='bbox 298 4520 441 4591; x_wconf 88' lang='lat' dir='ltr'><strong>quit,</strong></span> <span class='ocrx_word' id='word_1_633' title='bbox 472 4520 756 4587; x_wconf 79' lang='lat' dir='ltr'><strong>meretrici,</strong></span> <span class='ocrx_word' id='word_1_634' title='bbox 789 4536 955 4575; x_wconf 86' lang='lat' dir='ltr'><strong>unum</strong></span> <span class='ocrx_word' id='word_1_635' title='bbox 982 4537 1167 4591; x_wconf 86' lang='lat' dir='ltr'><strong>corpus</strong></span> <span class='ocrx_word' id='word_1_636' title='bbox 1194 4531 1271 4576; x_wconf 89' lang='lat' dir='ltr'><strong>est</strong></span> <span class='ocrx_word' id='word_1_637' title='bbox 1298 4520 1349 4593; x_wconf 84' lang='lat'><strong>(1</strong></span> <span class='ocrx_word' id='word_1_638' title='bbox 1373 4519 1496 4576; x_wconf 89' lang='lat' dir='ltr'><strong>Cor.</strong></span> <span class='ocrx_word' id='word_1_639' title='bbox 1522 4522 1620 4593; x_wconf 65' lang='grc' dir='ltr'><strong>γι).</strong></span> 
     </span>
    </p>
   </div>
   <div class='ocr_carea' id='block_1_75' title="bbox 1985 3340 3577 3414">
    <p class='ocr_par' dir='ltr' id='par_1_75' title="bbox 1985 3340 3577 3414">
     <span class='ocr_line' id='line_1_75' title="bbox 1985 3340 3577 3414; baseline 0.003 -20"><span class='ocrx_word' id='word_1_640' title='bbox 1985 3349 2145 3396; x_wconf 85' lang='lat' dir='ltr'><strong>tectus</strong></span> <span class='ocrx_word' id='word_1_641' title='bbox 2166 3340 2565 3410; x_wconf 78' lang='lat' dir='ltr'><strong>fundamentum</strong></span> <span class='ocrx_word' id='word_1_642' title='bbox 2586 3344 2757 3412; x_wconf 85' lang='lat' dir='ltr'><strong>posui.</strong></span> <span class='ocrx_word' id='word_1_643' title='bbox 2782 3341 2988 3414; x_wconf 82' lang='lat' dir='ltr'><strong>(Amb.)</strong></span> <span class='ocrx_word' id='word_1_644' title='bbox 3008 3341 3251 3397; x_wconf 86' lang='lat' dir='ltr'><strong>Gratiam</strong></span> <span class='ocrx_word' id='word_1_645' title='bbox 3274 3343 3374 3397; x_wconf 89' lang='lat' dir='ltr'><strong>sibi</strong></span> <span class='ocrx_word' id='word_1_646' title='bbox 3396 3345 3577 3399; x_wconf 89' lang='lat' dir='ltr'><strong>datam</strong></span> 
     </span>
    </p>
   </div>
   <div class='ocr_carea' id='block_1_76' title="bbox 1984 3430 3580 3504">
    <p class='ocr_par' dir='ltr' id='par_1_76' title="bbox 1984 3430 3580 3504">
     <span class='ocr_line' id='line_1_76' title="bbox 1984 3430 3580 3504; baseline 0.003 -19"><span class='ocrx_word' id='word_1_647' title='bbox 1984 3430 2134 3495; x_wconf 89' lang='lat' dir='ltr'><strong>dicit,</strong></span> <span class='ocrx_word' id='word_1_648' title='bbox 2176 3439 2236 3485; x_wconf 91' lang='lat' dir='ltr'><strong>ut</strong></span> <span class='ocrx_word' id='word_1_649' title='bbox 2263 3432 2457 3503; x_wconf 78' lang='lat' dir='ltr'><strong>dignus</strong></span> <span class='ocrx_word' id='word_1_650' title='bbox 2480 3441 2627 3487; x_wconf 90' lang='lat' dir='ltr'><strong>esset</strong></span> <span class='ocrx_word' id='word_1_651' title='bbox 2662 3434 2959 3504; x_wconf 80' lang='lat' dir='ltr'><strong>praedicare</strong></span> <span class='ocrx_word' id='word_1_652' title='bbox 2999 3433 3365 3503; x_wconf 78' lang='lat' dir='ltr'><strong>Evangelium,</strong></span> <span class='ocrx_word' id='word_1_653' title='bbox 3417 3442 3479 3488; x_wconf 88' lang='lat' dir='ltr'><strong>ut</strong></span> <span class='ocrx_word' id='word_1_654' title='bbox 3523 3443 3580 3490; x_wconf 88' lang='lat' dir='ltr'><strong>et</strong></span> 
     </span>
    </p>
   </div>
   <div class='ocr_carea' id='block_1_77' title="bbox 1984 3521 3576 3590">
    <p class='ocr_par' dir='ltr' id='par_1_77' title="bbox 1984 3521 3576 3590">
     <span class='ocr_line' id='line_1_77' title="bbox 1984 3521 3576 3590; baseline 0.001 -13"><span class='ocrx_word' id='word_1_655' title='bbox 1984 3522 2087 3577; x_wconf 91' lang='lat' dir='ltr'><strong>hoc</strong></span> <span class='ocrx_word' id='word_1_656' title='bbox 2120 3521 2215 3576; x_wconf 90' lang='lat' dir='ltr'><strong>Dei</strong></span> <span class='ocrx_word' id='word_1_657' title='bbox 2252 3535 2374 3578; x_wconf 88' lang='lat' dir='ltr'><strong>esse</strong></span> <span class='ocrx_word' id='word_1_658' title='bbox 2415 3523 2757 3590; x_wconf 88' lang='lat' dir='ltr'><strong>ostenderet,</strong></span> <span class='ocrx_word' id='word_1_659' title='bbox 2811 3539 2919 3579; x_wconf 92' lang='lat' dir='ltr'><strong>non</strong></span> <span class='ocrx_word' id='word_1_660' title='bbox 2969 3524 3224 3579; x_wconf 88' lang='lat' dir='ltr'><strong>hominis.</strong></span> <span class='ocrx_word' id='word_1_661' title='bbox 3269 3522 3576 3580; x_wconf 90' lang='lat' dir='ltr'><strong>Secundum</strong></span> 
     </span>
    </p>
   </div>
   <div class='ocr_carea' id='block_1_78' title="bbox 1984 3613 3577 3685">
    <p class='ocr_par' dir='ltr' id='par_1_78' title="bbox 1984 3613 3577 3685">
     <span class='ocr_line' id='line_1_78' title="bbox 1984 3613 3577 3685; baseline 0.001 -17"><span class='ocrx_word' id='word_1_662' title='bbox 1984 3613 2125 3669; x_wconf 88' lang='lat' dir='ltr'><strong>hanc</strong></span> <span class='ocrx_word' id='word_1_663' title='bbox 2165 3614 2348 3684; x_wconf 86' lang='lat' dir='ltr'><strong>itaque</strong></span> <span class='ocrx_word' id='word_1_664' title='bbox 2374 3615 2608 3683; x_wconf 82' lang='lat' dir='ltr'><strong>gratiam</strong></span> <span class='ocrx_word' id='word_1_665' title='bbox 2644 3625 2705 3669; x_wconf 93' lang='lat' dir='ltr'><strong>ut</strong></span> <span class='ocrx_word' id='word_1_666' title='bbox 2741 3615 3038 3685; x_wconf 83' lang='lat' dir='ltr'><strong>sapientem</strong></span> <span class='ocrx_word' id='word_1_667' title='bbox 3069 3614 3422 3669; x_wconf 81' lang='lat' dir='ltr'><strong>architectum</strong></span> <span class='ocrx_word' id='word_1_668' title='bbox 3455 3615 3577 3669; x_wconf 83' lang='lat' dir='ltr'><strong>fun-</strong></span> 
     </span>
    </p>
   </div>
   <div class='ocr_carea' id='block_1_79' title="bbox 1985 3706 3576 3779">
    <p class='ocr_par' dir='ltr' id='par_1_79' title="bbox 1985 3706 3576 3779">
     <span class='ocr_line' id='line_1_79' title="bbox 1985 3706 3576 3779; baseline 0.002 -19"><span class='ocrx_word' id='word_1_669' title='bbox 1985 3707 2292 3761; x_wconf 88' lang='lat' dir='ltr'><strong>damentum</strong></span> <span class='ocrx_word' id='word_1_670' title='bbox 2318 3722 2378 3762; x_wconf 88' lang='lat' dir='ltr'><strong>se</strong></span> <span class='ocrx_word' id='word_1_671' title='bbox 2403 3707 2535 3763; x_wconf 90' lang='lat' dir='ltr'><strong>dicit</strong></span> <span class='ocrx_word' id='word_1_672' title='bbox 2560 3707 2826 3778; x_wconf 89' lang='lat' dir='ltr'><strong>posuisse.</strong></span> <span class='ocrx_word' id='word_1_673' title='bbox 2852 3706 3081 3779; x_wconf 87' lang='lat' dir='ltr'><strong>Sapiens</strong></span> <span class='ocrx_word' id='word_1_674' title='bbox 3114 3708 3441 3764; x_wconf 90' lang='lat' dir='ltr'><strong>architectus</strong></span> <span class='ocrx_word' id='word_1_675' title='bbox 3473 3717 3576 3774; x_wconf 89' lang='lat' dir='ltr'><strong>est,</strong></span> 
     </span>
    </p>
   </div>
   <div class='ocr_carea' id='block_1_80' title="bbox 1985 3795 3579 3868">
    <p class='ocr_par' dir='ltr' id='par_1_80' title="bbox 1985 3795 3579 3868">
     <span class='ocr_line' id='line_1_80' title="bbox 1985 3795 3579 3868; baseline 0.004 -20"><span class='ocrx_word' id='word_1_676' title='bbox 1985 3796 2076 3866; x_wconf 87' lang='lat' dir='ltr'><strong>qui</strong></span> <span class='ocrx_word' id='word_1_677' title='bbox 2102 3795 2274 3865; x_wconf 86' lang='lat' dir='ltr'><strong>.juxta</strong></span> <span class='ocrx_word' id='word_1_678' title='bbox 2322 3797 2661 3868; x_wconf 88' lang='lat' dir='ltr'><strong>disciplinam</strong></span> <span class='ocrx_word' id='word_1_679' title='bbox 2705 3799 2943 3854; x_wconf 88' lang='lat' dir='ltr'><strong>auctoris</strong></span> <span class='ocrx_word' id='word_1_680' title='bbox 2988 3798 3216 3854; x_wconf 87' lang='lat' dir='ltr'><strong>collocat</strong></span> <span class='ocrx_word' id='word_1_681' title='bbox 3258 3799 3579 3855; x_wconf 89' lang='lat' dir='ltr'><strong>fundamen-</strong></span> 
     </span>
    </p>
   </div>
   <div class='ocr_carea' id='block_1_81' title="bbox 1988 3885 3578 3957">
    <p class='ocr_par' dir='ltr' id='par_1_81' title="bbox 1988 3885 3578 3957">
     <span class='ocr_line' id='line_1_81' title="bbox 1988 3885 3578 3957; baseline 0.004 -18"><span class='ocrx_word' id='word_1_682' title='bbox 1988 3894 2131 3951; x_wconf 92' lang='lat' dir='ltr'><strong>tum,</strong></span> <span class='ocrx_word' id='word_1_683' title='bbox 2177 3885 2231 3939; x_wconf 91' lang='lat' dir='ltr'><strong>id</strong></span> <span class='ocrx_word' id='word_1_684' title='bbox 2274 3893 2380 3952; x_wconf 87' lang='lat' dir='ltr'><strong>est,</strong></span> <span class='ocrx_word' id='word_1_685' title='bbox 2426 3888 2521 3957; x_wconf 90' lang='lat' dir='ltr'><strong>qui</strong></span> <span class='ocrx_word' id='word_1_686' title='bbox 2564 3885 2857 3943; x_wconf 85' lang='lat' dir='ltr'><strong>secuu&#39;dum</strong></span> <span class='ocrx_word' id='word_1_687' title='bbox 2897 3889 3241 3945; x_wconf 90' lang='lat' dir='ltr'><strong>traditionem</strong></span> <span class='ocrx_word' id='word_1_688' title='bbox 3283 3888 3578 3945; x_wconf 87' lang='lat' dir='ltr'><strong>Salvatoris</strong></span> 
     </span>
    </p>
   </div>
   <div class='ocr_carea' id='block_1_82' title="bbox 1986 3976 3576 4050">
    <p class='ocr_par' dir='ltr' id='par_1_82' title="bbox 1986 3976 3576 4050">
     <span class='ocr_line' id='line_1_82' title="bbox 1986 3976 3576 4050; baseline 0.003 -20"><span class='ocrx_word' id='word_1_689' title='bbox 1986 3976 2342 4047; x_wconf 80' lang='lat' dir='ltr'><strong>evangelizat.</strong></span> <span class='ocrx_word' id='word_1_690' title='bbox 2392 3977 2542 4035; x_wconf 81' lang='lat' dir='ltr'><strong>Alius</strong></span> <span class='ocrx_word' id='word_1_691' title='bbox 2586 3988 2761 4032; x_wconf 86' lang='lat' dir='ltr'><strong>autem</strong></span> <span class='ocrx_word' id='word_1_692' title='bbox 2810 3980 3214 4050; x_wconf 67' lang='lat' dir='ltr'><strong>superadiﬁcat.</strong></span> <span class='ocrx_word' id='word_1_693' title='bbox 3267 3979 3576 4050; x_wconf 65' lang='lat' dir='ltr'><strong>Superccdi-</strong></span> 
     </span>
    </p>
   </div>
   <div class='ocr_carea' id='block_1_83' title="bbox 1990 4067 3577 4139">
    <p class='ocr_par' dir='ltr' id='par_1_83' title="bbox 1990 4067 3577 4139">
     <span class='ocr_line' id='line_1_83' title="bbox 1990 4067 3577 4139; baseline 0.003 -17"><span class='ocrx_word' id='word_1_694' title='bbox 1990 4067 2111 4122; x_wconf 84' lang='lat' dir='ltr'><strong>licia</strong></span> <span class='ocrx_word' id='word_1_695' title='bbox 2140 4077 2288 4133; x_wconf 89' lang='lat' dir='ltr'><strong>sunt,</strong></span> <span class='ocrx_word' id='word_1_696' title='bbox 2318 4084 2436 4137; x_wconf 73' lang='lat' dir='ltr'><strong>quae</strong></span> <span class='ocrx_word' id='word_1_697' title='bbox 2458 4077 2583 4138; x_wconf 85' lang='lat' dir='ltr'><strong>post</strong></span> <span class='ocrx_word' id='word_1_698' title='bbox 2608 4070 3045 4138; x_wconf 70' lang='lat' dir='ltr'><strong>praedicationem</strong></span> <span class='ocrx_word' id='word_1_699' title='bbox 3074 4070 3456 4139; x_wconf 84' lang='lat' dir='ltr'><strong>Apostolorum</strong></span> <span class='ocrx_word' id='word_1_700' title='bbox 3482 4087 3577 4126; x_wconf 90' lang='lat' dir='ltr'><strong>su-</strong></span> 
     </span>
    </p>
   </div>
   <div class='ocr_carea' id='block_1_84' title="bbox 1988 4156 3581 4227">
    <p class='ocr_par' dir='ltr' id='par_1_84' title="bbox 1988 4156 3581 4227">
     <span class='ocr_line' id='line_1_84' title="bbox 1988 4156 3581 4227; baseline 0.003 -18"><span class='ocrx_word' id='word_1_701' title='bbox 1988 4156 2427 4227; x_wconf 82' lang='lat' dir='ltr'><strong>pervenientibus</strong></span> <span class='ocrx_word' id='word_1_702' title='bbox 2452 4158 2739 4212; x_wconf 90' lang='lat' dir='ltr'><strong>traduntur</strong></span> <span class='ocrx_word' id='word_1_703' title='bbox 2766 4166 2858 4212; x_wconf 90' lang='lat' dir='ltr'><strong>aut</strong></span> <span class='ocrx_word' id='word_1_704' title='bbox 2888 4159 3045 4213; x_wconf 87' lang='lat' dir='ltr'><strong>malis</strong></span> <span class='ocrx_word' id='word_1_705' title='bbox 3080 4170 3173 4214; x_wconf 89' lang='lat' dir='ltr'><strong>aut</strong></span> <span class='ocrx_word' id='word_1_706' title='bbox 3200 4158 3359 4214; x_wconf 88' lang='lat' dir='ltr'><strong>bonis</strong></span> <span class='ocrx_word' id='word_1_707' title='bbox 3393 4159 3581 4215; x_wconf 87' lang='lat' dir='ltr'><strong>docto-</strong></span> 
     </span>
    </p>
   </div>
   <div class='ocr_carea' id='block_1_85' title="bbox 1990 4247 3580 4323">
    <p class='ocr_par' dir='ltr' id='par_1_85' title="bbox 1990 4247 3580 4323">
     <span class='ocr_line' id='line_1_85' title="bbox 1990 4247 3580 4323; baseline 0.001 -19"><span class='ocrx_word' id='word_1_708' title='bbox 1990 4249 2160 4305; x_wconf 87' lang='lat' dir='ltr'><strong>ribus.</strong></span> <span class='ocrx_word' id='word_1_709' title='bbox 2198 4247 2563 4322; x_wconf 81' lang='lat' dir='ltr'><strong>Unusquisque</strong></span> <span class='ocrx_word' id='word_1_710' title='bbox 2599 4262 2773 4306; x_wconf 85' lang='lat' dir='ltr'><strong>autem</strong></span> <span class='ocrx_word' id='word_1_711' title='bbox 2802 4252 2971 4307; x_wconf 84' lang='lat' dir='ltr'><strong>videat</strong></span> <span class='ocrx_word' id='word_1_712' title='bbox 3005 4253 3263 4323; x_wconf 88' lang='lat' dir='ltr'><strong>quomodo</strong></span> <span class='ocrx_word' id='word_1_713' title='bbox 3292 4253 3580 4323; x_wconf 77' lang='lat' dir='ltr'><strong>supertedi-</strong></span> 
     </span>
    </p>
   </div>
   <div class='ocr_carea' id='block_1_86' title="bbox 1987 4339 3574 4413">
    <p class='ocr_par' dir='ltr' id='par_1_86' title="bbox 1987 4339 3574 4413">
     <span class='ocr_line' id='line_1_86' title="bbox 1987 4339 3574 4413; baseline 0.004 -20"><span class='ocrx_word' id='word_1_714' title='bbox 1987 4339 2129 4408; x_wconf 83' lang='lat' dir='ltr'><strong>ﬁcet,</strong></span> <span class='ocrx_word' id='word_1_715' title='bbox 2160 4339 2215 4394; x_wconf 89' lang='lat' dir='ltr'><strong>id</strong></span> <span class='ocrx_word' id='word_1_716' title='bbox 2240 4348 2344 4405; x_wconf 90' lang='lat' dir='ltr'><strong>est,</strong></span> <span class='ocrx_word' id='word_1_717' title='bbox 2374 4352 2434 4396; x_wconf 89' lang='lat' dir='ltr'><strong>ut</strong></span> <span class='ocrx_word' id='word_1_718' title='bbox 2456 4342 2849 4412; x_wconf 65' lang='lat' dir='ltr'><strong>supermdilicia</strong></span> <span class='ocrx_word' id='word_1_719' title='bbox 2876 4352 3178 4413; x_wconf 80' lang='lat' dir='ltr'><strong>congruant</strong></span> <span class='ocrx_word' id='word_1_720' title='bbox 3201 4341 3574 4408; x_wconf 84' lang='lat' dir='ltr'><strong>fundamento,</strong></span> 
     </span>
    </p>
   </div>
   <div class='ocr_carea' id='block_1_87' title="bbox 1988 4431 3580 4501">
    <p class='ocr_par' dir='ltr' id='par_1_87' title="bbox 1988 4431 3580 4501">
     <span class='ocr_line' id='line_1_87' title="bbox 1988 4431 3580 4501; baseline 0.003 -16"><span class='ocrx_word' id='word_1_721' title='bbox 1988 4445 2058 4485; x_wconf 88' lang='lat' dir='ltr'><strong>ne</strong></span> <span class='ocrx_word' id='word_1_722' title='bbox 2088 4431 2133 4486; x_wconf 92' lang='lat' dir='ltr'><strong>si</strong></span> <span class='ocrx_word' id='word_1_723' title='bbox 2158 4432 2375 4501; x_wconf 90' lang='lat' dir='ltr'><strong>obliqua</strong></span> <span class='ocrx_word' id='word_1_724' title='bbox 2405 4431 2606 4489; x_wconf 89' lang='lat' dir='ltr'><strong>fuerint</strong></span> <span class='ocrx_word' id='word_1_725' title='bbox 2641 4441 2697 4488; x_wconf 89' lang='lat' dir='ltr'><strong>et</strong></span> <span class='ocrx_word' id='word_1_726' title='bbox 2732 4433 2940 4499; x_wconf 81' lang='lat' dir='ltr'><strong>frivola,</strong></span> <span class='ocrx_word' id='word_1_727' title='bbox 2979 4435 3189 4488; x_wconf 90' lang='lat' dir='ltr'><strong>ruinam</strong></span> <span class='ocrx_word' id='word_1_728' title='bbox 3216 4434 3434 4498; x_wconf 86' lang='lat' dir='ltr'><strong>faciant,</strong></span> <span class='ocrx_word' id='word_1_729' title='bbox 3462 4451 3580 4489; x_wconf 90' lang='lat' dir='ltr'><strong>ma-</strong></span> 
     </span>
    </p>
   </div>
   <div class='ocr_carea' id='block_1_88' title="bbox 1990 4522 3575 4594">
    <p class='ocr_par' dir='ltr' id='par_1_88' title="bbox 1990 4522 3575 4594">
     <span class='ocr_line' id='line_1_88' title="bbox 1990 4522 3575 4594; baseline 0.002 -18"><span class='ocrx_word' id='word_1_730' title='bbox 1990 4532 2152 4578; x_wconf 88' lang='lat' dir='ltr'><strong>nente</strong></span> <span class='ocrx_word' id='word_1_731' title='bbox 2188 4522 2440 4578; x_wconf 89' lang='lat' dir='ltr'><strong>incolumi</strong></span> <span class='ocrx_word' id='word_1_732' title='bbox 2478 4522 2827 4580; x_wconf 88' lang='lat' dir='ltr'><strong>fundamento</strong></span> <span class='ocrx_word' id='word_1_733' title='bbox 2856 4544 2869 4578; x_wconf 91' lang='lat'><strong>:</strong></span> <span class='ocrx_word' id='word_1_734' title='bbox 2904 4524 3029 4594; x_wconf 87' lang='lat' dir='ltr'><strong>quia</strong></span> <span class='ocrx_word' id='word_1_735' title='bbox 3059 4525 3103 4579; x_wconf 89' lang='lat' dir='ltr'><strong>si</strong></span> <span class='ocrx_word' id='word_1_736' title='bbox 3134 4525 3274 4579; x_wconf 89' lang='lat' dir='ltr'><strong>male</strong></span> <span class='ocrx_word' id='word_1_737' title='bbox 3310 4525 3575 4591; x_wconf 90' lang='lat' dir='ltr'><strong>docuerit,</strong></span> 
     </span>
    </p>
   </div>
   <div class='ocr_carea' id='block_1_89' title="bbox 373 4610 3575 4685">
    <p class='ocr_par' dir='ltr' id='par_1_89' title="bbox 373 4610 3575 4685">
     <span class='ocr_line' id='line_1_89' title="bbox 373 4610 3575 4685; baseline 0.001 -19"><span class='ocrx_word' id='word_1_738' title='bbox 373 4610 742 4683; x_wconf 80' lang='lat' dir='ltr'><strong>Unusquisque</strong></span> <span class='ocrx_word' id='word_1_739' title='bbox 766 4621 940 4667; x_wconf 86' lang='lat' dir='ltr'><strong>autem</strong></span> <span class='ocrx_word' id='word_1_740' title='bbox 966 4614 1231 4683; x_wconf 85' lang='lat' dir='ltr'><strong>propriam</strong></span> <span class='ocrx_word' id='word_1_741' title='bbox 1250 4614 1538 4668; x_wconf 86' lang='lat' dir='ltr'><strong>mercedem</strong></span> <span class='ocrx_word' id='word_1_742' title='bbox 1565 4614 1781 4683; x_wconf 87' lang='lat' dir='ltr'><strong>accipiet</strong></span> <span class='ocrx_word' id='word_1_743' title='bbox 1807 4631 1890 4669; x_wconf 72' lang='lat' dir='ltr'><strong>se-</strong></span> <span class='ocrx_word' id='word_1_744' title='bbox 1914 4614 1964 4673; x_wconf 89' lang='lat' dir='ltr'><strong>D</strong></span> <span class='ocrx_word' id='word_1_745' title='bbox 1990 4612 2192 4668; x_wconf 83' lang='lat' dir='ltr'><strong>Christi</strong></span> <span class='ocrx_word' id='word_1_746' title='bbox 2238 4628 2434 4669; x_wconf 88' lang='lat' dir='ltr'><strong>nomen</strong></span> <span class='ocrx_word' id='word_1_747' title='bbox 2478 4624 2788 4683; x_wconf 87' lang='lat' dir='ltr'><strong>permanet,</strong></span> <span class='ocrx_word' id='word_1_748' title='bbox 2829 4616 2973 4685; x_wconf 91' lang='lat' dir='ltr'><strong>quod</strong></span> <span class='ocrx_word' id='word_1_749' title='bbox 3012 4626 3095 4670; x_wconf 89' lang='lat' dir='ltr'><strong>est</strong></span> <span class='ocrx_word' id='word_1_750' title='bbox 3142 4615 3575 4671; x_wconf 88' lang='lat' dir='ltr'><strong>fundamentum:</strong></span> 
     </span>
    </p>
   </div>
   <div class='ocr_carea' id='block_1_90' title="bbox 298 4701 1885 4775">
    <p class='ocr_par' dir='ltr' id='par_1_90' title="bbox 298 4701 1885 4775">
     <span class='ocr_line' id='line_1_90' title="bbox 298 4701 1885 4775; baseline 0.001 -17"><span class='ocrx_word' id='word_1_751' title='bbox 298 4702 533 4758; x_wconf 86' lang='lat' dir='ltr'><strong>cundum</strong></span> <span class='ocrx_word' id='word_1_752' title='bbox 552 4718 707 4757; x_wconf 84' lang='lat' dir='ltr'><strong>suum</strong></span> <span class='ocrx_word' id='word_1_753' title='bbox 736 4701 986 4757; x_wconf 84' lang='lat' dir='ltr'><strong>laborem.</strong></span> <span class='ocrx_word' id='word_1_754' title='bbox 1021 4701 1225 4775; x_wconf 86' lang='lat' dir='ltr'><strong>(Amb.)</strong></span> <span class='ocrx_word' id='word_1_755' title='bbox 1260 4702 1517 4769; x_wconf 86' lang='lat' dir='ltr'><strong>Quamvis</strong></span> <span class='ocrx_word' id='word_1_756' title='bbox 1545 4703 1686 4758; x_wconf 88' lang='lat' dir='ltr'><strong>enim</strong></span> <span class='ocrx_word' id='word_1_757' title='bbox 1721 4719 1885 4760; x_wconf 90' lang='lat' dir='ltr'><strong>unum</strong></span> 
     </span>
    </p>
   </div>
   <div class='ocr_carea' id='block_1_91' title="bbox 300 4793 1888 4866">
    <p class='ocr_par' dir='ltr' id='par_1_91' title="bbox 300 4793 1888 4866">
     <span class='ocr_line' id='line_1_91' title="bbox 300 4793 1888 4866; baseline 0.001 -18"><span class='ocrx_word' id='word_1_758' title='bbox 300 4793 412 4848; x_wconf 88' lang='lat' dir='ltr'><strong>sint</strong></span> <span class='ocrx_word' id='word_1_759' title='bbox 426 4834 443 4859; x_wconf 87' lang='lat'><strong>,</strong></span> <span class='ocrx_word' id='word_1_760' title='bbox 468 4793 565 4850; x_wconf 87' lang='lat' dir='ltr'><strong>sed</strong></span> <span class='ocrx_word' id='word_1_761' title='bbox 586 4793 717 4865; x_wconf 85' lang='lat' dir='ltr'><strong>quia</strong></span> <span class='ocrx_word' id='word_1_762' title='bbox 741 4793 916 4864; x_wconf 81' lang='lat' dir='ltr'><strong>major</strong></span> <span class='ocrx_word' id='word_1_763' title='bbox 933 4803 1019 4849; x_wconf 90' lang='lat' dir='ltr'><strong>est</strong></span> <span class='ocrx_word' id='word_1_764' title='bbox 1036 4793 1482 4866; x_wconf 75' lang='lat' dir='ltr'><strong>quievangelizat</strong></span> <span class='ocrx_word' id='word_1_765' title='bbox 1500 4809 1663 4865; x_wconf 88' lang='lat' dir='ltr'><strong>quam</strong></span> <span class='ocrx_word' id='word_1_766' title='bbox 1683 4795 1773 4865; x_wconf 92' lang='lat' dir='ltr'><strong>qui</strong></span> <span class='ocrx_word' id='word_1_767' title='bbox 1795 4795 1888 4851; x_wconf 88' lang='lat' dir='ltr'><strong>ba-</strong></span> 
     </span>
    </p>
   </div>
   <div class='ocr_carea' id='block_1_92' title="bbox 299 4885 1885 4956">
    <p class='ocr_par' dir='ltr' id='par_1_92' title="bbox 299 4885 1885 4956">
     <span class='ocr_line' id='line_1_92' title="bbox 299 4885 1885 4956; baseline 0.001 -16"><span class='ocrx_word' id='word_1_768' title='bbox 299 4885 493 4956; x_wconf 82' lang='lat' dir='ltr'><strong>ptizat,</strong></span> <span class='ocrx_word' id='word_1_769' title='bbox 532 4886 658 4941; x_wconf 89' lang='lat' dir='ltr'><strong>ideo</strong></span> <span class='ocrx_word' id='word_1_770' title='bbox 691 4885 949 4941; x_wconf 89' lang='lat' dir='ltr'><strong>discrevit</strong></span> <span class='ocrx_word' id='word_1_771' title='bbox 977 4886 1251 4942; x_wconf 88' lang='lat' dir='ltr'><strong>mercedes</strong></span> <span class='ocrx_word' id='word_1_772' title='bbox 1281 4885 1530 4952; x_wconf 90' lang='lat' dir='ltr'><strong>illorum,</strong></span> <span class='ocrx_word' id='word_1_773' title='bbox 1566 4893 1623 4941; x_wconf 91' lang='lat' dir='ltr'><strong>et</strong></span> <span class='ocrx_word' id='word_1_774' title='bbox 1657 4901 1764 4941; x_wconf 92' lang='lat' dir='ltr'><strong>non</strong></span> <span class='ocrx_word' id='word_1_775' title='bbox 1795 4901 1885 4942; x_wconf 88' lang='lat' dir='ltr'><strong>so-</strong></span> 
     </span>
    </p>
   </div>
   <div class='ocr_carea' id='block_1_93' title="bbox 300 4975 1891 5046">
    <p class='ocr_par' dir='ltr' id='par_1_93' title="bbox 300 4975 1891 5046">
     <span class='ocr_line' id='line_1_93' title="bbox 300 4975 1891 5046; baseline 0.002 -17"><span class='ocrx_word' id='word_1_776' title='bbox 300 4975 414 5031; x_wconf 88' lang='lat' dir='ltr'><strong>lum</strong></span> <span class='ocrx_word' id='word_1_777' title='bbox 436 4976 509 5032; x_wconf 85' lang='lat' dir='ltr'><strong>ad</strong></span> <span class='ocrx_word' id='word_1_778' title='bbox 532 4976 639 5032; x_wconf 88' lang='lat' dir='ltr'><strong>hoc</strong></span> <span class='ocrx_word' id='word_1_779' title='bbox 665 4976 760 5031; x_wconf 89' lang='lat' dir='ltr'><strong>sed</strong></span> <span class='ocrx_word' id='word_1_780' title='bbox 786 4975 855 5031; x_wconf 89' lang='lat' dir='ltr'><strong>ad</strong></span> <span class='ocrx_word' id='word_1_781' title='bbox 877 4976 1135 5031; x_wconf 72' lang='lat' dir='ltr'><strong>doctrina:</strong></span> <span class='ocrx_word' id='word_1_782' title='bbox 1163 4975 1528 5032; x_wconf 87' lang='lat' dir='ltr'><strong>sinceritatem</strong></span> <span class='ocrx_word' id='word_1_783' title='bbox 1554 4975 1807 5046; x_wconf 85' lang='lat' dir='ltr'><strong>pertinet,</strong></span> <span class='ocrx_word' id='word_1_784' title='bbox 1831 4986 1891 5032; x_wconf 89' lang='lat' dir='ltr'><strong>ut</strong></span> 
     </span>
    </p>
   </div>
   <div class='ocr_carea' id='block_1_94' title="bbox 302 5068 1889 5140">
    <p class='ocr_par' dir='ltr' id='par_1_94' title="bbox 302 5068 1889 5140">
     <span class='ocr_line' id='line_1_94' title="bbox 302 5068 1889 5140; baseline -0.001 -16"><span class='ocrx_word' id='word_1_785' title='bbox 302 5069 501 5140; x_wconf 85' lang='lat' dir='ltr'><strong>majori</strong></span> <span class='ocrx_word' id='word_1_786' title='bbox 535 5069 731 5140; x_wconf 79' lang='lat' dir='ltr'><strong>dignus</strong></span> <span class='ocrx_word' id='word_1_787' title='bbox 755 5068 1002 5126; x_wconf 88' lang='lat' dir='ltr'><strong>mercede</strong></span> <span class='ocrx_word' id='word_1_788' title='bbox 1024 5069 1120 5137; x_wconf 88' lang='lat' dir='ltr'><strong>sit,</strong></span> <span class='ocrx_word' id='word_1_789' title='bbox 1147 5069 1242 5140; x_wconf 90' lang='lat' dir='ltr'><strong>qui</strong></span> <span class='ocrx_word' id='word_1_790' title='bbox 1267 5068 1580 5125; x_wconf 86' lang='lat' dir='ltr'><strong>inviolatam</strong></span> <span class='ocrx_word' id='word_1_791' title='bbox 1604 5068 1768 5124; x_wconf 87' lang='lat' dir='ltr'><strong>tradit</strong></span> <span class='ocrx_word' id='word_1_792' title='bbox 1789 5068 1889 5123; x_wconf 88' lang='lat' dir='ltr'><strong>do-</strong></span> 
     </span>
    </p>
   </div>
   <div class='ocr_carea' id='block_1_95' title="bbox 299 5164 570 5221">
    <p class='ocr_par' dir='ltr' id='par_1_95' title="bbox 299 5164 570 5221">
     <span class='ocr_line' id='line_1_95' title="bbox 299 5164 570 5221; baseline -0.007 0"><span class='ocrx_word' id='word_1_793' title='bbox 299 5164 570 5221; x_wconf 86' lang='lat' dir='ltr'><strong>ctrinam.</strong></span> 
     </span>
    </p>
   </div>
   <div class='ocr_carea' id='block_1_96' title="bbox 379 5252 1894 5326">
    <p class='ocr_par' dir='ltr' id='par_1_96' title="bbox 379 5252 1894 5326">
     <span class='ocr_line' id='line_1_96' title="bbox 379 5252 1894 5326; baseline 0 -18"><span class='ocrx_word' id='word_1_794' title='bbox 379 5254 475 5308; x_wconf 89' lang='lat' dir='ltr'><strong>Dei</strong></span> <span class='ocrx_word' id='word_1_795' title='bbox 493 5254 629 5309; x_wconf 87' lang='lat' dir='ltr'><strong>enim</strong></span> <span class='ocrx_word' id='word_1_796' title='bbox 645 5269 828 5311; x_wconf 82' lang='lat' dir='ltr'><strong>sumus</strong></span> <span class='ocrx_word' id='word_1_797' title='bbox 842 5254 1109 5325; x_wconf 86' lang='lat' dir='ltr'><strong>adjutores</strong></span> <span class='ocrx_word' id='word_1_798' title='bbox 1130 5270 1150 5308; x_wconf 88' lang='lat'><strong><em>:</em></strong></span> <span class='ocrx_word' id='word_1_799' title='bbox 1172 5253 1271 5309; x_wconf 86' lang='lat' dir='ltr'><strong>Dei</strong></span> <span class='ocrx_word' id='word_1_800' title='bbox 1290 5253 1617 5326; x_wconf 86' lang='lat' dir='ltr'><strong>agricultura</strong></span> <span class='ocrx_word' id='word_1_801' title='bbox 1636 5255 1780 5319; x_wconf 85' lang='lat' dir='ltr'><strong>estis,</strong></span> <span class='ocrx_word' id='word_1_802' title='bbox 1797 5252 1894 5309; x_wconf 87' lang='lat' dir='ltr'><strong>Dei</strong></span> 
     </span>
    </p>
   </div>
   <div class='ocr_carea' id='block_1_97' title="bbox 302 5343 1893 5416">
    <p class='ocr_par' dir='ltr' id='par_1_97' title="bbox 302 5343 1893 5416">
     <span class='ocr_line' id='line_1_97' title="bbox 302 5343 1893 5416; baseline 0 -17"><span class='ocrx_word' id='word_1_803' title='bbox 302 5343 590 5413; x_wconf 72' lang='lat' dir='ltr'><strong>irdiﬁcatio</strong></span> <span class='ocrx_word' id='word_1_804' title='bbox 602 5345 745 5399; x_wconf 81' lang='lat' dir='ltr'><strong>estis.</strong></span> <span class='ocrx_word' id='word_1_805' title='bbox 760 5343 874 5401; x_wconf 85' lang='lat' dir='ltr'><strong>lloc</strong></span> <span class='ocrx_word' id='word_1_806' title='bbox 886 5345 952 5400; x_wconf 90' lang='lat' dir='ltr'><strong>ad</strong></span> <span class='ocrx_word' id='word_1_807' title='bbox 967 5345 1328 5415; x_wconf 88' lang='lat' dir='ltr'><strong>apostolorum</strong></span> <span class='ocrx_word' id='word_1_808' title='bbox 1344 5359 1625 5416; x_wconf 89' lang='lat' dir='ltr'><strong>personam</strong></span> <span class='ocrx_word' id='word_1_809' title='bbox 1639 5346 1893 5416; x_wconf 89' lang='lat' dir='ltr'><strong>pertinet,</strong></span> 
     </span>
    </p>
   </div>
   <div class='ocr_carea' id='block_1_98' title="bbox 304 5434 1893 5506">
    <p class='ocr_par' dir='ltr' id='par_1_98' title="bbox 304 5434 1893 5506">
     <span class='ocr_line' id='line_1_98' title="bbox 304 5434 1893 5506; baseline -0.001 -16"><span class='ocrx_word' id='word_1_810' title='bbox 304 5442 669 5506; x_wconf 84' lang='lat' dir='ltr'><strong>quoseonstat</strong></span> <span class='ocrx_word' id='word_1_811' title='bbox 685 5434 782 5491; x_wconf 89' lang='lat' dir='ltr'><strong>Dei</strong></span> <span class='ocrx_word' id='word_1_812' title='bbox 803 5451 921 5492; x_wconf 85' lang='lat' dir='ltr'><strong>esse</strong></span> <span class='ocrx_word' id='word_1_813' title='bbox 943 5434 1221 5504; x_wconf 87' lang='lat' dir='ltr'><strong>adjutores</strong></span> <span class='ocrx_word' id='word_1_814' title='bbox 1237 5435 1364 5491; x_wconf 89' lang='lat' dir='ltr'><strong>dum</strong></span> <span class='ocrx_word' id='word_1_815' title='bbox 1386 5435 1573 5491; x_wconf 87' lang='lat' dir='ltr'><strong>vicarii</strong></span> <span class='ocrx_word' id='word_1_816' title='bbox 1592 5444 1718 5491; x_wconf 89' lang='lat' dir='ltr'><strong>sunt</strong></span> <span class='ocrx_word' id='word_1_817' title='bbox 1731 5434 1893 5491; x_wconf 86' lang='lat' dir='ltr'><strong>Chri-</strong></span> 
     </span>
    </p>
   </div>
   <div class='ocr_carea' id='block_1_99' title="bbox 304 5523 1897 5597">
    <p class='ocr_par' dir='ltr' id='par_1_99' title="bbox 304 5523 1897 5597">
     <span class='ocr_line' id='line_1_99' title="bbox 304 5523 1897 5597; baseline 0 -17"><span class='ocrx_word' id='word_1_818' title='bbox 304 5535 399 5581; x_wconf 83' lang='lat' dir='ltr'><strong>stt.</strong></span> <span class='ocrx_word' id='word_1_819' title='bbox 418 5523 625 5597; x_wconf 85' lang='lat' dir='ltr'><strong>(Greg.)</strong></span> <span class='ocrx_word' id='word_1_820' title='bbox 638 5524 745 5580; x_wconf 87' lang='lat' dir='ltr'><strong>Sed</strong></span> <span class='ocrx_word' id='word_1_821' title='bbox 758 5524 1209 5581; x_wconf 87' lang='lat' dir='ltr'><strong>considerandum</strong></span> <span class='ocrx_word' id='word_1_822' title='bbox 1229 5533 1312 5581; x_wconf 89' lang='lat' dir='ltr'><strong>est</strong></span> <span class='ocrx_word' id='word_1_823' title='bbox 1333 5540 1401 5580; x_wconf 90' lang='lat' dir='ltr'><strong>ne</strong></span> <span class='ocrx_word' id='word_1_824' title='bbox 1415 5524 1557 5581; x_wconf 85' lang='lat' dir='ltr'><strong>forte</strong></span> <span class='ocrx_word' id='word_1_825' title='bbox 1575 5524 1666 5580; x_wconf 90' lang='lat' dir='ltr'><strong>illa</strong></span> <span class='ocrx_word' id='word_1_826' title='bbox 1684 5534 1897 5581; x_wconf 88' lang='lat' dir='ltr'><strong>senten-</strong></span> 
     </span>
    </p>
   </div>
   <div class='ocr_carea' id='block_1_100' title="bbox 308 5612 1898 5687">
    <p class='ocr_par' dir='ltr' id='par_1_100' title="bbox 308 5612 1898 5687">
     <span class='ocr_line' id='line_1_100' title="bbox 308 5612 1898 5687; baseline 0 -16"><span class='ocrx_word' id='word_1_827' title='bbox 308 5618 382 5671; x_wconf 90' lang='lat' dir='ltr'><strong>tia</strong></span> <span class='ocrx_word' id='word_1_828' title='bbox 402 5616 556 5687; x_wconf 67' lang='lat' dir='ltr'><strong>beati</strong></span> <span class='ocrx_word' id='word_1_829' title='bbox 575 5612 697 5679; x_wconf 82' lang='lat' dir='ltr'><strong>Job,</strong></span> <span class='ocrx_word' id='word_1_830' title='bbox 720 5613 848 5669; x_wconf 90' lang='lat' dir='ltr'><strong>huic</strong></span> <span class='ocrx_word' id='word_1_831' title='bbox 874 5614 993 5671; x_wconf 92' lang='lat' dir='ltr'><strong>loco</strong></span> <span class='ocrx_word' id='word_1_832' title='bbox 1018 5615 1290 5672; x_wconf 86' lang='lat' dir='ltr'><strong>contraria</strong></span> <span class='ocrx_word' id='word_1_833' title='bbox 1318 5614 1389 5669; x_wconf 89' lang='lat' dir='ltr'><strong>sit</strong></span> <span class='ocrx_word' id='word_1_834' title='bbox 1411 5630 1517 5685; x_wconf 90' lang='lat' dir='ltr'><strong>qua</strong></span> <span class='ocrx_word' id='word_1_835' title='bbox 1540 5616 1607 5671; x_wconf 92' lang='lat' dir='ltr'><strong>ad</strong></span> <span class='ocrx_word' id='word_1_836' title='bbox 1627 5615 1898 5671; x_wconf 73' lang='lat' dir='ltr'><strong>aemulato-</strong></span> 
     </span>
    </p>
   </div>
   <div class='ocr_carea' id='block_1_101' title="bbox 309 5703 1896 5778">
    <p class='ocr_par' dir='ltr' id='par_1_101' title="bbox 309 5703 1896 5778">
     <span class='ocr_line' id='line_1_101' title="bbox 309 5703 1896 5778; baseline -0.001 -16"><span class='ocrx_word' id='word_1_837' title='bbox 309 5722 398 5762; x_wconf 87' lang='lat' dir='ltr'><strong>res</strong></span> <span class='ocrx_word' id='word_1_838' title='bbox 425 5720 556 5761; x_wconf 89' lang='lat' dir='ltr'><strong>suos</strong></span> <span class='ocrx_word' id='word_1_839' title='bbox 573 5703 812 5776; x_wconf 87' lang='lat' dir='ltr'><strong>loquitur</strong></span> <span class='ocrx_word' id='word_1_840' title='bbox 834 5705 1018 5761; x_wconf 90' lang='lat' dir='ltr'><strong>dicens</strong></span> <span class='ocrx_word' id='word_1_841' title='bbox 1048 5723 1061 5759; x_wconf 92' lang='lat'><strong>:</strong></span> <span class='ocrx_word' id='word_1_842' title='bbox 1091 5703 1257 5775; x_wconf 86' lang='lat' dir='ltr'><strong>Cujus</strong></span> <span class='ocrx_word' id='word_1_843' title='bbox 1285 5705 1502 5775; x_wconf 88' lang='lat' dir='ltr'><strong>adjutor</strong></span> <span class='ocrx_word' id='word_1_844' title='bbox 1526 5705 1613 5760; x_wconf 89' lang='lat' dir='ltr'><strong>es?</strong></span> <span class='ocrx_word' id='word_1_845' title='bbox 1642 5704 1896 5778; x_wconf 85' lang='lat' dir='ltr'><strong>Nunquid</strong></span> 
     </span>
    </p>
   </div>
   <div class='ocr_carea' id='block_1_102' title="bbox 310 5780 1898 5871">
    <p class='ocr_par' dir='ltr' id='par_1_102' title="bbox 310 5780 1898 5871">
     <span class='ocr_line' id='line_1_102' title="bbox 310 5780 1898 5871; baseline 0 -20"><span class='ocrx_word' id='word_1_846' title='bbox 310 5796 625 5866; x_wconf 69' lang='lat' dir='ltr'><strong>imbecillis?</strong></span> <span class='ocrx_word' id='word_1_847' title='bbox 649 5780 794 5871; x_wconf 60' lang='lat' dir='ltr'><strong>(iob.</strong></span> <span class='ocrx_word' id='word_1_848' title='bbox 820 5796 990 5868; x_wconf 71' lang='lat' dir='ltr'><strong>xxvi.)</strong></span> <span class='ocrx_word' id='word_1_849' title='bbox 1023 5781 1307 5868; x_wconf 80' lang='lat' dir='ltr'><strong>Apostolus</strong></span> <span class='ocrx_word' id='word_1_850' title='bbox 1341 5804 1522 5852; x_wconf 88' lang='lat' dir='ltr'><strong>autem</strong></span> <span class='ocrx_word' id='word_1_851' title='bbox 1560 5796 1697 5853; x_wconf 83' lang='lat' dir='ltr'><strong>dixit</strong></span> <span class='ocrx_word' id='word_1_852' title='bbox 1737 5815 1749 5852; x_wconf 88' lang='lat'>:</span> <span class='ocrx_word' id='word_1_853' title='bbox 1803 5797 1898 5853; x_wconf 87' lang='lat' dir='ltr'><strong>Dei</strong></span> 
     </span>
    </p>
   </div>
   <div class='ocr_carea' id='block_1_103' title="bbox 1992 4704 3576 4776">
    <p class='ocr_par' dir='ltr' id='par_1_103' title="bbox 1992 4704 3576 4776">
     <span class='ocr_line' id='line_1_103' title="bbox 1992 4704 3576 4776; baseline 0.002 -17"><span class='ocrx_word' id='word_1_854' title='bbox 1992 4704 2236 4760; x_wconf 88' lang='lat' dir='ltr'><strong>doctrina</strong></span> <span class='ocrx_word' id='word_1_855' title='bbox 2277 4715 2457 4761; x_wconf 87' lang='lat' dir='ltr'><strong>autem</strong></span> <span class='ocrx_word' id='word_1_856' title='bbox 2506 4707 2646 4761; x_wconf 89' lang='lat' dir='ltr'><strong>mala</strong></span> <span class='ocrx_word' id='word_1_857' title='bbox 2692 4708 2919 4776; x_wconf 89' lang='lat' dir='ltr'><strong>peribit,</strong></span> <span class='ocrx_word' id='word_1_858' title='bbox 2965 4708 3107 4762; x_wconf 90' lang='lat' dir='ltr'><strong>sicut</strong></span> <span class='ocrx_word' id='word_1_859' title='bbox 3150 4708 3410 4763; x_wconf 89' lang='lat' dir='ltr'><strong>Dominus</strong></span> <span class='ocrx_word' id='word_1_860' title='bbox 3450 4709 3525 4762; x_wconf 89' lang='lat' dir='ltr'><strong>ait</strong></span> <span class='ocrx_word' id='word_1_861' title='bbox 3560 4724 3576 4762; x_wconf 84' lang='lat'><strong>:</strong></span> 
     </span>
    </p>
   </div>
   <div class='ocr_carea' id='block_1_104' title="bbox 1995 4793 3578 4869">
    <p class='ocr_par' dir='ltr' id='par_1_104' title="bbox 1995 4793 3578 4869">
     <span class='ocr_line' id='line_1_104' title="bbox 1995 4793 3578 4869; baseline 0.003 -20"><span class='ocrx_word' id='word_1_862' title='bbox 1995 4793 2178 4850; x_wconf 86' lang='lat' dir='ltr'><strong>Omnis</strong></span> <span class='ocrx_word' id='word_1_863' title='bbox 2212 4796 2465 4866; x_wconf 88' lang='lat' dir='ltr'><strong>plantatio</strong></span> <span class='ocrx_word' id='word_1_864' title='bbox 2491 4815 2650 4867; x_wconf 89' lang='lat' dir='ltr'><strong>quam</strong></span> <span class='ocrx_word' id='word_1_865' title='bbox 2687 4815 2790 4852; x_wconf 93' lang='lat' dir='ltr'><strong>non</strong></span> <span class='ocrx_word' id='word_1_866' title='bbox 2819 4798 3071 4869; x_wconf 78' lang='lat' dir='ltr'><strong>plantavit</strong></span> <span class='ocrx_word' id='word_1_867' title='bbox 3115 4796 3274 4853; x_wconf 82' lang='lat' dir='ltr'><strong>Pater</strong></span> <span class='ocrx_word' id='word_1_868' title='bbox 3305 4815 3451 4853; x_wconf 87' lang='lat' dir='ltr'><strong>meus</strong></span> <span class='ocrx_word' id='word_1_869' title='bbox 3479 4815 3578 4853; x_wconf 80' lang='lat' dir='ltr'><strong>ca:-</strong></span> 
     </span>
    </p>
   </div>
   <div class='ocr_carea' id='block_1_105' title="bbox 1992 4886 2922 4963">
    <p class='ocr_par' dir='ltr' id='par_1_105' title="bbox 1992 4886 2922 4963">
     <span class='ocr_line' id='line_1_105' title="bbox 1992 4886 2922 4963; baseline 0.005 -23"><span class='ocrx_word' id='word_1_870' title='bbox 1992 4886 2154 4952; x_wconf 88' lang='lat' dir='ltr'><strong>lestis,</strong></span> <span class='ocrx_word' id='word_1_871' title='bbox 2185 4889 2539 4943; x_wconf 85' lang='lat' dir='ltr'><strong>eradicabitur</strong></span> <span class='ocrx_word' id='word_1_872' title='bbox 2568 4890 2783 4963; x_wconf 81' lang='lat' dir='ltr'><strong>(Matth.</strong></span> <span class='ocrx_word' id='word_1_873' title='bbox 2810 4892 2922 4963; x_wconf 83' lang='lat' dir='ltr'><strong>xv).</strong></span> 
     </span>
    </p>
   </div>
   <div class='ocr_carea' id='block_1_106' title="bbox 2064 4970 3580 5052">
    <p class='ocr_par' dir='ltr' id='par_1_106' title="bbox 2064 4970 3580 5052">
     <span class='ocr_line' id='line_1_106' title="bbox 2064 4970 3580 5052; baseline 0.004 -23"><span class='ocrx_word' id='word_1_874' title='bbox 2064 4975 2489 5034; x_wconf 82' lang='lat' dir='ltr'><strong>Fundamentum</strong></span> <span class='ocrx_word' id='word_1_875' title='bbox 2523 4981 2660 5035; x_wconf 88' lang='lat' dir='ltr'><strong>enint</strong></span> <span class='ocrx_word' id='word_1_876' title='bbox 2701 4997 2850 5035; x_wconf 87' lang='lat' dir='ltr'><strong>nemo</strong></span> <span class='ocrx_word' id='word_1_877' title='bbox 2886 4990 3050 5050; x_wconf 88' lang='lat' dir='ltr'><strong>potest</strong></span> <span class='ocrx_word' id='word_1_878' title='bbox 3086 4996 3276 5052; x_wconf 87' lang='lat' dir='ltr'><strong>ponere</strong></span> <span class='ocrx_word' id='word_1_879' title='bbox 3306 4991 3496 5051; x_wconf 79' lang='lat' dir='ltr'><strong>prtvler</strong></span> <span class='ocrx_word' id='word_1_880' title='bbox 3524 4970 3580 5036; x_wconf 85' lang='lat' dir='ltr'><strong>id</strong></span> 
     </span>
    </p>
   </div>
   <div class='ocr_carea' id='block_1_107' title="bbox 1994 5062 3579 5139">
    <p class='ocr_par' dir='ltr' id='par_1_107' title="bbox 1994 5062 3579 5139">
     <span class='ocr_line' id='line_1_107' title="bbox 1994 5062 3579 5139; baseline 0.003 -22"><span class='ocrx_word' id='word_1_881' title='bbox 1994 5062 2134 5135; x_wconf 88' lang='lat' dir='ltr'><strong>quod</strong></span> <span class='ocrx_word' id='word_1_882' title='bbox 2176 5064 2403 5132; x_wconf 86' lang='lat' dir='ltr'><strong>positum</strong></span> <span class='ocrx_word' id='word_1_883' title='bbox 2450 5075 2555 5131; x_wconf 88' lang='lat' dir='ltr'><strong>est,</strong></span> <span class='ocrx_word' id='word_1_884' title='bbox 2603 5067 2692 5135; x_wconf 82' lang='lat' dir='ltr'><strong>qui</strong></span> <span class='ocrx_word' id='word_1_885' title='bbox 2743 5075 2817 5120; x_wconf 86' lang='lat' dir='ltr'><strong>est</strong></span> <span class='ocrx_word' id='word_1_886' title='bbox 2865 5064 3102 5121; x_wconf 71' lang='lat' dir='ltr'><strong>Christus</strong></span> <span class='ocrx_word' id='word_1_887' title='bbox 3147 5066 3324 5121; x_wconf 82' lang='lat' dir='ltr'><strong>Jesus.</strong></span> <span class='ocrx_word' id='word_1_888' title='bbox 3373 5068 3579 5139; x_wconf 63' lang='grc' dir='ltr'><strong>(ϐπ-ες.)</strong></span> 
     </span>
    </p>
   </div>
   <div class='ocr_carea' id='block_1_108' title="bbox 1994 5153 3581 5230">
    <p class='ocr_par' dir='ltr' id='par_1_108' title="bbox 1994 5153 3581 5230">
     <span class='ocr_line' id='line_1_108' title="bbox 1994 5153 3581 5230; baseline 0.005 -22"><span class='ocrx_word' id='word_1_889' title='bbox 1994 5153 2245 5208; x_wconf 86' lang='lat' dir='ltr'><strong>Christus</strong></span> <span class='ocrx_word' id='word_1_890' title='bbox 2284 5153 2444 5209; x_wconf 80' lang='lat' dir='ltr'><strong>Jesus</strong></span> <span class='ocrx_word' id='word_1_891' title='bbox 2486 5164 2665 5225; x_wconf 89' lang='lat' dir='ltr'><strong>portat</strong></span> <span class='ocrx_word' id='word_1_892' title='bbox 2706 5156 3136 5224; x_wconf 81' lang='lat' dir='ltr'><strong>fundamentum,</strong></span> <span class='ocrx_word' id='word_1_893' title='bbox 3179 5168 3235 5213; x_wconf 88' lang='lat' dir='ltr'><strong>et</strong></span> <span class='ocrx_word' id='word_1_894' title='bbox 3276 5158 3504 5230; x_wconf 84' lang='lat' dir='ltr'><strong>lapides,</strong></span> <span class='ocrx_word' id='word_1_895' title='bbox 3546 5174 3581 5216; x_wconf 84' lang='lat' dir='ltr'><strong>a</strong></span> 
     </span>
    </p>
   </div>
   <div class='ocr_carea' id='block_1_109' title="bbox 1996 5246 3582 5321">
    <p class='ocr_par' dir='ltr' id='par_1_109' title="bbox 1996 5246 3582 5321">
     <span class='ocr_line' id='line_1_109' title="bbox 1996 5246 3582 5321; baseline 0.003 -20"><span class='ocrx_word' id='word_1_896' title='bbox 1996 5246 2261 5316; x_wconf 86' lang='lat' dir='ltr'><strong>lapidibus</strong></span> <span class='ocrx_word' id='word_1_897' title='bbox 2305 5254 2485 5301; x_wconf 89' lang='lat' dir='ltr'><strong>autem</strong></span> <span class='ocrx_word' id='word_1_898' title='bbox 2527 5263 2633 5303; x_wconf 91' lang='lat' dir='ltr'><strong>non</strong></span> <span class='ocrx_word' id='word_1_899' title='bbox 2674 5258 2940 5319; x_wconf 88' lang='lat' dir='ltr'><strong>portatur,</strong></span> <span class='ocrx_word' id='word_1_900' title='bbox 2978 5251 3106 5319; x_wconf 87' lang='lat' dir='ltr'><strong>quia</strong></span> <span class='ocrx_word' id='word_1_901' title='bbox 3149 5254 3459 5321; x_wconf 63' lang='lat' dir='ltr'><strong>redemptor</strong></span> <span class='ocrx_word' id='word_1_902' title='bbox 3485 5267 3582 5306; x_wconf 86' lang='lat' dir='ltr'><strong>no-</strong></span> 
     </span>
    </p>
   </div>
   <div class='ocr_carea' id='block_1_110' title="bbox 1996 5335 3579 5411">
    <p class='ocr_par' dir='ltr' id='par_1_110' title="bbox 1996 5335 3579 5411">
     <span class='ocr_line' id='line_1_110' title="bbox 1996 5335 3579 5411; baseline 0.004 -20"><span class='ocrx_word' id='word_1_903' title='bbox 1996 5345 2109 5392; x_wconf 90' lang='lat' dir='ltr'><strong>ster</strong></span> <span class='ocrx_word' id='word_1_904' title='bbox 2132 5335 2315 5391; x_wconf 90' lang='lat' dir='ltr'><strong>omnia</strong></span> <span class='ocrx_word' id='word_1_905' title='bbox 2335 5344 2520 5391; x_wconf 88' lang='lat' dir='ltr'><strong>nostra</strong></span> <span class='ocrx_word' id='word_1_906' title='bbox 2541 5338 2756 5404; x_wconf 88' lang='lat' dir='ltr'><strong>tolerat,</strong></span> <span class='ocrx_word' id='word_1_907' title='bbox 2779 5340 2877 5396; x_wconf 88' lang='lat' dir='ltr'><strong>sed</strong></span> <span class='ocrx_word' id='word_1_908' title='bbox 2895 5341 2951 5395; x_wconf 91' lang='lat' dir='ltr'><strong>in</strong></span> <span class='ocrx_word' id='word_1_909' title='bbox 2974 5341 3089 5411; x_wconf 87' lang='lat' dir='ltr'><strong>ipso</strong></span> <span class='ocrx_word' id='word_1_910' title='bbox 3108 5342 3309 5396; x_wconf 89' lang='lat' dir='ltr'><strong>malum</strong></span> <span class='ocrx_word' id='word_1_911' title='bbox 3332 5358 3438 5397; x_wconf 87' lang='lat' dir='ltr'><strong>non</strong></span> <span class='ocrx_word' id='word_1_912' title='bbox 3460 5342 3579 5409; x_wconf 87' lang='lat' dir='ltr'><strong>fuit,</strong></span> 
     </span>
    </p>
   </div>
   <div class='ocr_carea' id='block_1_111' title="bbox 1998 5425 3583 5503">
    <p class='ocr_par' dir='ltr' id='par_1_111' title="bbox 1998 5425 3583 5503">
     <span class='ocr_line' id='line_1_111' title="bbox 1998 5425 3583 5503; baseline 0.004 -22"><span class='ocrx_word' id='word_1_913' title='bbox 1998 5425 2142 5498; x_wconf 88' lang='lat' dir='ltr'><strong>quod</strong></span> <span class='ocrx_word' id='word_1_914' title='bbox 2162 5426 2379 5482; x_wconf 87' lang='lat' dir='ltr'><strong>tolerari</strong></span> <span class='ocrx_word' id='word_1_915' title='bbox 2406 5427 2698 5485; x_wconf 89' lang='lat' dir='ltr'><strong>debuisset.</strong></span> <span class='ocrx_word' id='word_1_916' title='bbox 2725 5430 2953 5503; x_wconf 67' lang='lat' dir='ltr'><strong>(Arnim)</strong></span> <span class='ocrx_word' id='word_1_917' title='bbox 2968 5431 3095 5486; x_wconf 86' lang='lat' dir='ltr'><strong>Ideo</strong></span> <span class='ocrx_word' id='word_1_918' title='bbox 3112 5448 3271 5489; x_wconf 90' lang='lat' dir='ltr'><strong>nemo</strong></span> <span class='ocrx_word' id='word_1_919' title='bbox 3293 5441 3469 5503; x_wconf 87' lang='lat' dir='ltr'><strong>potest</strong></span> <span class='ocrx_word' id='word_1_920' title='bbox 3489 5450 3583 5503; x_wconf 85' lang='lat' dir='ltr'><strong>po-</strong></span> 
     </span>
    </p>
   </div>
   <div class='ocr_carea' id='block_1_112' title="bbox 1999 5514 3586 5591">
    <p class='ocr_par' dir='ltr' id='par_1_112' title="bbox 1999 5514 3586 5591">
     <span class='ocr_line' id='line_1_112' title="bbox 1999 5514 3586 5591; baseline 0.001 -19"><span class='ocrx_word' id='word_1_921' title='bbox 1999 5531 2131 5572; x_wconf 90' lang='lat' dir='ltr'><strong>nere</strong></span> <span class='ocrx_word' id='word_1_922' title='bbox 2155 5514 2301 5573; x_wconf 86' lang='lat' dir='ltr'><strong>aliud</strong></span> <span class='ocrx_word' id='word_1_923' title='bbox 2323 5516 2756 5585; x_wconf 85' lang='lat' dir='ltr'><strong>fundamentum,</strong></span> <span class='ocrx_word' id='word_1_924' title='bbox 2784 5520 2911 5590; x_wconf 88' lang='lat' dir='ltr'><strong>quia</strong></span> <span class='ocrx_word' id='word_1_925' title='bbox 2939 5523 3187 5591; x_wconf 89' lang='lat' dir='ltr'><strong>quamvis</strong></span> <span class='ocrx_word' id='word_1_926' title='bbox 3212 5521 3451 5577; x_wconf 80' lang='lat' dir='ltr'><strong>lncretici</strong></span> <span class='ocrx_word' id='word_1_927' title='bbox 3477 5521 3586 5574; x_wconf 89' lang='lat' dir='ltr'><strong>sint</strong></span> 
     </span>
    </p>
   </div>
   <div class='ocr_carea' id='block_1_113' title="bbox 2000 5606 3585 5677">
    <p class='ocr_par' dir='ltr' id='par_1_113' title="bbox 2000 5606 3585 5677">
     <span class='ocr_line' id='line_1_113' title="bbox 2000 5606 3585 5677; baseline 0.001 -15"><span class='ocrx_word' id='word_1_928' title='bbox 2000 5606 2187 5677; x_wconf 90' lang='lat' dir='ltr'><strong>aliqui,</strong></span> <span class='ocrx_word' id='word_1_929' title='bbox 2200 5622 2308 5662; x_wconf 92' lang='lat' dir='ltr'><strong>non</strong></span> <span class='ocrx_word' id='word_1_930' title='bbox 2324 5616 2506 5663; x_wconf 90' lang='lat' dir='ltr'><strong>tamen</strong></span> <span class='ocrx_word' id='word_1_931' title='bbox 2520 5608 2717 5665; x_wconf 91' lang='lat' dir='ltr'><strong>docent</strong></span> <span class='ocrx_word' id='word_1_932' title='bbox 2727 5610 2832 5666; x_wconf 91' lang='lat' dir='ltr'><strong>nisi</strong></span> <span class='ocrx_word' id='word_1_933' title='bbox 2844 5612 2946 5666; x_wconf 88' lang='lat' dir='ltr'><strong>sub</strong></span> <span class='ocrx_word' id='word_1_934' title='bbox 2960 5611 3161 5666; x_wconf 87' lang='lat' dir='ltr'><strong>Christi</strong></span> <span class='ocrx_word' id='word_1_935' title='bbox 3175 5611 3410 5673; x_wconf 88' lang='lat' dir='ltr'><strong>nomine,</strong></span> <span class='ocrx_word' id='word_1_936' title='bbox 3427 5608 3585 5664; x_wconf 81' lang='lat' dir='ltr'><strong>aliter</strong></span> 
     </span>
    </p>
   </div>
   <div class='ocr_carea' id='block_1_114' title="bbox 2000 5699 3585 5770">
    <p class='ocr_par' dir='ltr' id='par_1_114' title="bbox 2000 5699 3585 5770">
     <span class='ocr_line' id='line_1_114' title="bbox 2000 5699 3585 5770; baseline -0.001 -15"><span class='ocrx_word' id='word_1_937' title='bbox 2000 5699 2144 5755; x_wconf 78' lang='lat' dir='ltr'><strong>etum</strong></span> <span class='ocrx_word' id='word_1_938' title='bbox 2158 5707 2463 5754; x_wconf 89' lang='lat' dir='ltr'><strong>commenta</strong></span> <span class='ocrx_word' id='word_1_939' title='bbox 2476 5701 2680 5757; x_wconf 89' lang='lat' dir='ltr'><strong>erroris</strong></span> <span class='ocrx_word' id='word_1_940' title='bbox 2695 5701 3075 5757; x_wconf 88' lang='lat' dir='ltr'><strong>commendare</strong></span> <span class='ocrx_word' id='word_1_941' title='bbox 3088 5716 3195 5756; x_wconf 91' lang='lat' dir='ltr'><strong>non</strong></span> <span class='ocrx_word' id='word_1_942' title='bbox 3221 5707 3465 5770; x_wconf 85' lang='lat' dir='ltr'><strong>possunt,</strong></span> <span class='ocrx_word' id='word_1_943' title='bbox 3480 5700 3585 5755; x_wconf 90' lang='lat' dir='ltr'><strong>nisi</strong></span> 
     </span>
    </p>
   </div>
   <div class='ocr_carea' id='block_1_115' title="bbox 2004 5792 3693 5865">
    <p class='ocr_par' dir='ltr' id='par_1_115' title="bbox 2004 5792 3693 5865">
     <span class='ocr_line' id='line_1_115' title="bbox 2004 5792 3693 5865; baseline -0.003 -15"><span class='ocrx_word' id='word_1_944' title='bbox 2004 5794 2320 5864; x_wconf 78' lang='lat' dir='ltr'><strong>interposito</strong></span> <span class='ocrx_word' id='word_1_945' title='bbox 2334 5792 2624 5853; x_wconf 84' lang='lat' dir='ltr'><strong>salvatoris</strong></span> <span class='ocrx_word' id='word_1_946' title='bbox 2643 5795 2861 5853; x_wconf 87' lang='lat' dir='ltr'><strong>nomine</strong></span> <span class='ocrx_word' id='word_1_947' title='bbox 2874 5795 3191 5865; x_wconf 81' lang='lat' dir='ltr'><strong>praedicent,</strong></span> <span class='ocrx_word' id='word_1_948' title='bbox 3203 5800 3256 5847; x_wconf 88' lang='lat' dir='ltr'><strong>ut</strong></span> <span class='ocrx_word' id='word_1_949' title='bbox 3279 5807 3366 5848; x_wconf 88' lang='lat' dir='ltr'><strong>res</strong></span> <span class='ocrx_word' id='word_1_950' title='bbox 3378 5800 3589 5848; x_wconf 85' lang='lat' dir='ltr'><strong>contra-</strong></span> <span class='ocrx_word' id='word_1_951' title='bbox 3686 5810 3693 5815; x_wconf 85' lang='grc'><strong>·</strong></span> 
     </span>
    </p>
   </div>
  </div>
