4082 6332
470 363 544 418 35
1121 354 1182 411 Β.
1222 351 1478 410 RABANI
1516 349 1736 409 mum
1769 346 2091 406 ARClllEP.
2132 344 2444 404 uocum.
2479 345 2766 405 opunun
2803 346 2985 406 usus
3017 348 3104 406 III.
3298 311 3302 315 “
3676 347 3751 409 se

472 469 939 537 riasetabsurdas
969 465 1207 522 nominis
1229 462 1462 535 dignitas
1486 458 1846 530 acceptabiles
1878 457 2063 514 faciat.
2093 461 2142 523 Α
2170 455 2464 512 secundum
2488 457 2703 515 veniam
2726 460 2976 515 concedit
3000 458 3315 530 Apostolus,
3353 461 3462 517 imo
3494 476 3594 533 per
3613 464 3758 537 Apo-

426 574 445 583 '
472 565 677 638 Siquis
699 571 871 617 autem
898 554 1287 627 superwdiﬁcat
1312 568 1473 622 supra
1501 549 1903 638 fundamentum
1943 548 2061 638 hoc,

468 636 998 722 aurum,argentum,
1041 645 1241 717 lapides
1282 644 1557 714 pretiosos.
1591 637 1796 712 (Amb.)
1836 636 2065 707 Lapides

469 743 694 817 pretiosi
734 746 861 796 sunt
879 752 1018 808 quos
1051 750 1159 790 non
1198 732 1498 802 corrumpit
1532 730 1694 801 ignis.
1718 728 1846 784 Tria
1867 742 2065 800 genera

470 837 654 908 posuit
672 831 928 905 praeclara
951 830 1005 884 in
1021 827 1240 891 mundo,
1258 826 1312 880 in
1331 824 1530 895 quibus
1550 824 1745 878 bonam
1766 821 2065 877 doetrinam

470 920 818 996 significavit,
860 918 1049 989 Ligna,
1076 915 1278 986 fenum,
1299 913 1566 984 stipulam.
1593 911 1720 966 Tria
1743 910 1848 964 alia
1868 924 2065 982 genera

472 1012 672 1086 posuit,
709 1010 804 1066 sed
840 1007 1034 1062 frivola
1060 1023 1074 1058 :
1100 1006 1157 1060 in
1195 1005 1283 1059 his
1302 1012 1557 1072 corrupta
1584 1010 1640 1056 et
1659 1017 1798 1056 vana
1820 1000 2064 1056 doctrina

475 1104 757 1172 designata
775 1098 1128 1170 dignoscitur.
1161 1093 1362 1167 (Aug.)
1394 1093 1497 1160 Qui
1532 1093 1670 1148 bene
1712 1093 1930 1157 vivunt,
1971 1090 2065 1161 qui

473 1195 643 1250 Deum
666 1193 933 1248 honorant
964 1198 1021 1245 et
1050 1189 1292 1253 laudant,
1316 1186 1406 1256 qui
1434 1185 1703 1255 patientes
1738 1193 1866 1238 sunt
1900 1183 1953 1237 in
1977 1183 2069 1237 tri-

474 1283 862 1347 bulationihus,
884 1280 978 1351 qui
1011 1279 1319 1336 desiderant
1356 1275 1611 1345 patriam,
1654 1273 1756 1343 ipsi
1796 1272 2068 1328 tediﬁcant

474 1390 705 1441 aurum,
756 1380 1076 1444 argentum,
1128 1369 1334 1438 lapides
1375 1364 1645 1437 pretiosos
1686 1380 1699 1417 :
1756 1363 1850 1433 qui
1885 1374 2065 1417 autem

474 1471 663 1521 amant
682 1464 857 1520 adhuc
886 1460 1186 1525 saecularia,
1206 1466 1263 1514 et
1294 1456 1524 1527 negotiis
1557 1454 1787 1511 terrenis
1809 1454 2064 1524 implicati

475 1564 622 1622 sunt,
673 1562 729 1610 et
769 1551 935 1609 dediti
971 1558 1097 1606 sunt
1126 1547 1356 1605 vinculis
1396 1546 1719 1617 quihusdam
1762 1553 1817 1599 et
1863 1543 2067 1599 all‘ccti-

475 1646 580 1703 bus
607 1644 809 1709 carnis,
843 1642 1092 1698 domibus
1121 1640 1256 1706 suis,
1298 1637 1582 1710 conjugiis,
1614 1636 2065 1707 possessionibus,

474 1747 533 1794 et
563 1748 745 1793 tamen
772 1735 1066 1792 Christiani
1105 1742 1263 1798 sunt,
1301 1733 1376 1787 ita
1402 1749 1463 1786 υ.
1489 1746 1585 1787 cor
1617 1745 1805 1787 eorum
1841 1745 1951 1786 non
1979 1745 2067 1786 re-

2166 546 2364 601 stolum
2391 545 2672 613 Christus;
2714 556 2894 617 potest
2926 564 3058 621 ergo
3083 560 3138 604 et
3170 550 3275 607 iste
3316 551 3370 607 in
3403 551 3758 615 fundamento

2164 636 2368 692 habere
2395 636 2695 694 Christum.
2737 637 2794 694 Si
2840 640 2984 695 enim
3024 641 3159 696 nihil
3198 642 3251 697 ei
3292 642 3415 700 talis
3449 642 3757 708 aﬁ‘ectionis

2162 727 2559 799 voluptatisque
2581 738 2876 799 praeponat,
2903 732 3154 801 quamvis
3174 735 3568 804 superaediflcct
3588 737 3756 809 ligna,

2165 817 2369 884 fenum,
2393 819 2668 888 stipulam,
2691 820 2940 878 Christus
2966 831 3051 878 est
3084 821 3514 895 fundamentum,
3536 837 3762 902 propter

2166 909 2271 965 hoc
2292 908 2475 964 salvus
2484 909 2591 965 erit
2602 918 2858 980 tanquam
2874 927 2974 983 per
2989 912 3188 982 ignem.
3207 913 3435 972 Delicias
3447 918 3645 990 quippe
3659 921 3763 977 hu-

2158 997 2252 1067 jus
2278 998 2483 1064 mundi,
2510 1012 2833 1070 amoresque
2859 1009 3125 1066 terrenos,
3152 1013 3376 1073 pr0pter
3418 1006 3759 1078 conjugalem

2166 1089 2383 1158 quidem
2413 1087 2662 1158 copulam
2694 1105 2802 1146 non
2831 1089 3188 1159 damnabiles,
3223 1092 3589 1153 tribulationis
3621 1097 3762 1169 ignis

2165 1181 2386 1250 exurit,
2436 1181 2507 1237 ad
2548 1198 2711 1254 quem
2753 1186 3028 1254 pertinent
3073 1186 3253 1258 ignem
3297 1198 3355 1245 et
3395 1192 3660 1251 orbitates
3704 1205 3763 1252 et

2166 1289 2502 1344 quaecunque
2541 1275 2879 1332 calamitates
2925 1293 3047 1348 quae
3091 1277 3345 1335 auferunt
3381 1282 3517 1350 haec,
3557 1300 3624 1341 ac
3662 1301 3762 1356 per

2168 1368 2272 1423 hoc
2319 1368 2371 1423 ei
2414 1368 2506 1438 qui
2532 1368 2854 1436 aedificavit,
2883 1371 2991 1429 erit
3025 1371 3314 1428 aediﬁcatio
3341 1374 3444 1430 ista
3474 1376 3758 1445 damnosa,

2167 1460 2295 1532 quia
2324 1476 2431 1516 non
2479 1461 2700 1518 habebit
2750 1464 2897 1533 quod
2941 1464 3423 1534 snperaedificavit,
3468 1476 3526 1522 et
3571 1483 3760 1526 eorum

2169 1554 2459 1611 amissione
2496 1555 2848 1622 cruciahitur,
2879 1557 3079 1627 quibus
3116 1556 3346 1615 fruendo
3381 1561 3569 1632 utique
3612 1561 3762 1618 heta-

2167 1644 2364 1712 batur;
2392 1645 2488 1701 sed
2512 1660 2611 1717 per
2634 1647 2779 1704 hunc
2795 1647 2986 1716 .ignem
3011 1646 3193 1703 salvus
3220 1648 3326 1704 erit
3348 1650 3545 1707 merito
3568 1650 3762 1707 funda-

2168 1735 2359 1802 menti,
2385 1736 2515 1807 quia
2546 1736 2651 1793 etsi
2696 1747 2876 1793 utrum
2907 1738 2961 1794 id
2990 1738 3192 1795 habere
3238 1740 3442 1807 mallet,
3489 1757 3561 1799 an
3602 1742 3761 1800 Chri-

474 1829 635 1886 cedat
661 1843 692 1884 a
716 1827 954 1891 Christo,
981 1826 1250 1896 quomodo
1275 1825 1331 1881 in
1354 1822 1673 1879 aedificando
1702 1822 1835 1877 nihil
1863 1836 2067 1893 praepo-
2094 1819 2140 1879 B
2167 1834 2332 1891 stum,
2358 1842 2391 1882 a
2417 1836 2765 1898 persecutore
2795 1840 3206 1901 proponeretur,
3237 1832 3371 1890 illud
3394 1832 3613 1892 Christo
3648 1851 3758 1894 non

475 1922 627 1976 nitur
660 1919 1033 1983 fundamento,
1077 1916 1345 1972 aediﬁcant
1381 1914 1598 1985 quidem
1644 1913 1747 1983 ipsi
1787 1912 1952 1984 ligna,
1994 1911 2069 1968 fe-

476 2027 639 2077 num,
681 2010 954 2080 stipulam.
999 2008 1107 2064 Sed
1145 2007 1275 2079 quid
1323 2005 1605 2077 sequitur?
1647 2002 2067 2076 Uniuscujusque

476 2116 608 2170 opus
634 2099 788 2171 quale
816 2099 909 2163 sit,
950 2097 1086 2167 ignis
1125 2096 1382 2169 probabit.
1425 2095 1569 2166 Ignis
1610 2109 1805 2164 nempe
1845 2093 2071 2150 tribula-

478 2189 643 2245 tionis
673 2196 729 2244 et
756 2188 1107 2254 tentationis;
1154 2187 1258 2241 iste
1301 2186 1440 2257 ignis
1466 2184 1663 2240 multos
1693 2184 1944 2254 probavit
1982 2184 2069 2240 hic

478 2289 768 2352 martyres,
814 2294 974 2336 omne
1002 2287 1182 2333 autem
1206 2292 1375 2349 genus
1417 2278 1710 2331 humanum
1736 2274 1986 2345 probabit
2014 2274 2070 2329 in

482 2373 611 2427 line.
628 2370 837 2427 Inventi
852 2379 979 2427 sunt
991 2376 1256 2440 martyres
1268 2368 1360 2438 qui
1375 2367 1635 2423 haberent
1650 2366 1750 2421 ista
1768 2365 2069 2422 saecularia.

479 2460 655 2529 Quam
686 2460 841 2515 multi
871 2460 1066 2515 divites
1086 2469 1143 2514 et
1161 2467 1442 2513 senatores
1459 2457 1609 2527 passi
1624 2458 1781 2511 ωιιε
1806 2453 2071 2511 Edilica-

481 2551 620 2609 bant
666 2559 846 2607 tamen
887 2551 1109 2620 quidam
1134 2564 1323 2606 eorum
1352 2548 1516 2620 ligna,
1550 2547 1751 2614 fenum,
1784 2548 2070 2620 stipulam,

482 2642 544 2700 in
572 2640 855 2701 affectibus
874 2640 1173 2698 carnalium
1205 2648 1263 2695 et
1287 2639 1626 2696 saecularium
1655 2652 1947 2693 curarum:
1976 2639 2074 2694 sed

483 2741 669 2790 nmen
694 2732 819 2803 quia
851 2732 1126 2787 Christum
1152 2729 1561 2786 fundamentum
1592 2728 1883 2794 habebant,
1911 2743 2076 2800 super

483 2824 629 2895 quod
653 2821 1014 2887 aedificabant,
1046 2820 1180 2877 arsit
1203 2818 1407 2881 fenum,
1447 2827 1503 2873 et
1529 2817 1631 2887 ipsi
1661 2824 2075 2887 permanserunt

482 2914 539 2969 in
554 2911 920 2977 fundamento,
939 2909 1222 2966 sicutdicit
1233 2908 1524 2980 Apostolus
1540 2922 1556 2961 :
1570 2905 1628 2963 Si
1649 2908 1802 2971 cuius
1822 2923 1950 2977 opus
1962 2924 2076 2978 per-

482 3005 758 3071 manserit,
783 3003 1072 3057 mercedem
1099 3001 1350 3075 accipiet,
1377 2999 1513 3055 nihil
1542 3000 1753 3068 perdet,
1775 2998 1902 3068 quia
1931 3000 2074 3069 quod

484 3097 687 3151 amavit
706 3096 811 3149 hoc
829 3093 1087 3148 inveniet.
1111 3091 1253 3159 Quid
1273 3106 1405 3163 ergo
1426 3091 1535 3146 illis
1560 3089 1842 3162 fecitignis
1856 3090 2075 3147 tribula-

486 3186 680 3243 tionis?
704 3185 963 3241 Prohavit
980 3200 1094 3240 eos.
1114 3184 1175 3239 Si
1205 3183 1359 3253 cujus
1376 3199 1512 3255 opus
1530 3184 1912 3254 permanserit,
1933 3199 2076 3241 mer-
2101 3169 2146 3231 C

370 3352 375 3357 ἢ
485 3276 671 3332 cedem
701 3274 959 3344 accipiet;
1002 3273 1049 3330 si
1075 3274 1231 3345 cujus
1264 3289 1400 3344 opus
1427 3267 1644 3341 arserit,
1691 3275 2074 3332 detrimentum

483 3367 741 3441 patietur.
757 3363 849 3421 Sic
871 3364 1016 3419 aliud
1040 3374 1124 3420 est
1149 3365 1274 3436 igne
1308 3380 1415 3420 non
1438 3366 1577 3432 laedi,
1597 3365 1743 3421 aliud
1768 3382 1867 3437 per
1892 3367 2074 3439 ignem

487 3457 782 3521 salvari,et
806 3454 981 3511 unde?
1008 3462 1229 3525 propter
1254 3453 1681 3511 fundamentum.
1715 3455 1832 3511 Non
1858 3458 2077 3512 recedat

484 3560 617 3617 ergo
639 3559 705 3600 ne
725 3544 888 3600 corde
907 3543 1337 3609 fundamentum,
1354 3543 1464 3599 noli
1485 3559 1648 3616 supra
1668 3543 1853 3600 fenum
1873 3559 2076 3615 ponere

488 3633 922 3699 fundamentum,
946 3634 1051 3690 hoc
1070 3641 1174 3700 est,
1197 3632 1305 3688 noli
1324 3643 1655 3705 anteponere
1674 3634 1861 3690 fenum
1883 3633 2075 3692 funda-

486 3712 693 3794 mento,
721 3739 780 3781 ut
804 3725 988 3782 fenum
1014 3727 1211 3783 haheat
1234 3728 1467 3796 primum
1496 3726 1675 3782 locum
1696 3728 1751 3783 in
1775 3728 2075 3799 corde,tuo,

489 3828 545 3874 et
562 3819 857 3875 secundum
886 3817 1157 3893 Christus,
1182 3818 1278 3874 sed
1299 3818 1344 3874 si
1361 3818 1474 3889 jam
1496 3833 1603 3873 non
1620 3827 1799 3888 potest
1824 3819 1927 3873 nisi
1957 3835 2078 3876 esse

491 3908 565 3964 ibi
586 3906 790 3974 fenum,
813 3906 900 3987 vel
926 3907 1164 3978 primum
1197 3907 1374 3963 locum
1402 3907 1477 3962 ibi
1505 3907 1705 3963 haheat
1726 3907 1996 3975 Christus,
2022 3918 2078 3964 et

490 4000 675 4057 fenum
704 4001 1024 4057 secundum.

561 4112 984 4184 Uniuscujusque
1021 4129 1151 4183 opus
1192 4112 1527 4182 manifestum
1560 4113 1682 4178 erit,
1719 4111 1830 4167 dies
1866 4111 2076 4168 Domini

490 4206 794 4272 declarabit,
835 4205 963 4275 quia
1006 4205 1061 4257 in
1105 4206 1222 4274 igne
1268 4203 1599 4259 revelabitur.
1653 4204 1764 4260 Hoc
1806 4213 1893 4261 est
1934 4203 2076 4260 mala

491 4296 739 4353 doctrina
789 4295 843 4349 in
892 4296 1015 4365 igne
1062 4296 1315 4351 omnibus
1366 4296 1683 4366 apparebit,
1738 4311 1883 4352 nunc
1931 4297 2075 4352 enim

491 4388 755 4458 quosdam
793 4385 930 4440 fallit
958 4405 971 4440 :
1003 4386 1138 4441 nihil
1170 4387 1222 4440 in
1262 4386 1488 4443 mdiﬁcio
1515 4388 1847 4458 praeponitur
1886 4387 2077 4443 funda-

490 4488 694 4536 mento.
731 4477 987 4548 Quisquis
1008 4479 1189 4548 itaque
1216 4479 1296 4533 sic
1320 4478 1485 4533 habet
1507 4480 1561 4532 in
1585 4479 1750 4534 corde
1776 4478 2071 4546 Christum,
2102 4512 2153 4572 D

492 4578 555 4625 ut
581 4569 633 4626 ei
660 4576 873 4624 terrena
907 4576 964 4624 et
990 4569 1333 4639 temporalia,
1370 4583 1473 4624 nec
1501 4583 1566 4624 ea
1599 4584 1721 4639 quae
1748 4568 1900 4623 licita
1949 4577 2079 4623 sunt

493 4668 656 4729 atque
679 4675 951 4723 concessa,
984 4676 1091 4716 non
1127 4669 1431 4732 praipouat,
1468 4660 1877 4718 fundamentum
1912 4662 2078 4719 habet

495 4750 804 4817 Christum;
858 4752 944 4806 sin
985 4761 1165 4807 autem
1218 4754 1505 4824 praeponit,
1546 4753 1653 4809 etsi
1695 4755 1942 4809 videatur
1980 4755 2081 4810 ha.

493 4843 624 4898 here
645 4842 802 4898 fidem
823 4842 1047 4909 Christi,
1074 4858 1179 4898 non
1201 4854 1286 4900 est
1305 4852 1484 4899 tamen
1508 4844 1563 4898 in
1582 4860 1648 4899 eo
1670 4843 2077 4901 fundamentum

492 4930 765 4998 Christus,
787 4931 873 4987 cui
907 4932 1034 4987 talia
1070 4943 1473 5004 przeponuntur,
1494 4943 1699 5005 quanto
1719 4936 1892 5007 magis
1916 4936 1962 4991 si
1986 4952 2077 4991 sa-

495 5021 691 5076 lutaria
708 5031 977 5092 prmeepta
997 5032 1368 5091 contemnens,
1392 5026 1697 5081 committat
1723 5026 1936 5094 illicita,
1968 5042 2079 5084 non

496 5116 852 5185 praeposuisse
870 5115 1169 5186 Christum,
1203 5120 1296 5174 sed
1328 5121 1698 5191 postposuisse
1718 5121 2078 5178 convincitur.

498 5206 558 5262 Si
586 5207 707 5276 quis
732 5207 917 5278 itaque
946 5206 1289 5265 Christianus
1319 5210 1496 5281 diligit
1526 5212 1886 5277 meretricem,
1922 5213 2081 5281 eique

497 5297 780 5352 adhaerens
806 5313 972 5353 unum
1004 5314 1201 5370 corpus
1230 5299 1477 5366 ellieitur,
1496 5301 1610 5371 jam
1644 5300 1697 5356 in
1733 5300 2080 5359 fundamento

497 5406 607 5447 non
649 5390 812 5449 habet
844 5391 1139 5450 Christum.
1182 5393 1241 5449 Si
1278 5393 1402 5463 quis
1439 5402 1619 5449 autem
1656 5393 1830 5463 diligit
1853 5410 2079 5451 uxorem

497 5500 676 5545 suam.
706 5484 752 5541 si
782 5484 1075 5540 secundum
1100 5485 1393 5550 Christum,
1429 5486 1552 5555 quis
1576 5485 1628 5540 ei
1651 5485 1859 5541 dubitet
1884 5486 1936 5540 in
1959 5484 2080 5541 fun-

497 5578 752 5633 damento
776 5590 900 5632 esse
924 5575 1234 5631 Christum?
1271 5576 1327 5631 Si
1355 5591 1486 5632 vero
1521 5578 1815 5633 secundum
1849 5578 1951 5635 hoc
1980 5594 2080 5634 Ste-

498 5668 700 5733 culum,
745 5668 793 5723 si
840 5667 1147 5733 carnaliter,
1198 5669 1244 5723 si
1293 5669 1345 5722 in
1388 5670 1577 5725 morbo
1621 5670 2081 5739 concupiscentia-

500 5773 639 5821 runt,
667 5758 806 5812 sicut
840 5768 896 5813 ct
926 5766 1111 5828 gentes
1140 5772 1258 5828 qua:
1296 5760 1545 5829 ignorant
1572 5759 1759 5815 Deum.
1786 5760 1947 5815 ctiam
1976 5761 2077 5816 hoc

2167 1928 2593 1988 praeponeretur.
2617 1917 2753 1976 Vide
2772 1920 3095 1991 in.Apostoli
3118 1921 3302 1979 verbis
3329 1923 3604 1982 hominem
3628 1926 3759 1982 mdi-

2166 2006 2421 2063 ﬁcantem
2445 2022 2609 2079 super
2637 2007 3045 2065 fundamentum
3071 2026 3295 2078 aurum,
3326 2023 3612 2085 argentum
3632 2055 3650 2083 ,
3682 2016 3760 2072 la-

2166 2096 2321 2166 pides
2349 2098 2648 2167 pretiosos;
2685 2101 2776 2171 qui
2812 2100 2926 2155 sine
2969 2117 3136 2156 uxore
3163 2111 3238 2157 est
3274 2102 3465 2174 cogitat
3489 2121 3608 2176 quae
3635 2115 3759 2163 sunt

2167 2186 2290 2253 Dei,
2326 2189 2584 2258 quomodo
2616 2188 2820 2260 placeat
2856 2189 2988 2246 Deo.
3030 2189 3166 2247 Vide
3192 2191 3357 2247 alium
3399 2194 3759 2252 mdificantem

2168 2275 2335 2348 ligna,
2378 2276 2587 2344 fenum,
2630 2278 2906 2350 stipulam,
2944 2281 3033 2351 qui
3056 2290 3232 2337 autem
3270 2283 3608 2339 matrimonio
3627 2285 3760 2355 jun-

2168 2372 3758 2449 ωαιςίιςόιςωςεωωσ-ιωαιάίςιοηοάο

2168 2460 2370 2532 placeat
2412 2462 2587 2517 uxori.
2629 2461 3064 2535 Uniuseujusque
3112 2479 3248 2536 opus
3297 2465 3759 2534 manifestabitur,

2170 2555 2283 2611 dies
2306 2556 2460 2623 enim
2486 2555 2702 2611 Domini
2729 2556 3041 2625 declarabit,
3075 2559 3192 2614 dies
3226 2558 3413 2630 utique
3450 2559 3758 2617 tribulatio-

2172 2648 2277 2715 nis,
2303 2650 2553 2719 quoniam
2572 2650 2627 2704 in
2649 2649 2789 2721 igne,
2807 2650 3000 2721 inquit,
3026 2650 3358 2707 revelabitur.
3374 2652 3633 2709 Eamdem
3657 2654 3758 2709 tri-

2171 2738 2500 2795 hulationem
2549 2740 2725 2812 ignem
2772 2750 2953 2810 vocat,
3002 2743 3144 2798 sicut
3180 2743 3308 2808 alibi
3353 2743 3551 2816 legitur
3580 2745 3758 2802 :Vasa

2171 2828 2322 2901 ﬁguli
2344 2829 2529 2900 probat
2553 2830 2769 2900 fomax,
2803 2841 2852 2887 et
2879 2833 3115 2888 homines
3133 2833 3313 2904 justas
3348 2835 3565 2890 tentatio
3594 2835 3749 2892 tribu

2172 2921 2389 2975 lationis
2418 2921 2611 2993 (Eccli.
2635 2923 2830 2997 xxvii).
2859 2924 2935 2983 Et
2963 2925 3386 2997 uniuscujusque
3413 2942 3571 2999 opus,
3601 2927 3762 2999 quale

2174 3011 2268 3077 sit,
2298 3011 2442 3082 ignis
2470 3013 2749 3083 probabit;
2779 3015 2825 3069 si
2849 3010 3003 3087 cujus
3028 3032 3158 3087 opus
3182 3019 3454 3087 manserit,
3482 3027 3763 3090 permanet

2174 3105 2320 3160 enim
2346 3105 2488 3174 quod
2513 3106 2742 3177 quisque
2769 3108 2989 3179 cogitat,
3021 3124 3143 3179 qua:
3181 3119 3307 3166 sunt
3341 3110 3456 3175 Dei,
3493 3113 3764 3182 quomodo

2176 3194 2388 3267 placeat
2412 3195 2540 3259 Deo,
2568 3198 2711 3267 quod
2740 3199 3173 3269 supertediﬁcasit
3201 3201 3489 3257 mercedem
3522 3204 3760 3275 accipiet,

2174 3285 2231 3341 id
2277 3293 2392 3352 est,
2430 3286 2573 3342 unde
2610 3288 2868 3359 cogitavit
2908 3290 3012 3345 hoc
3047 3299 3243 3345 sumet.
3283 3290 3343 3346 Si
3377 3293 3532 3364 cujus
3587 3304 3764 3350 autem

2174 3396 2304 3452 Opus
2341 3382 2562 3449 arserit,
2598 3382 2847 3438 damnum
2881 3384 3128 3454 patietur,
3166 3385 3420 3457 quoniam
3448 3386 3593 3457 quod
3626 3386 3763 3444 dile-

2174 3479 2331 3526 xerat
2357 3486 2468 3528 non
2487 3471 2738 3538 habebit;
2767 3474 2876 3545 ipse
2912 3484 3088 3530 autem
3127 3476 3302 3532 salvus
3322 3478 3439 3544 erit,
3462 3479 3588 3549 quia
3616 3478 3765 3535 nulla

2174 3577 2299 3618 eum
2322 3563 2599 3619 tribulatio
2624 3564 2694 3619 ab
2727 3565 2871 3621 illius
2897 3564 3229 3623 fundamenti
3265 3568 3560 3624 stabilitate
3588 3584 3766 3626 semo-

2174 3658 2274 3723 vit,
2304 3657 2381 3712 sic
2413 3666 2590 3712 tamen
2608 3659 2761 3729 quasi
2788 3676 2880 3730 per
2918 3662 3114 3730 ignem,
3153 3661 3297 3731 quod
3321 3661 3467 3716 enim
3498 3663 3617 3719 sine
3658 3663 3764 3720 illi-

2174 3747 2351 3803 ciente
2364 3761 2550 3802 amore
2570 3763 2678 3803 non
2691 3748 2901 3814 habuit,
2916 3752 3032 3804 sine
3046 3760 3236 3806 urente
3246 3749 3431 3809 dolore
3444 3766 3551 3808 non
3564 3753 3763 3823 perdit.

2248 3838 2316 3892 Et
2367 3840 2781 3912 uniuscujusque
2824 3859 2955 3913 opus
3002 3843 3156 3914 quale
3202 3845 3271 3898 sit
3321 3846 3459 3916 ignis
3503 3847 3762 3917 probabit.

2176 3930 2381 4004 (Δηώ.)
2424 3931 2560 3999 Quia
2585 3932 2729 3987 enim
2753 3946 2853 4002 per
2879 3934 3057 4006 ignem
3095 3935 3431 3991 examinatio
3467 3936 3583 4004 flet,
3623 3939 3667 3994 si
3709 3939 3765 3995 in

2176 4022 2359 4093 aliquo
2385 4037 2493 4077 non
2534 4022 2803 4077 invenerit
2827 4024 2970 4094 quod
2995 4033 3208 4091 exurat,
3245 4025 3566 4096 manifestat
3615 4027 3766 4083 illum
3884 4016 3893 4025 “

2174 4113 2375 4167 bonum
2417 4110 2583 4166 fuisse
2609 4112 2905 4169 doctorem.
2939 4113 3079 4169 Mala
3123 4115 3267 4170 enim
3295 4124 3353 4172 et
3390 4116 3635 4173 adultera
3663 4117 3762 4172 do-

2175 4204 2352 4257 ctrina
2393 4199 2598 4257 idcirco
2637 4202 2692 4257 in
2722 4203 2867 4272 ligno
2913 4214 2972 4259 et
3013 4204 3069 4259 in
3099 4203 3223 4260 feno
3248 4213 3306 4261 et
3348 4205 3403 4260 in
3445 4207 3641 4278 stipula
3685 4207 3761 4263 si-

2175 4294 2429 4365 gniﬁcata
2451 4302 2558 4360 est,
2593 4302 2654 4350 ut
2675 4296 3054 4352 ostenderetur
3076 4296 3217 4368 ignis
3252 4312 3374 4353 esse
3397 4313 3544 4354 esca.
3579 4286 3764 4372 (Aug.)

2177 4385 2306 4440 Tale
2334 4385 2538 4457 aliquid
2573 4385 2738 4441 etiam
2766 4395 2890 4456 post
2922 4386 3063 4441 hanc
3092 4387 3260 4441 vitam
3292 4386 3411 4442 fieri
3448 4388 3764 4445 incredibile

2177 4493 2284 4534 non
2328 4488 2432 4545 est,
2470 4487 2528 4533 et
2566 4484 2749 4534 utrum
2784 4479 2859 4534 ita
2899 4480 2970 4534 sit
2999 4479 3163 4549 quaeri
3208 4488 3427 4549 potest:
3458 4490 3515 4535 et
3554 4489 3649 4535 aut
3682 4482 3767 4537 in-

2178 4569 2376 4635 veniri,
2401 4579 2494 4624 aut
2517 4568 2706 4635 latere,
2731 4567 3016 4624 nonnullos
3043 4567 3228 4624 fideles
3251 4584 3348 4640 per
3377 4569 3556 4641 ignem
3582 4585 3765 4640 quem-

2176 4660 2300 4716 dam
2335 4660 2723 4732 purgatorium,
2759 4666 2962 4730 quanto
3005 4659 3181 4730 magis
3218 4659 3468 4715 minusve
3508 4660 3649 4716 bona
3676 4675 3767 4730 pe-

2180 4754 2388 4808 reuntia
2415 4751 2738 4817 dilexerunt,
2794 4760 2945 4806 tanto
2982 4750 3189 4805 tardius
3224 4749 3491 4820 citiusque
3531 4750 3730 4806 salvari
3761 4766 3778 4806 :

2179 4858 2285 4899 non
2307 4851 2486 4897 tamen
2507 4841 2661 4907 tales,
2684 4842 2752 4897 de
2772 4840 3019 4912 qualibus
3039 4840 3242 4896 dictum
3259 4848 3363 4905 est,
3386 4840 3526 4912 quod
3549 4857 3766 4912 regnum

2180 4932 2277 4987 Dei
2312 4949 2415 4987 non
2438 4932 2805 5003 possidebunt,
2842 4931 2943 4986 nisi
2970 4932 3355 4987 convenienter
3376 4932 3766 5003 pcenitentibus

2180 5024 2371 5079 eadem
2426 5021 2652 5077 crimina
2718 5022 3083 5076 remittantur.
3142 5018 3568 5077 Fundamentum
3624 5022 3764 5076 enim

2179 5114 2327 5169 aliud
2366 5130 2515 5169 nemo
2553 5121 2718 5183 potest
2746 5130 2938 5184 ponere
2971 5122 3162 5184 praeter
3189 5114 3244 5167 id
3268 5114 3407 5185 quod
3434 5116 3657 5185 positum
3688 5123 3763 5171 est

2180 5205 2418 5262 Christus
2446 5206 2620 5261 Iesus.
2653 5204 2861 5279 (Greg.)
2904 5204 3154 5277 Nunquid
3197 5207 3360 5262 etiam
3390 5207 3493 5278 ipsi
3532 5206 3763 5279 apostoli

2178 5315 2276 5370 per
2306 5301 2481 5371 ignem
2509 5298 2902 5369 probabuntur,
2932 5300 3025 5370 qui
3060 5314 3166 5355 non
3196 5298 3471 5369 iudicandi
3503 5299 3597 5354 sed
3621 5298 3764 5367 judi-

2181 5391 2357 5445 caturi
2389 5388 2670 5445 duodecim
2713 5390 2887 5446 tribus
2930 5390 3094 5446 Israel
3135 5388 3425 5445 dicuntur?
3461 5397 3555 5444 aut
3595 5390 3761 5446 etiam

2182 5484 2299 5540 illos
2325 5484 2463 5555 ignis
2486 5483 2736 5552 probabit
2759 5498 2879 5538 cum
2904 5483 3099 5553 quibus
3123 5484 3357 5554 seipsum
3384 5491 3603 5538 sanctus
3626 5482 3765 5537 Pau-

2184 5578 2265 5634 lus
2302 5577 2607 5632 numeravit
2643 5577 2829 5633 dicens
2858 5594 2876 5631 :
2909 5574 3023 5631 Nos
3055 5586 3231 5631 autem
3266 5576 3355 5647 qui
3396 5575 3759 5647 relinquimur,

2182 5668 2341 5725 simul
2363 5684 2479 5722 cum
2504 5667 2610 5722 illis
2645 5669 2908 5738 rapiemur
2949 5666 3006 5720 in
3044 5666 3264 5721 nubibus
3294 5666 3495 5721 obviam
3536 5663 3759 5719 Domino

2182 5763 2236 5815 in
2257 5777 2400 5826 aera,
2422 5771 2468 5814 et
2494 5760 2569 5813 sic
2590 5774 2788 5827 semper
2808 5773 2924 5813 cum
2946 5756 3168 5812 Domino
3192 5756 3383 5811 erimus
3406 5752 3459 5827 (1
3484 5753 3634 5809 Thes.
3659 5754 3757 5822 tv).
