4082 6332
280 404 349 462 37
780 392 1330 453 ENARRATIONUM
1369 390 1437 451 lN
1474 391 1622 449 EPP.
1663 390 1872 448 PAULI
1913 382 2039 440 LIB.
2079 381 2172 437 IX.
2214 413 2283 423 --
2317 383 2388 439 IN
2424 386 2644 447 EPIST.
2690 391 2711 445 ι
2747 390 2840 449 AD
2871 390 3030 449 COR.
3248 436 3255 457 .
3474 398 3545 456 33

282 519 342 575 si
361 516 630 583 dictorum
659 509 860 566 Christi
879 482 1098 567 sensum
1118 522 1425 581 pensemus,
1453 508 1593 564 hanc
1616 506 1863 564 obscuri-
1886 527 1945 585 Α
1964 507 2062 564 sed
2085 522 2210 564 cum
2251 507 2409 575 dicit,
2445 509 2522 564 sic
2553 519 2729 564 tamen
2770 510 2923 581 quasi
2961 527 3056 582 per
3092 528 3287 583 ignem,
3314 517 3553 573 ostendit

278 608 448 665 tatem
463 604 582 677 ipso
599 596 937 657 illuminante
948 599 1014 654 ad
1022 598 1203 654 lucem
1215 598 1584 669 perducimus:
1607 612 1732 652 nam
1745 596 1862 667 ipse

278 699 417 757 dixit
447 714 462 751 :
491 694 677 767 Ignem
705 692 820 748 veni
848 692 1049 745 mittere
1077 689 1135 743 in
1148 697 1373 756 terram,
1398 688 1592 760 etquid
1620 684 1737 741 volo
1763 686 1866 740 nisi

279 802 336 848 ut
380 786 608 845 ardeat?
654 784 817 858 (Luc.
866 782 1002 853 xu.)
1052 779 1393 853 Spiritusque
1435 788 1657 835 sanctus
1705 791 1867 848 super

279 881 557 955 apostolos
589 874 922 932 descendens
966 873 1021 926 in
1058 871 1237 941 specie
1279 869 1417 943 ignis
1451 869 1733 940 apparuit,
1772 865 1866 936 qui

279 975 336 1031 in
370 973 527 1044 signo
556 981 824 1039 apparens
858 962 1194 1028 inﬁdelibus,
1227 956 1412 1017 fideles
1440 961 1585 1016 intus
1626 968 1689 1016 ut
1725 958 1866 1030 ignis

272 1060 551 1136 probavit.
576 1055 721 1129 Opus
745 1070 867 1126 ergo
888 1051 1299 1123 uniuscujusque
1316 1049 1471 1120 quale
1494 1051 1563 1105 sit
1590 1049 1724 1120 ignis
1745 1065 1868 1120 pro-

276 1151 449 1215 babit,
478 1147 605 1219 quia
640 1159 776 1216 quos
810 1143 950 1214 ignis
984 1139 1239 1212 Spiritalis
1260 1140 1316 1193 in
1345 1141 1598 1210 praesenti
1625 1148 1868 1210 tempore

266 1232 385 1295 non
410 1237 709 1299 examinat,
740 1234 794 1288 in
824 1232 1007 1286 futuro
1036 1228 1241 1298 judicio
1263 1244 1362 1300 per
1389 1228 1568 1301 ignem
1588 1228 1863 1298 probabit.

268 1324 592 1398 'Quicunque
630 1340 751 1395 ergo
781 1321 985 1393 Spiritu
1016 1318 1114 1373 Dei
1135 1329 1383 1389 aguntur,
1410 1319 1465 1372 lii
1493 1318 1596 1387 ﬁlii
1622 1328 1744 1373 sunt
1768 1317 1868 1372 Dei

278 1417 455 1490 (Rom.
482 1412 626 1485 vni),
654 1411 747 1483 qui
775 1410 903 1465 licet
924 1422 1022 1479 per
1046 1407 1225 1479 ignem
1252 1407 1467 1478 probati
1505 1404 1710 1476 Spiritu
1746 1420 1870 1460 san-

276 1517 367 1564 cto
404 1502 704 1562 examinati
753 1506 879 1555 sunt
923 1513 938 1552 :
985 1512 1113 1551 nam
1140 1495 1293 1551 illum
1336 1510 1435 1566 per
1470 1494 1866 1565 impositionem

274 1609 538 1653 manuum
580 1590 817 1662 episcopi
847 1587 1197 1659 accipientes,
1231 1585 1540 1641 nullatenus
1572 1583 1642 1639 ab
1675 1599 1742 1639 eo
1775 1584 1869 1640 de-

268 1682 531 1751 ‘viarunt;
576 1684 674 1740 sed
734 1682 782 1738 si
822 1680 1003 1751 aliqua
1048 1679 1103 1734 in
1146 1692 1205 1733 re
1249 1678 1565 1748 delinquunt
1610 1692 1870 1748 recogno-

275 1777 480 1836 scendo
508 1785 567 1831 et
605 1772 909 1830 conﬁtendo
941 1770 1305 1840 corriguntur.
1346 1768 1534 1825 Omnis
1571 1769 1748 1835 enim,
1787 1770 1867 1822 in-

1964 599 2173 656 salvum
2195 600 2410 671 quidem
2436 599 2586 655 illum
2610 599 2853 656 futurum
2869 642 2886 667 ,
2915 603 3011 658 sed
3033 616 3225 674 pmnas
3254 604 3394 678 ignis
3420 622 3551 678 pas-

1965 705 2187 758 surum,
2218 699 2278 745 ut
2314 705 2413 762 per
2449 692 2627 762 ignem
2669 699 2928 765 purgatus
2972 691 3068 749 fiat
3105 693 3314 761 salvus,
3357 706 3410 751 et
3443 712 3553 752 non

1963 779 2104 835 sicut
2137 776 2328 850 perfidi
2358 780 2481 851 igne
2504 788 2764 851 perpetuo
2789 790 3103 852 torqueatur
3131 824 3147 849 ,
3182 794 3243 839 ut
3270 801 3339 840 ex
3369 785 3552 856 aliqua

1963 880 2120 941 parte
2139 885 2319 942 operte
2335 871 2571 941 pretium
2595 873 2668 928 sit
2685 871 2976 929 credidisse
3003 873 3060 928 in
3083 872 3375 933 Christum.
3400 875 3554 932 Sem-

1964 977 2064 1033 per
2087 962 2232 1017 enim
2258 964 2546 1018 erubescat
2574 976 2796 1018 necesse
2820 972 2922 1031 est,
2955 965 3049 1036 qui
3083 981 3143 1022 se
3174 966 3323 1022 videt
3354 966 3553 1024 falsum

1964 1050 2273 1107 defendisse
2293 1066 2393 1122 pro
2418 1066 2549 1107 vero
2566 1092 2582 1118 ,
2604 1061 2661 1107 et
2693 1052 2857 1107 simili
2877 1053 3036 1110 modo
3058 1069 3273 1126 semper
3295 1056 3552 1113 fiduciam

1964 1141 2185 1197 habebit
2218 1142 2336 1209 Dei,
2379 1143 2470 1213 qui
2507 1144 2717 1215 abjecto
2755 1142 2912 1210 falso,
2959 1155 3175 1203 secutus
3221 1156 3306 1203 est
3336 1160 3553 1215 verum,

1962 1240 2022 1288 et
2049 1241 2231 1303 spreta
2265 1232 2576 1305 impietate,
2609 1235 2891 1290 succubuit
2924 1235 3148 1307 pietati:
3173 1246 3328 1293 extra
3361 1241 3556 1295 catho-

1964 1325 2128 1382 licam
2158 1327 2303 1382 enim
2336 1327 2622 1382 veritatem
2656 1326 2917 1396 quidquid
2947 1337 3051 1395 est,
3088 1331 3424 1385 contrarium
3446 1339 3552 1387 est.

1968 1416 2152 1489 (Aug.)
2184 1416 2333 1472 Multi
2356 1425 2483 1473 sunt
2501 1417 2591 1488 qui
2610 1432 2707 1487 per
2728 1416 3014 1473 lectionem
3038 1419 3200 1475 istam
3228 1420 3370 1476 male
3396 1421 3557 1479 intel-

1966 1503 2196 1580 ligent‘es
2235 1506 2371 1563 falsa
2408 1507 2700 1563 securitate
2734 1507 3099 1577 decipiuntur,
3141 1511 3270 1564 dum
3299 1506 3554 1577 credunt,

1969 1600 2113 1671 quod
2145 1601 2194 1655 si
2229 1614 2394 1671 super
2418 1597 2830 1655 fundamentum
2865 1600 3068 1656 Christi
3093 1601 3323 1656 crimina
3346 1602 3554 1673 capita-

1968 1688 2043 1745 lia
2067 1689 2356 1757 :editicant,
2398 1698 2622 1759 peccata
2669 1688 2922 1765 ipsa.per
2958 1688 3139 1759 ignem
3183 1689 3556 1745 transitorium

1971 1784 2184 1857 possint
2216 1784 2457 1857 purgari,
2501 1792 2559 1839 et
2599 1783 2701 1854 ipsi
2736 1791 2923 1854 postea
2951 1783 3021 1839 ad
3046 1784 3212 1838 vitam
3242 1792 3558 1855 perpetuam

274 1871 395 1941 Ψιίι
416 1868 700 1930 Dominus,
736 1879 836 1936 Per
859 1864 1038 1935 ίεηθω
1078 1861 1325 1927 salleni?»
1365 1868 1459 1915 θυι
1486 1861 1632 1947 enim
1657 1861 1747 1917 hic
1767 1876 1867 1931 Per
1891 1879 1940 1940 B
1966 1876 2274 1945 pervenire.
2306 1874 2617 1931 Intellectus
2637 1874 2763 1940 iste,
2788 1874 2988 1931 fratres
3024 1875 3355 1940 charissimi,
3381 1877 3556 1932 corri-

272 1961 603 2034 spiritalem,
639 1968 733 2013 aut
757 1956 869 2011 illic
897 1969 997 2025 per
1029 1954 1366 2024 corporalem
1407 1954 1586 2024 ignem
1613 1951 1868 2024 probabi-

274 2062 383 2108 tur.
413 2050 683 2106 Nimirum
707 2047 997 2124 ergo'sicut
1018 2062 1126 2101 non
1151 2045 1209 2100 in
1232 2045 1321 2102 die
1340 2043 1528 2116 judicii
1555 2058 1745 2101 omnes
1768 2059 1870 2116 per

272 2146 455 2218 ignem
488 2142 884 2214 probabuntur,
930 2139 1004 2193 ita
1047 2138 1103 2193 in
1144 2136 1262 2208 ipso
1297 2138 1596 2209 eodemque
1635 2138 1721 2194 die
1758 2153 1868 2193 non

268 2249 465 2291 omnes
506 2233 730 2288 omnino
769 2228 1178 2299 iudicabuntur,
1225 2226 1452 2283 Domino
1498 2235 1733 2284 tesrante
1774 2226 1870 2299 qui

226 2390 237 2403 ο
273 2314 386 2383 ait:
418 2325 526 2393 Qui
562 2324 723 2379 credit
762 2323 820 2377 in
856 2320 1080 2386 Filium,
1119 2336 1225 2374 non
1251 2319 1616 2390 judicabitur;
1644 2320 1735 2391 qui
1768 2335 1868 2373 au-

272 2422 375 2473 tem
403 2414 710 2471 incredulus
740 2422 836 2479 est,
854 2413 974 2483 jam
994 2408 1268 2482 judicatus
1290 2419 1367 2464 est
1392 2409 1574 2483 (Joan.
1599 2410 1698 2483 tv).
1725 2409 1871 2479 Quos

266 2524 378 2565 nec
402 2523 536 2579 ergo
559 2506 702 2578 ignis
727 2503 941 2559 futurus
967 2502 1235 2573 probabit,
1259 2501 1304 2556 si
1328 2498 1470 2557 Deus
1494 2516 1598 2557 nec
1623 2500 1873 2558 credulos

271 2614 381 2655 nec
406 2596 713 2653 incredulos
734 2593 1033 2666 judicabit?
1067 2591 1174 2647 Sed
1200 2591 1356 2662 quasi
1391 2606 1422 2645 a
1454 2591 1611 2647 nobis
1642 2591 1872 2648 interro-

274 2704 525 2767 garetur,
551 2690 692 2763 quod
727 2704 858 2761 ergo
896 2688 1001 2743 erit
1025 2685 1323 2756 judicium?
1360 2684 1609 2756 protinus
1646 2682 1869 2752 subjun-

274 2787 386 2852 xit,
414 2785 600 2839 dicens
623 2800 637 2837 :
666 2783 763 2836 hoc
790 2789 864 2838 est
883 2778 1173 2850 judicium,
1203 2776 1329 2848 quia
1352 2775 1446 2829 tua:
1470 2775 1606 2829 venit
1634 2775 1691 2828 in
1713 2790 1870 2852 mun-

271 2850 429 2943 dum,
464 2884 515 2931 et
540 2873 835 2929 dilexerunt
864 2868 1097 2925 homines
1134 2866 1301 2937 magis
1337 2864 1573 2919 tenebras
1607 2878 1765 2935 quam
1791 2850 1874 2916 tu-

271 2985 408 3025 cem.
460 2965 527 3022 Hi
570 2979 702 3036 ergo
741 2962 845 3018 soli
882 2961 939 3015 in
976 2960 1065 3015 die
1098 2956 1288 3029 judicii
1320 2952 1729 3025 iudicabuntur,
1778 2952 1872 3025 qui

270 3058 405 3117 licet
423 3059 605 3113 lucem
643 3055 845 3112 scirent
870 3050 1074 3116 venire,
1107 3059 1289 3104 tamen
1316 3044 1486 3116 magis
1513 3043 1764 3101 tenebras
1791 3043 1874 3098 di—

268 3142 445 3225 ligere
491 3148 766 3204 dicuntur.
809 3142 947 3198 Nam
983 3141 1076 3212 qui
1121 3141 1176 3196 in
1211 3134 1479 3200 .tenebris'
1504 3146 1723 3192 manent
1756 3135 1872 3206 jam

1969 1966 2175 2038 gendus
2210 1973 2312 2031 est,
2340 1966 2468 2036 quia
2517 1966 2621 2037 ipsi
2653 1980 2714 2021 se
2740 1966 3027 2035 seducunt,
3051 1967 3146 2037 qui
3170 1966 3252 2022 sic
3277 1966 3381 2023 sibi
3412 1967 3559 2023 blan-

1969 2056 2221 2123 diuntur;
2255 2056 2348 2113 illo
2370 2056 2515 2112 enim
2541 2056 2859 2113 transitorio
2886 2057 3009 2127 igne
3036 2057 3105 2112 de
3128 2072 3234 2129 quo
3258 2058 3394 2114 dixit
3415 2059 3561 2130 Apo-

1968 2147 2157 2212 stolus,
2199 2143 2321 2218 Ipse
2359 2151 2497 2202 enim
2543 2146 2720 2202 salvus
2767 2149 2886 2215 erit,
2926 2150 3002 2203 sic
3042 2158 3217 2204 tamen
3274 2149 3428 2221 quasi
3465 2167 3562 2221 per

1966 2234 2158 2308 ignem,
2190 2252 2297 2293 non
2323 2236 2598 2308 capitalia.
2627 2237 2722 2294 sed
2746 2238 2953 2293 minuta
2980 2248 3203 2308 peccata
3237 2248 3561 2310 purgantur,

1968 2337 2025 2384 et
2061 2330 2310 2400 quamvis
2357 2329 2501 2401 quod
2538 2330 2694 2401 pejus
2722 2337 2825 2396 est,
2853 2344 2962 2385 non
3000 2329 3172 2387 solum
3206 2328 3436 2399 majora,
3465 2332 3561 2387 sed

1970 2421 2135 2476 etiam
2169 2429 2225 2477 et
2257 2422 2464 2477 minuta
2498 2422 2724 2477 nimium
2759 2420 2914 2497 plura
2944 2431 3092 2488 sunt,
3126 2423 3195 2479 de
3219 2423 3354 2493 ipsis
3379 2435 3560 2480 tamen

1970 2515 2269 2586 majoribus
2296 2514 2537 2586 peccatis
2565 2515 2667 2570 etsi
2696 2530 2806 2570 non
2832 2515 3036 2582 omnia,
3071 2516 3157 2571 vel
3196 2515 3376 2588 aliqua
3413 2531 3563 2572 com-

1971 2605 2319 2663 memoranda
2348 2612 2495 2671 sunt,
2521 2618 2590 2659 ne
2624 2604 2820 2675 aliquis
2847 2604 3080 2660 inaniter
3111 2620 3372 2661 excusare
3399 2619 3563 2661 cone-

1971 2706 2080 2765 tur,
2109 2704 2165 2752 et
2201 2698 2363 2764 dicat,
2397 2696 2610 2753 nescire
2642 2710 2702 2752 se
2732 2711 2853 2767 quae
2900 2705 3028 2752 sunt
3068 2696 3277 2752 minuta
3316 2707 3560 2768 peccata,

1971 2800 2092 2858 quae
2120 2797 2302 2842 autem
2336 2787 2563 2843 crimina
2592 2786 2861 2856 capitalia.
2893 2786 2962 2841 Et
2998 2787 3246 2858 quamvis
3273 2787 3564 2859 Apostolus

1973 2879 2227 2950 capitalia
2262 2878 2416 2949 plura
2456 2880 2987 2942 commemoraverit,
3019 2893 3119 2934 nos
3145 2889 3349 2946 autem,
3375 2894 3445 2935 ne
3470 2880 3563 2936 de-

1974 2970 2339 3040 sperationem
2372 2967 2554 3023 facere
2581 2967 2883 3034 videamur,
2910 2969 3150 3025 breviter
3175 2969 3417 3025 dicemus
3443 2984 3565 3039 qua:

1974 3063 2065 3119 illa
2093 3072 2239 3130 sunt,
2270 3064 2349 3119 uti
2387 3062 2751 3136 sacrilegium,
2794 3062 3168 3132 homicidium,
3212 3065 3560 3133 adulterium,

1972 3154 2171 3212 falsum
2205 3157 2598 3223 testimonium,
2631 3156 2855 3223 furtum,
2888 3158 3101 3229 rapina,
3124 3160 3397 3230 superbia,
3420 3160 3564 3217 invi-

268 3242 502 3326 judicali
545 3248 692 3306 sum:
731 3236 823 3309 qui
861 3244 1044 3292 autem
1085 3231 1218 3288 nihil
1259 3230 1606 3326 Ἒθηθδτθῗξξξη
1648 3229 1869 3326 habent:
1898 3234 1944 3297 C
1973 3248 2084 3316 dia,
2121 3250 2372 3317 avaritia,
2400 3258 2458 3306 et
2494 3250 2541 3307 si
2588 3251 2747 3321 longo
2786 3260 3029 3321 tempore
3074 3229 3311 3309 tenuerit
3351 3255 3568 3313 iracun-

274 3320 394 3392 sine
432 3333 545 3389 ullo
580 3328 786 3403 judicio
828 3328 897 3382 ad
938 3326 1113 3381 lucem
1154 3322 1443 3393 pertinent.
1490 3320 1569 3375 Illi
1610 3334 1740 3375 vero
1779 3318 1875 3390 qui

274 3426 405 3482 licet
429 3422 693 3494 baptizati
720 3429 847 3476 sunt
877 3418 933 3472 in
958 3416 1142 3470 futuro
1161 3412 1366 3485 judicio
1382 3411 1662 3482 judicandi
1690 3418 1870 3466 erunt.

276 3517 355 3573 De
398 3515 508 3570 illis
547 3527 678 3585 ergo
726 3510 856 3567 solis
898 3499 1161 3579 ju'dicium
1208 3503 1518 3569 habebitur,
1560 3510 1620 3556 ut
1667 3510 1760 3556 aut
1803 3498 1873 3556 ad

274 3604 479 3673 lucem,
520 3614 619 3659 aut
646 3602 714 3659 ad
750 3601 1001 3657 tenebras
1036 3597 1157 3668 plus
1198 3595 1471 3667 pertinere
1508 3593 1739 3649 debeant
1782 3593 1875 3647 (ιε-ο

275 3706 639 3756 monstretur.
689 3694 993 3763 licsurgent
1035 3703 1165 3760 ergo
1190 3687 1247 3742 hi
1275 3694 1336 3741 ut
1363 3684 1695 3756 iudicentur,
1738 3681 1875 3754 justi

274 3800 338 3846 ut
365 3788 634 3860 judicent,
666 3783 818 3856 impii
858 3790 918 3837 ut
939 3781 1280 3843 damnentur,
1325 3776 1452 3846 quia
1492 3778 1548 3830 et
1584 3774 1661 3830 illi
1696 3788 1876 3829 resur-

274 3889 434 3953 gent,
462 3877 554 3933 sed
585 3890 695 3930 non
722 3874 777 3928 in
795 3870 1021 3943 judicio,
1051 3865 1336 3921 Psalmista
1365 3871 1619 3930 testante,
1643 3862 1735 3932 qui
1758 3863 1870 3918 ait:

276 3973 411 4029 Non
442 3977 717 4040 resurgunt
738 3964 886 4036 impii
913 3960 969 4016 in
986 3959 1191 4032 judicio
1217 3955 1390 4030 (Psal.
1414 3955 1479 4028 ι).

351 4087 416 4144 Si
437 4083 593 4154 cujus
618 4098 748 4157 opus
773 4078 1020 4133 manserit
1043 4074 1181 4147 quod
1204 4071 1722 4145 superandi/iuuerit,
1746 4085 1881 4125 mer-

275 4181 458 4237 cedem
486 4175 725 4245 accipiet.
758 4168 961 4244 (Δηὼ.)
992 4166 1128 4222 Cum
1158 4165 1307 4221 enim
1331 4162 1466 4218 nihil
1492 4163 1549 4217 in
1585 4161 1676 4217 illo
1701 4161 1879 4217 sordis

276 4271 567 4326 inventum
609 4263 775 4321 fuerit
804 4263 1066 4317 doctrinae
1105 4273 1310 4330 pravae,
1352 4265 1413 4311 ut
1450 4256 1509 4312 in
1549 4256 1694 4312 bono
1722 4270 1876 4324 auro,

276 4361 356 4416 ita
384 4359 497 4415 erit
538 4365 602 4412 ut
648 4367 760 4411 tres
794 4352 994 4409 fratres
1040 4350 1095 4405 in
1129 4349 1344 4405 camino
1381 4348 1543 4420 ignis,
1572 4347 1877 4403 mercedem

273 4451 449 4506 vitam
500 4456 763 4504 aeternam
802 4458 926 4501 cum
971 4442 1143 4515 gloria
1190 4448 1530 4510 accepturus,
1566 4438 1693 4509 quia
1738 4437 1881 4494 sicut

274 4559 477 4600 aurum
505 4554 563 4597 et
605 4546 886 4611 argentum
916 4545 973 4593 et
1013 4534 1238 4606 lapides,
1270 4548 1406 4605 quos
1452 4532 1590 4602 ignis
1618 4547 1725 4586 non
1754 4545 1881 4586 con-

1973 3341 2139 3408 diam,
2167 3349 2223 3397 et
2249 3341 2506 3409 ebrietas,
2533 3341 2581 3396 si
2613 3341 2828 3397 assidua
2870 3342 2962 3407 sit,
3009 3344 3064 3397 in
3112 3357 3300 3399 eorum
3338 3359 3568 3402 numero

1973 3440 2334 3501 computatur.
2380 3430 2699 3500 Quicunque
2738 3432 2884 3487 enim
2921 3431 3102 3502 aliqua
3130 3433 3197 3488 de
3226 3432 3343 3488 istis
3366 3448 3563 3503 pecca-

1977 3522 2046 3579 tis
2074 3524 2128 3577 in
2164 3537 2223 3579 se
2254 3522 2523 3579 dominari
2553 3522 2885 3594 cognoverit,
2913 3524 3017 3579 nisi
3046 3524 3205 3595 digne
3231 3539 3291 3581 se
3309 3527 3567 3583 emenda-

1973 3616 2133 3683 verit,
2165 3616 2212 3671 si
2251 3616 2502 3671 babuerit
2537 3615 2793 3685 spatium,
2828 3616 2984 3688 longo
3024 3624 3265 3688 tempore
3290 3628 3562 3689 ptemten-

1976 3705 2105 3760 tiam
2134 3706 2330 3775 egerit,
2368 3714 2425 3760 ct
2464 3704 2641 3776 largas
2675 3706 3050 3777 elecniosynas
3076 3707 3402 3778 erogaverit,
3444 3718 3500 3764 et
3532 3723 3566 3765 a

1974 3797 2212 3867 peccatis
2241 3796 2582 3863 abstinuerit,
2610 3795 2700 3852 illo
2727 3797 3040 3853 transitorio
3073 3798 3197 3869 igne
3215 3837 3231 3857 .
3262 3799 3331 3854 de
3359 3814 3467 3869 quo
3488 3798 3568 3854 ait

1974 3886 2284 3958 Apostolus,
2329 3889 2553 3958 purgari
2594 3902 2705 3943 non
2750 3888 2985 3959 poterit,
3034 3889 3129 3944 sed
3169 3876 3373 3945 aeterna
3416 3890 3568 3947 illum

1976 3979 2193 4036 ﬂamma
2216 3981 2334 4036 sine
2364 3981 2473 4037 ullo
2496 3981 2735 4037 remedio
2761 3981 3070 4037 trucidabit.
3102 3983 3233 4052 Quae
3257 3993 3437 4042 autem
3459 3987 3572 4042 sint

1978 4071 2186 4127 minuta
2214 4081 2458 4143 peccata,
2487 4071 2617 4127 licet
2644 4071 2898 4126 omnibus
2922 4080 3050 4127 nota
3080 4073 3211 4140 sint,
3233 4083 3415 4131 tamen
3439 4077 3568 4148 quia

1979 4163 2201 4235 longum
2233 4171 2320 4219 est
2344 4172 2404 4218 ut
2430 4163 2613 4219 omnia
2644 4162 2992 4233 replicentur,
3023 4180 3159 4236 opus
3181 4174 3284 4234 est,
3312 4176 3372 4222 ut
3391 4184 3457 4224 ex
3488 4170 3570 4227 eis

1980 4257 2067 4314 vel
2098 4257 2278 4327 aliqua
2308 4256 2677 4323 nominemus;
2707 4256 2922 4326 quoties
2956 4256 3156 4326 aliquis
3199 4257 3255 4313 in
3292 4259 3434 4328 cibo,
3477 4272 3572 4320 aut

1981 4351 2035 4407 in
2066 4359 2196 4421 potu
2232 4350 2355 4421 plus
2392 4349 2591 4419 accipit
2625 4364 2791 4420 quam
2828 4363 3053 4407 necesse
3089 4358 3202 4416 est,
3248 4352 3317 4408 ad
3363 4354 3573 4412 minuta

1978 4450 2202 4513 peccata
2266 4441 2481 4496 noverit
2533 4441 2851 4508 pertinere;
2902 4440 3115 4512 quoties
3159 4426 3280 4512 plus
3334 4443 3575 4514 loquitur

1982 4546 2145 4602 quam
2167 4539 2403 4602 oportet,
2429 4530 2551 4603 plus
2577 4539 2721 4586 tacet
2744 4545 2910 4601 quam
2940 4532 3188 4601 expedit;
3212 4534 3426 4603 quoties
3444 4550 3576 4605 pau-

275 4637 532 4708 sumpsit,
580 4601 752 4689 ita'et
796 4631 970 4687 bonus
1015 4601 1273 4700 magister
1286 4601 1737 4698 incorruptibilis
1764 4640 1883 4696 per-
1910 4601 1958 4659 λ)
1987 4601 2171 4695 pcrem
2191 4601 2554 4695 inopportuno
2576 4629 2847 4692 petentem
2867 4631 3186 4692 exasperat;
3211 4601 3430 4693 quoties
3444 4601 3574 4682 cum

276 4728 546 4785 manebit.
580 4724 638 4780 Si
663 4724 816 4795 cujus
848 4738 976 4793 opus
1001 4721 1212 4786 arserit,
1235 4718 1605 4772 detrimentum
1634 4716 1878 4786 patietur.

277 4818 432 4890 Opus
466 4814 849 4897 quod_ardere
886 4810 1108 4875 dicitur,
1148 4807 1289 4862 mala
1331 4806 1579 4862 doctrina
1622 4812 1722 4869 est,
1763 4819 1883 4874 qua:

278 4908 575 4966 interibit:
609 4895 804 4962 cuncta
833 4903 979 4959 enim
1011 4899 1155 4955 mala
1177 4898 1453 4969 peribunt,
1479 4897 1621 4952 sicut
1647 4895 1751 4960 iter
1778 4896 1881 4950 im-

278 4976 522 5074 piorum,
553 4998 684 5068 quia
712 5011 819 5051 non
845 5001 972 5050 sunt
996 4991 1311 5048 substantia:
1337 4990 1433 5045 sed
1455 4989 1886 5045 asseverationes

276 5106 578 5166 perversae.
611 5090 875 5144 Damnum
904 5095 1086 5141 autem
1116 5083 1229 5153 pati
1257 5090 1374 5148 est,
1405 5096 1597 5152 pinnas
1632 5081 1840 5151 perpeti
1870 5096 1885 5135 :

279 5185 408 5255 quis
443 5182 594 5238 enim
624 5180 679 5235 in
707 5193 867 5249 poma
894 5177 1102 5248 positus
1120 5176 1393 5245 jacturam
1421 5189 1530 5229 non
1561 5172 1730 5227 facit?
1767 5171 1889 5243 Ipse

279 5291 463 5329 tamen
495 5270 674 5327 salvus
706 5271 825 5335 erit,
852 5270 927 5322 sic
950 5278 1125 5322 tamen
1147 5266 1300 5337 quasi
1325 5281 1418 5337 per
1445 5266 1636 5335 ignem.
1667 5263 1886 5319 Salvum

275 5368 533 5419 futurum
579 5361 728 5415 illum
766 5358 916 5424 dicit,
944 5357 1074 5428 quia
1120 5371 1229 5411 non
1275 5355 1519 5411 interibit
1561 5355 1881 5419 substantia,

276 5470 390 5526 qua
439 5459 691 5516 constat,
742 5448 882 5503 sicut
924 5455 981 5502 ct
1019 5446 1262 5501 doctrina
1309 5444 1452 5500 mala
1497 5444 1716 5516 peribit,
1761 5445 1886 5516 quia

277 5545 543 5602 accidens
591 5554 759 5597 causa
809 5547 910 5594 est.
966 5536 1092 5593 Ideo
1138 5543 1321 5591 autem
1371 5535 1539 5601 dixit,
1588 5535 1666 5589 sic
1714 5544 1888 5589 tamen

275 5637 435 5709 quasi
460 5651 558 5708 per
579 5635 776 5705 ignem,
802 5639 861 5686 ut
888 5630 1035 5686 salus
1060 5630 1177 5685 hinc
1195 5643 1303 5697 non
1325 5628 1444 5685 sine
1465 5642 1623 5700 pmna
1645 5627 1732 5694 sit,
1758 5627 1887 5698 quia

278 5745 392 5785 non
415 5728 578 5793 dixit,
596 5724 796 5782 Salvus
815 5724 918 5779 erit
941 5739 1036 5795 per
1051 5723 1250 5795 ignem,
1267 5729 1328 5776 ut
1351 5722 1546 5777 merito
1568 5736 1666 5777 suo
1685 5722 1753 5776 ab
1777 5720 1885 5793 igni

282 5836 393 5878 non
421 5819 746 5879 combustus
793 5816 973 5874 salvus
1014 5817 1108 5873 tiat
1142 5815 1486 5872 examinatus
1523 5831 1620 5887 per
1661 5816 1882 5889 ignem;

1989 4714 2062 4771 sit
2092 4728 2320 4784 corpore
2341 4728 2506 4769 sanus
2523 4751 2540 4780 ,
2566 4709 3075 4783 aliisjejunantibus
3098 4714 3368 4782 prandere
3394 4715 3578 4773 volue-

1990 4807 2101 4873 rit,
2140 4813 2236 4860 aut
2271 4820 2461 4861 somno
2506 4804 2720 4871 deditus
2756 4803 2963 4858 tardius
3005 4804 3074 4859 ad
3122 4804 3408 4862 ecclesiam
3456 4823 3580 4865 sur-

1990 4896 2099 4969 git;
2153 4895 2388 4965 quoties,
2437 4901 2663 4963 excepto
2714 4893 2984 4948 desiderio
3031 4893 3264 4950 ﬁliorum
3288 4936 3304 4962 ,
3351 4912 3579 4954 uxorem

1990 5003 2143 5044 suam
2174 4986 2525 5058 cognoverit;
2558 4984 2771 5056 quoties
2798 4984 2852 5038 in
2882 5000 3104 5041 carcere
3137 4986 3345 5057 positos
3371 4972 3581 5046 tardius

1987 5079 2325 5150 requisierit,
2355 5077 2600 5133 inﬁrmos
2631 5076 2837 5132 tardius
2863 5076 3199 5145 visitaverit;
3230 5079 3277 5134 si
3305 5080 3581 5139 discordes

1989 5172 2057 5228 ad
2086 5172 2432 5227 concordiam
2468 5184 2727 5224 revocare
2754 5168 3084 5240 neglexerit;
3112 5169 3156 5225 si
3179 5170 3302 5240 plus
3335 5179 3429 5226 aut
3457 5188 3580 5244 prec

1989 5265 2217 5330 simum,
2244 5271 2338 5317 aut
2364 5277 2612 5329 uxorem,
2644 5269 2739 5317 aut
2764 5261 2960 5328 lilium,
2996 5271 3090 5317 aut
3116 5276 3334 5317 servum
3359 5278 3584 5335 exaspe-

1990 5352 2196 5408 raverit
2234 5367 2399 5423 quam
2438 5360 2698 5423 oportet;
2735 5351 2783 5406 si
2830 5350 3063 5421 amplius
3102 5350 3266 5407 fuerit
3312 5351 3589 5410 blanditus

1992 5458 2156 5515 quam
2185 5451 2438 5512 oportet;
2478 5442 2523 5498 si
2578 5443 2886 5514 quicunque
2933 5439 3126 5510 majori
3162 5457 3445 5511 personae,
3492 5450 3589 5498 aut

1989 5550 2054 5591 ex
2091 5535 2389 5605 voluntate,
2437 5544 2532 5592 aut
2571 5550 2641 5591 ex
2682 5535 3010 5592 necessitate
3069 5530 3278 5593 adulari
3310 5534 3582 5598 voluerit;

1990 5626 2037 5683 si
2063 5626 2393 5698 pauperibus
2419 5627 2786 5684 esurientibus
2806 5629 3033 5685 nimium
3060 5630 3314 5686 deliciosa
3332 5625 3417 5682 vel
3440 5639 3587 5679 sum-

1989 5725 2183 5788 ptuosa
2211 5719 2457 5774 convivia
2484 5721 2902 5790 praeparaverit;
2942 5722 2988 5777 si
3022 5737 3081 5777 se
3114 5729 3210 5775 aut
3237 5721 3291 5774 in
3334 5714 3583 5779 ecclesia,

1954 5823 2083 5895 'aut
2108 5824 2263 5874 extra
2302 5815 2586 5873 ecclesiam
2624 5814 2822 5874 fabulis
2859 5815 3050 5872 otiosis
3074 5817 3140 5873 de
3164 5813 3361 5885 quibus
3401 5811 3458 5870 in
3497 5809 3588 5868 die
