4082 6332
491 412 564 471 s9
988 412 1011 421 δ
1124 406 1205 466 ‘B.
1248 406 1501 466 mem
1541 409 1758 470 MAURI
1797 409 2115 469 ARCHIEP.
2155 409 2466 469 uocum.
2508 408 2792 470 orsum:
2832 412 3012 469 rans
3049 410 3135 469 ut.
3702 374 3774 471 to

486 526 677 599 iudicii
703 526 844 584 ratio
880 525 1154 611 reddenda
1192 534 1280 581 est
1311 528 1689 595 occupaverit;
1734 527 1783 582 si
1829 525 1957 580 dum
2000 525 2083 580 in-
2108 532 2159 591 Α
2185 522 2350 595 ligna,
2379 539 2579 595 sponsa
2607 526 2867 582 describit
2893 527 2948 581 in
2981 525 3208 582 Cantico
3232 522 3571 582 canticorum
3606 545 3618 580 :
3645 526 3779 586 Tra-

491 631 649 678 caute
668 621 930 692 iuramus,
957 628 1015 673 et
1035 634 1159 673 cum
1187 618 1290 673 hoc
1314 632 1411 687 per
1438 617 1673 687 aliquam
1696 619 2079 674 necessitatem

490 710 717 783 implere
746 724 854 765 non
896 709 1196 778 poterimus
1237 707 1424 778 utique
1459 708 1817 779 perjuremus,
1854 718 1911 763 et
1954 724 2079 764 cum

491 803 639 859 omni
688 800 966 867 facilitate,
1000 801 1096 857 ,νει
1134 800 1439 857 temeritate
1486 802 1903 866 maledicimus,
1949 817 2078 872 quo-

491 893 640 947 niam
669 893 930 963 scriptum
950 899 1055 957 est,
1087 904 1264 961 neque
1296 891 1542 947 maledici
1579 906 1796 963 regnum
1833 892 1931 947 Dei
1959 908 2082 964 pos-

490 976 731 1039 sidebunt
754 983 806 1054 (Ι
828 983 951 1038 Cor.
975 984 1084 1053 vi);
1113 992 1169 1038 et
1190 984 1236 1038 si
1263 991 1466 1041 temere
1491 983 1693 1053 aliquid
1721 984 2079 1054 suspicamur,

489 1074 635 1142 quod
665 1082 845 1130 tamen
887 1074 1203 1144 plerumque
1237 1086 1344 1130 non
1376 1074 1473 1141 ita,
1512 1083 1572 1129 ut
1602 1074 1892 1139 credimus,
1929 1091 2079 1131 com-

487 1163 773 1232 probatur,
816 1163 934 1219 sine
961 1164 1297 1219 dubitatione
1325 1164 1705 1237 delinquimus.
1746 1163 1872 1221 Haec
1900 1172 2079 1220 autem

488 1260 546 1307 et
578 1252 662 1308 his
689 1253 888 1308 similia
926 1254 995 1309 ad
1034 1254 1241 1309 minuta
1284 1263 1508 1326 peccata
1542 1257 1815 1325 pertinere
1843 1272 1952 1312 non
1979 1258 2080 1313 du-

488 1340 636 1398 bium
664 1352 771 1409 est,
799 1358 919 1413 qua:
938 1344 1208 1415 sicutjam
1233 1345 1365 1409 dixi,
1388 1346 1696 1401 enumerari
1716 1347 1807 1402 vix
1832 1356 2079 1417 possunt,

488 1441 545 1488 et
591 1448 623 1487 a
672 1434 870 1503 quibus
918 1449 1024 1489 non
1071 1434 1248 1489 solum
1299 1436 1528 1505 populus
1572 1436 1937 1503 Christianus,
1986 1436 2082 1495 sed

488 1523 655 1578 etiam
708 1523 887 1579 nullus
938 1535 1251 1580 sanctorum
1299 1526 1552 1581 immunis
1592 1542 1711 1582 esse
1763 1536 1935 1598 potuit
1981 1528 2082 1583 ali-

486 1614 724 1683 quando,
781 1622 875 1669 aut
914 1616 1114 1685 poterit
1154 1633 1168 1669 :
1204 1615 1401 1685 quibus
1450 1619 1688 1686 peccatis
1734 1616 1862 1674 licet
1907 1617 2082 1676 occidi

487 1704 724 1759 animam
755 1719 861 1759 non
892 1706 1200 1771 credamus,
1240 1716 1420 1761 tamen
1468 1708 1543 1762 ita
1586 1722 1709 1763 eam
1747 1709 1831 1764 vel
1861 1718 1920 1764 ut
1956 1710 2080 1781 qui-

485 1794 713 1852 busdam
745 1799 976 1867 pustulis
1012 1808 1068 1855 et
1107 1800 1262 1869 quasi
1297 1800 1567 1857 horrenda
1594 1803 1777 1858 scabie
1812 1804 2082 1873 replentes

489 1886 790 1942 deformem
826 1888 1058 1955 faciunt,
1090 1900 1147 1946 ut
1177 1905 1299 1947 eam
1326 1892 1394 1947 ad
1425 1892 1703 1963 amplexus
1737 1894 1883 1950 illius
1918 1896 2082 1952 cccle-

487 1975 588 2033 stis
615 1977 798 2047 sponsi
822 2018 837 2043 ,
868 1987 961 2033 aut
988 1981 1076 2035 vix
1102 2021 1118 2046 ,
1151 1989 1243 2037 aut
1276 1998 1400 2038 cum
1434 1983 1623 2055 grandi
1652 1985 1966 2043 confusione
1990 2004 2085 2046 ve-

404 2052 409 2065 ’
487 2067 608 2123 nire
648 2071 1001 2139 permittant,
1036 2073 1105 2127 de
1146 2088 1255 2143 quo
1289 2052 1549 2144 scriptum
1587 2084 1673 2131 est
1700 2094 1712 2130 :
1742 2079 1949 2149 Aptavit
1985 2079 2086 2134 sibi

488 2155 780 2213 Ecclesium
811 2177 914 2215 non
943 2162 1217 2217 habentem
1252 2163 1516 2218 maculam
1560 2176 1609 2220 et
1653 2182 1839 2238 rugam
1865 2167 2082 2240 (Ep/tes.

484 2248 563 2323 v).
611 2250 680 2305 Et
724 2252 847 2307 ideo
887 2253 1158 2309 continuis
1205 2254 1563 2321 orationibus,
1613 2266 1669 2312 et
1712 2256 2086 2329 frequentibus

477 2337 718 2410 jejuniis,
752 2350 808 2397 et
838 2342 1159 2414 largioribus
1184 2344 1541 2417 eleemosynis
1560 2387 1575 2412 ,
1607 2357 1662 2401 et
1688 2349 1957 2419 praecipue
1988 2367 2087 2421 per

487 2428 878 2501 indulgentiam
928 2446 1119 2488 eorum
1170 2434 1262 2504 qui
1305 2435 1359 2489 in
1402 2436 1558 2492 nobis
1596 2449 1828 2507 peccant
1871 2442 2086 2498 assidue

486 2521 844 2588 redimantur,
870 2538 939 2578 ne
967 2524 1106 2580 forte
1126 2526 1288 2580 simul
1309 2526 1558 2593 collecta,
1583 2530 1855 2585 cumulum
1883 2530 2087 2587 faciant

483 2622 542 2668 et
568 2613 905 2684 demergunt.
938 2614 1213 2685 Quidquid
1243 2618 1389 2672 enim
1419 2620 1487 2674 de
1515 2620 1635 2675 istis
1667 2623 1902 2691 peccatis
1931 2637 1963 2676 a
1989 2638 2087 2678 no-

483 2703 570 2759 bis
616 2704 953 2774 redemptum
992 2720 1099 2760 non
1137 2705 1321 2771 fuerit,
1354 2707 1478 2779 igne
1511 2710 1849 2780 purgandum
1884 2720 1988 2777 est,
2015 2713 2084 2767 de

484 2810 593 2864 quo
614 2794 905 2867 Apostolus
939 2796 1098 2863 dixit,
1118 2799 1243 2868 quia
1274 2798 1329 2852 in
1350 2799 1468 2869 igne
1495 2799 1825 2865 revelabitur,
1851 2813 1901 2855 et
1927 2802 2083 2872 cujus

486 2902 616 2957 opus
671 2889 859 2941 arserit
907 2888 1274 2943 detrimentum
1323 2892 1584 2960 patietur;
1631 2900 1686 2948 et
1743 2902 1803 2948 ut
1846 2894 2085 2950 breviter

485 2988 680 3034 cuncta
726 2988 1072 3051 repetantur,
1119 2996 1307 3037 omnes
1352 2984 1528 3038 sancti
1571 2984 1663 3054 qui
1702 2986 1814 3040 Deo
1854 2986 2084 3043 fideliter

485 3071 751 3137 serviunt,
782 3071 1003 3126 lectioni
1031 3081 1083 3127 et
1114 3073 1347 3127 orationi
1374 3088 1588 3141 vacare,
1617 3084 1672 3130 et
1692 3075 1746 3130 in
1770 3076 1927 3132 b0nls
1947 3093 2080 3149 ope-

485 3165 637 3220 ribus
657 3179 1009 3235 perseverare
1040 3167 1391 3232 contendunt,
1416 3183 1518 3224 nec
1547 3168 1799 3239 capitalia
1828 3171 2077 3236 crimina,

483 3270 588 3311 nec
630 3256 834 3311 minuta
871 3264 1111 3328 peccata,
1144 3257 1196 3313 id
1229 3266 1329 3321 est,
1376 3258 1538 3330 ligna,
1586 3260 1790 3329 fenum,
1827 3263 2081 3333 stipulam

483 3362 647 3419 super
695 3347 1099 3404 fundamentum
1139 3348 1361 3415 Christi,
1412 3352 1504 3405 sed
1553 3353 1695 3407 bona
1741 3368 1926 3425 opera,
1978 3355 2082 3410 hoc

486 3449 591 3503 est,
620 3455 836 3506 aurum,
865 3447 1171 3511 argentum,
1213 3440 1417 3510 lapides
1438 3443 1705 3512 pretiosos
1750 3444 2081 3516 superaedili-

484 3540 692 3596 cantes,
721 3545 818 3601 per
842 3531 990 3586 illum
1022 3532 1200 3604 ignem
1230 3533 1297 3587 de
1319 3548 1427 3602 quo
1454 3532 1744 3605 Apostolus
1773 3537 1924 3601 dicit,
1954 3539 2081 3608 quia

483 3620 539 3673 in
562 3620 679 3691 igne
705 3620 1036 3687 revelabitur,
1069 3623 1276 3691 absque
1311 3622 1420 3678 ulla
1445 3624 1701 3680 violentia
1737 3627 2074 3693 transibunt;

484 3709 559 3765 illi
588 3726 719 3765 vero
748 3711 839 3781 qui
870 3713 1120 3781 quamvis
1159 3712 1409 3782 capitalia
1449 3715 1677 3770 crimina
1729 3731 1836 3771 non
1885 3718 2079 3773 admit-

484 3810 620 3866 tunt,
658 3803 724 3858 ad
764 3805 1123 3873 perpetranda
1163 3805 1371 3859 minuta
1410 3815 1538 3861 sunt
1586 3807 1794 3876 faciles,
1839 3817 1895 3864 ct
1936 3809 2077 3864 redi-

483 3892 679 3948 menda
716 3907 780 3948 ea
826 3901 952 3948 sunt
985 3893 1339 3965 negligentes,
1371 3894 1438 3950 ad
1469 3897 1632 3952 vitam
1671 3908 1949 3964 aeternam,
1976 3914 2076 3969 pro

483 3995 550 4036 eo
577 3983 720 4051 quod
746 3981 962 4039 Christo
985 3984 1334 4040 crediderunt
1354 3996 1409 4041 et
1430 3986 1680 4056 capitalia
1714 3999 1936 4059 peccata
1966 4006 2073 4045 non

482 4072 838 4138 admiserunt,
870 4075 1081 4129 venturi
1119 4084 1266 4139 sunt,
1303 4077 1396 4131 sed
1434 4078 1585 4148 prius
1621 4087 1714 4132 aut
1744 4079 1797 4133 in
1831 4079 1931 4136 hoc
1975 4096 2076 4136 sa:-

483 4164 605 4220 eulo
636 4180 731 4235 per
764 4165 859 4219 Dei
893 4163 1180 4234 justitiam,
1205 4166 1289 4222 vel
1317 4168 1766 4235 misericordiam,
1798 4170 1940 4226 sicut
1958 4172 2073 4242 jam

483 4260 683 4315 dictum
720 4270 824 4325 est,
866 4261 1223 4318 amarissimis
1267 4262 1699 4321 tribulationibus
1734 4276 1861 4322 sunt
1908 4281 2070 4324 exco—

485 4350 703 4420 quendi,
730 4358 824 4404 aut
852 4350 927 4406 illi
950 4351 1062 4421 ipsi
1089 4368 1188 4422 per
1215 4353 1412 4409 multas
1442 4355 1811 4428 eleemosynas
1840 4367 1894 4414 et
1926 4374 2068 4429 prte-

482 4442 638 4511 cipue
665 4443 790 4496 dum
841 4442 1076 4497 inimicis
1122 4444 1234 4499 suis
1282 4445 1577 4503 clementer
1633 4449 1927 4519 indulgent,
1973 4466 2072 4520 per

484 4531 579 4585 Dei
623 4531 1049 4588 misericordiam
1085 4533 1370 4600 liberandi,
1409 4545 1503 4591 aut
1527 4546 1676 4593 certe
1702 4539 1790 4594 illo
1825 4541 1966 4611 igne,
2001 4545 2067 4597 de

481 4636 591 4691 quo
621 4621 756 4676 dixit
789 4623 1095 4692 Apostolus,
1126 4625 1280 4696 longe
1309 4635 1550 4699 tempore
1577 4632 1872 4696 cruciandi,
1913 4641 1971 4686 ut
2003 4635 2071 4688 ad

485 4714 652 4767 vitam
683 4723 939 4768 aeternam
975 4716 1092 4771 sine
1124 4716 1330 4770 macula
1365 4727 1419 4772 et
1448 4734 1578 4791 ruga
1607 4724 1941 4790 perveniant.
1999 4724 2076 4779 Illi

484 4820 614 4859 vero
640 4806 731 4875 qui
760 4813 854 4859 aut
883 4807 1252 4873 homicidium,
1288 4818 1382 4864 aut
1412 4811 1779 4882 sacrilegium,
1803 4824 1897 4869 aut
1919 4815 2074 4869 adul-

484 4899 719 4964 teriutn,
773 4908 869 4953 aut
920 4900 1330 4955 fornicationem
1381 4902 1465 4956 vel
1506 4904 1712 4973 reliqua
1753 4905 1835 4960 his
1878 4906 2075 4961 similia

481 4990 892 5055 commiserunt,
922 4993 1066 5046 sicut
1087 4991 1201 5062 jam
1237 4993 1442 5049 dictum
1467 5004 1569 5059 est,
1603 4997 1645 5049 si
1672 4997 1752 5052 eis
1779 4997 1934 5068 digna
1959 4999 2073 5068 jam

481 5081 799 5153 pmnitentia
848 5098 953 5137 non
1015 5082 1349 5150 subvenerit,
1398 5099 1506 5139 non
1555 5102 1651 5156 per
1702 5089 2071 5159 purgatorium

484 5175 659 5244 ignem
708 5173 943 5229 transire
988 5176 1341 5231 merebuntur
1381 5176 1447 5231 ad
1493 5177 1678 5241 vitam,
1725 5180 1821 5234 sed
1869 5188 2073 5237 alterno

482 5266 730 5322 incendio
758 5265 1239 5336 praecipitabantur
1267 5269 1336 5323 ad
1366 5276 1615 5323 mortem.

554 5356 783 5411 Nescitis
810 5358 935 5428 quia
962 5356 1207 5428 templum
1235 5357 1333 5412 Dei
1357 5360 1479 5413 estis
1507 5370 1555 5414 et
1592 5358 1817 5431 Spiritus
1850 5362 1945 5417 Dei
1970 5363 2069 5417 Ita-

485 5448 613 5503 bitat
654 5448 709 5502 in
748 5448 932 5504 vobis?
977 5448 1211 5522 (Ambr.)
1252 5448 1533 5520 Templum
1562 5450 1656 5506 Dei
1698 5468 1797 5508 nos
1824 5453 1984 5518 dicit,
2014 5463 2075 5509 ut

484 5541 651 5597 Deum
693 5542 745 5597 in
787 5542 942 5598 nobis
978 5542 1227 5598 habitare
1268 5543 1502 5599 sciamus
1534 5562 1547 5598 :
1578 5545 1631 5600 in
1680 5546 1880 5617 templo
1926 5547 2072 5602 enim

480 5646 580 5687 suo
630 5634 837 5689 habitet
871 5648 1094 5689 necesse
1130 5641 1231 5689 est.
1264 5632 1332 5688 Et
1364 5636 1489 5706 quia
1531 5633 1791 5707 Spiritum
1820 5638 1913 5693 Dei
1944 5639 2075 5693 dicit

480 5723 725 5781 habitare
782 5727 835 5781 in
860 5727 1034 5793 nobis,
1094 5726 1262 5783 Deum
1325 5728 1593 5800 signiﬁcat
1667 5730 2068 5803 intelligendum

485 5814 744 5887 Spiritum
795 5827 1060 5876 sanctum.
1095 5818 1297 5893 (Gn-9.)
1324 5812 1488 5893 Cujits
1520 5823 1701 5894 templi
1730 5825 1907 5896 qualia
1944 5834 2070 5881 sunt

2181 611 2289 677 bes,
2322 612 2594 683 inquiens,
2644 624 2837 669 nostra:
2861 630 3167 685 cgpressus,
3198 614 3342 686 ligna
3372 616 3648 671 domorum
3673 633 3775 674 no-

2179 712 2412 757 strarum
2467 704 2612 758 cedri
2657 702 2834 774 (Cant.
2884 705 2947 776 ι),
2999 713 3057 760 ει
3103 705 3306 762 idcirco
3356 705 3664 776 hujnsmodi
3704 708 3779 766 ad

2182 791 2438 861 templum
2470 792 2567 848 Dei
2604 792 2875 865 lignbrum
2914 806 3116 866 genera
3161 795 3451 867 eliguntur,
3496 812 3616 867 quae
3650 808 3780 854 sunt

2178 891 2239 936 et
2284 881 2439 938 bonae
2484 881 2814 953 fragrantia),
2864 892 2922 940 et
2969 886 3340 956 imputribilia,
3388 900 3617 959 quaeque
3672 904 3777 945 nec

2179 971 2516 1041 corruptibili
2568 976 2865 1037 vetustati,
2923 988 3025 1031 nec
3072 976 3188 1031 esui
3235 978 3501 1033 vermium
3559 979 3780 1035 valeant

2182 1060 2299 1130 subj
2309 1062 2396 1118 iel.

2252 1151 2311 1209 Si
2360 1152 2478 1225 quis
2531 1156 2782 1227 templum
2828 1155 2929 1212 Dei
2972 1158 3258 1227 violaverit,
3309 1160 3573 1231 disperdet
3622 1160 3776 1216 illum

2181 1242 2323 1298 Deus
2351 1258 2369 1296 :
2399 1246 2647 1316 templum
2670 1247 2807 1302 enim
2837 1247 2933 1303 Dei
2966 1261 3205 1304 sanctum
3232 1261 3328 1315 est,
3356 1252 3496 1323 quod
3517 1253 3641 1306 estis
3664 1270 3775 1308 vos.

2183 1334 2417 1407 (Alllbl‘.)
2454 1338 2575 1392 llaec
2618 1337 2821 1393 ideirco
2864 1340 3145 1410 praemisit,
3191 1346 3250 1396 ut
3288 1342 3410 1398 illos
3453 1353 3783 1416 eompungat

2180 1424 2274 1497 qui
2315 1427 2543 1496 turpiter
2590 1429 2826 1484 viventes
2851 1443 3079 1500 corpora
3118 1446 3217 1487 sua
3245 1432 3495 1490 violando
3523 1448 3782 1505 cormpo-

2183 1528 2347 1586 runt,
2382 1520 2616 1575 maxime
2657 1519 2806 1575 illum
2840 1522 2931 1591 qui
2974 1538 3198 1587 uxorem
3226 1525 3399 1595 patris
3440 1525 3693 1592 habebat,
3719 1533 3781 1582 ut

2183 1617 2310 1664 ante
2334 1621 2480 1666 esset
2512 1628 2655 1678 reus,
2681 1628 2847 1683 quam
2878 1628 3041 1670 causa
3072 1615 3215 1671 illius
3260 1616 3316 1671 in
3364 1617 3601 1673 medium
3646 1632 3775 1688 pro-

2183 1711 2478 1772 rumperet.
2541 1702 2781 1775 Denique
2836 1704 3020 1772 simili,
3069 1709 3179 1764 imo
3217 1710 3410 1765 eodem
3452 1709 3613 1765 modo
3652 1724 3778 1765 cum

2184 1808 2405 1849 causam
2442 1792 2585 1852 illius
2611 1795 2844 1866 iudicat,
2887 1798 3145 1869 loquitur,
3184 1801 3409 1857 dicens:
3443 1801 3525 1855 An
3568 1803 3779 1857 nescitis

2113 1886 2161 1949 Β
2187 1886 2311 1955 quia
2335 1902 2557 1956 corpora
2586 1896 2752 1943 uestra
2779 1888 3027 1959 templum
3047 1901 3121 1944 est
3144 1889 3371 1960 Spiritus
3398 1892 3589 1957 sancti,
3615 1906 3777 1961 quem

2189 1975 2400 2030 habetis
2439 1992 2469 2030 a
2493 1975 2623 2032 Deo.
2656 1975 2916 2048 Superius
2942 1979 3038 2034 Dei
3065 1980 3323 2050 templum
3357 1980 3514 2047 dixit,
3543 1981 3647 2037 hoc
3676 1996 3777 2035 au-

2188 2070 2298 2121 tem
2327 2065 2446 2122 loco
2475 2067 2729 2138 templum
2758 2068 2993 2139 Spiritus
3012 2072 3186 2126 sancti
3212 2084 3226 2124 :
3250 2070 3372 2140 quis
3396 2071 3522 2126 hinc
3545 2071 3776 2137 dubitet,

2186 2155 2313 2225 quia
2352 2155 2612 2225 Spiritum
2654 2164 2901 2213 Sanctum
2952 2159 3121 2213 Deum
3156 2159 3520 2231 signiﬁcavit?
3571 2158 3777 2232 (ει-ες.)

2186 2247 2289 2316 Qui
2326 2248 2509 2318 itaque
2534 2250 2845 2306 sacerdotes
2872 2258 2999 2305 sunt
3025 2252 3117 2320 qui
3150 2250 3406 2321 templum
3452 2248 3545 2306 Dei
3591 2262 3777 2305 custo—

2184 2339 2356 2403 diunt,
2394 2342 2498 2396 nisi
2539 2341 2593 2396 hi
2630 2342 2724 2412 qui
2765 2342 2991 2408 orando,
3038 2344 3401 2412 prmdicando,
3446 2342 3779 2413 spiritalibus
3814 2358 3829 2371 ·

2185 2430 2396 2486 actibus
2439 2431 2711 2504 vigilando
2747 2442 2990 2490 sanctam
3019 2434 3321 2491 Ecclesiam
3359 2453 3390 2492 a
3417 2437 3780 2507 malignorum

2184 2522 2468 2592 Spirituum
2504 2525 2945 2591 immissionibus,
2998 2540 3030 2579 a
3076 2542 3364 2597 pravorum
3409 2529 3776 2596 suasionibus,

2182 2612 2253 2666 ab
2275 2611 2649 2668 haereticorum
2671 2615 2949 2671 erroribus
2969 2614 3304 2671 defendunt?
3332 2617 3413 2672 An
3444 2634 3551 2673 non
3593 2628 3780 2675 custos

2184 2703 2370 2775 templi
2400 2704 2576 2760 fuerat
2593 2746 2608 2771 ,
2635 2707 2727 2776 qui
2753 2706 2966 2762 labores
2992 2722 3103 2762 sua:
3125 2708 3396 2777 passionis
3423 2724 3776 2776 enumerans,

2182 2791 2315 2847 dicit
2341 2811 2356 2848 :
2388 2791 2457 2848 In
2477 2793 2654 2849 labore
2681 2805 2730 2849 et
2757 2813 3012 2859 (erumna,
3043 2799 3100 2851 in
3125 2797 3316 2868 vigiliis
3339 2798 3536 2867 multis,
3558 2798 3611 2851 in
3634 2799 3776 2869 fame

2181 2889 2229 2937 et
2256 2882 2361 2947 siti,
2400 2884 2456 2938 in
2477 2883 2701 2955 jejuniis
2723 2885 2923 2952 multt’s,
2960 2887 3014 2939 in
3038 2886 3231 2957 frigore
3255 2898 3302 2942 et
3329 2888 3584 2953 nuditate,
3613 2896 3776 2959 atque

2180 2973 2364 3028 statim
2428 2975 2647 3042 subdit,
2706 2986 2896 3047 prceter
2938 2976 3032 3032 illa
3073 2995 3194 3049 qua:
3251 2981 3571 3034 extrinsecus
3628 2994 3775 3048 sum,

2179 3065 2434 3147 instantia
2470 3083 2585 3121 mea
2627 3068 2972 3139 quotidiana,
3012 3068 3313 3125 sollicitudo
3349 3074 3582 3127 omnium
3615 3073 3776 3129 eccle-

2179 3155 2381 3209 siarum
2419 3155 2505 3228 (II
2546 3157 2668 3212 Cor.
2703 3157 2802 3228 xi).
2862 3158 3108 3225 Pensate,
3141 3176 3358 3230 σιιίεεο,
3383 3173 3563 3221 custos
3593 3165 3775 3237 templi

2108 3239 2153 3300 C
2184 3253 2383 3314 quanta
2409 3246 2772 3303 sollicitudine
2799 3248 3019 3320 vigilet;
3050 3263 3176 3306 ecce
3201 3253 3347 3308 enim
3369 3254 3425 3308 in
3445 3255 3621 3326 seipse
3644 3255 3777 3312 ina.»

2182 3337 2477 3394 stimabilia
2507 3341 2732 3411 patitur,
2766 3349 2821 3396 et
2849 3343 3028 3399 cordis
3075 3344 3158 3399 sui
3200 3344 3620 3402 sollicitudinem
3652 3347 3776 3404 aliis

2182 3429 2512 3501 impertitur.
2551 3431 2719 3503 Cujus
2748 3448 2876 3505 rogo
2902 3434 3118 3490 virtutis
3153 3444 3255 3502 est,
3286 3436 3406 3509 plus
3440 3436 3507 3493 de
3540 3436 3776 3495 utilitate

2179 3524 2572 3593 proximorum,
2600 3541 2762 3595 quam
2795 3526 2862 3582 de
2898 3542 2995 3582 sua
3025 3526 3312 3585 afﬂictione
3350 3528 3614 3601 cogitare,
3650 3530 3776 3601 quis

2180 3614 2285 3670 hoc
2297 3616 2457 3687 digne
2467 3617 2735 3672 aestimat?
2750 3618 2872 3687 quis
2888 3618 3047 3688 digne
3069 3630 3260 3689 pensat
3277 3620 3302 3673 ?
3329 3619 3584 3687 Laborat,
3602 3621 3768 3694 luget,

2177 3708 2369 3775 esurit,
2393 3709 2528 3775 sitit,
2551 3706 2714 3781 a'lget,
2733 3709 2962 3780 jejunat,
2984 3712 3187 3783 vigilat,
3216 3721 3271 3767 et
3297 3720 3476 3768 tamen
3505 3712 3774 3785 vigilando

2177 3797 2244 3853 de
2286 3798 2640 3853 ecclesiarum
2694 3801 2936 3855 omnium
2979 3802 3337 3858 sollicitudine
3365 3802 3583 3876 cogitat.
3630 3803 3773 3860 Ecce

2175 3900 2261 3947 est
2281 3891 2669 3949 solertissimus
2686 3903 2871 3950 custos
2894 3896 3075 3965 templi
3098 3896 3150 3950 in
3172 3896 3417 3965 exemplo
3439 3897 3768 3968 propositus,

2175 3984 2418 4040 imitetur
2443 3986 2538 4056 qui
2568 3985 2730 4041 valet.
2770 3986 3011 4041 Adversa
3034 3988 3233 4042 etenim
3256 4002 3356 4057 pro
3381 3989 3610 4043 veritate
3632 3990 3768 4061 pati,

2172 4077 2314 4132 bona
2341 4077 2604 4147 proximis
2630 4077 2970 4148 impendere,
2997 4078 3142 4134 circa
3173 4078 3479 4134 animarum
3506 4080 3767 4136 sollicitu-

2173 4167 2353 4223 dinem
2394 4167 2640 4238 vigilare,
2688 4183 2757 4222 ne
2796 4167 2918 4238 quis
2964 4167 3020 4222 in
3054 4167 3367 4238 perfidiam,
3415 4183 3485 4224 ne
3532 4170 3653 4240 quis
3708 4170 3773 4226 irr

2170 4258 2514 4328 superbiam,
2550 4272 2619 4314 ne
2658 4259 2780 4329 quis
2828 4259 2882 4313 in
2941 4260 3184 4330 rapinam
3240 4261 3326 4317 vel
3372 4261 3767 4318 immunditiam

2169 4345 2476 4415 laberetur,
2524 4351 2851 4421 exquirere,
2900 4363 3061 4422 atque
3110 4355 3462 4423 conspicere,
3520 4355 3625 4411 hoc
3661 4365 3766 4420 est,

2168 4441 2427 4512 templum
2476 4443 2588 4507 Dei,
2636 4443 2691 4498 id
2730 4452 2836 4511 est,
2873 4452 3118 4500 sanctam
3153 4445 3450 4501 Ecclesiam
3477 4447 3765 4502 custodire.

2244 4536 2415 4590 Nemo
2438 4553 2493 4590 se
2516 4536 2750 4590 seducet.
2791 4536 3024 4609 (:hnbr.)
3056 4539 3110 4592 ld
3140 4546 3224 4593 est
3251 4553 3412 4594 nemo
3436 4539 3656 4608 proprio
3683 4539 3769 4594 vel

2175 4629 2411 4685 humano
2442 4627 2668 4683 consilio
2693 4637 2845 4698 putet
2872 4643 2931 4683 se
2961 4628 3061 4684 sibi
3089 4629 3363 4699 prodesse.
3414 4629 3495 4685 Ad
3519 4629 3767 4701 superio-

2174 4734 2288 4773 rem
2321 4734 2539 4774 sensum
2570 4719 2748 4774 redit:
2775 4719 2837 4775 Si
2864 4720 2981 4790 quis
3003 4721 3206 4774 videtur
3238 4721 3446 4790 sapiens
3482 4737 3593 4776 esse
3632 4723 3771 4777 inter

2173 4826 2261 4865 ros
2283 4810 2337 4865 in
2353 4811 2452 4865 hoc
2473 4810 2683 4873 saeculo,
2710 4810 2902 4865 stultus
2920 4812 3015 4880 ﬁat
3044 4822 3099 4865 ut
3121 4812 3191 4866 sit
3209 4822 3440 4882 sapiens.
3476 4812 3589 4869 Hoc
3611 4814 3766 4880 dicit,

2171 4901 2296 4970 quia
2329 4901 2373 4956 si
2417 4901 2538 4971 quis
2567 4901 2819 4973 intelligit
2858 4901 3088 4957 salutem
3116 4903 3440 4973 promissam
3484 4913 3539 4960 ει
3566 4918 3767 4976 myste-

2173 4996 2311 5049 rium
2335 4996 2725 5051 lncarnationis
2751 4995 2958 5050 Domini
2982 4998 3151 5051 nostri
3175 4994 3301 5052 Jesu
3325 4998 3545 5059 Christi,
3570 4999 3768 5055 stultus

2174 5090 2288 5156 iiut,
2320 5090 2373 5144 id
2403 5099 2486 5145 est
2514 5090 2834 5160 sapientiam
2878 5091 3061 5145 mundi
3090 5090 3279 5163 fugiat,
3307 5103 3366 5147 ut
3387 5093 3671 5155 stultusab
3701 5108 3765 5150 ea

2168 5180 2463 5251 iudicetur,
2492 5191 2547 5238 et
2576 5190 2703 5237 tunc
2741 5183 2848 5237 erit
2882 5184 3140 5253 prudens,
3180 5185 3305 5255 quia
3342 5186 3538 5241 stultus
3569 5186 3767 5242 saeculo

2171 5275 2409 5346 prudens
2437 5285 2522 5331 est
2542 5275 2671 5341 Deo,
2699 5276 2824 5332 dum
2854 5277 3028 5331 credit
3053 5278 3221 5334 Deum
3257 5278 3450 5333 fecisse
3478 5294 3599 5348 qua:
3626 5280 3766 5335 ratio

2174 5368 2359 5423 mundi
2390 5384 2496 5423 non
2527 5370 2689 5437 capit,
2720 5369 2859 5425 sicut
2881 5387 3043 5440 supra
3072 5372 3388 5426 memoravi.
3425 5370 3765 5442 Pseudeapo-

2177 5459 2299 5517 stoli
2325 5468 2504 5516 autem
2530 5461 2821 5530 prudentes
2842 5462 3080 5517 volentes
3113 5462 3226 5516 fieri
3255 5463 3306 5516 in
3337 5464 3557 5528 numdo,
3590 5480 3764 5533 neque

2178 5552 2271 5608 Dei
2299 5552 2466 5609 filium
2502 5553 2722 5621 habere,
2752 5571 2928 5626 neque
2957 5556 3383 5610 incarnationem
3415 5570 3598 5621 veram
3621 5572 3760 5612 esse.

2176 5661 2351 5716 neque
2378 5661 2596 5702 carnem
2628 5663 2785 5718 posse
2816 5662 3096 5717 resurgere
3124 5649 3508 5718 praedicabant.
3563 5648 3763 5720 (Cass.)

2176 5735 2449 5792 Moraliter
2474 5747 2654 5794 autem
2683 5748 2762 5805 tu,
2783 5754 2817 5795 ο
2836 5741 3030 5805 homo,
3060 5748 3119 5794 ut
3146 5741 3371 5796 stultum
3396 5752 3447 5797 te
3467 5742 3764 5798 secuudtun

2175 5828 2417 5899 Apostoli
2446 5839 2772 5902 praeceptum
2809 5830 3000 5898 facias,
3034 5832 3087 5887 in
3120 5833 3221 5889 hoc
3261 5833 3460 5890 mundo
3486 5842 3545 5888 ut
3573 5832 3648 5888 sis
3676 5848 3764 5887 sa-
