4082 6332
252 336 317 391 ιι
769 317 1323 393 ENAnaATmNUM
1356 332 1426 391 1N
1462 333 1612 391 EPP.
1653 331 1859 390 PAULI

1962 329 2028 387 Β.
2065 329 2158 386 ΙΧ.
2197 359 2269 372 --
2303 328 2371 386 IN
2409 329 2626 388 EPIST.
2666 330 2686 386 1
2721 329 2814 387 AD
2850 329 3008 387 COR.
3469 331 3542 386 η

251 453 434 526 piens,
483 447 619 507 nihil
659 448 864 505 scilicet
893 449 1226 516 discernens,
1263 448 1401 504 nihil
1436 446 1740 519 dijudieans
1780 461 1844 501 ex
1875 451 1927 509 Α
1951 450 2033 499 est
2071 440 2331 513 sapientia
2376 440 2536 513 hujus
2584 442 2771 497 mundi
2809 443 2950 512 apud
3000 442 3188 506 Deum,
3237 443 3364 498 dum
3413 443 3546 503 facit

253 546 365 612 his,
390 560 513 616 quae
541 542 634 599 tibi
659 543 874 598 fuerant
900 542 1184 612 imperata,
1212 541 1306 597 sed
1333 539 1477 596 omni
1509 539 1851 610 simplicitate

252 651 319 692 ac
365 635 471 691 fide
502 633 863 690 obedientiam
901 646 1116 702 semper
1147 630 1430 693 exhibeas,
1457 629 1587 685 illud
1618 635 1852 684 tantum-

252 727 422 783 modo
462 733 732 788 sanctum,
766 721 896 776 illud
925 721 1076 786 utile,
1126 719 1256 776 illud
1300 719 1516 790 sapiens
1553 733 1675 774 esse
1711 716 1853 786 judi-

253 832 415 882 cans,
448 813 710 886 quidquid
737 813 830 868 tibi
862 811 948 868 vel
991 811 1076 866 lex
1109 811 1222 876 Dei,
1250 809 1334 865 vel
1361 809 1590 866 senioris
1619 825 1850 864 examen

255 906 521 963 indixerit
569 921 582 956 :
635 902 728 958 tali
776 901 976 957 etenim
1026 900 1365 956 institutione
1411 897 1699 964 fundatus,
1752 899 1852 954 sub

252 999 360 1055 hac
372 995 656 1065 disciplina
680 993 882 1064 poteris
908 993 1103 1048 durare
1124 1000 1401 1061 perpetuo.
1433 988 1634 1062 (Ct-eg.)
1659 989 1850 1046 Scien-

254 1091 388 1144 dum
433 1087 592 1142 nobis
631 1095 716 1141 est
759 1084 903 1154 quod
947 1083 1036 1136 alii
1085 1081 1226 1136 intra
1272 1089 1516 1136 sanctam
1554 1079 1852 1135 Ecclesium

253 1190 522 1236 vocantur
563 1177 738 1243 stulti,
775 1177 869 1232 sed
917 1185 1096 1231 tamen
1143 1175 1380 1239 nobiles;
1429 1174 1518 1228 alii
1570 1189 1700 1229 vero
1727 1181 1853 1228 sunt

254 1271 410 1328 stulti
441 1279 495 1324 et
524 1268 810 1340 ignobiles.
866 1265 1024 1322 Stulti
1055 1280 1286 1336 namque
1308 1265 1579 1330 dicuntur,
1611 1264 1707 1319 sed
1733 1278 1852 1318 esse

253 1360 524 1430 ignobiles
553 1367 849 1428 nequeunt,
887 1357 1001 1426 qui,
1037 1356 1215 1411 carnis
1240 1353 1579 1424 prudentiam
1613 1362 1855 1407 contemd-

256 1461 482 1515 nentes,
531 1449 873 1522 profuturam
921 1449 1022 1505 sibi
1065 1447 1347 1503 stultitiam
1389 1454 1668 1517 appetunt,
1701 1453 1757 1500 et
1785 1444 1854 1500 ad

255 1544 595 1600 nobilitatem
645 1544 870 1597 interna:
910 1539 1079 1613 prolis
1124 1539 1340 1594 virtutis
1389 1539 1630 1593 novitate
1676 1538 1856 1593 suble-

253 1647 480 1703 vantur,
512 1636 603 1706 qui
644 1634 861 1690 stultam
886 1633 1205 1704 sapientiam
1233 1626 1416 1690 mundi
1448 1631 1768 1702 despiciunt,
1801 1640 1858 1688 et
1887 1701 1890 1704 ἢ

253 1733 561 1804 sapientem
584 1729 678 1785 Dei
704 1727 987 1784 stultitiam
1017 1728 1435 1798 concupiscunt;
1476 1727 1736 1799 scriptum
1770 1733 1854 1782 est

1953 535 2118 601 Deus,
2169 536 2312 605 quod
2366 536 2596 591 mundus
2645 535 2763 590 fieri
2811 550 2970 604 posse
3011 542 3190 606 negat,
3221 536 3540 605 sapientiam

1953 628 2096 683 illius
2127 627 2408 684 stultitiam
2443 631 2653 699 probat,
2693 637 2747 684 et
2783 644 2904 683 cum
2943 629 3142 685 multos
3177 630 3306 686 deos
3335 629 3541 698 dicant,

1953 720 2087 776 fides
2125 729 2306 776 autem
2333 736 2497 775 unum
2527 722 2738 791 probet,
2770 730 2908 776 teste
2931 721 3151 788 virtute,
3177 723 3231 777 in
3253 724 3545 794 prudentia

1953 829 2051 868 sua
2076 813 2493 870 confundentur.
2539 813 2804 884 Scriptum
2840 825 2914 870 est
2940 816 3077 869 enim
3103 833 3121 869 :
3149 815 3544 886 Reprehendaus

1953 906 2208 976 sapientes
2234 905 2286 958 in
2309 905 2501 958 astutia
2533 905 2796 974 ipsorum;
2823 915 2872 959 et
2902 907 3088 960 iterum
3116 906 3373 961 Dominus
3404 908 3548 964 novit

1954 1000 2287 1068 cogitationes
2321 998 2650 1068 sapientium,
2679 999 2934 1069 quomodo
2966 1015 3111 1054 vana:
3144 1009 3285 1054 sunt.
3313 999 3461 1055 Istud
3489 1000 3545 1054 in

1954 1089 2164 1160 psalmo
2202 1089 2431 1144 habetur
2474 1105 2624 1144 xcm.
2683 1090 2924 1159 Denique
2969 1090 3110 1145 idem
3167 1101 3361 1147 sensus
3417 1098 3542 1156 est,

1955 1181 2134 1235 sciens
2167 1180 2313 1234 enim
2361 1195 2525 1234 vanas
2570 1181 2924 1250 cogitationes
2972 1181 3185 1235 illorum
3244 1191 3304 1235 ut
3349 1180 3548 1236 stultos

1957 1271 2076 1326 illos
2139 1275 2447 1342 probaret,
2501 1273 2823 1343 sapientiam
2886 1273 3098 1329 illorum
3158 1275 3543 1344 reprehendit,

1954 1365 2248 1420 ostendens
2295 1379 2482 1420 verum
2538 1380 2658 1420 csse
2705 1366 2849 1435 quod
2898 1366 3092 1421 falsum
3135 1367 3440 1433 dicebant,
3492 1376 3549 1424 et

1957 1451 2152 1509 falsum
2209 1455 2354 1525 quod
2415 1470 2603 1510 verum
2664 1457 2944 1525 putabant.
3011 1455 3192 1530 (Aug)
3248 1457 3548 1527 Dominus,

1957 1543 2174 1615 inquit,
2225 1545 2321 1599 scit
2362 1546 2699 1616 cogitationes
2745 1547 3051 1601 hominum.
3103 1548 3349 1619 quoniam
3398 1565 3549 1605 vana:

1955 1644 2076 1689 sunt
2114 1649 2134 1687 :
2169 1633 2262 1690 sed
2290 1643 2345 1690 tu
2373 1635 2550 1691 nescis
2570 1636 2924 1707 cogitationes
2950 1636 3066 1702 Dei,
3101 1638 3359 1708 quoniam
3387 1639 3550 1710 justae

1959 1736 2118 1795 sunt;
2150 1727 2239 1785 ille
2263 1729 2368 1784 scit
2389 1728 2743 1799 cogitationes
2779 1729 3078 1796 hominum,
3112 1732 3366 1801 quoniam
3396 1747 3551 1787 vanae

252 1829 479 1897 quippe,
509 1823 664 1890 Quod
691 1823 904 1879 stultum
926 1831 998 1877 est
1023 1822 1119 1876 Dei
1142 1822 1428 1892 sapientius
1458 1829 1531 1876 est
1563 1819 1860 1874 hominibus
1887 1809 1936 1868 B
1963 1830 2109 1886 sunt,
2137 1831 2194 1876 et
2217 1821 2462 1877 homines
2501 1822 2740 1877 scierunt
2770 1823 3121 1893 cogitationes
3162 1823 3275 1887 Dei,
3305 1826 3400 1880 sed
3431 1826 3552 1896 qui-

254 1920 310 1993 (1
335 1919 462 1974 Cor.
489 1918 530 1990 ι)
549 1935 563 1984 ;
586 1918 730 1974 hanc
756 1932 856 1972 nos
877 1915 1160 1971 stultitiam
1183 1913 1380 1970 Paulus
1394 1911 1853 1984 comprehendere

253 2010 538 2075 admonet,
582 2009 809 2064 dicens:
837 2005 897 2064 Si
940 2007 1058 2077 quis
1100 2005 1303 2062 videtur
1339 2006 1474 2060 inter
1517 2020 1604 2059 vos
1645 2006 1853 2075 sapiens

252 2119 366 2157 esse
393 2103 448 2155 in
472 2102 570 2156 hoc
591 2100 1020 2165 stvculo,stultus
1056 2097 1172 2166 ﬁat,
1216 2103 1271 2152 ut
1317 2098 1382 2152 sit
1430 2100 1674 2170 sapiens;
1714 2099 1855 2154 hanc

254 2193 542 2247 stultitiam
579 2191 672 2262 qui
714 2189 953 2260 perfecte
993 2189 1226 2244 assecuti
1271 2195 1395 2244 sunt
1421 2205 1554 2246 voce
1579 2189 1855 2261 sapientiae

256 2286 448 2342 audire
478 2293 793 2340 meruerunt
820 2302 832 2337 :
870 2277 972 2338 Vos
993 2282 1083 2355 qui
1106 2284 1270 2337 secuti
1296 2283 1418 2338 estis
1453 2300 1549 2350 me,
1572 2284 1626 2338 in
1650 2301 1856 2356 regene—

257 2379 496 2443 ratione,
536 2394 655 2431 cum
695 2375 884 2430 sederit
913 2375 1054 2440 ﬁlius
1083 2375 1310 2429 hominis
1338 2376 1390 2429 in
1415 2376 1536 2430 sede
1565 2375 1856 2446 majestatis

252 2487 388 2536 suae,
418 2469 662 2525 sedebitis
685 2477 732 2523 et
757 2484 843 2522 vos
865 2483 1021 2537 super
1039 2467 1313 2521 duodecim
1341 2468 1576 2532 thronos,
1603 2467 1858 2537 judican-

254 2572 333 2616 tes
362 2560 641 2615 duodecim
667 2559 833 2614 tribus
866 2556 1036 2612 Israel
1067 2557 1282 2631 (Matth.
1326 2557 1463 2630 XIX).
1515 2557 1655 2614 Ecce
1697 2557 1860 2613 relin-

255 2661 495 2725 quentes
524 2650 835 2720 temporalia
877 2649 1104 2721 gloriam
1145 2649 1430 2719 potestatis
1463 2657 1680 2704 teterna:
1711 2662 1855 2702 mer~

259 2744 376 2800 cati
423 2751 581 2808 sunt;
622 2742 749 2813 quid
798 2741 978 2810 itaque
1006 2740 1059 2795 in
1098 2739 1200 2794 hoc
1231 2740 1431 2794 mundo
1455 2738 1671 2794 stultius
1694 2753 1857 2808 quam

255 2849 362 2889 sua
412 2834 680 2898 deserere,
732 2840 786 2886 et
822 2825 950 2900 quid
986 2829 1040 2886 in
1073 2831 1376 2885 :eternitate
1412 2828 1664 2893 nobilius,
1697 2844 1858 2898 quam

255 2940 383 2981 cum
410 2923 528 2979 Deo
548 2921 761 2994 judices
788 2921 999 2978 venire?
1032 2921 1226 2977 horum
1251 2920 1459 2977 scilicet
1485 2919 1740 2976 nobilitas
1761 2919 1861 2975 Sa—'

256 3015 479 3071 lomoue
516 3021 810 3069 atteslante
837 3020 1190 3079 memoratur,
1240 3025 1362 3072 cum
1410 3012 1514 3068 hoc
1559 3012 1701 3082 quod
1744 3011 1859 3082 jam

259 3108 522 3182 prwfauts
565 3124 684 3163 sum
735 3108 935 3163 dicitur
978 3125 991 3162 :
1034 3107 1240 3162 Nobilis
1289 3107 1343 3160 in
1390 3107 1554 3178 portis
1602 3107 1680 3160 vir
1723 3105 1856 3176 ejus,

1953 1913 2056 1968 bus
2072 1911 2186 1982 jam
2212 1913 2419 1968 amicus
2447 1912 2623 1969 factus
2649 1921 2751 1980 est,
2777 1921 2832 1969 et
2849 1914 3029 1984 prodit
3050 1915 3333 1970 consilium
3369 1933 3548 1976 suum.

1956 2003 2288 2074 Relinquite,
2313 2001 2534 2069 fratres,
2567 2004 2920 2075 cogitationes
2959 2005 3257 2072 hominum,
3287 2007 3546 2078 quoniam

1955 2103 2277 2163 Vanae-sunt,
2311 2105 2370 2150 ut
2405 2096 2877 2166 comprehendatis
2911 2097 3264 2168 cogitationes
3291 2099 3408 2164 Dei,
3431 2115 3553 2168 qua:

1954 2184 2226 2260 sapientes
2277 2198 2422 2244 sunt.
2477 2187 2664 2258 Itaque
2714 2204 2862 2242 nemo
2915 2187 3168 2259 glorietur
3215 2190 3271 2243 in
3317 2190 3546 2244 homine.

1958 2280 2187 2354 (Ambr.)
2219 2279 2482 2348 Quoniam
2518 2281 2664 2335 enim
2693 2280 2942 2335 humana:
2963 2281 3316 2352 cogitationes
3342 2291 3397 2337 et
3417 2297 3549 2338 con-

1957 2371 2078 2426 silia
2106 2371 2404 2441 improvida
2428 2377 2484 2426 et
2509 2369 2724 2425 infirma
2752 2378 2897 2434 sunt,
2927 2385 3032 2426 non
3070 2379 3152 2426 est
3210 2371 3552 2443 gloriandum

1960 2463 2013 2518 in
2058 2463 2292 2528 homine,
2337 2462 2434 2518 sed
2473 2461 2528 2517 in
2572 2461 2702 2528 Deo,
2750 2461 2905 2532 cujus
2943 2461 3225 2517 consilium
3266 2462 3553 2518 retractari

1959 2567 2066 2610 non
2096 2560 2292 2624 potest.
2331 2551 2603 2624 Quidquid
2627 2551 2771 2608 enim
2791 2551 3039 2608 homines
3066 2551 3183 2608 sine
3201 2553 3314 2608 Deo
3334 2553 3554 2624 sapiunt

1963 2644 2190 2700 stultum
2219 2651 2322 2698 cst.

2032 2733 2222 2790 Omnia
2261 2736 2398 2790 enim
2435 2744 2604 2790 vestra
2645 2745 2786 2801 sunt,
2819 2735 2920 2792 sive
2961 2735 3179 2800 Paulus,
3213 2737 3318 2792 sive
3342 2735 3551 2808 Apollo,

1961 2830 2066 2884 sive
2095 2827 2298 2899 Cephas
2337 2829 2451 2901 (qui
2483 2839 2566 2885 est
2594 2828 2805 2901 Petrus)
2847 2830 2950 2884 sive
2987 2830 3234 2894 mundus,
3274 2830 3550 2900 εἰυεξῑιὶια,

1961 2921 2066 2974 sive
2092 2935 2253 2984 mors,
2285 2919 2388 2974 sive
2411 2920 2711 2988 pra’sentia,
2743 2921 2846 2974 sive
2875 2919 3055 2988 futura
3086 2935 3105 2974 :
3136 2921 3311 2974 omnia
3342 2931 3510 2975 vestra
3532 2932 3555 2974 :

1965 3030 2050 3068 vos
2077 3023 2250 3067 autem
2281 3009 2496 3078 Christi,
2526 3010 2767 3067 Christus
2795 3022 2968 3066 autem
3003 3011 3120 3066 Dei.
3171 3011 3291 3066 Alio
3317 3011 3434 3068 loco
3466 3012 3552 3066 di-

1965 3103 2039 3158 cit
2059 3103 2124 3158 de
2145 3103 2332 3159 eodem
2369 3117 2532 3159 sensu
2563 3121 2574 3157 :
2607 3102 2719 3158 Nos
2763 3111 2936 3157 autem
2976 3103 3108 3157 servi
3153 3104 3307 3158 vestri
3347 3113 3558 3174 propter

256 3171 471 3270 quando
517 3197 704 3253 sederit
745 3209 863 3252 eum
909 3197 1234 3252 senatoribus
1277 3171 1430 3252 terric
1468 3193 1652 3267 (Prov.
1681 3171 1857 3267 ιιι-ιιι).
1888 3171 1934 3235 C
1963 3195 2147 3251 Iesum
2188 3195 2274 3267 (II
2315 3193 2438 3250 Cor.
2487 3195 2582 3268 tv),
2629 3211 2814 3251 servos
2847 3211 2946 3266 pro
2985 3195 3248 3252 ministris
3287 3171 3463 3267 posuit
3494 3203 3556 3251 ut

259 3290 428 3346 Valde
454 3290 654 3361 quippe
681 3288 886 3344 nobiles
917 3286 1249 3350 considerat,
1289 3300 1424 3355 quos
1453 3292 1734 3341 senatores
1768 3300 1863 3340 vo-

258 3391 370 3438 cat.
420 3381 575 3436 lianc
613 3379 667 3436 iu
706 3395 764 3436 se
799 3379 1136 3434 nobilitatem
1174 3377 1374 3433 Paulus
1404 3385 1710 3448 aspexerat,
1737 3392 1859 3433 cum

260 3470 574 3544 cogitationi
619 3469 918 3526 conditoris
953 3483 1052 3538 per
1073 3467 1324 3539 spiritum
1357 3465 1579 3536 junctus
1605 3466 1857 3522 dicebat:

265 3581 287 3614 ι
307 3561 492 3617 Genus
510 3561 676 3633 igitur
696 3575 818 3616 cum
834 3559 1002 3614 simus
1031 3558 1145 3621 Dei,
1178 3574 1282 3613 non
1313 3557 1572 3613 debemus
1592 3557 1864 3614 :estimare

261 3665 399 3705 auro
429 3660 525 3704 aut
559 3661 808 3720 algento,
839 3656 933 3701 aut
957 3647 1118 3718 lapidi
1145 3647 1437 3716 sculptura:
1465 3646 1602 3702 artis
1630 3655 1685 3702 et
1716 3648 1864 3719 cogi-

263 3740 458 3794 tationi
503 3739 741 3794 hominis
779 3739 1018 3794 divinum
1057 3752 1178 3792 esse
1209 3737 1404 3792 simile.
1453 3737 1637 3794 Genus
1675 3740 1864 3794 videli-

261 3843 355 3888 cet
388 3833 482 3886 Dci
508 3832 762 3897 dicimur,
795 3847 900 3886 non
936 3830 1055 3904 ejus
1089 3823 1282 3884 natura
1319 3830 1468 3895 editi,
1501 3831 1594 3886 scd
1629 3845 1722 3900 per
1753 3834 1864 3902 spi-

263 3926 435 3980 ritum
463 3923 603 3979 illius
629 3931 682 3976 et
710 3923 983 3978 voluntate
1015 3923 1218 3978 conditi
1242 3932 1295 3978 et
1318 3923 1568 3993 adoptive
1608 3925 1863 3990 recreati,

261 4025 420 4070 tanto
471 4031 604 4086 ergo
649 4015 716 4069 ad
762 4017 904 4071 hanc
950 4015 1287 4070 nobilitatem
1341 4016 1570 4086 quisque
1613 4016 1861 4086 erigitur,

263 4120 474 4179 quanto
515 4124 612 4178 per
665 4117 945 4178 acceptam
996 4107 1285 4177 imaginem
1336 4107 1403 4162 ad
1457 4109 1862 4165 similitudinem

264 4199 409 4254 illius
435 4214 501 4253 ex
529 4197 830 4252 imitatione
861 4206 1170 4252 renovatur.
1218 4196 1289 4252 At
1323 4205 1511 4252 contra
1549 4207 1677 4253 sunt
1715 4199 1866 4254 stulti

263 4300 319 4344 et
349 4289 636 4362 ignobiles,
680 4289 770 4358 qui
820 4289 949 4343 dum
995 4304 1283 4359 supernam
1314 4290 1632 4359 sapientiam
1662 4301 1864 4346 semct-

263 4386 412 4455 ipsos
443 4395 733 4455 scqueutes
773 4384 1005 4456 fugiunt,
1057 4385 1110 4439 in
1149 4401 1243 4440 sua
1273 4385 1592 4454 ignorantia,
1623 4389 1775 4457 quasi
1808 4389 1860 4443 in

263 4476 490 4544 abjecke
558 4476 724 4546 prolis
766 4476 973 4531 vilitate
1024 4477 1306 4545 sopiuntur
1331 4495 1342 4530 :
1368 4492 1474 4546 quo
1512 4477 1658 4532 enim
1702 4479 1755 4533 id
1795 4479 1863 4568 gd

265 4568 410 4638 quod
461 4565 665 4622 conditi
709 4575 837 4621 sunt
879 4582 986 4621 non
1024 4566 1352 4632 intelligunt,
1382 4582 1448 4622 eo
1477 4569 1639 4623 etiam
1667 4565 1863 4640 cogna-

265 4659 468 4713 tionem
495 4665 736 4727 acceptze
762 4673 858 4728 per
886 4658 1176 4728 imaginem
1207 4659 1590 4728 generositatis
1612 4661 1860 4730 perdunt.

267 4749 428 4805 Stulti
456 4758 585 4805 sunt
611 4765 742 4821 ergo
765 4759 820 4804 ct
850 4751 1111 4821 ignobiles
1143 4766 1278 4822 quos
1303 4753 1370 4806 ab
1396 4762 1611 4807 aeterna.-
1633 4753 1863 4809 haeredi-

269 4843 398 4897 tatis
453 4843 727 4897 consortio
777 4842 988 4912 repellit
1035 4844 1265 4897 servitus
1319 4843 1535 4897 mentis.
1594 4842 1864 4914 Scriptum

268 4934 468 5005 quippe
493 4943 576 4988 est
602 4947 616 4987 :
652 4933 835 4988 Omnis
861 4935 950 5004 qui
981 4933 1108 5004 facit
1140 4945 1406 5005 peccatum
1436 4951 1615 4988 servus
1641 4944 1716 4989 est
1744 4951 1865 5005 pec-

269 5026 372 5079 cati
409 5023 594 5096 (Joan.
631 5027 774 5096 vin),
823 5034 878 5079 et
919 5039 1052 5079 voce
1091 5024 1290 5095 egregii
1327 5025 1695 5093 prsetlicatoris
1733 5026 1866 5082 dici-

270 5125 358 5171 tur
384 5134 398 5171 :
430 5115 706 5186 Sapientia
734 5116 893 5186 hujus
921 5117 1102 5168 mundi
1136 5115 1359 5169 stultitia
1390 5127 1464 5170 est
1497 5117 1639 5186 apud
1673 5117 1861 5172 Deum.

274 5205 481 5280 (Creg.)
525 5206 628 5274 Qui
665 5221 795 5277 ergo
829 5206 956 5261 dunt
999 5217 1208 5262 terrena
1248 5217 1519 5278 saperent,
1564 5209 1632 5264 ab
1675 5209 1864 5265 intima

270 5299 638 5370 generositate
681 5297 882 5367 repulsi
930 5307 1074 5364 sunt,
1121 5299 1269 5354 stulti
1313 5301 1471 5355 simul
1520 5309 1576 5354 et
1605 5301 1866 5370 ignobiles

268 5390 523 5456 fuerunt,
553 5406 784 5461 quorum
817 5392 944 5446 dum
971 5391 1214 5462 plerique
1243 5401 1395 5447 actus
1425 5393 1705 5448 imitantur
1727 5434 1740 5457 ,
1771 5393 1866 5448 lilii

269 5481 563 5536 stultorum
585 5489 640 5536 et
666 5481 979 5552 ignobilium
1022 5482 1180 5548 fiunt,
1215 5482 1448 5552 dumque
1486 5499 1579 5538 eos
1621 5484 1868 5540 sensibus

272 5591 337 5630 ac
365 5575 614 5630 moribus
651 5586 971 5646 sequuntur,
1021 5588 1075 5632 et
1119 5577 1266 5632 stulti
1311 5588 1458 5641 sunt,
1505 5579 1630 5649 quia
1685 5594 1868 5634 veram

271 5669 601 5738 sapientiam
643 5684 750 5724 non
796 5669 1118 5742 intelligunt,
1165 5678 1220 5727 et
1251 5671 1510 5741 ignobiles
1553 5673 1674 5742 quia
1726 5675 1872 5731 nulla

273 5757 498 5828 spiritus
543 5759 795 5814 libertate
835 5770 1184 5816 renovantur.
1228 5761 1456 5822 (.slmbm
1509 5763 1598 5819 Sic
1642 5765 1871 5822 stultitia

605 5851 886 5916 Ριιτιιοιζ
928 5853 1128 5916 CXII.

1889 4528 1942 4589 D

1963 3299 2070 3343 non
2102 3287 2343 3359 singulos
2379 3287 2481 3343 sibi
2519 3285 2876 3343 defenderent
2907 3301 3031 3342 cum
3067 3287 3318 3343 omnibus
3339 3296 3557 3344 uteren-

1964 3386 2072 3446 tur,
2099 3380 2240 3435 sicut
2269 3387 2323 3434 ct
2353 3379 2613 3434 Dominus
2653 3378 2782 3433 dicit
2811 3397 2823 3432 :
2848 3377 2963 3450 Ego
3001 3394 3118 3433 sum
3159 3379 3215 3432 in
3266 3379 3435 3434 medio
3473 3395 3555 3434 ve-

1961 3479 2151 3537 strum,
2183 3486 2286 3524 non
2312 3481 2366 3524 ut
2397 3470 2683 3534 ministrer,
2715 3468 2806 3525 sed
2843 3479 2900 3522 ut
2935 3469 3225 3524 ministrem
3259 3468 3452 3541 (Marc.
3493 3485 3552 3535 x,

1962 3557 2092 3612 Luc.
2137 3558 2298 3630 χχιι).
2342 3557 2478 3614 Nam
2522 3559 2752 3615 mundus
2799 3560 2985 3628 utique
3023 3568 3209 3614 noster
3235 3568 3338 3626 est,
3371 3559 3463 3615 sed
3497 3565 3559 3613 ut

1963 3652 2029 3707 de
2064 3650 2153 3706 illo
2191 3651 2484 3706 secundum
2511 3651 2843 3705 voluntatem
2876 3647 2970 3706 Dei
2998 3652 3315 3717 sentiamus,
3363 3661 3418 3706 et
3461 3651 3558 3706 de-

1963 3753 2144 3799 cretos
2169 3759 2361 3799 cursus
2389 3743 2506 3814 ejus
2541 3742 2593 3796 in
2620 3743 2713 3798 Dei
2737 3743 3010 3798 voluntate
3034 3758 3329 3814 ponamus;
3365 3751 3421 3797 et
3445 3743 3557 3800 vita

1963 3849 2202 3906 praesens
2229 3847 2483 3890 concessa
2523 3833 2679 3888 nobis
2701 3841 2804 3900 cst,
2835 3833 2928 3887 sed
2960 3841 3021 3886 ut
3054 3833 3299 3888 modeste
3328 3833 3472 3888 illam
3499 3842 3556 3889 et

1966 3939 2086 3978 cum
2115 3924 2209 3978 Dei
2238 3925 2406 3994 gloria
2435 3924 2815 3995 transigamus,
2844 3924 2956 3978 sive
2990 3939 3154 3989 mors,
3193 3933 3254 3978 ut
3281 3940 3379 3995 pro
3399 3923 3559 3980 Chri-

1966 4023 2050 4068 sto
2069 4015 2203 4069 mori
2221 4014 2450 4068 libentes
2465 4014 2762 4068 habeamus
2775 4028 2923 4082 spem
2940 4013 3315 4082 promissionis
3338 4011 3554 4081 futurae,

1966 4106 2079 4161 sive
2101 4103 2409 4174 przesentia,
2433 4112 2494 4157 ut
2519 4103 2599 4158 sic
2618 4103 2972 4173 przesentibus
2991 4111 3208 4157 utamur
3229 4119 3296 4158 ne
3317 4101 3557 4158 offenda-

1965 4211 2114 4261 mus;
2147 4195 2259 4250 sive
2286 4193 2487 4259 futura,
2514 4202 2574 4248 ut
2594 4192 2773 4248 futura
2798 4194 3080 4249 credentes
3098 4194 3229 4264 ipsis
3245 4209 3343 4250 nos
3359 4195 3553 4264 magis,

1966 4289 2090 4360 quia
2122 4287 2341 4343 meliora
2370 4296 2515 4352 sunt,
2547 4286 3018 4352 commendemus;
3058 4302 3154 4342 vos
3184 4295 3362 4341 autem
3394 4285 3554 4342 Chri-

1965 4381 2056 4446 sti,
2087 4389 2144 4434 ut
2169 4379 2424 4451 quoniam
2465 4379 2580 4434 bmc
2602 4377 2806 4450 judicio
2835 4388 3021 4434 nostro
3057 4393 3314 4434 concessa
3351 4389 3475 4435 sunt
3503 4389 3558 4436 et

1969 4474 2242 4544 subjecta;
2294 4472 2368 4527 ita
2413 4488 2512 4527 nos
2550 4471 2769 4526 Christo
2810 4471 3176 4542 subjiciamur,
3211 4472 3406 4542 quippe
3433 4487 3556 4526 cum

1967 4581 2064 4636 per
2090 4566 2263 4634 ipsum
2292 4579 2410 4619 esse
2435 4564 2776 4634 coeperimus,
2815 4571 2870 4618 et
2897 4564 2952 4618 in
2989 4564 3159 4632 prima
3192 4564 3400 4634 origine
3424 4573 3478 4619 et
3503 4565 3558 4620 in

1969 4658 2396 4728 regeneratione.
2435 4656 2674 4711 Christus
2701 4667 2874 4710 autem
2903 4656 3016 4722 Dei,
3051 4656 3299 4713 Christus
3329 4659 3421 4714 Dei
3451 4669 3555 4727 est,

1969 4750 2146 4806 Patris
2191 4750 2273 4805 sui
2318 4751 2569 4820 proprius
2613 4749 2802 4814 Filius,
2832 4749 3034 4806 faciens
3061 4751 3391 4807 voluntatem
3419 4751 3555 4822 ejus,

1969 4851 2028 4896 ut
2071 4851 2126 4896 ct
2163 4855 2261 4896 nos
2303 4841 2471 4910 ipsius
2521 4839 2802 4894 faciamus.
2855 4839 2911 4894 Si
2963 4855 3090 4910 ergo
3134 4839 3333 4896 Christi
3370 4857 3559 4898 sumus

1970 4933 2179 4998 famuli,
2210 4933 2338 5002 quid
2366 4940 2470 4996 est,
2503 4939 2562 4986 ut
2591 4932 2658 4985 ad
2687 4931 2805 5002 ejus
2848 4931 3098 5003 injuriam
3139 4933 3204 4988 de
3250 4934 3558 4992 hominibus

1973 5027 2176 5097 aliquid
2224 5025 2545 5096 speremus?
2595 5025 2653 5079 Si
2700 5025 2821 5094 quis
2869 5025 3033 5095 igitur
3065 5024 3133 5079 ad
3173 5024 3559 5096 perfectionem

1974 5119 2144 5173 tendit
2197 5117 2264 5173 de
2326 5117 2416 5171 illo
2465 5117 2638 5187 primo
2686 5117 2894 5171 timoris
2935 5116 3104 5188 gradu
3147 5131 3308 5186 quem
3345 5120 3561 5189 proprie

1971 5210 2206 5264 diximus
2239 5223 2358 5263 esse
2389 5207 2658 5275 servilem,
2693 5207 2759 5262 de
2800 5224 2907 5277 quo
2946 5209 3146 5263 dicitur
3175 5226 3189 5261 :
3216 5206 3346 5272 Cum
3383 5210 3559 5264 omnia

1974 5299 2223 5370 feceritis,
2269 5299 2424 5353 dicite
2461 5301 2586 5370 quia
2620 5301 2752 5354 servi
2781 5299 2991 5355 inutiles
3013 5317 3192 5354 sumus
3225 5300 3376 5372 (Luc.
3402 5302 3560 5376 xv"),

1973 5397 2039 5451 ad
2065 5394 2311 5449 altiorem
2339 5395 2451 5465 spei
2480 5396 2750 5450 tramitem
2775 5396 2941 5466 gradu
2968 5395 3284 5464 proliciente
3307 5411 3565 5453 conscen-

1972 5487 2086 5553 det,
2121 5489 2211 5558 qui
2235 5486 2348 5556 jam
2374 5495 2478 5541 non
2505 5503 2682 5546 servo.
2711 5490 2803 5542 sed
2829 5488 3163 5543 mcrcenario
3193 5498 3560 5558 cmnparatur,

1975 5581 2100 5650 quia
2134 5580 2435 5634 mercedem
2466 5579 2836 5634 retributionis
2877 5589 3175 5649 exspectat,
3215 5589 3270 5636 et
3306 5581 3457 5651 quasi
3493 5580 3563 5635 de

1974 5679 2320 5742 peccatorum
2369 5670 2705 5726 absolutionc
2731 5687 2760 5726 a
2789 5671 2985 5741 poenali
3026 5672 3221 5728 timore
3248 5687 3468 5726 securus
3498 5685 3564 5728 ac

1978 5767 2245 5823 bonorum
2291 5781 2516 5838 operum
2561 5765 2662 5821 sibi
2707 5766 2979 5832 conscius,
3027 5767 3152 5821 licet
3201 5765 3382 5835 placiti
3427 5780 3564 5836 prae-
