4082 6332
478 337 551 391 i5
1138 330 1198 384 Β.
1240 325 1493 385 RABANI
1530 323 1751 383 MAURI
1786 321 2105 380 ARCHIEP.
2146 319 2457 381 MOGUNT.
2497 316 2782 379 OPERUM
2820 314 3001 375 PARS
3036 314 3122 373 Ill.
3691 310 3764 372 M

480 448 650 505 mium
688 444 936 502 videatur
971 448 1256 514 expetere,
1295 447 1481 496 tamen
1522 437 1591 495 ad
1628 435 1878 494 allectum
1922 435 2074 491 illum
2101 438 2155 498 Α
2177 441 2269 488 aut
2318 447 2534 489 mores:
2559 431 2648 488 hic
2693 430 2839 488 enim
2878 439 2991 486 tam
3026 435 3283 486 constans
3309 435 3462 497 erat,
3489 434 3549 483 ut
3575 442 3643 484 ne
3673 431 3768 503 qui

482 537 603 605 lilii,
637 536 730 607 qui
772 534 841 591 de
878 540 1122 604 paterna:
1157 528 1504 603 indulgentiae
1545 526 1865 584 liberalitate
1906 524 2077 581 conli-
2176 524 2300 579 vitae
2322 538 2433 578 sua:
2460 528 2728 594 parceret,
2748 521 3038 577 dummodo
3060 518 3289 575 ﬁdeliter
3315 519 3498 576 omnia
3522 518 3768 576 celebra.

480 631 638 698 deus,
657 627 839 685 omnia
865 639 986 696 quas
1011 624 1183 694 patris
1208 630 1338 680 sunt
1375 637 1474 680 sua
1514 634 1636 678 esse
1679 635 1789 676 non
1830 618 2072 689 ambigit,
2175 620 2277 668 ret.
2314 611 2448 667 Mihi
2469 621 2642 667 autem
2665 625 2759 681 pro
2782 608 3000 664 minimo
3021 618 3096 664 est
3122 618 3235 664 uta
3258 608 3397 664 vobis
3412 608 3652 680 judicer,
3672 608 3769 665 aut

479 718 766 795 pervenire
794 731 902 773 non
936 714 1161 787 poterit.
1209 710 1602 769 Festinandum
1649 710 1877 783 proinde
1920 708 2076 764 nobis
2175 704 2246 795 alt
2275 703 2515 795 humano,
2552 701 2667 795 die._
2689 699 2838 795 quos
2881 700 2937 795 in
2982 700 3151 795 tantis
3194 699 3346 795 vitiis
3398 698 3772 771 reprehendit,

479 789 586 880 est,
614 819 677 869 ut
701 810 771 867 ad
794 810 1014 866 tertium
1040 806 1269 880 gradum
1306 804 1562 870 filiorum,
1604 802 1698 873 qui
1737 801 1919 858 omnia
1958 815 2079 871 quae
2176 792 2435 849 miserum
2465 791 2597 848 dicit
2619 791 2689 847 ab
2718 790 2805 848 his
2830 789 3140 860 seiudicari
3167 832 3183 859 ,
3217 790 3417 863 quippe
3455 807 3579 847 cum
3609 804 3712 847 nec
3735 804 3772 849 ι

479 904 653 978 patris
679 910 826 969 sunt,
860 915 956 957 sua
980 913 1105 956 esse
1128 898 1378 964 credunt,
1406 910 1506 968 per
1534 894 1874 951 insolubilem
1899 892 2080 949 chari-
2170 884 2334 953 iustis
2349 884 2701 978 iudicandum
2727 899 2796 978 se
2815 884 3012 952 sciret;
3045 893 3140 978 aut
3169 882 3236 939 ab
3263 885 3502 978 humana
3532 884 3643 952 die,
3666 883 3774 942 hoc

478 972 613 1053 ἱειίε
651 993 883 1066 gratiam
924 990 1375 1055 conscendentes,
1420 986 1661 1044 cmlestis
1717 985 1860 1042 illius
1903 983 2080 1040 Patris
2176 984 2283 1041 est,
2312 975 2439 1066 quia
2487 989 2586 1030 nec
2616 988 2648 1029 a
2676 974 2883 1066 legibus
2930 973 3133 1030 mundo
3179 974 3403 1066 creditis
3431 972 3775 1066 iudicandus

482 1064 782 1157 imaginem
821 1096 891 1141 ac
932 1080 1345 1139 similitudinem
1383 1077 1630 1149 recipere
1668 1090 1995 1141 mereamur,
2025 1081 2083 1130 et
2179 1074 2316 1123 erat.
2340 1065 2761 1157 supergressus
2782 1065 2927 1121 enim
2954 1067 3248 1122 humanam
3264 1064 3534 1137 justitiam
3561 1065 3775 1123 caelesti

471 1178 556 1234 ad
581 1152 943 1235 imitationem
967 1173 1083 1229 veri
1108 1173 1251 1228 illius
1268 1170 1390 1226 Filii
1414 1168 1753 1241 proclamare
1775 1167 2078 1239 possimus:
2174 1156 2399 1229 iustitia:
2427 1156 2701 1223 studebat,
2731 1156 2873 1212 sicut
2894 1154 3027 1211 dicit
3048 1155 3349 1215 Dominus:
3378 1152 3504 1211 Nisi
3533 1154 3776 1211 abunda-

483 1266 679 1324 Ontnia
698 1281 817 1339 qua
836 1265 989 1320 habet
1011 1260 1176 1319 Pater
1202 1277 1320 1317 mea
1349 1269 1491 1324 sunt,
1521 1258 1665 1330 quod
1693 1257 1861 1313 etiam
1886 1256 1955 1312 de
1984 1272 2082 1311 no-
2180 1249 2307 1304 verit
2326 1247 2539 1339 justitia
2565 1256 2732 1339 uestra
2755 1246 3033 1339 plusquam
3061 1244 3368 1339 Scribarum
3398 1256 3448 1302 et
3475 1242 3749 1302 Phariam

486 1359 575 1417 bis
611 1334 804 1415 beatus
840 1354 1131 1429 Apostolus
1174 1353 1464 1426 proﬁtetur
1504 1351 1689 1407 dicens
1721 1369 1733 1404 :
1768 1348 1961 1405 Omnia
2000 1365 2084 1403 te»
2183 1354 2322 1405 rum.
2356 1354 2460 1392 non
2489 1336 2749 1429 imitabilis
2778 1338 2833 1392 in
2860 1334 3208 1429 regnumDei
3222 1334 3539 1429 (Matth._v)_.
3569 1334 3776 1429 Huma-

482 1461 596 1506 stra
626 1456 773 1514 sunt,
794 1426 907 1503 sive
942 1444 1168 1511 Paulus,
1204 1445 1310 1499 sive
1340 1442 1548 1515 Apollo,
1581 1442 1687 1498 sive
1722 1438 1946 1513 Cephas,
1978 1442 2083 1496 sine
2182 1445 2311 1484 num
2346 1443 2476 1498 ergo
2519 1428 2663 1485 diem
2699 1442 2824 1484 cum
2851 1427 3003 1494 dicit.
3041 1427 3309 1498 signiﬁcat
3333 1434 3390 1483 et
3415 1426 3678 1495 divinum,
3710 1427 3769 1484 in

484 1539 735 1605 inmundus,
760 1540 865 1594 sive
894 1537 1020 1603 vita,
1043 1537 1152 1591 sire
1186 1550 1350 1601 mors,
1386 1533 1493 1588 sive
1521 1531 1820 1604 prwsentia,
1858 1531 1963 1586 sive
1997 1530 2085 1600 fu-
2187 1537 2294 1591 quo
2314 1520 2653 1590 iudicaturus
2677 1529 2765 1577 est
2790 1518 3060 1587 Christus,
3082 1519 3208 1590 quia
3233 1519 3376 1577 sicut
3393 1517 3775 1590 iurisconsulti

487 1642 631 1698 tura,
667 1630 845 1685 omnia
879 1637 1053 1684 vestra
1089 1633 1233 1681 sunt.
1275 1623 1361 1680 Ad
1387 1638 1552 1695 quam
1579 1621 1745 1680 etiam
1772 1619 2083 1677 similitudi-
2184 1629 2279 1669 seu
2307 1611 2610 1683 pontiﬁces,
2640 1628 2779 1684 quos
2822 1620 3017 1668 vocant
3063 1610 3402 1679 sacerdotes,
3429 1619 3608 1669 certos
3654 1612 3775 1669 dies

487 1738 614 1779 nem
658 1728 929 1793 praecepta
974 1734 1073 1776 nos
1117 1713 1705 1789 provocant:Estote,
1743 1713 1951 1785 inquit,
1995 1730 2085 1770 vos

2197 1703 2383 1773 quibus
2426 1700 2703 1772 iudicatur
2747 1702 3105 1759 decreverunt
3130 1720 3143 1756 :
3168 1702 3244 1757 ita
3287 1709 3344 1759 et
3388 1701 3506 1759 dies
3552 1701 3770 1759 Domini

484 1813 722 1884 perfecti,
762 1792 897 1867 sicut
939 1819 988 1871 et
1034 1808 1200 1865 Pater
1244 1817 1410 1865 uester
1446 1805 1663 1863 calcatis
1702 1805 1961 1879 perfectus
2007 1816 2084 1860 est
2111 1792 2161 1852 Β
2188 1795 2445 1854 deﬁnitus
2468 1806 2583 1863 est,
2615 1811 2724 1867 quo
2746 1796 3088 1869 iudicaturus
3116 1803 3202 1852 est
3228 1795 3511 1851 mundum.
3554 1794 3659 1851 Sed
3689 1811 3781 1852 ne-

489 1901 705 1974 (Hattlt.
745 1901 823 1975 v).
873 1900 932 1957 in
971 1899 1078 1957 illis
1122 1900 1269 1956 enim
1317 1912 1705 1971 nonnunquam
1747 1897 1886 1954 solet
1925 1897 2088 1954 inter-
2188 1909 2287 1963 que
2312 1892 2565 1963 meipsum
2580 1890 2792 1961 judico.
2839 1888 2992 1944 Nihil
3018 1888 3155 1943 enim
3192 1886 3320 1942 mihi
3358 1887 3595 1942 conscius
3637 1902 3779 1942 sum.

486 1993 667 2065 rumpi
712 1992 975 2050 bonitatis
1020 1988 1271 2058 allectus,
1317 2005 1444 2046 cum
1489 1988 1673 2061 aliquo
1715 1987 1804 2045 vel
1844 1997 2089 2059 tempore
2188 1985 2447 2054 Apertum
2474 1982 2710 2053 estquia
2738 1980 3129 2038 conscientiam
3153 1992 3347 2050 puram
3385 1976 3594 2035 habens
3633 1976 3785 2034 solli-

488 2076 811 2148 Salvatoris,
846 2078 936 2136 vel
966 2078 1174 2145 laetitia,
1216 2076 1300 2135 vel
1329 2075 1691 2134 oblectatione
1729 2076 1883 2149 vigor
1922 2076 2087 2133 animi

489 2171 788 2239 relaxatus,
814 2177 911 2227 aut
939 2178 1144 2227 metum
1164 2170 1235 2227 ad
1257 2183 1499 2241 praesens
1523 2168 1804 2241 gehennae,
1830 2176 1924 2223 aut
1947 2168 2090 2224 desi-

490 2260 702 2327 derium
750 2261 1025 2319 subtrahit
1062 2259 1392 2326 futurorum,
1423 2267 1481 2315 et
1523 2267 1609 2316 est
1651 2257 1869 2329 quidem
1896 2259 1952 2314 in
1983 2258 2091 2314 illis

489 2352 692 2429 gradus
720 2353 1001 2429 cuiusdam
1028 2350 1301 2425 perfectus
1337 2351 1585 2408 imbuens
1618 2364 1741 2417 nos,
1767 2358 1829 2406 ut
1852 2350 1981 2406 dum
2005 2348 2091 2405 vel

492 2460 775 2518 pinnarum
813 2453 959 2502 metu
984 2485 1002 2513 ,
1035 2444 1123 2503 vel
1157 2443 1502 2516 prtemiorum
1540 2457 1637 2515 spe
1673 2442 1966 2512 incipimus
2004 2440 2087 2496 vi-

478 2540 568 2611 ‘tia
584 2538 877 2606 declinare,
894 2538 963 2594 ad
984 2536 1268 2594 charitatis
1289 2534 1515 2608 gradum
1537 2533 1773 2591 transire
1794 2534 2086 2607 possimus,

493 2630 622 2703 quia
651 2630 827 2695 timor,
859 2629 1056 2700 inquit,
1086 2644 1189 2683 non
1217 2638 1293 2683 est
1323 2628 1379 2682 in
1411 2626 1686 2693 charitate,
1726 2626 1819 2682 sed
1859 2626 2089 2697 perfecta

492 2723 724 2778 charitas
751 2721 897 2792 [oras
922 2720 1081 2776 mittit
1105 2719 1365 2784 timorem,
1403 2717 1653 2788 quoniam
1691 2716 1849 2771 timor
1885 2731 2090 2787 ρωηωπ

499 2812 676 2879 habet,
706 2811 798 2882 qui
819 2820 994 2866 autem
1019 2811 1184 2876 timet,
1208 2826 1313 2864 non
1333 2818 1409 2864 est
1436 2807 1696 2880 perfectus
1724 2807 1780 2861 in
1801 2807 2090 2871 charitate;

496 2921 593 2959 nos
632 2919 756 2973 ergo
796 2901 1100 2973 diligamus,
1141 2901 1267 2971 quia
1321 2898 1460 2953 Deus
1503 2898 1650 2970 prior
1681 2895 1865 2951 dilexit
1904 2913 1998 2951 nos
2036 2894 2087 2964 (1

490 2993 655 3050 Joan.
693 2993 791 3066 tv).
828 2992 946 3047 Non
976 3007 1108 3064 ergo
1129 2990 1289 3047 aliter
1314 2990 1382 3046 ad
1409 2989 1554 3044 illam
1584 3003 1771 3043 veram
1800 2986 2092 3057 perfectio-

493 3102 617 3142 nem
647 3085 1013 3142 conscendere
1036 3083 1354 3155 poterimus,
1385 3076 1844 3151 quemadmodnm
1876 3077 1930 3131 in
1971 3077 2092 3133 nul-

494 3178 602 3233 lius
632 3176 857 3232 alterius
878 3175 981 3242 rei,
1010 3174 1114 3229 nisi
1142 3182 1345 3229 nostra:
1373 3171 1561 3227 salutis
1583 3169 1756 3242 gratia
1804 3169 1953 3240 prior
1992 3184 2092 3226 nos
2118 3141 2164 3204 (δ

497 3270 588 3326 ille
627 3269 837 3335 dilexit,
880 3270 958 3324 ita
993 3283 1114 3324 eum
1160 3283 1261 3323 nos
1295 3282 1512 3337 quoque
1536 3264 1737 3320 nullius
1764 3265 1987 3320 alterius
2015 3263 2095 3321 rei

498 3362 605 3419 nisi
631 3362 714 3418 sui
751 3370 961 3418 tantum
988 3360 1190 3417 amoris
1215 3359 1563 3415 dilexerimus
1587 3357 1832 3413 obtentu.

1113 3470 1341 3527 CAPUT
1392 3471 1481 3526 ιν.

500 3564 692 3638 arguit
726 3563 1021 3638 Apostolus
1046 3562 1238 3638 iudicii
1277 3563 1653 3638 temeritatem;
1700 3567 1765 3638 de
1806 3570 2099 3632 contemptu

572 3633 923 3717 quorumdam
952 3633 1334 3699 ministrorum,
1365 3644 1520 3705 atque
1545 3633 1738 3688 insistit
1765 3646 1946 3688 eorum
1978 3648 2098 3687 cor-

582 3715 818 3760 νεειιοηι.

580 3812 672 3872 Ita
709 3832 804 3871 nos
832 3815 1092 3871 existimet
1121 3816 1276 3870 homo
1316 3822 1375 3869 ut
1400 3816 1667 3871 ministros
1691 3815 1889 3872 Christi
1916 3824 1964 3871 et
1990 3816 2101 3871 dis-

506 3915 806 3978 pensatores
851 3906 1216 3977 mysteriorum
1244 3904 1362 3962 Dei.
1400 3905 1639 3979 (Ambr.)
1666 3907 1778 3963 lloc
1807 3906 2098 3979 significat,

511 3995 640 4065 quia
675 3994 855 4050 minus
895 3995 962 4051 de
999 3993 1092 4049 illo
1129 3995 1434 4050 sentiebant
1471 3995 1635 4067 aliqui
1674 3996 2099 4063 Corinthiorum,

506 4084 604 4143 sed
645 4093 706 4140 ut
740 4085 808 4142 de
848 4085 953 4141 hoc
989 4084 1080 4141 ille
1118 4086 1282 4141 homo
1314 4086 1541 4142 sentiret
1581 4087 1722 4157 quod
1753 4095 1810 4142 et
1842 4088 1984 4143 Deus
2007 4087 2099 4158 qui

506 4177 658 4233 illum
681 4176 947 4248 elegerat,
980 4176 1103 4232 ideo
1132 4177 1409 4232 ministros
1435 4177 1636 4233 Christi
1662 4179 1761 4244 ait,
1789 4186 1847 4234 et
1872 4178 2096 4249 dispen-

508 4281 722 4328 satores
768 4269 1151 4342 mysteriorum
1182 4269 1276 4324 Dei
1305 4287 1319 4324 :
1348 4269 1565 4340 quando
1594 4271 1738 4325 enim
1766 4285 1875 4324 non
1904 4271 2100 4325 verbo-

506 4377 633 4418 rum
676 4361 927 4431 strepitu,
960 4375 1135 4431 neque
1182 4358 1418 4414 humana
1466 4359 1734 4430 sapientia
1767 4358 2098 4423 nitebantur,

2187 2076 2332 2133 citus
2356 2074 2421 2131 de
2448 2089 2509 2130 se
2535 2089 2640 2130 non
2668 2081 2806 2130 erat.
2830 2072 2934 2129 Sed
2955 2090 3063 2128 non
3087 2073 3145 2128 in
3175 2072 3271 2128 hoc
3286 2070 3616 2144 justiﬁcatus
3636 2086 3777 2126 sum.

2188 2166 2343 2223 Nunc
2382 2165 2630 2223 humiliat
2675 2180 2753 2233 se,
2786 2174 2842 2221 et
2895 2164 3134 2237 loquitur
3168 2172 3228 2220 ut
3264 2164 3446 2229 homo,
3478 2164 3570 2235 qui
3610 2163 3786 2235 possit

2189 2260 2400 2332 culpam
2448 2259 2726 2315 incurrere
2775 2259 2991 2315 nescius
3060 2257 3164 2325 Qui
3212 2266 3386 2312 autem
3424 2255 3636 2329 judicat
3678 2273 3781 2324 me,

2190 2352 2444 2407 Dominus
2489 2360 2585 2408 est.
2615 2349 2818 2425 (σεεμ.)
2856 2352 2935 2409 Ac
2974 2352 3020 2408 si
3057 2350 3304 2408 diceret:
3338 2350 3407 2406 Et
3434 2359 3580 2406 recte
3604 2349 3786 2421 egisse

2190 2460 2278 2501 me
2304 2443 2505 2509 recolo,
2521 2451 2577 2499 et
2606 2452 2786 2499 tamen
2811 2443 2877 2499 de
2903 2441 3114 2499 meritis
3133 2456 3238 2498 non
3259 2441 3692 2514 prtesumo,quia
3713 2441 3785 2497 ad

2188 2532 2306 2603 eius
2317 2534 2580 2607 iudicium
2614 2534 2725 2589 vita
2757 2542 2944 2589 nostra
2978 2532 3211 2589 ducitur.
3228 2530 3459 2605 (Ambr.)
3486 2529 3657 2587 Recte
3686 2530 3783 2598 ait;

2190 2624 2438 2698 quamvis
2453 2623 2599 2679 enim
2626 2622 2991 2679 bumiliarerit
3012 2638 3092 2688 se,
3109 2630 3290 2677 tamen
3311 2619 3542 2678 Domino
3566 2619 3788 2677 Christo

2190 2718 2481 2790 plurimum
2497 2716 2663 2783 dedit,
2679 2716 2803 2787 quia
2816 2722 2997 2787 potest
3015 2712 3159 2786 quod
3180 2712 3460 2770 hominem
3480 2713 3631 2779 latet,
3652 2714 3786 2769 dunt

2190 2806 2400 2865 occulta
2418 2806 2650 2879 iudicat,
2675 2805 3049 2870 manifestare,
3069 2818 3175 2860 non
3202 2810 3260 2858 ιιι
3283 2817 3438 2858 reum
3479 2801 3658 2868 faciat,
3689 2803 3787 2859 sed

2193 2900 2531 2972 p:-udcntcm;
2557 2896 2807 2968 quamvis
2832 2896 2978 2953 enim
3005 2904 3246 2961 sanctus,
3272 2902 3453 2949 tamen
3489 2894 3653 2950 homo
3680 2904 3786 2961 est,

2188 3007 2354 3063 quem
2384 3007 2491 3046 non
2516 2997 2694 3062 potest
2718 2989 2833 3046 fieri
2858 3000 3046 3045 utnon
3064 2986 3268 3060 aliquid
3304 2986 3490 3043 lateat.
3513 2986 3791 3043 Interdum

2195 3086 2339 3141 enim
2366 3084 2567 3155 aliquid
2590 3083 2719 3139 utile
2738 3093 2990 3154 putamus
3011 3081 3156 3152 qubd
3180 3081 3368 3137 inutile
3389 3088 3491 3146 est,
3515 3090 3614 3135 nec
3640 3077 3789 3135 enim

2194 3178 2375 3234 omnia
2399 3175 2640 3232 membra
2655 3184 2749 3231 aut
2773 3174 2945 3231 latera
2975 3173 3401 3230 conversationis
3424 3172 3673 3228 humanm
3697 3168 3791 3225 dea

2196 3271 2398 3340 scripta
2413 3267 2697 3335 habemus,
2712 3269 2780 3325 ab
2808 3268 2894 3324 his
2911 3276 3091 3323 autem
3105 3281 3225 3338 qua:
3249 3265 3430 3337 gravia
3461 3272 3587 3321 sunt
3605 3271 3797 3334 aperte

2186 3361 2450 3432 prohibiti
2466 3375 2676 3424 sumus,
2694 3373 2819 3414 nam
2832 3359 3078 3428 qumdam
3104 3370 3392 3413 causaanos
3408 3354 3593 3411 fallere
3614 3352 3791 3409 solent

2196 3468 2262 3509 ex
2277 3451 2453 3508 causis
2467 3449 2737 3520 aliquibus
2756 3459 2909 3514 ortae,
2928 3454 2986 3503 ut
3000 3447 3143 3518 quod
3166 3458 3276 3503 non
3286 3453 3373 3501 est
3386 3444 3513 3500 utile
3534 3450 3791 3515 putemus

2196 3544 2350 3609 utile,
2380 3542 2525 3613 quod
2572 3540 2690 3597 leve
2731 3540 2953 3611 quidem
2980 3547 3098 3602 est,
3134 3538 3258 3608 quia
3288 3535 3621 3608 propositum
3648 3531 3788 3589 lihe-

2199 3653 2323 3693 rum
2349 3643 2453 3692 est.
2481 3632 2813 3704 lmpossibile
2840 3639 2944 3698 est,
2974 3640 3036 3687 ut
3063 3646 3169 3686 non
3200 3636 3295 3686 aut
3340 3626 3665 3701 ignorantia,
3693 3632 3794 3681 aut
3880 3694 3895 3710 ν

2198 3725 2552 3797 negligentia,
2585 3733 2680 3779 aut
2716 3723 2990 3788 vanitate,
3018 3729 3112 3777 aut
3145 3719 3485 3791 obreptione,
3518 3726 3611 3773 aut
3643 3716 3790 3786 cogi-

2194 3817 2424 3883 tatione,
2450 3823 2544 3870 aut
2571 3812 2917 3877 necessitate,
2942 3820 3035 3867 aut
3054 3810 3325 3867 oblivione
3342 3816 3632 3880 peccetur;
3658 3821 3792 3861 nam

2197 3917 2255 3964 ct
2279 3910 2323 3964 si
2346 3907 2415 3963 ad
2439 3914 2547 3962 tam
2576 3905 2891 3977 praecelsum
2915 3905 3038 3975 quis
3066 3903 3329 3959 virtutum
3357 3899 3571 3956 culmen
3598 3914 3795 3954 ascen-

2200 3999 2359 4062 derit,
2390 4006 2450 4053 ut
2489 3997 2844 4068 apostolicum
2874 3994 3005 4050 illud
3034 4006 3143 4050 non
3173 3991 3449 4063 iactanter
3487 3990 3788 4048 exclamet:

2202 4092 2336 4148 Milli
2366 4100 2539 4147 autem
2566 4106 2662 4161 pro
2698 4089 2913 4144 minimo
2938 4096 3035 4152 est,
3066 4095 3178 4142 uta
3205 4084 3348 4141 vobis
3384 4083 3669 4156 dijudicer,
3694 4091 3791 4136 aut

2201 4185 2266 4240 ab
2288 4184 2517 4237 humano
2545 4181 2649 4245 die,
2675 4181 2767 4236 sed
2794 4196 2957 4252 neque
2982 4180 3234 4251 nteipsum
3253 4177 3440 4249 judico
3460 4191 3481 4230 ς
3504 4175 3634 4231 nihil
3654 4174 3794 4229 enim

2180 4273 2332 4328 -milti
2364 4271 2604 4325 conscius
2644 4286 2801 4335 sum;
2833 4276 3016 4325 tamen
3055 4268 3196 4325 sciat
3235 4281 3295 4322 se
3329 4266 3535 4337 absque
3570 4270 3794 4336 peccato

2201 4379 2321 4422 esse
2350 4379 2454 4419 non
2484 4378 2676 4435 posse;
2705 4376 2881 4432 neque
2908 4361 3053 4417 enim
3082 4359 3283 4416 frustra
3306 4357 3449 4415 idem
3480 4356 3670 4413 doctor
3699 4354 3795 4409 ad-

506 4452 735 4525 iltelligi
774 4451 961 4547 debuit
1002 4458 1404 4547 sacramentum
1432 4451 1651 4547 Christi
1679 4452 2013 4523 dispensare,
2046 4451 2101 4506 in
2132 4487 2180 4547 ο
2198 4457 2402 4528 iunxit,
2428 4455 2519 4510 sed
2546 4470 2650 4510 non
2673 4455 2728 4509 in
2748 4454 2846 4509 hoc
2863 4452 3192 4524 justiﬁcatus
3215 4467 3352 4516 sunt,
3381 4448 3437 4506 id
3461 4455 3545 4505 est
3572 4464 3588 4503 :
3612 4461 3719 4502 non
3747 4445 3795 4502 si

508 4562 617 4618 quo
654 4561 758 4600 non
796 4544 984 4608 verba,
1023 4544 1117 4598 sed
1157 4543 1332 4599 virtus
1372 4542 1642 4615 fulgebat,
1676 4559 1783 4599 non
1827 4560 1924 4614 per
1957 4544 2102 4614 quod

508 4638 694 4699 homo,
720 4636 815 4691 sed
866 4635 1008 4689 Deus
1055 4633 1321 4704 gloriosus
1361 4634 1654 4690 videretur.
1706 4634 1922 4708 Collega
1954 4636 2099 4691 enim

509 4730 837 4799 piscatorum
881 4741 987 4781 non
1026 4726 1186 4781 aliter
1218 4741 1382 4795 quam
1414 4725 1487 4780 illi
1523 4727 1801 4783 Christum
1840 4728 2103 4801 praedica-

512 4819 617 4876 bat.
650 4818 784 4877 Cum
814 4833 942 4888 ergo
968 4818 1273 4873 ministrum
1313 4834 1372 4874 se
1406 4818 1611 4874 Chris‘i
1636 4829 1689 4875 et
1734 4830 2103 4876 sacramento-

513 4921 628 4964 rum
656 4907 753 4964 Dei
784 4908 1007 4979 probat,
1038 4907 1518 4977 pseudoapostolos
1547 4908 1669 4964 illos
1700 4919 1868 4973 notat,
1898 4926 1962 4965 ac
2007 4927 2102 4965 ne-

514 5007 599 5071 gat
620 4996 821 5061 Christi
852 5014 995 5065 esse,
1019 4986 1162 5069 quo]
1180 4998 1423 5063 tradunt,
1450 5014 1546 5069 per
1572 4999 1625 5054 id
1654 5000 1799 5071 quod
1824 5001 2102 5057 discorda—

515 5099 633 5146 rent
659 5106 689 5143 a
718 5090 1006 5146 traditione
1055 5087 1368 5159 apostolica.
1406 5088 1509 5143 Hic
1531 5089 1650 5160 jam
1682 5092 1942 5160 quwritur
1967 5092 2103 5147 inter

516 5180 893 5251 dispensatores
919 5189 974 5235 ut
1001 5179 1172 5250 ﬁdelis
1195 5180 1309 5252 quis
1334 5181 1646 5234 inveniatur.
1677 5179 1908 5253 (Βίιιυιι.)
1932 5182 2103 5239 luter-

519 5277 754 5347 rogautis
780 5291 887 5332 vos
925 5284 1030 5343 est,
1064 5274 1117 5330 id
1144 5284 1248 5341 est,
1272 5274 1385 5345 iam
1410 5275 1497 5330 hic
1529 5276 1731 5345 putatis
1769 5292 1929 5347 posse
1966 5294 2098 5334 con-

512 5368 767 5425 scientias
781 5369 1059 5441 iudicare?
1080 5366 1308 5439 (Ambr.)
1331 5365 1443 5422 lloc
1467 5367 1609 5436 quod
1631 5367 1766 5423 dicit
1789 5385 1897 5424 non
1924 5368 2096 5425 solum

515 5459 584 5516 ad
624 5456 1193 5530 pseudoapostolorum
1238 5469 1525 5526 personam
1576 5456 1835 5524 pertinet,
1884 5457 1978 5513 sed
2029 5459 2098 5514 ad

516 5550 864 5623 reliquorum,
892 5548 984 5622 qui
1012 5555 1233 5618 accepta
1262 5544 1682 5617 dispensatione,
1717 5554 1812 5601 aut
1835 5563 2095 5604 verecun-

514 5642 622 5707 dia,
652 5649 746 5696 aut
769 5641 982 5705 timore,
1011 5646 1104 5694 aut
1128 5646 1290 5694 certa:
1310 5636 1776 5693 condemnationis
1802 5655 1913 5694 sua:
1935 5655 2097 5697 causa

515 5743 796 5791 cnstanter
843 5746 1069 5805 arguere
1121 5728 1490 5801 trepidabant,
1521 5736 1613 5783 aut
1655 5729 1827 5788 malos
1873 5747 2089 5800 sensus,

2208 4548 2308 4619 ἀρ
2329 4547 2537 4619 iustum
2562 4561 2649 4602 me
2672 4559 2793 4601 esse
2814 4543 3114 4610 credidero,
3146 4557 3331 4599 veram
3363 4538 3651 4598 confestim
3676 4539 3794 4610 glo-
3896 4616 3901 4619 _

2209 4640 2343 4695 riam
2391 4640 2697 4712 possidebo,
2744 4639 2829 4695 vel
2875 4639 3004 4710 quia
3048 4636 3382 4694 conscientia
3428 4650 3550 4692 mea
3596 4632 3795 4688 nullius

2207 4732 2416 4800 peccati
2458 4730 2884 4803 reprehensione
2932 4727 3336 4800 compungitur,
3363 4726 3568 4782 idcirco
3597 4723 3797 4780 nullius

2206 4821 2382 4876 sordis
2424 4821 2748 4892 contagione
2784 4814 3027 4875 fuscatus
3073 4834 3215 4883 sum,
3242 4816 3412 4873 multa
3440 4816 3586 4873 enim
3615 4828 3795 4870 meum

2205 4910 2589 4967 conscientiam
2630 4910 2828 4975 latent,
2862 4925 2984 4982 quae
3015 4924 3138 4966 cum
3174 4916 3303 4963 sunt
3336 4907 3471 4965 mihi
3518 4905 3796 4978 incognita

2208 5009 2369 5072 atque
2393 5002 2651 5067 obscura,
2688 5000 2796 5056 Deo
2826 5009 2951 5055 nota
2980 5008 3143 5071 atque
3174 4998 3460 5056 manifesta
3495 5007 3639 5055 sunt.
3670 4996 3797 5053 Ideo

2207 5094 2497 5166 subiiciens
2521 5111 2534 5147 :
2560 5092 2664 5159 Qui
2692 5103 2863 5147 autem
2890 5109 2991 5159 nte,
3024 5092 3220 5163 inquit,
3234 5090 3516 5163 dijudicat,
3536 5088 3798 5145 Dominus

2206 5196 2303 5251 est,
2326 5185 2379 5240 id
2399 5193 2505 5251 est,
2533 5185 2603 5239 ab
2626 5183 2714 5238 illo
2735 5183 2850 5239 solo
2869 5199 3031 5253 quem
3062 5190 3272 5237 secreta
3300 5180 3543 5238 cordium
3578 5194 3685 5236 non
3712 5177 3788 5233 la-

2208 5285 2323 5333 tent
2355 5291 2539 5331 verum
2568 5273 2755 5343 iudicii
2787 5274 2839 5328 in
2866 5289 2951 5329 me
2974 5273 3283 5344 proferetur
3306 5288 3559 5329 examen.
3606 5269 3800 5341 Itaque

2207 5368 2366 5424 nolite
2413 5378 2533 5422 ante
2577 5378 2777 5437 tempus
2813 5365 3080 5436 judicare,
3112 5366 3276 5421 donec
3318 5364 3490 5423 ueniat
3515 5362 3794 5418 Dominus.

2207 5456 2433 5530 (Amen)
2466 5456 2644 5511 Monet
2675 5456 2794 5512 illos
2822 5456 3167 5528 nciudicent,
3191 5471 3313 5511 cum
3334 5452 3615 5527 iudicandi
3645 5461 3795 5519 sunt,

2204 5562 2260 5605 et
2304 5550 2538 5606 habeant
2593 5548 2788 5618 duplex
2832 5555 3147 5618 peccatum,
3183 5547 3328 5603 sicut
3369 5547 3446 5602 ait
3490 5544 3793 5602 Dominus:

2206 5638 2386 5693 Nolite
2399 5638 2667 5708 judicare,
2690 5647 2736 5692 et
2755 5655 2855 5693 non
2858 5636 3172 5709 judicemini
3199 5636 3417 5710 (Matth.
3433 5635 3554 5709 vn),
3576 5634 3673 5692 sed
3701 5649 3802 5690 ert-

2201 5722 2414 5804 pectatc
2456 5734 2596 5787 diem
2634 5730 2823 5802 iudicii
2858 5730 2984 5798 Dei,
3018 5745 3082 5785 ac
3113 5730 3157 5785 si
3190 5729 3373 5786 lidclcs
3403 5738 3459 5785 et
3481 5728 3609 5787 boni
3649 5727 3795 5792 sint;
