4082 6332
317 372 391 429 45
822 373 1376 434 ENARRATIONUM
1412 375 1484 432 ιιι
1522 376 1673 433 EPP.
1711 375 1918 434 PAULI
1959 375 2082 431 LIB.
2127 377 2214 432 IX.
2253 410 2320 418 —
2360 379 2427 433 IN
2465 379 2681 436 EPIST.
2719 381 2740 436 1
2777 381 2869 436 Αι)
2907 361 3064 439 ceu.
3519 385 3588 441 to

323 489 526 564 injuria
568 490 713 546 enim
742 487 942 558 judicis
967 498 1079 554 est,
1113 490 1158 545 si
1189 501 1314 546 ante
1343 490 1702 560 cognitionem
1731 489 1848 560 ejus
1873 504 1906 542 a
1931 494 1985 552 Α
2011 491 2062 544 in
2103 491 2311 560 populis
2358 501 2689 548 nasceretur.
2727 493 2896 548 Nemo
2939 495 3082 550 enim
3125 497 3350 553 audiens
3393 515 3590 556 nomen

321 604 482 645 servo
510 587 770 658 procedat
787 587 1049 656 judicium
1077 598 1173 643 aut
1197 589 1484 644 sententia.
1517 588 1619 654 Qui
1649 581 1908 642 illumina-

322 682 394 734 bt't
443 678 648 732 occulta
685 677 1017 732 tenebrarum
1058 687 1108 732 et
1138 678 1490 748 manifestabit
1515 678 1752 732 “consilia
1795 694 1909 731 cor-

321 763 495 834 dium,
520 777 568 822 et
609 777 733 822 tunc
772 766 889 821 laus
922 769 1019 822 erit
1059 769 1336 838 unicuique
1361 785 1393 822 a
1433 767 1560 822 Deo.
1609 767 1722 823 Hoc
1756 768 1906 834 dicit,

321 861 453 930 quia
485 861 538 916 in
571 860 657 915 die
691 858 880 929 judicii
925 859 1060 916 nihil
1103 859 1373 915 occultum
1420 859 1525 914 erit
1562 876 1748 915 eorum
1791 875 1910 928 quae

321 959 479 1023 gesta
525 958 641 1004 aut»
663 949 902 1021 cogitata
931 956 1074 1015 sunt,
1106 957 1161 1005 et
1189 949 1504 1020 simplicitas
1530 959 1585 1005 et
1609 950 1910 1021 hypocrisis

320 1043 436 1099 illic
471 1041 770 1114 apparebit,
803 1048 860 1096 ut
898 1049 952 1096 et
989 1057 1081 1110 qut
1110 1043 1394 1112 despectus
1427 1041 1745 1107 habebatur,
1773 1041 1911 1098 forte

320 1145 585 1210 appareat
610 1135 821 1206 dignus,
847 1143 901 1189 et
930 1135 1023 1205 qui
1055 1133 1260 1204 aliquid
1289 1149 1406 1190 esse
1428 1135 1740 1205 putabatur,
1770 1135 1913 1189 iuve-

318 1229 507 1282 niatur
547 1226 828 1296 reprobus.
865 1224 1056 1281 Omnia
1096 1225 1243 1280 enim
1283 1234 1408 1280 nota
1448 1226 1688 1280 eruntin
1716 1225 1802 1280 die
1825 1225 1912 1295 ju-

320 1315 477 1380 dicii,
501 1323 556 1369 et
583 1323 710 1370 tunc
737 1314 854 1371 laus
881 1315 986 1370 erit
1016 1315 1152 1370 bene
1183 1317 1364 1386 agenti
1392 1317 1476 1371 vel
1505 1317 1781 1388 cogitanti.
1811 1316 1912 1373 llic

319 1405 471 1460 enim
517 1405 610 1475 qui
657 1405 926 1470 laudatur,
955 1405 1309 1477 improbabile
1355 1415 1440 1463 est
1482 1423 1549 1461 an
1592 1408 1785 1478 dignus
1816 1408 1907 1475 sit,

318 1498 467 1552 sicut
497 1495 689 1552 in.alio
715 1496 834 1552 loco
861 1495 992 1552 dicit
1017 1514 1029 1549 :
1054 1496 1178 1552 Non
1205 1498 1360 1552 enim
1387 1499 1478 1568 qui
1509 1499 1734 1570 seipsum
1765 1516 1909 1553 cont-

315 1587 532 1642 mendat
563 1573 666 1640 ille.
677 1590 926 1658 probatus
947 1595 1041 1651 est,
1067 1587 1158 1642 sed
1186 1603 1336 1659 quem
1363 1587 1621 1642 Dominus
1645 1605 1910 1643 commen-

316 1677 412 1731 dat
445 1675 531 1750 (II
554 1674 678 1732 Cor.
707 1677 788 1748 κ),
816 1693 972 1748 quem
1005 1677 1194 1748 utique
1226 1677 1360 1733 nihil
1390 1677 1552 1745 latet;
1586 1678 1769 1752 (Aug.)
1803 1695 1910 1735 non

317 1767 470 1822 enim
534 1767 736 1822 scimus
772 1767 1029 1823 mortales
1067 1767 1230 1824 corda
1268 1763 1596 1825 mortalium.
1631 1770 1782 1825 Tunc
1807 1786 1905 1824 au-

2009 585 2162 635 s‘uum
2191 583 2363 636 taxari
2386 593 2477 638 aut
2502 582 2636 652 ejus,
2659 584 2746 638 cui
2772 583 2936 650 favet,
2965 592 3249 642 contentus
3273 596 3357 644 est
3383 596 3587 646 tacere.

2010 667 2198 726 Tacito
2221 679 2399 726 autem
2430 674 2664 740 nomine,
2695 674 2740 729 si
2769 676 2890 744 quis
2917 676 3140 732 audiens
3165 693 3229 734 ac
3259 679 3303 734 si
3333 679 3401 734 de
3427 696 3484 736 se
3513 682 3591 736 in-

2008 759 2214 831 telligat
2256 761 2492 828 dictum,
2521 763 2840 818 dissimulat.
2886 763 2996 820 Sub
3043 766 3144 822 hac
3187 781 3316 839 ergo
3347 772 3593 842 proposi-

2010 849 2156 905 tione
2201 853 2482 907 evacuavit
2525 869 2785 924 personas
2827 855 3041 911 illorum
3094 873 3214 912 cum
3261 860 3391 914 dicit
3427 878 3439 914 :
3478 861 3591 932 Ego

2008 939 2263 1011 plantavi,
2282 941 2465 1013 Apoilo
2496 944 2700 1013 rigavit,
2718 953 2847 1010 etc.,
2871 955 2932 1000 ut
2958 946 3012 1001 in
3045 947 3129 1003 his
3158 949 3428 1005 discerent
3457 952 3593 1006 nihil

2011 1031 2244 1086 dandum
2285 1033 2611 1088 hominibus.
2647 1035 2776 1101 Quis
2808 1047 2982 1092 autem
3010 1046 3058 1092 te
3089 1037 3378 1094 discernit?
3405 1041 3460 1096 ld
3487 1052 3589 1108 est,

2011 1131 2137 1176 sunt
2180 1121 2342 1192 aliqui
2389 1125 2481 1194 qui
2527 1127 2757 1196 amplius
2793 1128 3118 1198 accipientes
3160 1131 3214 1185 in
3248 1132 3594 1202 baptismate,

2009 1220 2102 1266 aut
2142 1212 2195 1266 in
2236 1213 2501 1280 doctrina,
2536 1226 2760 1272 culturos
2806 1219 2987 1272 dicant
3030 1221 3206 1276 minus
3250 1233 3592 1280 consecutos.

2011 1306 2123 1362 Hoc
2151 1308 2234 1362 his
2266 1309 2504 1378 loquitur
2527 1311 2617 1380 qui
2663 1311 2964 1382 baptizatos
2991 1313 3060 1368 ab
3087 1313 3207 1369 aliis
3232 1315 3353 1385 plus
3389 1317 3592 1387 aliquid

2011 1416 2130 1456 esse
2164 1401 2444 1471 putabant,
2475 1419 2704 1473 quorum
2747 1405 3050 1475 eloquentia
3089 1409 3503 1477 sedueebantur,
3537 1422 3598 1467 ut

2011 1489 2132 1546 fuco
2183 1493 2412 1562 quodam
2462 1509 2718 1563 perversa
2755 1505 2902 1552 recta
2950 1507 3418 1568 putarentztanta
3448 1505 3594 1558 enim

2009 1581 2276 1636 discordia
2310 1583 2361 1636 in
2397 1585 2594 1654 populo
2627 1593 2764 1651 erat,
2799 1595 2856 1640 ut
2885 1589 3051 1643 multa
3092 1601 3275 1646 essent
3312 1595 3487 1648 studia
3516 1595 3597 1650 di-

2007 1689 2287 1730 versurum
2337 1678 2594 1746 partium,
2623 1689 2677 1732 et
2725 1679 2804 1733 sic
2846 1681 3025 1734 omnia
3069 1682 3212 1738 dicta
3257 1699 3354 1738 sua
3394 1686 3598 1756 aptavit

2008 1763 2339 1836 Apostolus,
2384 1768 2496 1822 sive
2545 1768 2980 1825 manifestatione
3028 1773 3304 1828 nominum
3349 1777 3602 1831 onmibus

319 1867 431 1912 tem
460 1857 781 1912 illuminabit
805 1859 1063 1916 Dominus
1084 1859 1297 1916 occulta
1329 1863 1697 1928 tenebrarum,
1721 1873 1774 1918 et
1797 1878 1910 1918 ma—
1936 1844 1982 1904 Β
2009 1856 2278 1926 partibus,
2309 1867 2365 1914 ul
2389 1874 2512 1914 cum
2537 1859 2805 1930 legeretur
2829 1861 3067 1932 Epistola
3097 1879 3432 1935 unaqumque
3470 1881 3600 1937 pars

317 1945 601 2002 uifestabit
625 1947 982 2018 cogitationes
1015 1948 1216 2015 cordis,
1245 1959 1300 2006 et
1347 1959 1474 2006 tunc
1509 1951 1627 2006 laus
1650 1952 1756 2007 erit
1785 1953 1909 2007 uui-

318 2023 518 2108 cuique
534 2052 564 2090 a
580 2038 712 2102 Deo,
729 2037 854 2108 quia
870 2038 921 2093 id
940 2037 1245 2094 laudabitur
1255 2049 1310 2094 et
1327 2040 1621 2112 diligetura
1639 2043 1906 2112 proximo,

251 2127 254 2130 ’
320 2131 378 2186 in
393 2127 825 2201 proximo,quod
845 2145 913 2186 ne
937 2129 1120 2197 lateat,
1138 2133 1208 2186 ab
1231 2133 1346 2202 ipso
1373 2133 1760 2189 illuminabitur
1776 2136 1904 2190 Deo.

317 2217 529 2292 (Greg.)
569 2217 826 2291 Quisquis
867 2221 1010 2276 enim
1054 2221 1107 2276 in
1151 2223 1479 2295 cogitatione
1515 2241 1546 2280 a
1585 2226 1910 2282 rectitudine

315 2309 593 2367 exorbitat
632 2312 687 2366 in
729 2312 967 2368 tenebris
989 2323 1200 2384 peccat,
1230 2331 1327 2370 nos
1370 2333 1500 2389 ergo
1533 2327 1684 2374 tanto
1728 2320 1908 2374 utinus

317 2403 580 2458 debemus
592 2402 767 2458 aliena
792 2405 954 2459 corda
973 2405 1251 2462 audaciter
1271 2410 1691 2478 reprehendere,
1705 2419 1908 2480 quanto

313 2497 522 2550 scimus
546 2495 671 2565 quia
712 2495 831 2550 visu
862 2503 1047 2552 nostra
1074 2512 1180 2552 non
1211 2513 1500 2568 possumus
1528 2500 1717 2555 alienae
1761 2501 1908 2572 cogi-

314 2585 542 2640 tationis
590 2586 842 2641 tenebras
889 2585 1187 2654 illustrare;
1218 2589 1311 2644 sed
1353 2589 1405 2644 in
1437 2590 1540 2646 hoc
1571 2591 1799 2646 solerter
1825 2593 1905 2646 iu-

316 2676 576 2731 tuendum
601 2685 705 2743 est,
731 2689 931 2747 quanta
955 2687 1108 2750 pater
1128 2678 1228 2734 Job
1255 2682 1544 2737 severitate
1572 2685 1746 2753 potuit
1777 2683 1909 2739 ﬁlio-

323 2782 447 2820 rum
471 2782 630 2837 opera
659 2769 960 2841 corrigere,
991 2771 1083 2842 qui
1115 2779 1266 2826 tanta
1294 2773 1656 2830 sollicitudine
1699 2777 1908 2830 studuit

317 2859 487 2915 corda
513 2864 794 2930 mundare,
818 2864 909 2933 qui
939 2863 1073 2919 dixit
1101 2865 1167 2920 de
1199 2864 1323 2920 ﬁliis
1343 2867 1483 2922 suis:
1512 2867 1594 2922 Ne
1624 2867 1760 2938 forte
1786 2885 1905 2939 pec-

314 2954 547 3009 caverint
593 2953 694 3023 ﬁlii
742 2955 874 3020 mei,
916 2965 964 3010 et
1005 2953 1358 3010 benedixerint
1409 2955 1520 3011 Deo
1558 2957 1615 3012 in
1661 2958 1904 3012 cordibus

311 3047 424 3101 suis
450 3044 598 3118 (Job.
630 3045 690 3118 t).
735 3045 873 3114 Quid
905 3047 972 3101 ad
1000 3046 1117 3102 haec
1146 3055 1384 3103 rectores
1429 3046 1667 3104 ﬁdelium
1697 3049 1903 3116 dicunt,

313 3139 408 3208 qui
435 3137 825 3208 discipulorum
854 3153 1075 3194 suorum
1114 3149 1169 3194 et
1198 3147 1382 3208 aperta
1411 3155 1576 3209 opera
1619 3140 1904 3195 nesciunt?

2012 1947 2078 2003 ad
2117 1963 2175 2004 se
2223 1949 2371 2004 dicta
2417 1950 2754 2019 susciperet,
2807 1952 3032 2008 audiens
3081 1954 3224 2024 quod
3272 1970 3448 2011 causae
3487 1973 3601 2012 suae

2010 2038 2212 2094 intendi
2244 2051 2614 2111 cognosceret.
2637 2040 2777 2106 Quid
2792 2053 2962 2096 autem
2982 2043 3136 2097 habes
3163 2045 3302 2115 quod
3328 2063 3431 2099 non
3453 2064 3600 2102 acce-

2007 2132 2169 2200 pisti?
2191 2131 2333 2186 Nihil
2357 2132 2500 2186 illum
2526 2133 2652 2187 boni
2679 2133 2816 2187 ultra
2847 2133 2977 2188 dicit
3004 2145 3350 2190 consecutum
3381 2137 3449 2200 ab
3478 2137 3600 2193 aliis

2009 2237 2171 2290 quam
2195 2223 2263 2276 ab
2284 2237 2349 2277 eo
2375 2231 2680 2292 acceperat,
2710 2223 2830 2278 ideo
2854 2221 3054 2279 frustra
3078 2241 3146 2294 qu
3168 2227 3270 2291 eri,
3289 2228 3432 2296 quod
3453 2228 3599 2284 enim

2009 2311 2284 2367 habebant
2312 2313 2380 2368 ab
2405 2311 2663 2382 Apostolo
2690 2317 3030 2384 acceperant.
3076 2315 3158 2371 Ad
3199 2333 3366 2372 unum
3414 2328 3598 2374 autem

2012 2402 2224 2458 videtur
2251 2401 2422 2473 loqui,
2455 2403 2546 2474 qui
2577 2403 2644 2458 ad
2673 2413 2883 2474 partem
2907 2405 3079 2476 plebis
3105 2406 3376 2476 loquitur:
3410 2407 3472 2464 Si
3500 2425 3602 2463 au-

2007 2504 2110 2549 tem
2135 2496 2402 2566 accepisti,
2430 2496 2557 2567 quid
2580 2495 2826 2567 gloriaris
2855 2498 3006 2568 quasi
3035 2517 3139 2554 non
3165 2501 3464 2572 acceperis?
3485 2500 3599 2557 Hoc

2006 2586 2163 2655 quasi
2204 2586 2556 2642 insultatores
2586 2587 2817 2658 apostoli
2862 2587 3093 2659 agebant
3117 2604 3214 2659 per
3242 2590 3594 2660 imperitiam,

2006 2685 2067 2731 ut
2095 2677 2284 2732 eadem
2306 2676 2607 2743 audientes,
2634 2694 2753 2748 quae
2776 2679 2843 2732 ab
2860 2679 3116 2750 Apostolo
3132 2678 3244 2748 jam
3270 2681 3593 2747 didicerant,

2008 2766 2158 2821 illum
2181 2777 2528 2832 evacuantes,
2553 2767 2620 2822 de
2650 2769 2840 2822 horum
2861 2771 3172 2840 magisterio
3203 2771 3595 2843 gloriarentur;

2006 2856 2316 2926 eloquentia
2345 2859 2490 2914 enim
2521 2861 2883 2914 commendati
2931 2863 3332 2931 praedicationis
3367 2866 3598 2936 gloriam

2008 2947 2063 3002 in
2097 2963 2156 3002 se
2183 2948 2570 3002 convertebant
2597 2967 2609 3002 :
2637 2949 2927 3019 Apostolus
2951 2968 3080 3006 vero
3119 2969 3177 3008 se
3216 2957 3596 3026 contemptibi-

2007 3037 2112 3090 lem
2142 3037 2357 3094 volebat
2381 3039 2568 3104 videri,
2596 3039 2885 3094 dummodo
2913 3041 3006 3095 Dei
3033 3042 3258 3112 gloriam
3282 3043 3483 3099 faceret
3507 3062 3597 3102 ac-

2007 3129 2352 3200 ceptabilem.
2405 3129 2634 3202 (ΜΑιιιι.)
2683 3130 2826 3185 Ante
2877 3133 3056 3186 omnia
3102 3133 3264 3204 igitur
3304 3135 3597 3206 Apostolus

313 3227 444 3298 quid
473 3229 530 3283 in
579 3243 676 3283 sua
703 3230 1054 3285 excusatione
1103 3230 1362 3301 cogitant,
1396 3230 1488 3299 qui
1517 3230 1570 3284 in
1598 3230 1902 3286 commissis
1930 3220 1974 3284 C
2007 3221 2368 3276 hmnilitatem
2404 3223 2517 3278 suis
2548 3223 2887 3279 auditoribus
2913 3227 3282 3294 commendat,
3310 3237 3368 3283 ut
3401 3229 3454 3283 in
3481 3231 3601 3300 ipsa

314 3321 414 3377 sibi
467 3335 570 3376 nec
604 3320 828 3376 vulnera
859 3321 1130 3377 actionum
1160 3322 1391 3376 curant?
1426 3320 1652 3393 (MAUR.)
1696 3321 1903 3390 Quaeri-

313 3422 406 3468 tur
438 3423 622 3468 autem
669 3430 770 3468 cur
812 3412 1012 3469 Paulus
1042 3413 1351 3470 Corinthios
1397 3413 1737 3483 prohibuerit
1781 3423 1906 3470 ante

314 3515 529 3577 tempus
554 3503 824 3574 judicare,
851 3521 974 3560 cum
1019 3506 1087 3560 ad
1133 3505 1508 3576 Philippeuses
1549 3505 1793 3561 scribens
1824 3503 1907 3559 di-

308 3608 436 3654 cat:
467 3596 528 3653 Μ
533 3597 629 3650 ulti
659 3597 798 3651 enim
827 3595 1119 3660 ambulant,
1137 3613 1266 3666 quos
1303 3613 1442 3666 strpe
1473 3596 1710 3650 dicebam
1736 3595 1902 3661 vobis,

312 3705 453 3744 nunc
489 3695 668 3742 autem
693 3697 740 3742 et
761 3689 892 3757 flens
921 3687 1314 3752 dico,inimicos
1339 3688 1509 3743 crucis
1538 3685 1752 3754 Christi,
1771 3704 1906 3757 quo-

314 3795 432 3834 rum
468 3779 592 3848 ﬁnis
622 3779 859 3833 interitus
888 3777 1056 3850 (Phil.
1089 3778 1193 3850 ιιι).
1224 3779 1318 3835 llle
1344 3795 1475 3851 ergo
1501 3780 1594 3850 qui
1623 3780 1758 3835 alios
1781 3795 1907 3850 pro-

319 3869 494 3925 hibuit
524 3880 648 3924 ante
698 3879 907 3939 tempus
943 3868 1213 3940 judicare,
1241 3873 1355 3943 ipse
1389 3873 1602 3929 videtur
1646 3875 1737 3929 hic
1781 3883 1906 3930 ante

317 3970 533 4030 tempus
561 3977 655 4017 eos
677 3961 972 4032 judicasse,
999 3962 1066 4019 de
1092 3964 1290 4034 quibus
1333 3964 1489 4030 dixit,
1531 3981 1754 4036 quarunt
1783 3965 1906 4034 ﬁnis

311 4050 578 4104 interitus.
604 4049 669 4123 (6
679 4051 811 4124 reg.)
833 4054 914 4109 Ad
935 4054 1077 4123 quod
1095 4054 1404 4124 responderi
1427 4063 1636 4126 potest:
1662 4054 1909 4112 Christus

312 4142 408 4212 qui
441 4143 494 4196 in
525 4142 696 4199 Paulo
726 4144 935 4199 locutus
960 4151 1060 4210 est,
1088 4143 1270 4200 futura
1311 4147 1425 4217 jam
1451 4147 1602 4218 quasi
1636 4149 1906 4219 praeterita

313 4232 584 4308 agnoscit,
613 4243 668 4287 et
709 4234 907 4288 idcirco
940 4235 1106 4288 etiam
1153 4234 1322 4289 Paulo
1373 4237 1477 4291 hoc
1516 4237 1746 4302 dicente,
1771 4239 1905 4293 nihil

315 4331 444 4378 ante
473 4331 686 4393 tempus
707 4321 992 4391 judicavit.
1029 4323 1165 4379 Nam
1195 4332 1250 4380 et
1291 4325 1525 4396 Spiritus
1559 4335 1780 4383 sanctus
1814 4342 1909 4398 per

316 4415 626 4485 apostolum
676 4414 892 4470 Petrum
939 4416 1005 4472 ad
1050 4415 1326 4472 Simonem
1371 4433 1590 4487 magum
1639 4419 1908 4474 aitzNon

314 4517 390 4560 est
436 4507 532 4560 tibi
571 4523 714 4577 pars,
746 4524 906 4577 neque
952 4524 1064 4562 sors
1091 4509 1146 4562 in
1188 4508 1288 4563 hac
1311 4510 1412 4563 vita
1439 4509 1578 4580 (Act.
1613 4510 1750 4584 vm),
1780 4511 1906 4580 quia

2010 3313 2233 3368 stabiliti
2273 3323 2436 3382 atque
2476 3314 2820 3380 consolidati,
2867 3316 3134 3386 superbire
3175 3326 3228 3374 et
3271 3323 3597 3392 arrogantia:

2007 3405 2220 3459 ruinam
2244 3415 2490 3460 caveant.
2516 3405 2668 3463 Unde
2686 3417 2741 3462 et
2761 3407 2887 3462 alibi
2908 3409 3104 3481 dicit(l
3131 3407 3252 3466 Cor.
3277 3411 3359 3484 ιιι)
3385 3428 3399 3466 :
3429 3413 3598 3471 Nemo

2007 3493 2260 3564 glorietur
2279 3495 2333 3549 in
2356 3496 2600 3562 homine;
2621 3504 2676 3551 et
2696 3498 2856 3568 paulo
2879 3500 3127 3568 superius
3155 3519 3166 3554 :
3194 3500 3298 3568 Qui
3317 3502 3596 3572 gloriatur,

2009 3587 2206 3656 inquit,
2228 3589 2284 3642 in
2308 3586 2531 3642 Domino
2553 3589 2840 3661 glorietur;
2865 3595 3122 3663 quoniam
3148 3605 3203 3651 et
3229 3596 3464 3654 Iacobus
3489 3599 3598 3655 ait:

2013 3678 2179 3735 Omne
2220 3681 2405 3735 datum
2432 3684 2681 3753 optimum
2705 3693 2750 3737 et
2780 3701 2930 3739 omne
2972 3687 3170 3742 donum
3206 3689 3493 3758 perfectum
3536 3692 3602 3746 de

2009 3786 2219 3824 sursum
2248 3779 2344 3838 est,
2376 3771 2691 3828 descendens
2716 3791 2748 3827 a
2781 3771 2943 3829 Patre
2973 3775 3250 3844 luminum,
3281 3782 3420 3850 apud
3447 3799 3601 3853 quem

2011 3878 2115 3916 non
2154 3872 2230 3916 est
2273 3865 2646 3918 transmutatio
2673 3905 2686 3930 ,
2721 3882 2812 3920 nec
2858 3868 3230 3925 vicissitudinis
3273 3873 3604 3930 obumbratio

2011 3951 2152 4023 (Jac.
2193 3953 2258 4024 ι).
2306 3951 2492 4026 [Aug.]
2534 3953 2611 4008 llli
2658 3971 2786 4012 vero
2825 3957 3068 4014 haeretici
3113 3962 3319 4031 seipsos
3350 3979 3380 4018 a
3408 3966 3604 4036 seipsis

2003 4040 2182 4109 justos
2209 4043 2326 4100 ﬁeri
2353 4053 2626 4115 putantes,
2651 4049 2804 4116 quasi
2835 4049 2938 4104 hoc
2963 4051 3042 4104 eis
3073 4050 3216 4106 Deus
3249 4054 3478 4121 dederit,
3508 4057 3603 4110 sed

2010 4137 2115 4209 ipsi
2154 4139 2282 4206 sibi,
2321 4155 2430 4195 non
2473 4141 2660 4210 utique
2695 4143 2750 4197 in
2784 4143 3036 4209 Domino,
3062 4147 3157 4202 sed
3187 4146 3240 4201 in
3272 4148 3465 4218 seipsis
3492 4149 3605 4220 glo-

2010 4231 2244 4286 riantur.
2271 4231 2489 4288 Talibus
2515 4232 2645 4288 dicit
2671 4233 2959 4305 Apostolus
2985 4253 2997 4289 :
3025 4235 3156 4302 Quis
3180 4238 3316 4292 enim
3338 4249 3387 4293 te
3409 4240 3605 4294 discer-

2012 4324 2129 4378 nit?
2156 4324 2300 4394 quod
2331 4324 2453 4380 ideo
2491 4325 2643 4388 dicit,
2673 4327 2798 4396 quia
2841 4342 3021 4382 massa
3072 4329 3217 4385 illius
3261 4311 3602 4400 perditionis,

2012 4428 2132 4484 quae
2163 4413 2307 4469 facta
2351 4422 2435 4470 est
2460 4430 2527 4470 ex
2551 4415 2742 4480 Adam,
2771 4432 2875 4471 non
2921 4417 3180 4474 discernit
3223 4420 3520 4488 hominem,
3545 4433 3606 4478 ut

2013 4521 2134 4560 eum
2159 4503 2327 4560 faciat
2347 4521 2442 4560 vas
2466 4505 2521 4560 in
2545 4506 2829 4572 honorem,
2853 4523 2959 4562 non
2991 4508 3044 4562 in
3070 4509 3472 4578 contumeliam,
3497 4512 3605 4567 nisi

315 4585 501 4652 futura
531 4596 768 4652 Simonis
793 4599 933 4669 magi
954 4599 1108 4668 quasi
1135 4601 1410 4671 praeterita
1439 4600 1603 4656 Petro
1625 4603 1678 4656 in
1703 4580 1908 4672 Spiritu
1935 4580 1987 4639 Ῑ)
2015 4599 2192 4662 Deus;
2225 4599 2320 4654 sed
2346 4600 2605 4670 quoniam
2648 4601 2810 4654 homo
2841 4601 3074 4656 carnalis
3101 4609 3156 4657 et
3185 4603 3419 4657 inaniter
3451 4602 3603 4658 infla-

313 4688 533 4744 fuerant
562 4687 797 4744 revelata
824 4706 836 4742 :
862 4705 892 4742 a
917 4689 1113 4758 quibus
1142 4700 1323 4746 autem
1350 4690 1527 4746 futura
1551 4700 1610 4746 ut
1634 4693 1911 4762 praeterita

315 4783 543 4837 minime
591 4781 877 4848 videntur,
927 4791 1051 4837 ante
1098 4793 1310 4854 tempus
1349 4783 1597 4853 judicare
1626 4800 1656 4838 a
1686 4783 1914 4839 Domino

311 4875 696 4946 prohibentur,
724 4876 789 4930 de
809 4875 1004 4945 quibus
1031 4884 1086 4930 et
1111 4892 1209 4946 per
1231 4878 1552 4947 prophetam
1582 4875 1914 4947 increpando

312 4966 555 5021 dicitur:
589 4963 681 5020 Va:
719 4965 797 5019 his
836 4965 926 5037 qui
951 4967 1261 5037 praphetant
1294 4967 1357 5020 de
1383 4967 1540 5021 corde
1573 4984 1668 5020 suo
1695 4967 1912 5039 (Ezech.

313 5061 471 5130 xm);
503 5061 572 5116 de
595 5060 758 5116 corde
795 5075 1026 5131 namque
1065 5060 1387 5131 prephctare
1413 5069 1496 5114 est
1522 5076 1590 5114 ex
1619 5060 1732 5116 sola
1768 5077 1908 5132 pra:-

314 5151 644 5222 sumptione,
672 5166 777 5206 non
807 5165 904 5220 per
924 5151 1168 5221 spiritum
1197 5151 1396 5220 aliquid
1420 5151 1618 5207 dicere.

388 5241 524 5298 Hazc
550 5252 744 5308 autem,
771 5242 986 5313 fratres,
1017 5243 1390 5313 trans/iguravi
1420 5245 1476 5298 in
1522 5260 1602 5298 me
1621 5253 1667 5298 et
1693 5242 1905 5315 Apollo,

310 5343 529 5407 propter
560 5351 667 5400 ros,
693 5343 748 5387 ut
783 5335 838 5388 in
878 5333 1025 5388 nobis
1054 5333 1268 5387 discatis
1307 5351 1370 5388 ne
1394 5350 1553 5404 supra
1585 5350 1744 5405 quam
1771 5334 1906 5388 scri-

312 5435 466 5496 ptum
503 5436 603 5490 est,
647 5441 782 5480 unus
824 5425 1072 5480 adversus
1115 5423 1338 5478 alterum
1381 5426 1596 5497 infletur
1636 5443 1730 5495 pro
1779 5425 1906 5479 alio.

317 5513 550 5585 (Ambr.)
596 5513 1023 5585 Transtiguravit
1073 5514 1190 5568 hinc
1233 5513 1284 5566 in
1332 5529 1390 5570 se
1435 5527 1490 5570 et
1525 5514 1744 5586 Apollo,
1781 5516 1908 5570 dum

315 5606 898 5676 pseudoapostolorum
942 5605 1147 5678 glorias
1190 5614 1246 5660 et
1283 5607 1599 5663 traditiones
1625 5623 1911 5682 perversas

315 5698 420 5753 sub
461 5714 561 5754 sua
603 5714 836 5769 persona
863 5709 920 5754 et
945 5699 1135 5771 Apollo
1164 5708 1412 5764 evacuat,
1445 5702 1748 5756 summatim
1786 5702 1909 5757 illos

316 5787 632 5859 designans,
655 5807 764 5845 nou
795 5790 1128 5862 singulatim,
1159 5807 1228 5849 ne
1267 5790 1442 5862 major
1478 5792 1616 5849 forte
1640 5793 1909 5850 discordia

2015 4698 2102 4744 tus
2131 4705 2253 4744 cum
2281 4689 2539 4755 audisset,
2561 4691 2678 4759 quis
2723 4690 2860 4744 enim
2909 4699 2957 4745 te
2997 4692 3288 4746 discernit?
3313 4702 3497 4763 posset
3526 4709 3606 4750 re-

2015 4783 2304 4850 spondere,
2326 4782 2413 4837 vel
2435 4799 2586 4846 voce,
2615 4781 2695 4836 vel
2719 4782 3064 4852 cogitatione,
3091 4791 3146 4838 et
3166 4783 3366 4851 dicere,
3392 4785 3606 4842 Discer-

2017 4872 2098 4926 nit
2123 4887 2208 4928 me
2236 4873 2370 4928 ﬁdes
2401 4889 2544 4938 mea,
2568 4873 2827 4928 discernit
2855 4888 2942 4929 me
2969 4875 3144 4930 oratio
3177 4891 3322 4942 mea,
3346 4877 3607 4934 discernit

2018 4978 2104 5018 me
2127 4949 2337 5032 justitia
2359 4979 2508 5029 mea;
2543 4977 2668 5016 mox
2691 4961 2979 5032 Apostolus
3001 4965 3242 5020 occurrit
3263 4967 3606 5037 cogitationi-

2014 5058 2116 5112 bus
2159 5053 2274 5122 ejus
2307 5061 2360 5108 et
2413 5053 2586 5106 dixit:
2615 5052 2756 5118 Quid
2794 5055 2929 5108 enim
2958 5054 3114 5110 habes
3159 5056 3296 5126 quod
3326 5075 3427 5112 non
3458 5076 3606 5115 acce-

2012 5151 2174 5222 pisti?
2218 5147 2274 5204 Si
2320 5157 2494 5200 autent
2531 5147 2793 5218 accepisti,
2842 5147 2969 5216 quid
3007 5148 3288 5220 gloriaris,
3319 5153 3469 5222 quasi
3501 5169 3604 5207 non

2013 5241 2311 5312 acceperis?
2347 5238 2438 5294 Sic
2458 5239 2603 5294 enim
2631 5239 2952 5309 gloriantur,
2974 5243 3130 5311 quasi
3157 5257 3265 5297 non
3297 5245 3606 5315 acceperint

2013 5333 2105 5403 qui
2131 5348 2189 5388 se
2219 5347 2249 5386 a
2277 5332 2469 5400 seipsis
2500 5329 2789 5399 justiﬁcari
2826 5341 3040 5404 putant,
3070 5350 3134 5389 ac
3158 5350 3252 5404 per
3289 5335 3391 5390 hoc
3432 5337 3485 5390 in
3514 5352 3604 5392 se-

2012 5424 2164 5494 ipsis,
2194 5439 2302 5477 non
2351 5423 2404 5477 in
2441 5423 2668 5480 Domino
2709 5423 3026 5494 gloriantur.
3076 5423 3279 5498 (Gr-eg.)
3319 5426 3504 5482 Sancti
3547 5427 3605 5482 hi

2012 5515 2113 5569 viri
2143 5515 2323 5570 sciunt
2349 5523 2472 5585 post
2510 5515 2668 5585 primi
2702 5518 2942 5586 parentis
2991 5517 3202 5588 lapsum
3244 5519 3310 5574 de
3340 5517 3605 5588 corrupti-

2015 5605 2108 5661 bili
2139 5606 2306 5675 stirpc
2330 5622 2388 5661 se
2416 5605 2612 5671 editos,
2635 5615 2689 5661 et
2712 5623 2820 5662 non
2850 5609 3049 5664 virtute
3075 5612 3315 5681 propria,
3341 5611 3434 5665 sed
3460 5625 3600 5679 pra:-

2014 5700 2264 5755 veniente
2288 5715 2520 5771 superna
2543 5701 2738 5772 gratia,
2761 5701 2829 5756 ad
2853 5703 3076 5757 meliora
3101 5719 3159 5758 se
3178 5711 3304 5758 vota
3328 5703 3409 5756 vel
3436 5716 3602 5770 opera

2014 5802 2397 5862 commutatos,
2418 5802 2474 5850 et
2502 5795 2762 5866 quidquid
2794 5797 2895 5851 sibi
2926 5795 3051 5851 mali
3077 5798 3253 5850 inesse
3275 5799 3604 5867 cognoscunt
