4082 6332
479 345 548 400 47
1099 341 1158 397 Β.
1193 341 1444 396 BADA-Nl
1485 340 1700 397 MAURI
1739 341 2058 397 ARClllEP.
2101 340 2406 399 MOGUNT.
2448 336 2728 396 OPERUM
2762 335 2940 392 PARS
2977 335 3062 392 Ill.
3651 335 3723 392 48

479 461 545 512 de
590 454 803 511 mortali
843 453 1136 525 prOpagine
1172 454 1411 509 sentiunt
1459 455 1741 522 meritum;
1793 454 2052 524 quidquid
2079 463 2126 522 Α
2154 454 2342 520 Deum,
2375 452 2589 521 sapiens
2620 449 2832 506 videtur
2875 449 3178 506 mundanis.
3233 455 3347 510 Nos
3384 451 3604 520 infirmi,
3633 466 3723 504 vos

479 562 604 601 vero
633 546 686 600 in
722 559 780 600 se
818 544 943 599 boni
971 545 1258 613 inspiciunt
1282 545 1598 600 immortalis
1625 546 1811 616 gratiae
1849 561 2048 617 cogno-

477 647 634 691 scunt
683 636 900 701 donum,
931 635 1088 704 eique
1125 635 1196 690 de
1243 642 1464 704 accepto
1512 650 1731 690 munere
1777 635 2049 690 debitores

479 729 630 794 ﬁunt,
655 727 744 796 qui
775 736 828 780 et
849 726 1222 796 praeveniendo
1245 726 1390 781 dedit
1416 725 1496 780 eis
1517 727 1714 780 bonum
1742 725 1876 780 velle
1905 725 2046 794 quod

477 821 791 882 noluerant,
823 827 876 872 et
921 817 1294 886 subsequeudo
1327 816 1594 870 concessit
1643 815 1840 868 bonum
1889 829 2046 884 posse

475 910 616 981 quod
634 909 832 963 volunt.
852 907 1004 962 Unde
1018 905 1153 961 bene
1180 921 1276 976 per
1297 903 1559 960 Joannem
1582 904 1777 961 dicitur
1801 919 1814 956 :
1844 902 2049 955 Adera-

475 1011 651 1054 t-erunt
679 1001 922 1054 viventem
946 998 1000 1050 in
1026 995 1218 1050 strcula
1246 994 1589 1060 surculorum,
1621 994 1874 1047 mittentes
1900 1009 2048 1046 coro-

473 1106 570 1143 nas
618 1105 742 1142 suas
791 1097 909 1141 ante
939 1086 1182 1139 thronum
1220 1085 1431 1138 Domini
1458 1084 1642 1154 (Apoc.
1677 1082 1772 1154 tv).
1805 1082 2046 1136 Coronas

475 1193 705 1248 namque
731 1192 856 1234 suas
876 1186 998 1230 ante
1031 1177 1282 1230 thronum
1315 1175 1524 1229 Domini
1557 1175 1791 1238 mittere,
1825 1182 1909 1227 est
1934 1188 2048 1229 cer-

473 1269 731 1322 taminum
758 1283 976 1321 suorum
1003 1265 1257 1320 victorias
1281 1280 1387 1320 non
1417 1263 1518 1318 sibi
1547 1265 1802 1329 tribuere,
1829 1263 1925 1318 sed
1952 1278 2048 1316 au-

472 1362 628 1427 ctori,
654 1369 713 1415 ut
753 1361 820 1415 ad
861 1359 1007 1413 illum
1041 1357 1278 1413 referant
1324 1356 1549 1426 gloriam
1578 1355 1773 1420 laudis,
1798 1369 1828 1407 a
1856 1369 1962 1423 quo
1988 1369 2047 1409 se

470 1453 648 1507 sciunt
705 1452 848 1506 vires
897 1449 1167 1518 accepisse
1215 1447 1590 1502 certaminum.
1647 1445 1770 1499 1am
1824 1444 2046 1498 saturati

469 1543 610 1607 estis,
618 1542 734 1612 jam
757 1541 936 1594 divites
955 1539 1080 1609 [acti
1101 1538 1253 1603 estis;
1274 1538 1383 1592 sine
1405 1537 1550 1591 nobis
1572 1536 1818 1606 regnatis.
1843 1534 2045 1605 (Amb.)

467 1634 642 1688 lrunia
667 1643 770 1698 est,
797 1631 937 1686 sicut
958 1632 1144 1684 dicunt
1167 1648 1180 1683 :
1207 1628 1492 1684 irascentis
1513 1628 1654 1683 enim
1697 1625 1862 1679 verba
1899 1631 2044 1689 sunt,

467 1738 575 1776 non
602 1720 974 1776 conﬁrmantis
993 1759 1007 1784 ,
1037 1719 1090 1772 in
1119 1718 1312 1787 quibus
1338 1717 1483 1772 enim
1521 1724 1668 1770 tanta
1697 1714 1825 1768 vitia
1850 1712 2042 1783 arguit,

2147 556 2319 602 autem
2365 545 2544 614 fortes.
2577 544 2778 598 Inﬁrmi
2818 543 2959 608 ideo,
2985 543 3110 612 quia
3152 542 3270 598 sine
3314 543 3642 609 adulatione,
3669 551 3725 599 et

2146 653 2268 694 cum
2319 637 2542 692 stultitia
2583 637 2721 692 sicut
2767 636 2978 691 videtur
3023 636 3330 699 mundanis,
3368 635 3725 706 praedicantes

2145 727 2416 782 Christum
2445 725 2655 797 injuriis
2685 724 3126 793 subjiciebantur.
3162 719 3267 779 Vos
3312 735 3484 778 autem
3518 723 3678 792 fortes
3701 738 3722 776 :

2147 813 2265 873 ideo
2294 816 2481 882 fortes,
2511 817 2633 885 quia
2664 813 2742 870 sic
2769 814 3160 885 proﬁtebantur
3203 815 3510 880 Christum,
3544 829 3612 870 ne
3643 815 3721 870 oi-

2145 905 2424 960 fendereut
2467 905 2732 970 homines,
2762 912 2824 957 ut
2863 912 3047 959 essent
3099 903 3293 958 securi.
3350 901 3452 958 Vos
3504 904 3720 960 nobiles.

2145 995 2245 1062 Qui
2275 997 2416 1050 enim
2441 995 2714 1050 Christum
2736 1010 2841 1050 non
2857 993 3078 1061 fatetur,
3105 995 3228 1065 quia
3243 994 3472 1050 Abrahaz
3494 998 3725 1066 promis-

2146 1103 2238 1142 sus
2261 1095 2364 1152 est,
2393 1097 2446 1142 et
2467 1088 2535 1142 ab
2562 1089 2714 1142 initio
2735 1087 3056 1158 praedicatus
3079 1096 3182 1152 est,
3205 1088 3292 1144 hic
3319 1088 3515 1144 nobilis
3537 1097 3723 1145 contra

2145 1176 2417 1232 Christum
2439 1185 2544 1241 est,
2559 1177 2684 1247 quia
2706 1177 3081 1246 antiquitatem
3110 1176 3357 1246 promissi
3379 1178 3579 1234 Christi
3605 1180 3726 1236 aliis

2145 1269 2384 1338 deputat.
2417 1267 2530 1322 Nos
2573 1278 2746 1321 autem
2789 1267 3059 1338 ignobiles.
3094 1268 3345 1340 lgnobilis
3387 1271 3591 1324 mundo
3617 1281 3724 1337 est,

2145 1361 2238 1432 qui
2265 1360 2560 1424 Christum,
2590 1359 2732 1428 quod
2760 1358 2992 1414 mundus
3017 1359 3280 1431 denegat,
3307 1362 3375 1417 ab
3403 1361 3559 1416 initio
3596 1377 3724 1433 pro-

2147 1451 2328 1504 ﬁtetur
2354 1468 2366 1502 :
2392 1450 2508 1503 haec
2539 1449 2701 1519 igitur
2743 1446 2923 1501 omnia
2968 1463 3128 1518 supra
3174 1448 3332 1511 dicta,
3366 1464 3484 1518 qua:
3528 1465 3730 1520 negare

2147 1542 2378 1606 videtur,
2409 1539 2716 1604 conﬁrmat,
2744 1547 2800 1594 et
2829 1542 2948 1609 qua:
2970 1539 3124 1609 quasi
3165 1539 3486 1596 conﬁrmare
3514 1542 3730 1596 videtur

2147 1640 2329 1704 negat,
2362 1632 2645 1687 irascentis
2672 1631 2816 1686 enim
2845 1629 3008 1686 verba
3038 1637 3165 1686 sunt
3198 1632 3288 1701 qui
3333 1633 3575 1703 negando
3598 1649 3728 1688 con-

2150 1721 2332 1776 ﬁtettIr
2355 1730 2408 1776 et
2437 1721 2740 1776 conﬁtendo
2770 1727 2947 1792 negat.
2985 1718 3158 1792 Usque
3194 1722 3251 1775 in
3294 1723 3429 1776 hanc
3469 1724 3650 1777 harant
3675 1733 3728 1778 et

468 1827 696 1884 regnare
736 1809 856 1864 ΠΙοὸ
899 1808 1050 1872 die“.
1083 1809 1160 1862 Sic
1203 1807 1346 1861 enim
1376 1807 1637 1877 putabant
1662 1804 1951 1876 gloriantes
1982 1802 2048 1856 de
2075 1816 2122 1878 Β
2148 1813 2438 1878 esurimus,
2467 1821 2514 1867 et
2568 1812 2808 1877 sitimus,
2831 1817 2879 1866 et
2921 1811 3048 1865 nudi
3091 1828 3290 1877 sumus,
3318 1824 3367 1866 et
3403 1812 3728 1879 labormnus,

467 1903 551 1957 his
595 1917 714 1970 qua)
757 1916 787 1952 a
829 1897 1291 1970 pseudoapostolis
1320 1897 1667 1950 tradebantur
1703 1913 1716 1948 :
1750 1891 1817 1947 Et
1849 1893 2045 1946 utinam

466 1986 708 2056 regnetis,
735 1995 788 2038 ut
816 1995 863 2038 et
901 2000 993 2037 nos
1022 1983 1276 2036 vobiscum
1316 1997 1606 2052 reguemus.
1641 1979 1708 2034 Ut
1732 1981 1851 2048 pius
1895 1988 2047 2048 pater

463 2079 626 2131 etiam
653 2075 878 2146 ingratis
913 2073 1036 2128 ﬁliis
1061 2074 1195 2127 bene
1223 2080 1390 2141 Optat,
1413 2071 1504 2142 qui
1528 2071 1672 2125 enim
1697 2069 1810 2125 ﬁeri
1835 2077 2048 2139 poterat

465 2180 524 2222 ut
558 2169 674 2222 sine
715 2166 974 2236 apostolis
1002 2165 1325 2236 regnarent?
1373 2162 1645 2234 Quidquid
1669 2163 1814 2218 enim
1845 2178 1952 2217 non
1978 2162 2046 2218 ab

464 2257 721 2328 apostolis
755 2256 1008 2311 traditum
1030 2265 1114 2310 est
1139 2253 1430 2310 sceleribus
1457 2253 1673 2324 plenum
1703 2261 1787 2307 est
1811 2273 1824 2307 :
1848 2253 1926 2308 sic
1967 2263 2047 2307 ta-

465 2366 588 2404 men
632 2350 806 2405 fuerat
851 2349 984 2404 ordo
1024 2347 1225 2414 dicere,
1250 2358 1309 2401 ut
1346 2347 1622 2401 nobiscum
1667 2346 1922 2417 regnetis,
1952 2345 2046 2399 sed

464 2442 589 2512 quia
634 2440 1002 2512 praemiserat,
1033 2449 1081 2493 et
1123 2440 1326 2492 utinam
1371 2438 1613 2507 regnetis,
1664 2437 1821 2492 aliter
1866 2437 2046 2492 dicere

464 2549 572 2588 non
601 2531 804 2603 potuit,
840 2531 942 2585 nisi
977 2539 1034 2585 ut
1059 2540 1113 2585 et
1147 2543 1244 2584 nos
1276 2530 1551 2584 vobiscum
1584 2543 1886 2599 regnemus.
1933 2527 2044 2583 Re-

463 2635 632 2693 gnare
662 2629 838 2676 autem
882 2628 964 2675 est
1001 2620 1067 2674 de
1120 2635 1214 2690 spe
1249 2627 1304 2674 et
1341 2619 1623 2688 promissis
1663 2618 1864 2698 Christi
1895 2634 2047 2674 secu-

463 2729 584 2767 rum
607 2728 752 2778 esse,
786 2720 839 2768 et
869 2712 1104 2784 gaudere
1128 2711 1182 2765 in
1207 2711 1293 2765 his
1315 2727 1434 2780 qua:
1457 2709 1681 2764 adversa
1711 2719 1928 2780 propter
1950 2725 2046 2763 no-

463 2819 588 2858 men
633 2804 836 2859 Christi
886 2803 1148 2858 accedunt
1178 2821 1189 2855 :
1215 2801 1424 2856 lucrum
1470 2801 1615 2855 enim
1661 2798 1910 2865 aﬁsrunt,
1935 2815 2043 2864 non

464 2896 876 2960 detrimentum;
899 2896 1040 2950 unde
1062 2889 1166 2948 alio
1189 2893 1310 2949 loco
1337 2893 1466 2948 dicit
1487 2891 1572 2965 (Il
1599 2891 1725 2946 Cor.
1748 2891 1844 2963 sn)
1874 2911 1886 2946 :
1911 2890 2043 2948 Cum

461 2985 721 3055 inﬁrmor,
743 2995 865 3039 tunc
891 2995 1069 3054 potens
1091 3000 1227 3038 sum.

533 3073 673 3129 Puto
709 3077 844 3128 enim
875 3074 1014 3128 Deus
1057 3090 1149 3127 nos
1178 3073 1484 3126 novissimos
1522 3071 1784 3142 apostolos
1822 3069 2044 3126 ostendit

2149 1914 2418 1974 operantes
2454 1903 2692 1958 manibus
2723 1903 2934 1957 nostris.
2973 1897 3167 1958 Libere
3195 1903 3338 1958 enim
3371 1909 3427 1958 et
3445 1902 3599 1972 juxta
3636 1919 3727 1957 ve-

2149 2010 2264 2048 ram
2298 1994 2455 2050 ﬁdem
2498 1994 2616 2049 sine
2657 1993 2837 2062 aliqua
2883 1992 3190 2048 adulatione
3225 1992 3496 2048 Christum
3536 1994 3726 2064 praedic

2149 2092 2334 2139 cantes
2360 2092 2414 2138 et
2442 2092 2589 2154 gesta
2616 2099 2795 2154 prava:
2825 2083 2946 2138 vita:
2979 2089 3286 2154 arguentes,
3318 2083 3545 2153 gratiam
3586 2084 3728 2152 apud

2148 2173 2393 2229 homines
2423 2187 2527 2228 non
2553 2173 2840 2238 habebant,
2856 2180 2910 2227 et
2933 2172 3429 2243 eolaphizabantur,
3460 2174 3512 2228 id
3539 2184 3622 2229 est
3643 2175 3725 2229 iu-

2141 2263 2299 2334 juriis
2340 2264 2666 2334 agebantur,
2697 2271 2751 2316 et
2781 2261 3273 2329 instabiles-erant,
3299 2265 3425 2334 quia
3468 2262 3727 2334 fugahan-

2148 2367 2256 2418 tur,
2287 2373 2356 2412 ne
2389 2357 2443 2411 in
2479 2355 2596 2411 loco
2631 2354 2719 2409 diu
2756 2363 3032 2410 manentes
3071 2355 3252 2426 plures
3291 2342 3567 2412 docerent.
3601 2355 3726 2411 ldeo

2148 2457 2202 2504 et
2237 2447 2478 2502 manibus
2526 2447 2908 2517 operabantur,
2954 2447 3082 2517 quia
3127 2461 3234 2501 non
3279 2447 3450 2503 solum
3495 2448 3726 2518 gratiam

2149 2540 2292 2610 apud
2341 2539 2586 2594 homines
2616 2553 2722 2593 non
2772 2537 3064 2604 habebant,
3094 2553 3282 2594 verum
3325 2540 3488 2595 etiam
3533 2539 3602 2594 ab
3639 2541 3728 2596 his

2077 2698 2080 2699 ν
2147 2631 2390 2701 accipere
2433 2631 2704 2702 indignum
2744 2638 2879 2694 erat,
2903 2630 2996 2699 qui
3033 2629 3208 2686 errori
3249 2630 3555 2697 studebant,
3587 2631 3728 2686 sicut

2147 2721 2278 2776 dicit
2307 2721 2360 2775 in
2393 2721 2599 2791 psalmo
2626 2737 2638 2773 :
2668 2718 2854 2774 Oleum
2889 2728 3062 2775 autem
3090 2720 3378 2790 peccatoris
3407 2737 3508 2775 non
3537 2721 3726 2791 impin-

2146 2823 2264 2882 guet
2295 2821 2450 2883 caput
2478 2827 2647 2866 meum
2678 2808 2852 2882 (Psal.
2875 2813 3017 2882 exn),
3047 2811 3176 2881 quia
3216 2819 3272 2867 et
3307 2811 3608 2866 libertatem
3631 2827 3724 2866 ar-

2147 2905 2343 2976 guendi
2371 2903 2592 2967 amittit,
2621 2911 2673 2957 et
2699 2910 2903 2972 peccat,
2954 2903 3046 2974 qui
3073 2896 3235 2958 ab'eo
3259 2903 3459 2972 accipit
3485 2903 3574 2972 qui
3603 2916 3727 2970 pec-

2147 3002 2264 3057 cat,
2301 2993 2389 3061 qui
2418 2993 2538 3047 ideo
2565 2991 2659 3046 dat
2687 3007 2753 3046 ne
2781 2993 3122 3062 corripiatur.
3161 2991 3535 3046 Maledicimur
3563 3001 3611 3045 et
3641 2992 3726 3046 be-

2149 3084 2453 3137 nedicimus.
2501 3083 2636 3138 Male
2681 3092 2972 3138 tractantes
2997 3084 3140 3139 enim
3165 3098 3222 3138 se
3263 3083 3618 3139 hortabantur
3657 3083 3728 3138 ad

461 3170 614 3241 quasi
643 3179 806 3222 morte
839 3167 1143 3221 destinatos.
1177 3165 1290 3221 Hoc
1321 3167 1438 3220 ideo
1464 3180 1710 3234 persona:
1740 3166 2044 3234 suw.depu-
2073 3169 2116 3231 C
2148 3172 2367 3226 bonum.
2401 3171 2820 3227 Persecutionem
2865 3173 3092 3242 patiatur
3123 3182 3171 3227 et
3210 3174 3544 3228 sustinemus.
3588 3173 3726 3240 Quia
3771 3217 3774 3220 .

463 3267 561 3324 tat,
591 3260 716 3328 quia
743 3272 953 3328 semper
981 3257 1036 3311 iu
1066 3256 1388 3312 necessitate
1416 3255 1534 3321 fuit,
1567 3256 1968 3326 persecutiones
1989 3263 2043 3310 et

462 3361 747 3418 pressurus
781 3347 919 3400 ultra
969 3355 1192 3401 caeteros
1237 3361 1446 3415 passus,
1485 3346 1627 3401 sicut
1668 3345 1878 3415 passuri
1920 3353 2047 3400 sunt

463 3434 650 3492 Enoch
679 3445 734 3492 et
762 3435 906 3492 Elias
929 3437 1019 3507 qui
1053 3435 1241 3491 ultimo
1281 3444 1519 3506 tempore
1549 3435 1715 3490 futuri
1762 3443 1886 3490 sunt
1915 3449 2042 3505 apo-

467 3528 624 3594 stoli;
655 3527 794 3582 mitti
837 3528 978 3582 enim
1031 3526 1232 3581 habent
1275 3535 1400 3581 ante
1454 3526 1753 3591 Christum,
1802 3525 1869 3580 ad
1910 3541 2047 3596 prte-

463 3621 760 3692 parandum
788 3619 1038 3690 populum
1063 3620 1157 3674 Dei
1190 3629 1244 3674 et
1285 3621 1604 3675 muniendas
1640 3635 1831 3675 omnes
1857 3620 2047 3676 Eccle-

466 3713 574 3766 sias
600 3714 666 3765 ad
697 3712 1052 3766 resistendum
1090 3711 1442 3775 Antichristo,
1467 3727 1602 3780 quos
1630 3719 1685 3766 et
1715 3711 2047 3781 persecutio-

467 3819 564 3856 nes
590 3803 698 3872 pati
722 3811 776 3857 et
803 3802 975 3856 occidi
1003 3801 1162 3857 lectio
1189 3801 1540 3872 Apocalypsis
1567 3811 1812 3858 testatur.
1843 3801 2046 3858 llorum

463 3903 596 3960 ergo
643 3900 853 3962 tempus
896 3905 993 3947 suo
1025 3893 1250 3962 tempori
1276 3894 1609 3961 comparavit
1634 3893 1921 3963 Apostolus
1962 3895 2045 3948 di-

466 3997 614 4049 cens,
658 3985 809 4054 quasi
851 3984 1005 4038 morti
1055 3983 1473 4038 destinatos:ad
1513 3983 1615 4038 hoc
1648 3984 1792 4039 enim
1838 3985 2046 4040 venturi

467 4084 593 4132 sunt
619 4084 676 4129 ut
701 4074 1037 4130 occidantur.

533 4164 1044 4235 'Quiaspectaculum
1067 4164 1193 4234 facti
1217 4181 1398 4219 sumus
1426 4165 1547 4218 huic
1575 4165 1789 4231 mundo,
1815 4175 1864 4219 et
1889 4182 2048 4236 ange-

467 4258 554 4323 lis,
581 4266 627 4311 et
669 4257 983 4310 hominibus.
1028 4257 1165 4322 Quia
1195 4264 1353 4311 erunt
1394 4255 1752 4325 spectaculum
1782 4266 1837 4310 et
1865 4256 2048 4311 Euoch

466 4359 524 4404 et
549 4345 712 4412 Elius,
749 4359 917 4417 usque
943 4348 1078 4401 adeo
1103 4355 1164 4401 ut
1186 4362 1412 4417 corpora
1436 4361 1622 4402 eorum
1647 4348 1699 4401 in
1727 4348 1901 4416 platea
1927 4363 2050 4417 pro-

461 4441 740 4511 jiciantur,
781 4440 834 4493 in
871 4447 1160 4507 conspectu
1193 4440 1356 4495 totius
1383 4439 1567 4510 populi
1596 4440 1860 4495 inﬁdelis:
1893 4441 1966 4496 ita
1995 4447 2050 4496 et

470 4535 694 4605 apostoli
730 4533 1093 4603 spectaculum
1137 4531 1259 4587 facti
1302 4543 1448 4598 sunt,
1480 4535 1603 4604 quia
1652 4534 1863 4604 publice
1906 4533 2049 4588 ride-
2076 4517 2124 4576 D

467 4628 666 4682 bantur
707 4623 866 4694 positi
914 4623 980 4677 ad
1027 4622 1276 4692 injuriam
1325 4628 1380 4677 et
1426 4633 1650 4677 mortem
1698 4639 1857 4694 quam
1901 4623 2043 4692 passi

470 4727 596 4773 sunt
619 4734 633 4781 ;
663 4717 920 4771 nmndum
942 4725 1118 4768 autem
1144 4714 1361 4785 angelos
1387 4725 1440 4768 et
1469 4717 1712 4770 homines
1738 4717 1891 4780 dixit,
1919 4717 2045 4786 quia

469 4818 525 4864 et
555 4807 727 4878 angeli
754 4805 880 4860 mali
915 4813 1070 4866 sunt,
1095 4805 1304 4859 dicente
1329 4803 1494 4858 David
1527 4806 1578 4858 in
1606 4805 1814 4874 psalmo
1838 4823 1849 4856 :
1886 4802 2050 4858 Vexa-

473 4900 557 4954 bat
590 4897 703 4950 illos
727 4913 818 4967 per
846 4895 1054 4965 angelos
1077 4894 1240 4948 malos
1265 4892 1436 4963 (I’sul.
1461 4899 1698 4964 LXXVII);
1724 4905 1776 4949 et
1803 4895 2048 4948 homines

471 4986 598 5043 mali
631 4987 911 5050 increduli,
935 4986 1018 5039 his
1043 4985 1401 5054 apostolorum
1430 4985 1636 5054 injuria!
1654 4985 2050 5040 oblectamento

473 5084 615 5133 sunt.
646 5074 871 5130 Mundus
909 5085 1086 5128 autem
1133 5074 1332 5128 ideirco
1364 5075 1648 5130 inﬁdelitas
1673 5075 1893 5137 dicitur,
1923 5077 2049 5144 quia

472 5169 701 5225 visibilia
723 5170 984 5238 sequitur.
1007 5165 1118 5219 Nos
1139 5164 1284 5219 stulti
1309 5175 1516 5235 propter
1538 5163 1824 5218 Christum.
1852 5166 2048 5220 Verum

474 5270 574 5324 est,
606 5261 728 5330 quia
757 5269 999 5313 amantes
1028 5258 1300 5313 Christum
1346 5258 1494 5312 stulti
1537 5266 1661 5311 sunt
1691 5259 1909 5313 mundo.
1947 5259 2048 5313 Vos

474 5362 648 5405 autem
686 5351 961 5422 prudentes
995 5351 1050 5404 in
1081 5349 1308 5404 Christo.
1344 5349 1444 5416 Qui
1488 5351 1721 5419 prudens
1753 5352 1804 5404 in
1833 5348 2065 5422 Christo,

471 5421 744 5499 iudicatur
800 5461 831 5498 a
875 5445 1112 5514 perﬁdis,
1165 5459 1270 5496 non
1321 5453 1464 5496 recte
1510 5445 1705 5498 asserit
1751 5421 2068 5499 Christum.’

463 5534 715 5603 °Denique
741 5534 994 5595 Marcion,
1014 5532 1138 5600 quia
1162 5537 1322 5601 negat
1345 5531 1537 5585 Filium
1568 5533 1682 5597 Dei,
1698 5542 1750 5587 et
1781 5535 2052 5589 inearnari

477 5624 644 5680 Demn
691 5625 950 5693 potuisse,
999 5623 1232 5691 prudens
1276 5631 1358 5676 est
1403 5623 1630 5688 mundo;
1663 5632 1719 5676 et
1765 5623 2049 5691 Photinus,

476 5716 601 5782 quia
640 5729 746 5768 non
792 5712 990 5766 fatetur
1034 5711 1305 5764 Christum
1353 5725 1449 5780 per
1477 5710 1530 5765 id
1581 5711 1721 5781 quod
1770 5720 1928 5769 natus
1971 5723 2054 5769 est

2144 3263 2590 3333 persequentibus
2617 3278 2676 3318 se
2705 3277 2812 3317 non
2842 3263 3185 3319 resistebant.
3212 3263 3648 3336 Blasphemamur
3673 3273 3724 3319 et

2145 3359 2492 3414 obsecramus.
2541 3360 2984 3430 Blasphemantes
3029 3362 3172 3417 enim
3217 3365 3479 3433 rogabant
3507 3374 3567 3420 ut
3600 3381 3727 3436 per-

2145 3453 2420 3504 mitterent
2445 3449 2594 3504 reddi
2624 3451 2726 3506 sibi
2755 3451 3038 3508 rationem.
3090 3451 3359 3523 Tanquam
3383 3465 3724 3526 purgamenta

2145 3540 2304 3610 hujus
2350 3541 2532 3594 mundi
2579 3541 2706 3611 facti
2744 3558 2923 3598 sumus
2963 3543 3193 3598 omnium
3231 3547 3521 3616 peripsema
3563 3561 3727 3618 usque

2146 3631 2336 3685 adhuc.
2386 3629 2502 3685 Non
2548 3631 2844 3688 resistendo
2891 3632 3005 3699 ulli,
3049 3647 3225 3704 neque
3270 3635 3440 3691 vicem
3477 3638 3532 3692 in
3566 3638 3726 3693 malis

2148 3720 2440 3784 reddendo,
2475 3721 2568 3775 sed
2598 3736 2810 3791 semper
2842 3737 2901 3778 se
2931 3722 3283 3793 subiiciendo,
3311 3733 3370 3779 ut
3394 3741 3492 3796 per
3515 3728 3723 3796 patien-

2149 3813 2277 3865 tiam
2313 3822 2629 3882 provocaret
2663 3814 2733 3869 ad
2769 3815 2987 3880 bonum,
3019 3816 3430 3886 contemptibilis
3457 3826 3514 3872 et
3536 3817 3724 3888 despe-

2147 3911 2266 3958 ctus
2306 3904 2486 3969 ﬁebat;
2521 3923 2679 3976 usque
2724 3907 2877 3961 modo
2903 3948 2918 3974 ,
2945 3907 2998 3962 id
3025 3914 3110 3962 est
3153 3923 3324 3978 usque
3368 3923 3532 3974 nunc,
3558 3911 3722 3965 etiam

2148 3994 2288 4064 apud
2317 3994 2644 4061 Corinthios,
2675 4010 2772 4065 pro
2801 3996 2992 4066 quibus
3029 3997 3144 4052 haec
3171 4013 3289 4067 qua:
3318 4013 3480 4068 supra
3520 4016 3724 4056 memo-

2148 4093 2234 4140 rat
2277 4085 2412 4139 mala
2444 4100 2633 4154 passus
2673 4093 2776 4150 est,
2803 4093 2859 4140 et
2883 4087 3136 4155 quoniam
3166 4089 3522 4144 humilitatem
3566 4107 3720 4145 suam

2149 4175 2282 4229 nihil
2317 4175 2578 4243 prolicere
2621 4174 2677 4228 in
2713 4175 2796 4229 his
2827 4175 3058 4242 videbat,
3083 4179 3330 4246 queritur
3357 4181 3540 4236 dolore
3578 4197 3725 4237 com-

2150 4276 2328 4321 motus
2355 4273 2560 4320 tantam
2600 4265 2985 4335 subjectionem
3021 4277 3076 4325 et
3113 4269 3335 4342 injurias
3373 4273 3575 4328 nullum
3612 4273 3725 4326 fru-

2150 4363 2296 4410 ctum
2329 4354 2526 4409 habere
2553 4357 2811 4424 potuisse,
2840 4357 2955 4422 sed,
2981 4359 3123 4427 quod
3145 4361 3383 4416 deterius
3413 4370 3516 4426 est,
3547 4363 3600 4416 in
3632 4377 3724 4432 pe-

2146 4445 2236 4517 jus
2279 4445 2593 4516 profecisse.
2640 4447 2763 4501 Non
2791 4455 2846 4501 ut
2875 4447 3195 4517 confundam
3235 4467 3320 4505 vos
3360 4451 3471 4505 hinc
3511 4453 3723 4507 scribo:

2153 4541 2254 4594 hoc
2284 4547 2386 4602 est,
2413 4553 2519 4592 non
2565 4547 2622 4592 ut
2665 4539 2912 4594 ruborem
2937 4541 3089 4595 vobis
3125 4541 3336 4607 faciam,
3361 4544 3477 4600 haec
3523 4543 3724 4610 scribo,

2152 4628 2244 4681 sed
2275 4637 2331 4680 ut
2353 4627 2662 4696 corrigatis.
2707 4626 2812 4682 Sed
2838 4637 2891 4680 ut
2918 4629 3056 4696 filios
3087 4647 3226 4685 meos
3250 4632 3582 4687 chan‘ssimos
3613 4650 3728 4688 mo-

2153 4735 2266 4772 neo.
2313 4717 2502 4772 Adhuc
2532 4733 2589 4772 se
2615 4718 2904 4786 supplicem
2937 4718 3082 4782 facit,
3116 4735 3184 4775 ne
3209 4723 3463 4792 correpti,
3493 4725 3558 4779 ad
3588 4724 3724 4778 iram

2153 4808 2426 4875 provocati
2475 4809 2861 4863 admonitiones
2911 4807 3026 4877 ejus
3071 4822 3417 4880 spernerent,
3445 4814 3499 4868 id
3524 4815 3636 4884 agit
3665 4822 3728 4870 ut

2157 4898 2396 4951 medicus
2441 4899 2711 4963 salutaris,
2754 4900 2844 4970 qui
2886 4902 3160 4970 putamina
3195 4903 3573 4978 [putredincm]
3631 4906 3726 4961 ab-

2155 4989 2406 5043 scindens
2449 4989 2686 5046 dolorem
2733 4990 2934 5044 illatum
2965 5007 3059 5061 spe
3087 5001 3140 5047 et
3167 4993 3437 5050 blanditiis
3480 4997 3722 5068 mitigat,

2156 5090 2216 5134 ut
2241 5095 2383 5150 aeger
2409 5096 2467 5135 se
2491 5081 2670 5136 curari
2699 5082 2996 5151 permittat.

2231 5170 2369 5223 Nam
2396 5175 2442 5225 si
2484 5171 2658 5225 decem
2697 5171 2862 5225 millia
2906 5173 3308 5244 pa-dagagorum
3349 5175 3635 5231 habueritis
3670 5178 3725 5231 in

2155 5257 2384 5324 Christo,
2409 5260 2498 5313 sed
2529 5275 2630 5313 non
2658 5259 2847 5312 multos
2873 5270 3042 5329 patres
3067 5279 3084 5315 :
3105 5280 3195 5332 per
3219 5263 3558 5332 Evangeltum
3589 5264 3727 5318 enim

2155 5367 2246 5420 ego
2273 5368 2358 5404 vos
2389 5351 2560 5420 genui.
2613 5349 2708 5402 llis
2753 5349 2912 5404 dictis
2955 5352 3186 5406 ostendit
3227 5351 3430 5406 nullum
3477 5367 3636 5421 posse
3663 5367 3729 5407 eo

2155 5441 2347 5496 aﬁ‘ectu
2399 5441 2619 5510 diligere
2658 5439 2797 5503 illos,
2826 5455 2932 5509 quo
2978 5443 3090 5510 ipse
3130 5457 3225 5496 eos
3271 5441 3543 5512 diligebat.
3598 5441 3730 5508 Quis

2135 5534 2298 5587 'enim
2341 5531 2543 5586 alienos
2583 5531 2720 5587 ﬁlios
2755 5533 2867 5587 suis
2911 5544 3183 5602 praeponat
3223 5536 3274 5587 in
3305 5535 3524 5588 amore?
3547 5549 3609 5588 ac
3634 5548 3732 5602 per

2155 5623 2258 5677 hoc
2285 5623 2484 5678 monita
2512 5621 2628 5690 ejus
2655 5624 2746 5692 qui
2774 5633 2827 5676 et
2852 5637 2952 5691 pro
2984 5622 3066 5674 his
3093 5631 3237 5676 tanta
3272 5622 3406 5675 mala
3434 5637 3623 5691 passus
3648 5628 3732 5674 est

2155 5729 2263 5769 non
2291 5714 2488 5770 debere
2518 5731 2612 5770 eos
2635 5729 2912 5784 spernere.
2960 5712 3185 5767 Obsecro
3209 5731 3314 5778 ros,
3340 5715 3630 5767 imitatores
3651 5725 3732 5764 me
