4082 6332
371 399 446 457 59

870 398 1420 460 ENARRATIONUM
1458 400 1524 458 IN
1564 398 1712 458 ΕῬΡ.
1751 400 1956 458 PAULI
1995 399 2121 458 LIB.
2163 400 2254 458 IX.
2289 434 2362 444 -—
2397 401 2465 459 IN
2503 399 2718 459 EPIST.
2759 401 2780 457 Ι
2815 401 2906 457 AD
2943 401 3098 460 COR.

3555 399 3624 454 50

372 525 554 572 estote.
579 516 626 573 Ο
654 511 1025 572 benevolentia
1054 519 1226 573 sancti
1264 519 1518 590 apostoli,
1557 518 1646 588 qui
1697 519 1948 573 obsecrat
1975 521 2025 580 Α
2053 515 2139 570 Ita
2163 524 2216 570 ut
2248 533 2462 571 uxorem
2495 518 2662 588 patris
2687 518 2802 582 quis
2833 515 3038 572 habeat.
3069 514 3342 571 Prmmissi
3381 513 3624 571 criminis

372 607 514 663 ﬁlios
531 614 592 662 ut
617 607 892 662 imitentur
911 615 1142 678 patrem,
1167 610 1268 664 hoc
1289 617 1372 664 est
1391 619 1581 680 sponte
1605 616 1758 679 rogat
1778 623 1949 679 aegros

367 709 435 756 ut
457 700 725 770 accipiant
745 700 1086 755 medicinam!
1114 701 1171 756 ln
1198 702 1282 756 his
1309 711 1485 757 tamen
1512 702 1596 756 sui
1626 701 1747 755 illos
1779 700 1951 754 imita-

367 799 519 847 tores
545 792 658 847 vult
685 806 827 858 esse,
859 799 918 846 ut
951 793 1090 848 sicut
1118 793 1207 850 hic
1234 793 1399 848 multa
1442 793 1604 849 exitia
1634 807 1734 862 pro
1777 791 1951 848 salute

369 879 587 934 illorum
614 879 682 934 ab
707 880 995 936 incredulis
1023 897 1214 951 passus
1240 891 1342 948 est,
1371 891 1426 936 et
1453 897 1560 937 non
1589 883 1772 947 cessit,
1793 881 1949 936 dum-

366 973 532 1025 modo
558 986 656 1040 per
683 969 800 1025 dies
849 977 905 1025 et
942 980 1128 1027 noctes
1177 972 1570 1042 evangelizaret
1600 971 1704 1026 illis
1750 970 1949 1025 donum

367 1062 560 1130 gratia:
591 1061 688 1116 Dei
715 1079 728 1114 :
753 1061 828 1116 ita
859 1070 915 1121 et
954 1062 1028 1116 illi
1067 1071 1344 1118 manentes
1389 1064 1444 1118 in
1482 1063 1585 1119 fide
1613 1063 1731 1134 ejus
1767 1071 1822 1116 et
1862 1061 1952 1116 do-

365 1153 571 1217 ctrina,
601 1169 709 1209 non
747 1155 1048 1224 reciperent
1093 1155 1350 1211 falsorum
1393 1155 1755 1225 apostolorum
1785 1169 1949 1224 prava

366 1255 674 1301 commenta
693 1287 709 1312 ,
741 1247 837 1302 sed
871 1248 1184 1302 resisterent
1229 1255 1637 1304 contemnentes
1665 1247 1956 1317 cpprobria

367 1345 466 1390 aut
485 1336 867 1404 detractiones,
893 1347 952 1393 ut
977 1338 1117 1408 patri
1143 1354 1240 1394 suo
1265 1338 1493 1409 spiritali
1526 1338 1834 1394 inviolatum
1867 1353 1952 1392 re-

367 1435 651 1481 servarem
671 1425 939 1482 affectum.
976 1427 1104 1482 Ideo
1132 1429 1252 1483 misi
1271 1428 1340 1481 ad
1369 1445 1457 1483 vos
1491 1426 1838 1491 Timotheum,
1861 1427 1951 1497 qui

363 1525 444 1570 est
467 1515 612 1584 ﬂlius
631 1531 776 1570 meus
795 1517 1154 1582 charissimus,
1186 1527 1232 1571 et
1259 1517 1429 1586 ﬁdelis
1457 1519 1514 1571 in
1539 1516 1784 1571 Domino.
1815 1516 1952 1570 Hor-

365 1613 517 1659 tatur
557 1604 677 1660 illos
718 1605 773 1660 in
801 1606 906 1662 hoc
943 1607 1131 1662 eodem
1158 1606 1465 1672 Timotheo,
1487 1621 1646 1677 quem
1678 1605 1798 1661 ideo
1825 1607 1951 1661 cha-

369 1693 650 1750 rissimum
679 1701 736 1750 et
761 1693 972 1752 ﬁdelem
998 1695 1166 1751 filium
1193 1697 1496 1753 obtestatur
1521 1697 1575 1752 in
1605 1696 1862 1762 Domino,
1892 1703 1951 1751 ut

365 1785 424 1840 in
451 1786 557 1842 hoc
584 1787 962 1842 discernerent
981 1789 1109 1858 quid
1137 1797 1445 1858 peccarent.
1485 1786 1620 1843 Cum
1646 1787 1793 1842 enim
1822 1787 1949 1842 huic

2048 605 2285 674 prodidit
2325 619 2521 676 genus,
2559 614 2619 661 ut
2663 622 2770 661 non
2824 607 2998 662 solum
3046 605 3196 660 illum
3245 614 3429 675 aperte
3471 621 3621 660 reum

2049 696 2239 750 mortis
2286 695 2489 752 faceret
2522 715 2536 751 :
2569 698 2664 753 sed
2679 697 3014 752 adhaerentes
3042 696 3116 751 illi
3149 711 3255 751 non
3285 697 3551 752 immunes
3593 711 3625 750 a

2049 787 2274 841 crimine
2299 788 2714 855 demonstraret,
2735 789 2789 843 in
2815 804 2921 858 quo
2943 788 3086 843 enim
3113 786 3324 842 ditlicile
3346 795 3621 857 peccatur,

2047 877 2168 947 plus
2194 876 2322 932 facit
2345 893 2516 932 reum.
2548 877 2748 950 (Greg.)
2781 877 3060 934 Subtiliter
3083 876 3266 946 itaque
3282 876 3351 931 ab
3368 886 3627 948 arguente

2050 969 2382 1024 discutienda
2407 977 2533 1024 sunt
2567 983 2728 1038 opera
2770 976 3168 1048 protervorum,
3198 975 3260 1020 ut
3304 965 3356 1020 in
3387 981 3494 1035 quo
3521 965 3625 1020 sibi

2047 1062 2291 1132 placent,
2353 1063 2736 1127 ostendantur,
2791 1061 2926 1131 quia»
2964 1061 3075 1115 Deo
3125 1057 3451 1129 displicent,
3500 1067 3628 1113 tunc

2048 1153 2191 1207 enim
2218 1161 2496 1222 protervos
2521 1151 2712 1207 melius
2741 1150 3078 1221 corrigimus,
3103 1163 3225 1204 cum
3254 1163 3318 1203 ea
3349 1163 3468 1218 qum
3489 1147 3626 1202 bene

2049 1244 2224 1314 egisse
2255 1258 2313 1298 se
2353 1243 2612 1308 credunt,
2645 1243 2784 1297 male
2832 1251 2950 1297 acta
2987 1249 3368 1306 monstramus,
3397 1248 3455 1294 ut
3482 1241 3623 1294 unde

2048 1334 2242 1403 adepta
2267 1335 2505 1390 creditur
2517 1335 2715 1405 gloria,
2739 1335 2864 1390 inde
2887 1335 3036 1391 utilis
3060 1335 3418 1404 subsequatur
3439 1331 3628 1388 confu-

2049 1424 2583 1495 sio;-nonnunquam
2633 1439 2762 1480 vero
2787 1466 2801 1491 ,
2840 1441 2963 1481 cum
2998 1439 3056 1480 se
3103 1424 3294 1479 vitium
3339 1423 3628 1494 proterviae

2047 1514 2270 1568 minime
2318 1523 2631 1585 perpetrare
2673 1524 3038 1588 cognoscunt,
3083 1515 3514 1586 compendiosius
3560 1516 3628 1569 ad

2047 1605 2438 1659 correctionem
2461 1606 2702 1672 veniunt,
2717 1607 2762 1661 si
2781 1607 3010 1662 alterius
3029 1606 3198 1677 culpae
3220 1606 3623 1672 manifestioris,

2047 1705 2101 1752 et
2125 1712 2192 1752 ex
2217 1697 2385 1754 latere
2414 1701 2693 1772 requisitas
2723 1701 2776 1756 in
2808 1702 3534 1772 opprobrioconfundantur,
3569 1712 3627 1758 ut

2047 1802 2114 1842 ex
2133 1802 2198 1842 eo
2226 1789 2366 1859 quod
2391 1789 2676 1847 defendere
2696 1775 2988 1863 nequeunt,
3016 1802 3340 1864 cognoscant
3362 1807 3420 1848 se
3443 1804 3623 1849 tenere

365 1876 743 1930 testimonium
790 1877 1120 1946 perhiberet,
1151 1877 1272 1934 illos
1317 1877 1511 1949 arguit.
1549 1875 1654 1943 Qui
1690 1893 1776 1930 vos
1802 1893 1944 1932 com—
1975 1879 2023 1939 B
2051 1879 2325 1950 improbe,
2368 1882 2511 1952 quod
2545 1883 2858 1939 defendunt.
2885 1884 3039 1940 Unde
3067 1901 3189 1941 cum
3216 1895 3465 1955 proterve
3496 1885 3628 1941 Pau-

365 1966 684 2035 ntonefaciat
704 1967 817 2022 uias
839 1983 1005 2034 meas,
1023 1985 1142 2040 qua:
1167 1980 1287 2025 sunt
1311 1970 1366 2024 in
1392 1968 1600 2024 Christo
1639 1969 1789 2034 Iesu,
1816 1969 1950 2023 sicut

364 2056 559 2127 ubique
577 2057 633 2111 in
645 2058 790 2112 omni
817 2056 1060 2115 Ecclesia
1079 2059 1257 2114 doceo.
1270 2059 1379 2115 Per
1390 2060 1551 2114 istum
1564 2073 1722 2129 quem
1738 2058 1949 2114 ﬁdelem

366 2148 540 2204 tilium
565 2149 620 2203 in
649 2149 875 2204 Domino
894 2150 1198 2217 conﬁrmat,
1229 2152 1427 2206 reverti
1451 2151 1773 2207 illosvultad
1793 2165 1952 2221 regu-

367 2239 476 2296 lam
489 2255 522 2294 a
533 2254 596 2295 se
610 2239 820 2296 tradita:
829 2240 1094 2308 veritatis,
1110 2241 1488 2297 utcommoniti
1503 2241 1682 2296 verbis
1695 2249 1947 2296 etexem-

365 2335 493 2406 ptis.
534 2348 760 2405 cperam
798 2333 936 2404 ejus,
970 2331 1382 2402 resipiscerent,
1406 2340 1796 2402 cognoscentes
1841 2345 1948 2387 non

365 2440 654 2496 perperam
676 2439 736 2481 se
751 2423 918 2480 fuisse
943 2426 1010 2480 ab
1022 2423 1280 2493 Apostolo
1293 2423 1480 2479 doctos
1495 2463 1510 2490 ,
1527 2424 1743 2492 quando
1757 2423 1948 2479 eadem

369 2527 554 2579 tenere
581 2531 770 2572 omnes
784 2515 1058 2572 Ecclesiae
1076 2515 1364 2572 discerent.
1393 2514 1668 2587 Tanquam
1698 2533 1803 2570 non
1830 2532 1952 2571 uen-

371 2619 524 2668 turus
551 2625 715 2663 essent
735 2608 803 2662 ad
831 2624 942 2674 vos,
971 2608 1148 2678 inﬂati
1173 2617 1293 2662 sunt
1325 2607 1560 2680 quidam.
1596 2608 1950 2678 lndignaban-

373 2711 484 2760 ων.
511 2701 728 2771 quidam
773 2700 1198 2768 Corinthiorum,
1224 2701 1350 2772 quia
1397 2717 1504 2757 non
1543 2703 1655 2757 ibat
1693 2704 1761 2758 ad
1805 2703 1948 2771 illos,

374 2807 489 2848 non
511 2790 795 2858 desiderio,
813 2791 907 2848 sed
929 2791 1196 2861 superbia,
1219 2792 1360 2862 quod
1384 2793 1538 2863 quasi
1565 2792 1813 2864 indignos
1830 2793 1950 2850 illos

367 2882 614 2950 haberet,
637 2899 762 2940 cum
775 2885 944 2956 magis
955 2883 1212 2954 Apostolo
1237 2885 1342 2940 hoc
1361 2885 1597 2940 studium
1611 2884 1793 2954 fuerit,
1811 2887 1952 2945 utde

365 2973 604 3046 indignis
634 2974 838 3032 faceret
860 2974 1084 3046 dignos,
1111 2974 1343 3030 habebat
1364 2991 1494 3047 ergo
1533 2983 1718 3032 votum
1763 2978 1946 3044 eundi,

364 3065 462 3120 sed
487 3064 697 3133 majora
726 3074 882 3122 erant
913 3083 1036 3138 qua:
1064 3070 1280 3138 agebat.
1323 3067 1536 3126 Veniam
1558 3081 1731 3126 autem
1759 3073 1860 3127 cito
1879 3073 1949 3126 ad

362 3174 475 3222 eos,
490 3159 536 3212 si
551 3159 805 3215 Dominus
825 3160 1062 3217 voluerit.
1078 3163 1205 3219 Post
1226 3165 1702 3220 commonitionem
1724 3166 1950 3236 promit-

2055 1971 2139 2028 lus
2157 1972 2478 2030 Corinthios
2497 1975 2782 2031 adversum
2810 1991 2868 2032 se
2895 1976 3123 2032 invicem
3159 1978 3368 2034 videret
3393 1978 3622 2045 inﬂatos,

2056 2063 2115 2119 tit
2133 2065 2268 2122 alius
2285 2065 2460 2131 Pauli,
2482 2066 2618 2122 alius
2638 2068 2847 2139 Apollo,
2875 2069 3012 2124 alius
3031 2069 3241 2141 Cephze,
3266 2070 3404 2126 alios
3425 2072 3625 2128 Christi

2054 2170 2173 2212 esse
2194 2157 2532 2223 sedicerent,
2558 2157 2794 2214 incestus
2831 2159 3110 2230 culpamin
3135 2161 3369 2216 medium
3383 2162 3622 2226 deduxit,

2053 2260 2174 2316 quae
2196 2246 2336 2316 apud
2361 2261 2454 2302 eos
2481 2255 2537 2302 et
2571 2257 2878 2317 perpetrata
2917 2248 3092 2305 fuerat
3118 2259 3171 2305 et
3203 2265 3328 2305 mox
3365 2260 3512 2307 recta
3541 2268 3626 2308 re-

2053 2335 2304 2390 manebat
2334 2335 2517 2392 dicens
2551 2355 2562 2393 :
2593 2337 2822 2393 Auditur
2845 2340 2980 2394 inter
3002 2357 3086 2396 vos
3119 2341 3396 2412 fornicatio
3421 2351 3470 2396 et
3500 2342 3624 2398 talis

2051 2425 2328 2496 fornicatio
2347 2429 2520 2484 aualis
2549 2447 2638 2484 nec
2664 2432 2798 2486 inter
2819 2443 3015 2504 gentes,
3043 2435 3114 2488 ita
3139 2444 3194 2488 ut
3223 2451 3438 2490 uxorem
3461 2437 3627 2506 patris

2050 2515 2167 2585 quis
2190 2516 2394 2582 habeat,
2432 2525 2488 2574 et
2523 2533 2619 2575 vos
2647 2519 2813 2575 inﬂati
2841 2522 2972 2578 estis
2994 2531 3048 2578 et
3078 2539 3183 2578 non
3213 2525 3384 2596 magis
3422 2524 3625 2580 luctum

2052 2604 2336 2674 habuistis,
2363 2617 2423 2662 ut
2461 2609 2738 2667 tolleretur
2760 2611 2826 2667 dc
2847 2614 3024 2669 medio
3047 2623 3370 2680 vestrorum,
3405 2617 3496 2686 qui
3524 2617 3628 2672 hoc

2051 2715 2185 2772 opus
2213 2700 2360 2758 fecit.
2394 2703 2472 2759 Ac
2500 2705 2543 2760 si
2580 2715 2766 2776 aperte
2795 2707 2967 2763 dicat:
2999 2708 3138 2776 Quid
3165 2724 3264 2764 vos
3295 2723 3392 2779 per
3417 2717 3627 2780 proter-

2051 2790 2194 2844 viam
2235 2792 2395 2864 hujus
2427 2794 2512 2849 vel
2554 2795 2694 2851 illius
2723 2796 2918 2863 dicitis,
2966 2799 3057 2868 qui
3103 2815 3198 2870 per
3237 2800 3625 2856 desolationem

2055 2881 2514 2956 [dissolutionem]
2559 2887 2894 2956 negligentiae
2924 2889 3121 2945 nullius
3173 2904 3431 2964 vos_esse
3473 2906 3626 2945 mon-

2053 2972 2237 3028 stratis
2263 2973 2286 3026 ?
2311 2971 2380 3027 Et
2413 2990 2499 3028 vos
2531 2975 2702 3045 inﬂati
2725 2978 2868 3044 estis,
2895 2987 2942 3032 et
2967 2995 3070 3033 non
3099 2981 3264 3050 magis
3305 2979 3498 3034 luctum
3531 2983 3628 3035 ha-

2051 3063 2273 3120 buistis?
2300 3065 2534 3138 (Ambr.)
2561 3065 2877 3139 Superbiam
2907 3070 3118 3127 illorum
3148 3073 3202 3127 in
3225 3081 3431 3128 tantum
3456 3075 3626 3130 humi-

2051 3154 2168 3221 liat,
2205 3164 2263 3210 ut
2291 3172 2396 3211 non
2427 3158 2680 3226 querulos
2711 3161 2844 3228 jam,
2889 3161 2984 3216 sed
3026 3162 3209 3232 magis.
3243 3162 3508 3233 supplices
3547 3163 3626 3219 fa-

363 3248 431 3302 tit
455 3263 516 3304 se
540 3249 622 3304 ire
641 3251 708 3304 ad
732 3250 870 3317 illos,
893 3252 987 3307 sed
1010 3253 1054 3308 si
1079 3253 1337 3308 Dominus
1358 3233 1798 3325 permittet-etim
1824 3255 1951 3325 quia
1976 3233 2021 3297 C
2049 3248 2159 3302 ciat
2193 3267 2205 3302 :
2237 3257 2394 3303 erant
2428 3253 2573 3304 enim
2617 3261 2672 3306 et
2701 3253 2812 3322 ipsi.
2829 3254 3116 3323 participes
3141 3253 3268 3308 dum
3312 3263 3626 3325 paterentur

363 3335 488 3407 plus
517 3338 623 3393 scit
647 3339 789 3396 Deus
816 3356 977 3411 quam
997 3342 1182 3409 homo,
1215 3345 1346 3400 ideo
1362 3345 1408 3400 si
1431 3345 1803 3415 seiretoperae
1827 3361 1950 3416 pre-

366 3425 502 3481 tium
525 3443 666 3494 esse,
692 3431 1046 3498 permitteret,
1063 3441 1123 3498 ut
1143 3435 1188 3490 si
1209 3449 1324 3489 non
1349 3434 1738 3500 iret,Dominus
1752 3435 1949 3491 oonsi-

361 3516 852 3588 visseostenderet,
870 3536 1035 3579 causa
1059 3524 1244 3595 utique
1269 3525 1601 3598 indignitatis
1619 3526 1850 3581 illorum.
1879 3527 1948 3581 Et

363 3625 730 3681 recognoscam
747 3629 849 3667 non
861 3630 1150 3670 sermonm
1165 3615 1375 3671 illorum
1397 3619 1487 3688 qui
1511 3618 1684 3687 inﬂati
1699 3627 1842 3683 sunt,
1860 3619 1950 3672 sed

362 3697 628 3754 virtutem.
649 3699 940 3758 Coufundit
961 3703 1102 3771 illos,
1128 3705 1254 3774 quia
1277 3722 1398 3761 cum
1421 3707 1634 3778 oblique
1659 3723 1948 3764 conversa-

367 3793 998 3865 rentunindignabantur
1017 3800 1169 3868 quasi
1198 3801 1342 3871 digni
1379 3811 1564 3857 essent
1586 3785 1662 3858 ab
1688 3803 1949 3873 Apostolo

367 3881 600 3938 visitari.
632 3883 744 3939 Nec
773 3887 909 3941 enim
930 3887 986 3942 in
1006 3905 1241 3945 sermone
1258 3899 1335 3946 est
1375 3907 1588 3962 regnum
1613 3892 1740 3958 Dei,
1770 3893 1860 3948 sed
1881 3895 1948 3948 in

365 3970 572 4026 virtue.
617 3972 689 4028 Ut
731 3975 874 4030 sicut
915 3992 1138 4048 regnum
1185 3979 1286 4036 Dei
1322 3997 1430 4036 non
1483 3982 1767 4052 splendore
1796 3985 1950 4041 verbi

363 4063 796 4130 commendatur,
840 4066 938 4123 sed
972 4069 1171 4126 virtute
1211 4071 1508 4143 signorum,
1541 4073 1615 4128 ita
1646 4082 1700 4129 et
1741 4075 1795 4130 hi
1839 4091 1946 4131 non

362 4153 547 4209 verbis
578 4156 759 4222 nudis,
790 4156 887 4214 sed
912 4159 1114 4216 virtute
1153 4176 1376 4232 operum
1406 4164 1726 4234 spiritalium
1752 4166 1944 4236 dignos

361 4257 426 4298 se
461 4245 808 4303 ostenderent
837 4249 917 4306 'ab
940 4249 1457 4322 Apostolovisitari.
1491 4254 1632 4321 Quid
1660 4257 1852 4313 vultis?
1877 4259 1945 4314 In

361 4333 514 4406 uirga
544 4337 746 4392 veniant
780 4339 851 4393 ad
879 4357 988 4406 vos,
1019 4351 1112 4396 aut
1142 4343 1198 4398 in
1221 4345 1476 4400 charitate
1496 4357 1544 4401 et
1567 4348 1756 4418 spiritu
1789 4365 1942 4404 man—

361 4425 698 4486 suetudinis?
723 4427 972 4486 Terroris
997 4433 1162 4487 verba
1189 4432 1372 4499 infert,
1400 4444 1460 4489 ut
1485 4437 1743 4506 pudorem
1773 4439 1941 4508 passi,

361 4513 457 4581 qui
499 4513 668 4572 inﬂati
714 4528 871 4574 erant
917 4519 1348 4590 humiliarentur,
1386 4534 1444 4580 ut
1472 4525 1516 4580 si
1546 4541 1686 4582 vero
1717 4527 1941 4597 apostoli

360 4608 710 4674 praesentiam
736 4611 1135 4680 desiderarent,
1165 4626 1532 4685 pmpararcnt
1575 4631 1634 4673 se
1675 4619 1742 4673 ad
1787 4620 1936 4676 esci-

360 4697 618 4766 piendum
659 4717 804 4768 eum,
835 4703 885 4758 id
910 4713 1016 4768 est,
1045 4706 1324 4762 abluerent
1357 4708 1426 4764 ab
1459 4709 1604 4763 omni
1644 4708 1798 4779 plaga
1832 4710 1937 4764 cri-

359 4792 546 4856 minis,
571 4799 627 4846 et
651 4795 874 4850 veniens
893 4796 962 4852 ad
986 4797 1104 4855 illos
1133 4797 1371 4854 laetitiam
1392 4799 1613 4856 haberet
1632 4801 1782 4872 quasi
1812 4816 1938 4856 cum

360 4879 490 4937 ﬁliis
511 4881 868 4948 charissimis.

939 4996 1164 5056 CAPUT
1183 5019 1186 5022 ’
1202 5000 1266 5056 V.

357 5083 549 5166 Arguit
573 5085 1058 5166 Apostolus_vitium
1073 5089 1458 5166 fornicationis,
1485 5095 1736 5166 adjuncta
1761 5114 1932 5166 poena,

383 5163 388 5168 ’
433 5153 946 5236 culpa:
975 5153 1318 5218 reprehendit.
1347 5153 1465 5217 cum
1487 5153 1796 5236 negligentia
1821 5153 1939 5220 cor;

435 5225 675 5294 reptionis

430 5332 658 5390 Omnino
681 5339 896 5393 auditur
924 5341 978 5394 in
991 5340 1127 5398 vobis
1156 5342 1455 5412 fornicatio,
1487 5353 1534 5398 et
1552 5343 1692 5399 talis.
1702 5345 1933 5415 fornica-

353 5425 450 5490 tio,
465 5426 638 5496 qualis
649 5445 741 5482 nec
765 5429 902 5484 inter
925 5439 1097 5501 gentes
1110 5440 1204 5486 est.
1237 5432 1470 5504 (Ambr.)
1491 5432 1564 5488 Ut
1588 5449 1750 5503 quam
1771 5449 1934 5506 grave

351 5513 428 5569 sit
452 5515 596 5570 istud
633 5528 910 5586 peccatum
958 5522 1285 5588 ostenderet,
1329 5538 1429 5579 nec
1449 5524 1518 5578 ab
1544 5523 1627 5578 his
1660 5525 1764 5579 hoc
1799 5524 1938 5579 dixit

353 5603 586 5671 admitti,
615 5608 704 5676 qui
721 5609 885 5665 Deum
907 5612 1169 5679 nescimt,
1197 5619 1258 5666 ut
1275 5614 1516 5682 perinde,
1531 5631 1636 5684 qua
1659 5628 1816 5685 poena
1847 5617 1936 5672 hic

359 5701 667 5758 multandus
693 5711 837 5758 esset
867 5704 1196 5769 ostenderet,
1215 5705 1307 5774 qui
1332 5705 1433 5759 sub
1455 5713 1664 5762 terrena
1686 5716 1742 5762 et
1755 5707 1935 5763 divina

352 5793 559 5862 iustitia
591 5796 916 5853 constitutus
952 5795 1086 5852 tanti
1124 5796 1347 5856 sceleris
1375 5797 1580 5854 crimen
1616 5799 1931 5857 admiserat.

2054 3351 2204 3392 reum
2235 3345 2344 3394 tam
2366 3339 2598 3409 ingentis
2617 3340 2869 3398 facinoris
2893 3358 3072 3400 secum
3103 3344 3464 3413 incorrcptum
3493 3361 3624 3400 con-

2053 3431 2258 3497 venire,
2285 3441 2348 3487 ut
2377 3447 2564 3488 omnes
2592 3449 2700 3488 uno
2721 3434 2948 3490 consilio
2969 3433 3264 3503 abjieerent
3287 3450 3430 3499 eum,
3453 3437 3498 3490 si
3525 3451 3621 3491 ne-

2052 3532 2205 3594 garet
2231 3523 2522 3579 emendare
2551 3540 2639 3590 se;
2681 3525 2952 3581 siautem
2991 3527 3112 3596 quis
3151 3534 3470 3596 potestatem
3515 3543 3624 3583 non

2050 3611 2234 3676 habet,
2259 3626 2418 3682 quem
2439 3611 2540 3672 scit
2559 3627 2712 3668 reum
2742 3613 2997 3684 abjicere,
3028 3624 3122 3669 aut
3146 3615 3376 3684 probare
3403 3632 3506 3671 non
3531 3631 3623 3670 va-

2050 3702 2141 3767 let,
2191 3703 2445 3758 immunis
2509 3713 2612 3769 est,
2645 3713 2700 3758 et
2745 3703 2946 3773 judieis
2995 3722 3102 3762 non
3151 3717 3252 3771 est,
3320 3708 3436 3764 sine
3472 3724 3626 3763 aecu-

2049 3803 2253 3862 satore,
2289 3795 2580 3852 damnare:
2608 3798 2734 3869 quia
2768 3807 2820 3854 et
2846 3798 3103 3856 Dominus
3136 3799 3349 3868 Iudam,
3375 3817 3497 3858 cum
3539 3802 3628 3857 fur
3729 3844 3745 3852 -

2049 3895 2213 3952 esset,
2243 3887 2369 3956 quia
2399 3903 2505 3942 non
2534 3897 2617 3944 est
2641 3899 2926 3946 accusatus
2951 3892 3170 3946 minime
3193 3892 3405 3960 abjecit.
3437 3891 3501 3947 Ut
3524 3894 3624 3948 tol-

2043 3976 2190 4030 latur
2209 3977 2272 4032 de
2303 3978 2472 4031 medio
2495 3989 2744 4045 vestrum,
2783 3981 2873 4050 qui
2905 3983 3001 4034 hoc
3039 3999 3166 4050 Opus
3207 3983 3346 4052 fecit.
3389 3983 3616 4056 Cognito

2047 4082 2212 4139 opere
2247 4068 2354 4124 isto
2377 4069 2681 4138 pellendum
2712 4071 2882 4137 illum,
2929 4071 3024 4137 ait,
3064 4071 3228 4126 fuisse
3253 4073 3320 4127 de
3343 4083 3486 4129 cmtu
3508 4075 3619 4130 fra-

2049 4160 2336 4216 ternitatis.
2374 4160 2572 4217 Omnes
2606 4163 2749 4218 enim
2779 4163 2981 4219 crimen
3002 4164 3120 4235 ejus
3140 4165 3381 4220 sciebant
3427 4175 3482 4221 et
3514 4184 3620 4223 non

2049 4253 2383 4322 arguebant:
2415 4252 2625 4322 publice
2651 4255 2794 4310 enim
2829 4271 3113 4312 novercam
3153 4273 3306 4312 suam
3331 4256 3449 4312 loco
3485 4275 3619 4312 uxo-

2046 4343 2123 4397 ris
2171 4342 2423 4398 habebat.
2469 4344 2526 4398 In
2567 4359 2672 4413 qua
2721 4361 2780 4400 re
2823 4362 2996 4416 neque
3038 4348 3264 4404 testibus
3296 4365 3431 4419 opus
3480 4359 3620 4416 erat,

2045 4447 2220 4502 neque
2262 4434 2700 4503 tergiversatione
2739 4436 2914 4507 aliqua
2971 4447 3188 4506 poterat
3235 4438 3340 4510 tegi
3392 4440 3619 4495 crimen.

2047 4523 2161 4594 Ego
2190 4524 2398 4595 quidem
2434 4525 2618 4580 absens
2646 4543 2879 4597 corpore,
2921 4545 3148 4598 prmsens
3183 4539 3356 4584 autem
3410 4532 3614 4600 spiritu.

2043 4613 2190 4668 Idem
2217 4614 2414 4669 absens
2447 4613 2604 4679 facie,
2629 4630 2864 4684 prmsens
2892 4627 3068 4673 autem
3097 4620 3420 4676 auctoritate
3461 4621 3617 4691 spiri-

2043 4713 2149 4770 tus,
2172 4704 2324 4774 cujus
2349 4723 2471 4761 cum
2499 4708 2653 4762 adest
2672 4709 2862 4774 virtus,
2875 4711 2990 4780 jam
3007 4711 3243 4780 judicaui
3268 4729 3383 4766 eum
3407 4722 3462 4766 ut
3483 4729 3616 4782 pra!-

2041 4813 2183 4862 scns,
2211 4797 2300 4868 qui
2326 4797 2422 4851 hoc
2455 4797 2688 4863 admisit,
2728 4800 2785 4854 in
2833 4802 3037 4854 nomine
3064 4800 3274 4855 Domini
3305 4803 3467 4856 nostri
3489 4803 3617 4858 Iesu

2043 4884 2237 4942 Christi
2266 4890 2586 4959 congregatis
2616 4889 2860 4954 vobis,-et
2897 4907 3010 4946 meo
3037 4893 3245 4962 spiritu,
3275 4909 3394 4946 cum
3423 4894 3614 4947 uirtute

2045 4979 2257 5034 Domini
2275 4980 2424 5047 Iesu,
2449 4982 2654 5036 tradere
2676 4983 2976 5053 hujusmodi
3000 4985 3214 5040 Satanae
3245 4988 3312 5040 in
3343 4987 3612 5042 interitum

2040 5073 2235 5125 carnis.
2266 5073 2526 5139 Quoniam
2556 5065 2733 5128 omnis
2777 5076 3010 5131 carnalis
3043 5076 3288 5145 voluptas
3324 5090 3354 5130 a
3398 5076 3610 5131 diabolo

2040 5170 2144 5226 est,
2169 5179 2232 5217 ac
2259 5178 2356 5233 per
2395 5163 2496 5217 hoc
2518 5179 2642 5218 cum
2671 5165 2797 5223 huic
2826 5166 3082 5235 voluptati
3133 5167 3460 5230 remittitur,
3502 5174 3615 5221 tra-

2039 5253 2187 5307 ditur
2217 5252 2431 5308 Satanm
2454 5271 2466 5306 :
2491 5269 2622 5309 caro
2649 5256 2792 5310 enim
2815 5257 2918 5312 hoc
2937 5257 3102 5312 habet
3129 5257 3183 5312 in
3209 5265 3422 5323 natura,
3447 5265 3510 5312 ut
3530 5257 3611 5312 in-

2006 5332 2231 5400 °tereat.
2269 5342 2464 5400 Anima
2499 5360 2627 5415 ergo
2645 5360 2767 5408 cum
2794 5361 2854 5402 se
2875 5347 3050 5419 jungit
3076 5347 3343 5404 desiderio
3369 5344 3504 5414 ejus,
3532 5347 3614 5400 in-

2037 5437 2260 5492 firmans
2285 5437 2582 5506 spiritalem
2598 5454 2756 5495 suum
2779 5440 3494 5510 vigorem,simulinteritum
3517 5461 3614 5516 pa-

2039 5530 2188 5584 titur.
2217 5529 2402 5599 ltaque
2423 5529 2468 5583 si
2496 5529 2585 5585 hic
2605 5537 2886 5599 correptus
2903 5531 3077 5602 stupri
3090 5531 3309 5589 admissi
3329 5535 3616 5590 erubesce-

2041 5627 2120 5674 ret
2144 5619 2374 5686 ejectum
2395 5635 2472 5684 se,
2491 5635 2593 5674 non
2617 5620 2880 5685 interiret,
2895 5623 3212 5691 poenitentia
3227 5626 3610 5692 subsequente.

2036 5708 2150 5762 Non
2177 5716 2384 5764 tantum
2405 5709 2643 5764 omnium
2680 5724 2948 5765 consensu
2961 5719 3016 5766 et
3043 5713 3349 5782 praesentia,
3375 5725 3471 5768 seu
3501 5715 3613 5768 vir-

2043 5808 2154 5856 tute
2181 5799 2392 5856 Domini
2418 5798 2566 5866 Jesu,
2601 5799 2655 5855 id
2689 5809 2792 5867 est,
2829 5801 3116 5866 sententia,
3156 5801 3308 5873 cujus
3347 5801 3613 5873 legatione

4063 4155 4065 4270 Ξ

4063 4289 4065 4372 l

4061 5135 4065 5232 ἵ
