4082 6332
453 370 517 426 5|
1085 368 1129 423 Β
1183 365 1437 422 RABANI
1476 364 1696 423 MAURI
1734 362 2053 420 ARCHIEP.
2097 361 2408 420 MOGUNT.
2451 363 2736 424 OPERUM
2771 365 2949 424 PARS
2983 366 3072 422 ιιι.
3659 372 3729 427 59.

452 483 781 554 fungebatur
798 481 1104 554 Apostolus,
1131 481 1490 548 abjictendum
1516 479 1664 534 illum
1685 479 1751 534 de
1798 477 2040 534 Ecclesia
2067 482 2118 542 Α
2146 477 2287 531 mala
2314 479 2552 534 cavenda
2582 487 2697 545 εει,
2729 488 2784 536 ει
2827 480 2897 535 ob
2930 480 3072 535 hanc
3111 493 3336 537 causam
3371 481 3575 538 dictum
3621 493 3728 551 est,

451 579 686 635 censuit.
711 575 846 632 Cum
886 574 1122 644 eiicitur,
1151 575 1382 629 traditur
1423 571 1636 626 Satanae
1669 571 1723 625 in
1756 571 2033 625 interitum

455 669 657 734 carnis,
675 675 803 722 utet
837 665 1059 737 spiritus
1077 664 1258 721 salvus
1290 666 1362 723 sit
1393 665 1445 719 in
1468 664 1555 718 die
1580 663 1810 719 Domini.
1838 661 2035 718 Anima

456 761 604 818 enim
632 768 687 815 et
718 774 915 829 corpus
941 757 1232 821 intereunt,
1263 755 1478 828 quando
1507 771 1626 825 quae
1648 762 1838 809 contra
1864 753 2036 825 legem

455 859 604 915 sunt,
622 849 774 904 ﬁunt.
792 848 899 904 Sed
922 847 974 902 in
998 847 1280 902 hac'aliter
1293 862 1454 901 causa
1477 846 1728 900 interitus
1747 844 1927 904 carnis
1940 845 2035 899 ho-

454 942 588 998 mini
604 941 892 1011 deputatur
923 957 937 994 :
969 955 1296 1009 quamquam
1318 939 1460 992 enim
1480 937 1659 993 omnia
1675 947 1895 1008 peccata
1913 953 2037 992 car-

455 1031 635 1086 nalem
662 1032 934 1087 hominem
958 1040 1232 1102 praestent,
1253 1033 1356 1086 hoc
1373 1039 1551 1086 tamen
1575 1030 1882 1100 specialiter
1897 1030 2038 1086 desi-

452 1120 662 1175 derium
689 1120 871 1176 carnis
898 1128 1001 1188 est;
1031 1121 1174 1191 quod
1189 1120 1438 1178 sordibus
1451 1121 1774 1175 maculatam
1801 1121 2038 1176 animam

452 1227 576 1266 cum
608 1227 835 1282 corpore
873 1211 1038 1268 tradit
1067 1213 1328 1284 gehennae
1360 1230 1374 1266 :
1424 1211 1549 1281 quia
1585 1211 1727 1266 victa
1769 1211 1947 1266 anima
1984 1211 2038 1264 in

451 1303 677 1358 libidine
705 1304 904 1370 carnis,
937 1303 996 1359 ﬁt
1025 1319 1177 1372 caro,
1207 1305 1346 1361 sicut
1369 1312 1424 1360 et
1447 1319 1644 1374 corpus
1665 1312 1812 1364 recte
1845 1304 2040 1376 guber-

452 1406 660 1462 natum,
692 1397 934 1468 spiritale
961 1396 1278 1467 appellatur.
1311 1396 1539 1452 Animus
1583 1404 1761 1451 tamen
1789 1405 1900 1462 est,
1947 1395 2039 1466 qui

453 1495 549 1541 aut
574 1487 750 1542 victus
793 1485 1086 1554 illecebris,
1110 1495 1281 1542 totum
1302 1473 1578 1542 hominem
1609 1502 1865 1542 carneum
1889 1486 2038 1552 facit,

454 1591 550 1638 aut
582 1583 634 1638 in
661 1583 848 1654 vigore
872 1591 1081 1638 naturae
1128 1596 1486 1638 sure-manens
1511 1581 1662 1638 carni
1692 1588 1934 1652 praestat,
1981 1587 2043 1635 ut

455 1674 716 1746 spiritalis
736 1675 968 1730 dicatur.

529 1763 596 1817 Ut
623 1765 840 1834 spiritus
894 1763 1070 1819 salvus
1115 1764 1184 1819 sit
1226 1764 1280 1817 in
1337 1763 1422 1818 die
1448 1762 1661 1818 Domini
1705 1765 1870 1818 nostri
1911 1761 2040 1818 Iesu

2138 574 2266 644 quia
2319 575 2492 645 ejecto
2521 577 2874 632 ‘fornicatore
2933 585 3086 632 vetus
3123 574 3449 633 fermentum
3490 579 3727 651 eiicitur.

2137 666 2262 722 Ideo
2295 675 2472 723 autem
2503 676 2678 735 vetus,
2709 669 2836 738 quia
2868 667 3076 737 antiqui
3097 667 3728 738 errorispeccatumest:

2138 772 2280 812 nova
2310 767 2492 813 autem
2519 760 2831 828 conspersio
2880 758 3084 815 Christi
3129 759 3378 814 doctrina
3415 769 3518 816 est.
3562 760 3731 816 Sicuti

2138 850 2260 904 estis
2290 851 2484 920 azymi.
2514 850 2715 922 Azyma
2738 867 2804 906 ex
2833 867 2996 906 causa
3037 865 3147 906 non
3173 849 3512 906 fermentata:
3543 850 3732 907 farinae

2141 941 2342 996 dictum
2373 949 2477 1008 est,
2509 957 2634 996 cum
2669 942 2762 996 ﬁlii
2791 941 2957 997 lsrael
2977 941 3134 1012 ejecti
3164 948 3292 997 sunt
3311 942 3378 998 de
3411 941 3652 1014 JEgypto
3674 951 3734 998 ut

2138 1031 2462 1087 fermentum
2497 1041 2736 1090 vetustas
2779 1034 3094 1098 haberetur,
3129 1033 3332 1105 Azyma
3362 1043 3544 1090 autem
3574 1035 3731 1092 novi-

2141 1131 2224 1178 tas
2257 1141 2269 1176 :
2313 1122 2539 1192 ahjcctis
2567 1125 2711 1182 enim
2740 1125 3014 1184 veteribus
3043 1124 3325 1184 erroribus
3352 1124 3730 1197 Egyptiorum

2141 1215 2194 1269 in
2219 1231 2414 1270 nov'am
2439 1215 2612 1287 legem
2658 1217 2860 1272 inducti
2907 1222 3050 1272 sunt.
3107 1215 3190 1270 lla
3221 1224 3278 1271 et
3306 1214 3572 1272 Corinthii
3603 1227 3729 1289 post

2141 1321 2476 1376 paganorum
2525 1323 2762 1371 errores,
2800 1308 2856 1363 in
2901 1306 3250 1378 Evangelium
3285 1306 3488 1364 Christi
3528 1309 3732 1366 inducti

2142 1405 2286 1452 sunt.
2316 1397 2578 1452 Hortatur
2599 1413 2730 1469 ergo
2752 1407 2810 1453 ut
2834 1397 3129 1454 secundum
3159 1397 3553 1467 professionem
3577 1415 3731 1454 suam

2141 1504 2304 1559 quam
2343 1490 2411 1544 ab
2447 1489 2704 1560 Apostolo
2738 1491 2838 1546 sub
2879 1489 3100 1546 nomine
3133 1489 3334 1546 Christi
3375 1500 3732 1561 acceperant,

2141 1589 2197 1635 et
2222 1581 2593 1652 viverentjam
2619 1582 2744 1637 vitae
2769 1597 2921 1637 novae
2934 1581 3195 1648 cultores,
3218 1583 3392 1638 ethoc
3413 1590 3494 1637 est
3513 1597 3737 1653 azymos

2143 1686 2283 1726 esse.
2315 1671 2522 1728 Etenim
2541 1673 2736 1743 pascha
2763 1682 2998 1731 nostrum
3029 1673 3333 1730 immolatus
3359 1684 3436 1730 est
3466 1673 3728 1737 Christus.

2145 1759 2454 1817 Secundum
2498 1762 2670 1834 legem
2722 1763 2880 1820 docet
2916 1765 3212 1822 novitatem
3258 1767 3474 1837 paschae
3524 1767 3737 1823 ratione

454 1855 670 1919 Christi,
705 1855 843 1910 tradi
866 1856 1021 1926 jubet
1050 1855 1478 1911 contaminatum
1523 1870 1686 1924 supra
1707 1855 1910 1909 dictum
1944 1853 2043 1910 Sa-
2073 1837 2118 1896 Β
2145 1851 2462 1915 consistere,
2485 1861 2540 1907 et
2562 1853 2682 1908 ideo
2709 1852 2983 1910 Christum
3021 1869 3144 1910 esse
3167 1856 3430 1921 occisum,
3465 1863 3524 1910 ιιι
3563 1870 3634 1910 ex
3669 1869 3736 1910 eo

454 1957 615 2012 tante,
667 1956 729 2003 ut
787 1946 1020 2018 Spiritus
1075 1946 1257 2002 salvus
1293 1947 1364 2002 sit
1412 1947 1464 2001 in
1522 1946 1829 2002 hominibus
1857 1946 2044 2002 Eccle—

454 2040 550 2094 sis:
571 2039 624 2093 in
650 2039 970 2110 dieiudicii;
1004 2039 1108 2094 nisi
1143 2039 1287 2096 enim
1321 2036 1526 2106 ejectus
1545 2046 1706 2102 esset,
1749 2053 1856 2092 non
1889 2038 2044 2096 ﬁeret

457 2130 643 2186 salvus
719 2130 942 2200 spiritus
1008 2129 1265 2186 Ecclesiae
1325 2131 1381 2185 in
1438 2130 1526 2185 die
1603 2129 1815 2200 judicii.
1878 2129 2044 2186 Dese—

456 2223 612 2278 rebat
639 2220 783 2277 enim
821 2235 1011 2276 omnes
1037 2222 1512 2284 contaminationis
1540 2237 1724 2287 causa,
1771 2231 1833 2278 ut
1864 2223 1920 2277 in
1956 2224 2044 2279 die

458 2311 674 2366 Domini
696 2311 823 2369 nudi
853 2312 921 2369 ab
952 2310 1158 2382 Spiritu
1181 2321 1372 2368 sancto
1398 2313 1602 2368 inventi
1629 2313 1881 2369 audirent
1907 2330 1938 2368 a
1956 2312 2046 2383 ju-

458 2402 578 2458 dice
599 2400 861 2458 Domino:
897 2401 1140 2456 Recedite
1168 2420 1201 2455 a
1225 2419 1340 2469 me,
1389 2420 1493 2457 non
1522 2403 1643 2458 noui
1688 2420 1776 2460 vos
1824 2402 2040 2475 (Matth.

457 2498 584 2570 vn),
624 2498 767 2554 sicut
802 2498 932 2556 dicit
968 2499 1038 2554 ad
1084 2499 1360 2554 Romanos
1390 2516 1403 2552 :
1430 2495 1488 2553 Si
1521 2499 1635 2567 quis
1670 2507 1846 2554 autem
1883 2499 2044 2569 spiri-

457 2600 570 2645 tum
593 2589 788 2646 Christi
809 2607 914 2644 non
935 2591 1108 2656 habet,
1134 2591 1218 2644 hic
1247 2607 1353 2644 non
1396 2599 1473 2644 est
1505 2589 1620 2660 ejus
1668 2589 1841 2660 (Rom.
1893 2591 2042 2662 vtn);

458 2691 516 2738 et
539 2682 594 2738 in
622 2683 726 2738 alia
753 2682 992 2753 Epistola
1017 2701 1030 2737 :
1066 2681 1246 2738 Nolite
1273 2683 1582 2737 contristare
1621 2681 1878 2753 Spiritum
1919 2700 2048 2738 san—

457 2786 601 2831 ctum
629 2775 746 2830 Dei.
783 2775 839 2830 Si
869 2775 1014 2831 enim
1043 2776 1399 2833 contristatur
1426 2775 1647 2840 deserit,
1698 2784 1754 2830 et
1793 2790 1902 2831 non
1939 2775 2046 2832 erit

460 2867 661 2934 salvus,
687 2881 792 2922 non
815 2867 1002 2937 utique
1023 2867 1148 2932 sibi,
1177 2866 1266 2936 qui
1295 2865 1640 2936 impassibilis
1659 2874 1766 2931 est,
1784 2865 1880 2921 sed
1891 2865 2046 2926 nobis

459 2957 655 3027 quibus
699 2957 857 3013 datus
891 2965 994 3022 est,
1025 2965 1086 3011 ut
1125 2971 1220 3026 per
1258 2955 1408 3012 illum
1436 2955 1532 3010 Dei
1571 2955 1666 3010 ﬁlii
1693 2970 1814 3012 esse
1854 2955 2047 3026 probe-

457 3064 602 3104 mur.
635 3049 742 3104 Res
769 3049 913 3104 enim
959 3064 1082 3118 quae
1125 3048 1429 3103 admittitur
1458 3046 1604 3102 salva
1646 3062 1752 3100 non
1805 3056 1907 3113 est,
1938 3062 2044 3103 non

458 3140 647 3210 utique
679 3138 804 3204 sibi,
839 3153 958 3206 quae
1000 3136 1325 3208 ubicumque
1355 3135 1446 3202 sit,
1476 3151 1698 3192 necesse
1728 3144 1812 3198 est
1833 3137 1925 3203 sit,
1949 3138 2044 3193 sed

457 3233 509 3288 ei
532 3248 562 3287 a
590 3247 698 3303 quo
723 3230 1043 3290 admittitur.
1078 3229 1274 3301 (Cass.)
1309 3229 1421 3284 Duo
1442 3229 1558 3285 haec
1599 3229 1824 3284 credere
1858 3230 2046 3286 immo-

456 3325 642 3380 biliter
670 3338 769 3379 nos
792 3329 1024 3392 Oportet,
1066 3321 1243 3392 primo
1280 3321 1424 3391 quod
1459 3321 1576 3376 sine
1618 3321 1716 3376 Dei
1748 3320 2046 3391 permisso,

461 3415 643 3471 nullus
668 3416 736 3470 ab
764 3415 842 3469 eis
865 3413 1086 3470 omnino
1109 3421 1379 3478 tentetur;
1427 3412 1664 3470 secundo
1692 3412 1835 3483 quod
1862 3412 2049 3468 omnia

459 3523 583 3578 quae
614 3521 646 3560 a
688 3505 800 3560 Deo
823 3506 978 3562 nobis
1006 3503 1333 3570 inferuntur,
1365 3503 1480 3560 sive
1510 3503 1686 3561 tristia
1713 3504 1780 3558 ad
1809 3518 2050 3574 praesens

459 3596 547 3652 vel
569 3596 690 3651 laeta
718 3595 1025 3661 videantur,
1055 3594 1202 3650 velut
1224 3610 1256 3650 a
1279 3595 1522 3665 piissimo
1555 3603 1706 3664 patre
1747 3593 2052 3651 clementis-

462 3689 712 3758 simoque
738 3687 951 3744 medico
993 3701 1093 3757 pro
1118 3686 1320 3744 nostris
1347 3685 1666 3742 utilitatibus
1717 3685 2046 3758 irrogentur,

463 3787 521 3832 et
563 3779 766 3834 idcirco
799 3792 894 3834 eos
945 3776 1092 3834 velut
1142 3777 1444 3849 paedagogis
1475 3777 1706 3832 traditos
1752 3776 2048 3843 humiliari,

462 3877 528 3928 ut
551 3868 892 3924 discedentes
915 3883 980 3924 ex
1007 3867 1110 3924 hoc
1132 3868 1353 3932 mundo,
1391 3866 1478 3922 vel
1503 3866 1841 3938 purgatiores
1881 3867 1947 3922 ad
1971 3867 2052 3922 vi—
2078 3897 2083 3901 -

466 3968 579 4014 tam
607 3959 769 4014 aliam
807 3957 1226 4023 transferantur,
1256 3957 1341 4012 vel
1367 3971 1525 4027 poena
1569 3957 1770 4014 leviore
1813 3957 2054 4027 plectan-

466 4058 577 4115 tur,
605 4050 696 4120 qui
710 4049 1006 4106 secundum
1027 4049 1342 4120 Apostolum
1367 4047 1548 4104 traditi
1569 4056 1694 4106 sunt
1723 4049 1775 4103 in
1797 4050 2052 4118 przesenti

463 4139 683 4196 Satanae
709 4140 765 4195 in
796 4139 1073 4196 interitum
1104 4139 1303 4203 carnis,
1341 4148 1400 4192 ut
1434 4139 1656 4208 spiritus
1672 4138 1854 4195 salvus
1879 4141 1973 4196 ﬁat
1997 4139 2052 4195 in

463 4232 552 4288 die
575 4231 786 4286 Domini
808 4232 980 4286 nostri
1004 4229 1131 4286 Jesu
1174 4231 1393 4285 Christi.
1428 4229 1550 4285 Non
1583 4240 1656 4285 est
1683 4231 1817 4286 bona
1852 4231 2053 4302 gloria-

464 4326 540 4379 tio
563 4333 750 4379 uestra.
781 4322 989 4395 (Amb.)
1008 4323 1120 4378 lloc
1144 4331 1246 4390 est,
1277 4338 1385 4378 non
1403 4323 1574 4388 .bona,
1597 4322 1706 4380 laeti
1725 4323 1870 4379 enim
1898 4331 2055 4380 erant

466 4429 591 4468 cum
637 4413 809 4484 magis
860 4413 1172 4467 contristari
1229 4412 1514 4468 debuerint
1579 4413 1634 4468 in
1683 4412 1892 4480 fratre,
1941 4423 2052 4469 tam

467 4507 665 4563 acerbe
688 4507 1123 4577 peccante,sicut
1143 4507 1316 4563 tristis
1339 4507 1442 4562 fuit
1462 4507 1678 4562 Samuel
1703 4508 1756 4562 in
1781 4508 1908 4563 Saul
1931 4524 2050 4579 pec-
2078 4545 2129 4604 Β

467 4606 627 4652 caute
656 4597 709 4668 (Ι
739 4597 869 4668 Reg.
903 4597 1013 4671 xv),
1039 4599 1091 4653 in
1117 4614 1226 4668 quo
1250 4599 1478 4654 crimine
1504 4598 1627 4654 mali
1657 4599 1927 4665 doctores,
1956 4611 2050 4656 aut

468 4685 899 4752 dissimulabant,
947 4695 1042 4742 aut
1077 4687 1434 4759 negligentius
1460 4689 1778 4758 arguebant,
1815 4689 1956 4745 sicut
1995 4699 2052 4746 et

469 4774 590 4829 ΠεΙί
620 4775 870 4830 sacerdos
891 4774 1030 4831 ﬁlios
1051 4792 1178 4831 suos
1189 4785 1474 4848 peccantes
1494 4777 1548 4831 in
1568 4776 1758 4843 Deum,
1784 4794 1852 4833 ne
1879 4780 2050 4840 amari

467 4875 653 4922 essent
679 4866 988 4928 hominibus
1039 4866 1088 4938 (1
1123 4866 1246 4937 Reg.
1279 4867 1361 4938 ιι).

545 4968 772 5024 Nescitis
810 4969 934 5038 quia
970 4969 1234 5026 modicum
1284 4969 1594 5040 fermentum
1617 4979 1780 5024 totam
1821 4986 2051 5025 massam

469 5060 776 5128 corrumpit.
805 5059 885 5114 lta
905 5067 962 5116 et
988 5070 1269 5129 peccatum
1293 5063 1452 5117 iunius
1479 5062 1624 5132 quod
1646 5063 1918 5133 cognitum
1946 5079 2052 5118 non

471 5151 736 5222 arguitur,
767 5151 966 5208 multos
994 5154 1350 5218 contaminat,
1373 5155 1481 5209 imo
1505 5169 1692 5209 omnes
1717 5154 1806 5224 qui
1835 5165 2053 5220 norunt,

469 5252 528 5298 et
564 5259 671 5299 non
700 5244 958 5310 devitant,
997 5254 1090 5300 aut
1124 5261 1246 5300 cum
1279 5254 1499 5316 possent
1533 5262 1761 5317 arguere
1800 5248 2054 5302 dissimu-

470 5336 587 5390 lant
617 5351 760 5392 :non
781 5338 924 5392 enim
951 5337 1053 5394 sibi
1083 5339 1293 5395 videtur
1311 5354 1558 5408 peccare,
1595 5338 1811 5407 quando
1849 5355 1881 5393 a
1911 5338 2058 5392 nullo

472 5431 764 5499 corripitur
802 5439 897 5486 aut
932 5432 1152 5487 vitatur.
1183 5431 1485 5501 Expurgate
1520 5440 1661 5484 vetus
1701 5430 2010 5500 fermentum
2039 5471 2054 5495 ,

472 5531 530 5576 ut
557 5523 670 5577 sitis
690 5540 820 5578 noua
843 5523 1158 5593 causpersio.
1190 5522 1305 5576 Hoc
1331 5519 1526 5591 duplici
1555 5535 1754 5590 genere
1784 5520 2055 5591 accipien-

472 5613 601 5670 dum
639 5624 744 5679 est,
775 5615 900 5684 quia
927 5622 1010 5668 est
1039 5623 1094 5667 et
1122 5613 1442 5668 fermentum
1485 5612 1719 5666 humana
1770 5611 2015 5667 doctrina
2039 5653 2053 5677 ,

471 5703 686 5760 dicente
731 5704 1009 5761 Salvatore
1039 5721 1051 5758 :
1081 5702 1268 5758 Cavete
1302 5721 1335 5757 a
1376 5703 1628 5772 fermento
1659 5699 2055 5758 Pharisa'orum

476 5795 688 5858 (Matth.
729 5798 860 5868 va),
892 5795 943 5850 id
973 5803 1074 5855 est,
1116 5811 1145 5848 a
1194 5795 1434 5851 doctrinm
1467 5793 1623 5860 mala,
1655 5807 1784 5866 ergo
1813 5793 2056 5853 doctrina

2144 1959 2282 1999 nova
2325 1945 2641 2014 praedicatio
2668 1987 2682 2012 ,
2725 1961 2921 2002 novam
2966 1945 3172 2003 faceret
3217 1949 3682 2004 conversationem
3719 1966 3733 2002 :

2143 2041 2203 2088 ut
2251 2034 2377 2106 quia
2417 2036 2633 2102 paschae
2669 2037 2936 2092 rationem
2979 2037 3228 2103 colimus,
3283 2039 3736 2094 veterem'vitam

2143 2143 2250 2183 non
2303 2143 2614 2197 sequamur.
2661 2129 2871 2186 Pascha
2916 2132 3098 2201 itaque
3137 2131 3434 2188 immolatio
3475 2141 3580 2198 est,
3628 2146 3737 2190 non

2144 2220 2424 2284 transitus,
2467 2221 2608 2278 sicut
2633 2221 2954 2292 quihusdam
2985 2223 3200 2280 videtur
3233 2242 3246 2278 :
3278 2224 3430 2294 prius
3452 2225 3596 2280 enim
3637 2239 3734 2294 pa-

2143 2315 2274 2370 scha
2313 2323 2370 2369 et
2398 2314 2476 2372 sic
2505 2315 2787 2380 transitus,
2817 2315 2944 2386 quia
2988 2326 3115 2371 ante
3147 2315 3455 2386 exemplum
3497 2324 3581 2372 est
3615 2314 3737 2372 Sal-

2143 2405 2367 2471 vatoris,
2397 2412 2452 2459 et
2480 2403 2559 2460 sic
2583 2405 2796 2475 signum
2814 2405 3026 2470 salutis,
3053 2420 3151 2461 nec
3177 2406 3324 2461 enim
3359 2414 3490 2462 ante
3517 2407 3734 2478 signum

2143 2509 2307 2565 quam
2343 2509 2477 2550 crux
2525 2515 2537 2549 :
2575 2511 2700 2551 nam
2745 2497 2928 2552 occiso
2958 2510 3365 2569 vespereiagno
3399 2498 3456 2552 in
3496 2495 3738 2569 Egypto

2143 2585 2240 2641 ﬁlii
2267 2585 2432 2640 Israel
2459 2586 2661 2655 pascha
2688 2597 2936 2659 egerunt,
2967 2603 3036 2643 ex
3071 2589 3233 2660 cujus.
3262 2590 3524 2661 sanguine
3554 2599 3738 2661 postes

2145 2675 2519 2745 signaverunt,
2555 2685 2615 2732 ut
2643 2685 2805 2734 noctu
2849 2679 3073 2748 angelus
3097 2681 3370 2736 transiens
3391 2697 3456 2737 ea
3487 2681 3604 2737 loca
3627 2696 3737 2737 non

2145 2765 2503 2836 contingeret,
2525 2783 2645 2837 quae
2665 2768 2928 2839 sanguine
2951 2769 3073 2840 agni
3099 2770 3317 2826 fuerant
3339 2768 3526 2828 oblita.
3553 2771 3739 2843 Itaque

2145 2857 2280 2927 festa
2317 2857 2630 2913 celebremus
2657 2857 2974 2934 [epulemur]
3015 2879 3120 2918 non
3158 2863 3217 2918 in
3257 2862 3512 2932 fermento
3555 2864 3734 2918 veteri.

2146 2948 2382 3020 (Ambr.)
2405 2949 2526 3009 Hoc
2543 2958 2629 3006 est
2648 2951 2890 3008 laetitiam
2917 2953 3180 3011 habentes
3206 2956 3573 3011 renovationis
3593 2953 3738 3010 facta

2143 3049 2332 3096 vetera
2357 3041 2647 3112 fugiamus,
2695 3042 3092 3100 immunditiam
3115 3060 3332 3102 omnem
3363 3046 3678 3117 abjicientes
3705 3060 3738 3100 a

2146 3133 2326 3199 nobis,
2348 3149 2469 3205 quae
2497 3143 2584 3190 est
2611 3135 2906 3204 corruptio.
2939 3135 3078 3203 Quia
3107 3136 3249 3196 sicut
3289 3135 3615 3192 fermentum
3659 3144 3738 3190 to-

2150 3234 2259 3282 tam
2285 3240 2520 3281 massam
2543 3229 2864 3298 corrumpit,
2891 3229 2964 3283 ita
2985 3237 3041 3283 et
3065 3229 3206 3284 mala
3230 3229 3340 3284 vita
3369 3237 3537 3285 totum
3565 3227 3740 3284 homi-

2148 3331 2296 3372 nem.
2324 3316 2467 3388 Ergo
2488 3324 2548 3372 ut
2576 3333 2682 3373 non
2711 3317 2884 3373 solum
2911 3333 2942 3372 a
2981 3319 3312 3389 turpitudine
3335 3320 3458 3374 vitae
3501 3334 3600 3374 nos
3641 3320 3740 3374 ob-

2148 3420 2446 3470 servemus,
2476 3407 2570 3464 sed
2592 3407 2730 3462 etab
2749 3407 3052 3478 iniquitatis
3081 3409 3280 3475 studio,
3314 3408 3521 3478 adjecit.
3544 3409 3742 3480 .Neque

2148 3514 2204 3552 in
2237 3497 2487 3567 fermento
2522 3498 2740 3554 malitia:
2763 3509 2812 3555 et
2843 3501 3105 3572 uequitiaz,
3138 3502 3229 3556 sed
3268 3503 3324 3557 in
3351 3503 3552 3573 azymis
3571 3507 3741 3558 since-.

2150 3589 2322 3643 ritatis
2354 3598 2402 3642 et
2452 3589 2703 3644 ueritatis.
2747 3589 2864 3646 Hoc
2896 3600 3010 3652 est.
3048 3600 3109 3645 ut
3153 3591 3442 3655 sinceritas
3482 3592 3740 3648 mundam

2149 3681 2316 3736 vitam
2341 3679 2526 3748 faciat,
2549 3681 2753 3738 veritas
2775 3691 2954 3738 autem
2975 3698 3191 3739 omnem
3209 3682 3454 3740 fraudem
3466 3684 3737 3740 excludat.

2151 3769 2348 3840 Scripsi
2372 3770 2516 3828 vobis
2538 3772 2592 3824 iu
2621 3770 2839 3840 epistola
2864 3789 2927 3830 ne
2947 3775 3389 3830 cammisceamiui
3413 3774 3737 3849 [ornicariis.

2153 3861 2451 3933 Scripsisse
2479 3879 2537 3920 se
2557 3865 2824 3936 signiﬁcat
2842 3867 3014 3935 prius,
3053 3866 3144 3928 ubi
3169 3876 3480 3924 commonet
3505 3867 3646 3933 illos,
3672 3883 3741 3923 ne

2152 3953 2540 4027 conjungereut
2561 3972 2620 4012 se
2647 3957 2800 4012 malae
2827 3958 2952 4012 vitae
2977 3958 3306 4026 hominibus,
3349 3966 3407 4014 et
3453 3959 3582 4028 quia
3627 3974 3737 4015 non

2152 4046 2484 4102 intellexisse
2527 4047 2696 4112 forte,
2745 4063 2809 4103 ea
2856 4063 2977 4118 quae
3021 4049 3338 4120 scripserat,
3391 4051 3737 4117 videbantur,

2153 4151 2300 4191 nunc
2333 4137 2390 4194 in
2426 4137 2529 4194 hac
2579 4136 2818 4207 Epistola
2865 4138 2996 4209 quid
3027 4139 3310 4210 scripserit
3350 4140 3740 4212 interpretatur

2153 4229 2338 4284 dicens
2369 4247 2383 4283 :
2422 4227 2547 4284 Non
2571 4230 2748 4302 utique
2793 4230 3093 4300 fornicariis
3123 4232 3282 4304 hujus
3307 4233 3524 4299 mundi,
3567 4233 3662 4289 sed
3706 4248 3740 4292 a

2152 4319 2418 4376 fratribus
2446 4322 2638 4392 scripsi
2671 4324 3052 4380 recedendum.
3086 4324 3190 4380 Aut
3217 4325 3416 4389 avaris,
3442 4334 3534 4379 aut
3577 4341 3737 4394 rapa-

2153 4412 2320 4477 cibus,
2347 4422 2437 4466 aut
2464 4413 2619 4468 idolis
2647 4415 3021 4480 servientibus;
3072 4415 3307 4486 alioquin
3336 4415 3635 4470 debueratis
3673 4415 3740 4468 de

2153 4503 2250 4559 hoc
2288 4505 2486 4558 mundo
2533 4505 2696 4566 exire.
2743 4505 2912 4576 Igitur
2937 4505 3267 4564 intellectum
3315 4505 3528 4561 illorum
3565 4505 3744 4575 arguit

2154 4599 2246 4669 qui
2296 4599 2560 4668 putabant
2601 4598 2743 4653 forte
2814 4599 2940 4668 quia
2983 4600 3052 4654 ab
3081 4598 3376 4656 incredulis
3401 4597 3739 4663 fornicariis,

2155 4699 2250 4744 aut
2293 4690 2490 4753 avaris,
2548 4698 2641 4746 aut
2692 4691 2996 4760 rapacibus,
3044 4700 3140 4744 aut
3184 4689 3342 4750 idolis
3385 4689 3744 4746 servientibus

2155 4780 2542 4852 prohibuisset,
2571 4797 2679 4836 non
2704 4795 2734 4835 a
2759 4780 3037 4845 fratribus,
3065 4788 3122 4834 et
3151 4779 3271 4835 ideo
3301 4780 3472 4846 illum,
3496 4780 3588 4850 qui
3617 4795 3745 4834 uxo-

2169 4886 2272 4926 rem
2297 4872 2472 4941 patris
2489 4871 2742 4938 habebat,
2768 4872 2909 4928 inter
2935 4885 2993 4926 se
3017 4885 3138 4925 esse
3161 4887 3266 4926 non
3307 4887 3449 4944 aegre
3473 4870 3741 4926 ferebant.

2162 4962 2219 5017 Si
2241 4963 2405 5032 igitur
2431 4962 2515 5017 his
2542 4961 2976 5027 commiscimini,
3008 4961 3201 5032 inquit,
3237 4962 3432 5018 melius
3457 4970 3576 5018 erat
3605 4961 3743 5015 mori

2160 5074 2279 5123 vos,
2315 5057 2694 5126 compendium
2733 5065 2817 5111 est
2847 5057 2990 5110 enim
3019 5055 3162 5111 male
3201 5056 3486 5127 agentibus
3510 5055 3554 5109 si
3582 5054 3744 5109 citius

2162 5151 2654 5218 moriantur,quam
2667 5148 2714 5203 si
2725 5148 2930 5204 diutius
2943 5147 2995 5201 in
3008 5147 3248 5217 peccatis
3260 5142 3564 5202 versentur.
3585 5144 3743 5198 Nam:

2161 5253 2336 5298 autem
2364 5242 2547 5312 scripsi
2571 5241 2710 5296 vobis
2737 5257 2800 5294 ne
2826 5240 3286 5296 commisceamini.
3313 5237 3370 5293 Si
3397 5239 3441 5292 is
3466 5238 3555 5308 qui
3578 5238 3746 5306 frater

2163 5336 2483 5400 nominatur,
2512 5344 2586 5388 est
2616 5334 2930 5404 fornicator,
2962 5342 3054 5388 aut
3085 5347 3300 5398 auarus,
3326 5342 3416 5385 aut
3448 5329 3604 5386 idolis
3627 5346 3742 5384 ser-

2163 5427 2322 5488 viens,
2375 5434 2466 5478 aut
2501 5423 2807 5490 maledicus,
2843 5433 2933 5478 aut
2972 5424 3227 5488 ebriosus,
3269 5431 3360 5476 aut
3401 5437 3590 5492 rapax,
3621 5436 3741 5474 cum

2158 5516 2460 5587 hujusmodi
2505 5532 2598 5569 nec
2639 5515 2848 5586 quidem
2900 5515 3070 5570 cibum
3107 5529 3331 5568 sumere.
3383 5512 3518 5568 Cum
3570 5512 3741 5566 fratre

2159 5609 2409 5679 prohibet
2459 5608 2639 5664 cibum
2688 5623 2923 5674 sutnere,
2973 5621 3097 5662 cum
3147 5605 3351 5661 inﬁdeli
3393 5615 3584 5664 .autem
3632 5621 3738 5659 non

2159 5699 2452 5770 prohibuit,
2499 5700 2696 5770 quippe
2741 5715 2864 5754 cum
2912 5697 3058 5753 dicat
3097 5695 3150 5767 (Ι
3195 5695 3319 5752 Cor.
3363 5695 3460 5768 x):
3513 5696 3576 5752 Si
3621 5697 3736 5766 quis

2161 5801 2404 5846 rosvocat
2455 5808 2518 5847 ex
2557 5791 2852 5860 inﬁdelibus
2886 5789 2953 5843 ad
3005 5804 3223 5855 caenam,
3259 5790 3326 5846 ite
3353 5798 3398 5844 et
3422 5804 3570 5845 omne
3595 5803 3733 5852 quoa
