4082 6332
311 409 384 463 53'

828 403 1379 459 ENARRATIONUM
1417 404 1482 459 IN
1522 405 1668 459 EPP.
1711 405 1914 460 PAULI
1953 405 2080 459 LIB.
2124 407 2191 460 Χ.
2234 435 2302 445 --
2340 405 2410 459 ΙΝ
2445 402 2662 459 EPIST.
2704 405 2723 459 ι
2762 393 2852 458 AD
2890 403 3041 460 COR.
3518 406 3606 466 54.

312 521 614 588 appositum
635 516 791 585 fuerit
819 519 1148 571 manducate.
1177 517 1301 572 Ideo
1325 519 1420 582 ait,
1451 519 1575 589 quid
1597 520 1731 572 enim
1769 518 1896 572 mihi
1925 526 1973 584 Α
2005 517 2181 572 Nolite
2217 526 2336 572 ante
2368 527 2568 588 tempus
2601 517 2869 587 judicare,
2923 516 3012 572 hic
3051 533 3153 572 non
3183 518 3450 588 prohibet,
3491 521 3586 585 sed

311 612 378 662 de
412 610 495 664 his
516 624 636 678 qua:
661 607 791 676 foris
817 617 937 662 sunt
959 608 1246 678 judicare?
1278 607 1476 663 Verum
1499 616 1600 673 est,
1635 607 1758 676 quia
1781 621 1901 677 per-

315 701 456 756 ﬁdos
483 701 772 770 episcopus
799 713 906 754 non
941 708 1136 772 potest,
1143 699 1408 768 judicare.
1433 699 1567 754 Cum
1615 698 1782 754 fratre
1811 714 1903 753 au-

315 799 427 845 tem
475 791 529 846 in
556 804 664 860 quo
687 789 818 843 vitia
841 790 960 844 hinc
987 789 1346 860 reperiuntur,
1372 805 1477 844 non
1507 789 1679 845 solum
1708 789 1902 844 Sacra-

314 891 501 938 menta
525 897 634 937 non
656 882 875 937 edenda.
911 882 1006 937 sed
1032 898 1133 938 nec
1153 896 1488 937 communem
1510 897 1687 937 escam
1712 882 1894 936 docet:

314 981 378 1027 ut
399 973 685 1027 erubescat
705 988 830 1027 eum
853 973 1055 1026 vitatur
1082 983 1135 1028 et
1156 988 1216 1027 se
1235 973 1492 1042 corrigat.
1522 973 1710 1026 Nonne
1733 972 1796 1024 de
1819 971 1898 1025 his

312 1067 405 1136 qui
429 1068 574 1119 intus
606 1077 726 1118 sunt
743 1082 836 1120 vos
849 1064 1104 1135 judicatis
1123 1065 1148 1118 ?
1167 1065 1379 1120 iudicat
1402 1064 1525 1135 quis
1547 1065 1673 1119 dum
1697 1064 1900 1120 discer-

315 1157 396 1209 nit
426 1156 512 1208 cui
543 1149 699 1212 fratri
743 1154 1032 1217 adhaereat,
1064 1169 1184 1223 quae
1223 1163 1429 1224 arguat,
1461 1168 1620 1224 quem
1677 1153 1896 1208 devitet.

317 1246 464 1300 Nam
487 1264 574 1300 eos
597 1247 687 1316 qui
713 1246 844 1315 foris
873 1254 992 1299 sunt
1030 1244 1168 1298 Deus
1185 1244 1464 1314 judicabit.
1500 1244 1760 1314 Superius
1783 1244 1858 1297 ait
1881 1262 1892 1295 :

2003 607 2251 676 superius
2275 609 2548 678 incognita
2569 622 2667 676 per
2689 607 3048 678 suspicionem
3067 607 3302 663 maxime
3327 607 3394 663 de
3409 619 3587 664 recto-

2003 713 2062 752 re
2083 698 2359 768 prohibuit
2375 697 2640 766 judicare,
2663 698 2790 768 quia
2808 697 2900 752 Dei
2925 697 3094 753 solius
3114 706 3198 754 est
3217 699 3430 756 occulta
3448 694 3592 768 judiJ

2001 804 2156 854 care,
2193 790 2293 844 hoc
2337 799 2514 844 autem
2544 790 2663 846 loco
2695 800 2756 845 ut
2804 789 3024 844 fratrem
3070 789 3242 849 frater
3289 792 3580 855 examinet.

1994 879 2107 948 jam
2133 882 2304 952 jubet.
2329 883 2468 937 sicut
2490 881 2596 936 alio
2619 883 2675 937 in
2703 883 2820 937 loco
2848 883 2978 937 dicit
3005 881 3091 955 (II
3121 882 3245 939 Cor.
3284 883 3402 957 xm)
3430 902 3443 938 :
3483 884 3585 940 Vos

2003 973 2140 1042 ipsos
2169 982 2361 1027 tentate
2396 975 2442 1027 si
2475 974 2597 1027 estis
2622 974 2678 1027 in
2709 973 2837 1042 ﬁde,
2864 974 2964 1044 ipsi
2993 991 3082 1029 vos
3107 975 3351 1044 probate;
3371 976 3464 1046 qui
3498 991 3588 1032 au-

2004 1072 2108 1117 tem
2139 1062 2268 1118 foris
2296 1064 2494 1118 suntin
2526 1065 2610 1119 die
2631 1063 2821 1133 judirii
2852 1065 3272 1132 damnabantur,
3302 1067 3427 1136 quia
3452 1066 3588 1123 dixit

2002 1151 2288 1208 Dominus:
2328 1152 2431 1217 Qui
2455 1169 2558 1207 non
2589 1153 2882 1217 crediderit,
2900 1153 3014 1222 jam
3019 1154 3295 1225 judicatus
3309 1165 3383 1210 est
3401 1154 3582 1226 (Joan.

2001 1241 2104 1311 Ill);
2123 1242 2176 1294 in
2193 1256 2299 1311 quo
2313 1242 2455 1296 enim
2471 1257 2594 1313 spes
2609 1257 2713 1296 non
2729 1251 2832 1308 est,
2851 1258 2948 1316 pro
2963 1252 3175 1302 mortuo
3186 1246 3463 1301 habendus
3480 1256 3584 1301 est.
3613 1306 3615 1308 η

1371 1519 1791 1641 LIBER
1875 1520 2139 1642 DEC
2161 1523 2564 1638 IMUS.

1817 1737 2076 1754 _

934 1803 1162 1858 CAPUT
1201 1800 1285 1856 Vl.

311 1943 391 1997 De
412 1940 686 2011 judicibus
718 1955 893 1992 eorum
915 1939 1098 2011 quibus
1129 1938 1333 2006 litigant
1357 1937 1538 2011 arguit
1571 1953 1714 2011 suos,
1746 1945 1808 2011 et_
1840 1935 1901 1988 de

383 2005 561 2080 causis
583 2028 710 2080 quos
735 2012 870 2062 inter
897 2005 950 2062 se
975 2009 1182 2073 habent,
1207 2005 1255 2060 et
1279 2006 1408 2060 redit
1435 2006 1503 2060 ad
1535 2005 1899 2077 corrigendum

387 2079 756 2150 fornicationis
777 2080 975 2132 vitium.

385 2189 601 2260 Auferte
630 2188 826 2241 malum
853 2204 916 2241 ex
941 2185 1082 2241 vobis
1111 2187 1255 2257 ipsis.
1283 2184 1516 2257 (Ambr.)
1534 2185 1724 2242 Adhuc
1759 2202 1904 2242 com-

310 2291 498 2338 monet
529 2290 586 2334 ut
610 2281 989 2335 discernantur
1017 2294 1045 2332 a
1077 2279 1232 2333 malis
1255 2286 1309 2333 et
1337 2279 1589 2349 operibus
1618 2287 1672 2333 et
1730 2277 1905 2334 homi-

310 2374 492 2427 nibus.
551 2370 720 2424 Audct
767 2369 957 2440 aliquis
999 2377 1221 2421 vestrum
1246 2367 1492 2422 adversus
1540 2368 1762 2422 alterunt
1810 2368 1904 2421 htt-

310 2466 436 2518 bens
462 2462 724 2534 negotium
740 2461 979 2531 judicari
1008 2459 1146 2529 apud
1176 2460 1381 2529 iniquos
1409 2468 1457 2512 et
1483 2475 1586 2513 non
1616 2459 1757 2529 apud
1789 2475 1906 2512 san-

309 2553 465 2607 ctos?
491 2552 706 2620 luiquos
733 2550 931 2620 duplici
979 2565 1176 2618 genere
1207 2549 1504 2620 signiﬁcat,
1562 2556 1616 2604 et
1659 2550 1751 2619 qui
1795 2565 1903 2604 non

310 2645 565 2707 credunt,
596 2642 750 2712 etqui
775 2643 920 2714 leges
945 2657 973 2696 a
1002 2643 1111 2696 Deo
1130 2643 1328 2697 mundo
1342 2643 1576 2698 creditas
1592 2641 1906 2712 frequenter

315 2749 444 2790 cum
473 2733 774 2788 adulatione
802 2734 1251 2802 interpretantur,
1282 2733 1664 2788 auctoritatem
1711 2734 1903 2788 harum

313 2821 476 2877 idolis
489 2821 823 2890 deputantes,
841 2821 1066 2890 ideoque
1079 2821 1246 2891 iniqui
1262 2830 1408 2886 sunt,
1422 2830 1479 2875 et
1497 2822 1618 2891 quia
1645 2823 1696 2875 in
1721 2822 1906 2878 Eccle-

309 2913 390 2966 sia
425 2914 599 2983 magis
626 2913 710 2967 lex
732 2914 954 2977 est,ubi'
974 2913 1114 2969 Deus
1137 2912 1270 2984 legis
1287 2913 1526 2978 timetur,
1557 2913 1752 2969 melius
1775 2913 1906 2969 dicit

309 3003 456 3073 apud
484 3003 576 3059 Dei
612 3004 891 3058 ministros
923 3019 1085 3074 agere
1115 3019 1372 3069 causam;
1411 3003 1622 3059 facilius
1661 3005 1805 3060 enim
1838 3004 1904 3059 de

307 3094 404 3158 Dei
430 3093 628 3148 timore
651 3094 975 3148 sententiam
1013 3093 1144 3164 legis
1175 3107 1357 3146 veram
1407 3100 1680 3162 promunt.
1719 3091 1904 3164 (Aug.)

1930 1805 1976 1863 B
2005 1817 2193 1859 omnes
2217 1803 2482 1858 haberent
2503 1805 2792 1878 originem,
2823 1807 2948 1862 hinc
2973 1817 3074 1874 est,
3106 1811 3248 1866 unde
3279 1811 3491 1885 Moyses
3535 1815 3589 1871 in

2007 1895 2419 1950 Deuteronomio
2453 1895 2838 1968 (Deut.xxxtu)
2872 1917 2884 1952 :
2919 1897 3051 1954 Cum
3076 1901 3354 1966 divideret,
3391 1906 3585 1976 inquit,

2003 1986 2310 2041 Altissimus
2325 1995 2529 2058 gentes,
2545 1989 2994 2058 quemadmodum
3015 1992 3264 2062 dispersit
3281 1994 3421 2050 ﬁlios
3437 1996 3587 2060 Adzn,

2005 2077 2193 2132 statuit
2236 2077 2370 2132 ﬁnes
2411 2079 2649 2149 gentium
2687 2081 2979 2136 secundum
3038 2097 3322 2139 numerum
3367 2088 3589 2158 angelo~

2005 2186 2123 2225 rum
2147 2171 2262 2226 Dei.
2288 2171 2425 2238 Quid
2451 2180 2561 2227 tam
2592 2182 2835 2242 apertum
2863 2174 3007 2229 hunc
3031 2178 3286 2232 mundum
3301 2181 3592 2250 superioris
3619 2235 3622 2238 .

2006 2282 2125 2321 esse
2159 2267 2446 2336 imaginem
2471 2277 2620 2324 certa
2644 2285 2710 2324 ex
2739 2285 2924 2335 causa,
2953 2279 3038 2326 est
3061 2272 3204 2328 enim
3234 2281 3290 2328 et
3335 2273 3594 2329 Hierusa-

2006 2359 2109 2414 lem
2135 2359 2356 2415 inferior
2385 2369 2439 2415 et
2463 2359 2551 2415 illa
2577 2363 2844 2432 superior,
2875 2379 3034 2433 quam
3066 2373 3298 2421 matrem
3348 2375 3590 2422 nostram

2005 2460 2162 2506 vocat
2195 2453 2338 2507 idem
2367 2451 2692 2522 Apostolus:
2723 2463 2806 2509 est
2837 2463 2891 2508 et
2939 2455 3163 2511 inferior
3206 2459 3514 2527 paradisus,
3540 2460 3593 2514 iu

2007 2555 2117 2610 quo
2138 2541 2297 2596 homo
2319 2530 2542 2612 positus,
2584 2545 2896 2598 mandatum
2926 2553 2980 2598 et
3024 2554 3079 2599 ut
3107 2555 3361 2616 Operetur
3398 2548 3503 2613 ibi,
3540 2560 3595 2603 et

2008 2643 2065 2689 ut
2089 2635 2385 2689 custodiret
2406 2636 2634 2704 accepit.
2664 2635 2758 2690 Est
2785 2645 2840 2690 ct
2885 2636 2970 2692 ille
3001 2637 3236 2693 coelestis
3268 2639 3318 2693 in
3351 2656 3460 2710 quo
3500 2656 3590 2694 ra-

2005 2736 2128 2798 ptus
2170 2726 2456 2797 Apostolus
2493 2728 2698 2782 audivit
2753 2743 2951 2784 arcana
2997 2731 3160 2785 verba
3193 2730 3280 2802 (ΙΙ
3311 2731 3433 2786 Cor.
3466 2734 3587 2805 xu).

2004 2818 2330 2873 Judicabunt
2361 2833 2491 2888 ergo
2537 2821 2706 2873 sancti
2746 2820 2889 2874 hunc
2917 2821 3210 2887 mundum,
3237 2823 3361 2891 quia
3405 2839 3592 2879 exem-

2005 2910 2093 2980 plo
2138 2911 2261 2966 ﬁdei
2311 2911 2524 2968 illorum
2556 2913 2775 2982 perﬁdia
2811 2914 2995 2968 mundi
3041 2913 3402 2970 damnabitur.
3436 2917 3503 2970 Et
3539 2918 3594 2971 in

2005 3000 2146 3054 vobis
2161 3000 2494 3070 judicabitur
2523 3003 2772 3067 mundus,
2800 3011 2930 3058 tunc
2950 3003 3286 3073 iudicabitur
3313 3007 3404 3061 hic
3437 3023 3593 3062 mun-

2006 3091 2106 3145 dus
2127 3092 2180 3146 in
2214 3091 2387 3158 nobis,
2421 3092 2466 3148 si
2495 3109 2629 3164 opus
2655 3093 2984 3164 perﬁdorum
3023 3095 3301 3152 hominum
3348 3097 3595 3154 invenia-

309 3185 377 3242 Ει
421 3187 512 3240 hic
559 3194 743 3254 posset
768 3185 884 3239 ﬁeri
915 3159 1177 3254 judicium
1233 3159 1434 3244 habere
1461 3159 1736 3238 adversus
1766 3159 1901 3238 alte;
1931 3159 1976 3222 Ο
2009 3191 2096 3238 tur
2123 3183 2176 3236 in
2205 3184 2378 3239 nobis.
2413 3159 2628 3254 Indigni
2651 3159 2774 3239 sunt
2818 3201 2940 3256 ergo
2971 3186 3275 3257 hujusmodi
3305 3188 3396 3260 qui
3433 3189 3594 3243 etiam

310 3291 432 3337 rum
459 3290 568 3330 non
596 3289 718 3330 esse
757 3282 1060 3344 peccatum,
1091 3271 1185 3326 sed
1233 3270 1606 3326 tantummodo
1647 3270 1724 3336 id,
1752 3279 1904 3326 extra

311 3365 611 3422 Ecclesiam
657 3365 792 3420 velle
840 3363 1094 3433 judicari,
1143 3363 1246 3418 nisi
1285 3372 1504 3418 secutus
1534 3361 1898 3432 adiungeret:

309 3456 437 3518 lam
459 3455 669 3526 quidem
705 3455 917 3509 omnino
939 3452 1186 3508 delictum
1215 3463 1291 3508 est
1320 3455 1456 3507 inter
1481 3469 1569 3508 vos
1603 3453 1730 3524 quia
1747 3452 1900 3522 judi-

309 3551 392 3604 cia
416 3548 618 3602 habetis
648 3547 933 3608 vobiscum,
961 3553 1018 3601 et
1051 3558 1120 3600 ne
1159 3544 1444 3616 quisquam
1488 3545 1561 3599 ita
1603 3545 1705 3599 hoc
1737 3558 1904 3599 excu-

310 3648 477 3705 saret,
503 3648 562 3695 ut
606 3639 835 3705 diceret,
856 3637 1064 3708 justum
1110 3653 1169 3693 se
1208 3637 1411 3693 habere
1461 3638 1755 3707 negotium,
1808 3637 1902 3692 sed

311 3731 653 3800 iniquitatem
700 3745 759 3786 se
792 3730 925 3801 pati,
969 3743 1131 3799 quam
1169 3729 1330 3784 vellet
1354 3743 1385 3784 a
1415 3743 1474 3784 se
1514 3729 1755 3799 iudicum
1785 3741 1904 3783 sen-

313 3821 481 3874 tentia
505 3820 797 3886 removeri,
833 3819 1090 3876 continuo
1120 3819 1318 3874 talibus
1365 3819 1782 3890 cogitationibus
1816 3818 1901 3873 vel

311 3911 752 3966 excusationibus
781 3910 1022 3966 occurrit
1043 3919 1206 3982 atque
1233 3911 1310 3965 ait
1335 3927 1347 3964 :
1383 3909 1560 3976 Quare
1595 3927 1698 3964 non
1727 3910 1898 3980 magis

306 3999 635 4070 iniquitatem
681 4000 964 4070 patimini?
988 4015 1151 4070 quare
1186 4016 1289 4053 non
1324 4000 1496 4069 potius
1534 3998 1900 4069 fraudamini?

307 4100 370 4145 ut
389 4091 458 4146 ad
487 4089 618 4145 illud
643 4091 896 4146 redeatur
931 4091 1075 4161 quod
1105 4090 1367 4148 Dominus
1401 4091 1480 4146 ait
1509 4110 1520 4144 :
1554 4091 1615 4147 Si
1657 4091 1773 4161 quis
1810 4105 1898 4144 vo-

307 4180 465 4235 luerit
501 4182 735 4236 tunicam
762 4191 908 4238 tuam
956 4182 1136 4237 tollere
1164 4194 1211 4238 et
1239 4184 1444 4253 judicio
1491 4194 1659 4238 tecum
1682 4193 1897 4238 conten-

307 4271 454 4335 dere,
477 4271 680 4325 dimitte
699 4272 745 4326 ei
774 4281 821 4325 et
855 4271 1073 4342 pallium
1101 4271 1317 4343 (Matth.
1339 4273 1489 4344 xxw)
1509 4282 1595 4340 ;et
1615 4274 1722 4330 alio
1741 4274 1892 4330 loco:

308 4361 416 4426 Qui
462 4361 756 4426 abstulerit,
804 4363 996 4433 inquit,
1035 4371 1149 4426 tua,
1201 4363 1308 4418 noli
1353 4374 1578 4434 repetere
1602 4364 1753 4436 (Luc.
1797 4365 1894 4436 vt).

305 4450 596 4516 Probibuit
623 4451 806 4521 itaque
834 4467 961 4508 suos
986 4453 1053 4506 de
1074 4452 1422 4510 smcularibus
1443 4455 1604 4509 rebus
1628 4470 1752 4510 cum
1775 4454 1893 4510 aliis

2006 3272 2071 3328 de
2098 3273 2326 3328 minimis
2345 3273 2602 3344 judicent.
2628 3273 2743 3331 Hoc
2767 3284 2872 3340 est,
2897 3291 3003 3331 non
3027 3285 3152 3331 sunt
3178 3277 3361 3348 utique
3385 3278 3594 3351 indigni

2004 3363 2060 3418 hi
2097 3364 2187 3432 qui
2223 3365 2396 3434 ipsum
2426 3367 2685 3421 mundum
2722 3366 3016 3435 judicaturi
3067 3379 3210 3432 sunt,
3250 3384 3312 3424 ea
3345 3369 3594 3441 judicare

2004 3467 2122 3522 qua:
2148 3453 2330 3508 mundi
2360 3462 2503 3509 sunt.
2536 3454 2762 3509 Nescitis
2788 3457 3036 3527 quoniam
3069 3459 3284 3528 angelos
3309 3459 3584 3529 judicabi-

2003 3543 2158 3596 mus?
2186 3542 2348 3598 Addit
2391 3544 2512 3612 plus
2552 3545 2800 3610 dicendo,
2851 3546 3063 3617 angelos
3099 3547 3486 3618 judicabimus,
3535 3551 3592 3606 id

2002 3639 2102 3694 est,
2128 3634 2399 3701 potentias
2428 3633 2717 3702 spiritales,
2749 3650 2885 3704 quas
2907 3637 3015 3690 alio
3050 3636 3168 3692 loco
3195 3638 3359 3693 tradit
3392 3639 3447 3694 in
3477 3652 3591 3694 cm-

2001 3722 2226 3778 lestibus
2254 3725 2470 3794 degere,
2499 3727 2688 3779 eodem
2717 3741 2914 3796 genere
2944 3726 3261 3794 iudicandos
3299 3731 3518 3800 angelos
3555 3747 3588 3786 a

2000 3813 2175 3878 nobis,
2221 3829 2326 3884 quo
2371 3825 2425 3870 et
2473 3817 2704 3872 mundus
2746 3815 3095 3885 iudicabitur.
3145 3819 3349 3893 (Greg.)
3381 3821 3586 3879 Meutes

1998 3907 2194 3977 quippe
2246 3917 2556 3964 sanctorum
2589 3909 2901 3964 transitoria
2947 3919 3141 3968 cuncta
3185 3910 3486 3984 despiciunt
3531 3923 3588 3969 et

1997 3997 2100 4052 sub
2125 4013 2183 4052 se
2213 3997 2319 4052 labi
2350 3999 2608 4068 quidquid
2629 3999 2891 4068 superbit,
2915 3999 3174 4070 quidquid
3195 4003 3434 4070 przetcrit
3459 4019 3586 4058 cou-

1997 4087 2347 4156 templantur,
2371 4097 2427 4142 et
2459 4089 2615 4158 quasi
2651 4089 2703 4142 in
2731 4091 2964 4156 quodam
2995 4105 3173 4143 rerum
3199 4093 3402 4146 vertice
3449 4109 3582 4148 cou-

1997 4179 2190 4244 stituti,
2219 4187 2368 4234 tanto
2395 4180 2495 4235 sibi
2524 4181 2705 4234 omnia
2736 4180 2957 4235 subesse
2984 4181 3342 4252 conspiciunt,
3377 4193 3584 4254 quanto

1996 4270 2312 4340 scmetipsas
2356 4271 2537 4325 verius
2591 4271 2798 4324 auctori
2840 4271 3082 4325 omnium
3115 4272 3370 4338 subdunt,
3419 4283 3584 4344 atque

1995 4365 2120 4420 inde
2149 4373 2340 4420 cuncta
2367 4367 2773 4431 transcendunt,
2795 4368 2937 4422 unde
2974 4367 3219 4423 Creatori
3259 4379 3580 4424 cunctorum

1995 4471 2123 4510 vera
2154 4471 2212 4510 se
2236 4457 2538 4511 humilitate
2565 4466 2932 4526 prosternunt.
2965 4458 3148 4529 (Aug.)
3197 4458 3252 4514 ln
3286 4460 3582 4530 Evangelio

305 4541 512 4596 habere
557 4539 841 4620 judicium.
901 4543 976 4597 Ex
1012 4558 1118 4613 qua
1167 4543 1411 4599 doctrina
1449 4545 1736 4616 Apostolus
1765 4545 1894 4602 dicit
1918 4521 1972 4581 D
1995 4560 2128 4616 ergo
2161 4545 2422 4602 Dominus
2449 4547 2526 4600 ait
2557 4521 2579 4600 ε’
2606 4545 2864 4601 Sedebitis
2917 4521 3093 4617 super’
3111 4521 3385 4603 duodecim
3431 4521 3581 4606 sedes

304 4646 430 4686 esse
458 4629 736 4707 delictum;
765 4640 948 4687 tamen
989 4648 1112 4688 cum
1136 4633 1246 4689 sint
1280 4634 1334 4688 in
1378 4634 1620 4692 Ecclesia
1650 4636 1776 4692 talia
1804 4635 1893 4705 ju-

304 4721 449 4775 dicia
478 4721 620 4775 ﬁniri
649 4721 792 4776 inter
816 4722 1034 4788 fratres,
1064 4722 1890 4792 fratribusjudicantibus,extra

305 4812 603 4878 Ecclesiam
635 4827 764 4868 vero
789 4813 1099 4868 terribiliter
1123 4823 1300 4870 vetat:
1322 4815 1662 4871 manifestum
1693 4827 1776 4872 est
1802 4818 1891 4873 hic

303 4901 436 4970 quid
465 4903 760 4957 secundum
773 4903 982 4957 veniam
1002 4904 1331 4959 concedatur
1352 4905 1597 4962 inﬁrmis.
1623 4907 1726 4961 Aut
1743 4908 1891 4978 igno-

303 4993 436 5044 ratis
471 4991 718 5061 quoniam
747 4992 916 5046 sancti
939 4993 1004 5046 de
1027 4994 1123 5047 hoc
1152 4994 1346 5050 mundo
1361 4995 1720 5064 judicabant?
1745 4997 1887 5052 Nihil
1911 5052 1914 5056 ,

302 5082 490 5136 odiose
531 5082 662 5138 dicit
702 5083 990 5152 Apostolus
1015 5125 1030 5150 ,
1079 5085 1198 5140 ideo
1239 5085 1381 5140 enim
1427 5087 1573 5142 hunc
1631 5090 1886 5144 mundum

304 5173 463 5237 dixit,
501 5182 562 5228 ut
591 5176 839 5230 ostendat
864 5184 919 5230 et
951 5177 1199 5242 alterum,
1223 5179 1350 5249 quia
1393 5188 1449 5234 et
1475 5177 1710 5235 Joannes
1759 5197 1887 5252 apo-

302 5263 475 5318 stolus
500 5282 516 5316 :
542 5264 738 5330 Notite,
780 5267 876 5332 ait,
922 5267 1138 5338 diligere
1178 5269 1316 5323 hunc
1354 5271 1608 5324 mundttm
1640 5271 1691 5343 (1
1720 5272 1882 5326 Joan.

303 5354 400 5422 n);
437 5363 493 5410 et
517 5355 775 5412 Dominus
803 5357 856 5411 in
897 5357 1190 5428 Evangelio
1241 5360 1413 5426 :.Sic,
1462 5361 1653 5431 inquit,
1703 5361 1884 5416 dilexit

306 5443 446 5500 Deus
472 5447 724 5500 mundum
753 5449 912 5512 hunc,
945 5459 1047 5504 etc.
1077 5449 1260 5522 (Joan.
1284 5452 1380 5524 tv).
1420 5451 1520 5508 Hic
1555 5469 1686 5525 ergo
1730 5471 1884 5509 mun-

301 5534 404 5590 dus
432 5537 487 5591 in
514 5551 702 5593 errore
727 5549 827 5603 cst,
853 5556 957 5594 non
982 5542 1070 5596 ille
1090 5545 1338 5612 superior
1365 5545 1432 5600 ad
1455 5545 1607 5616 cujus
1633 5545 1881 5601 similitu-

302 5629 483 5687 dinem
519 5633 607 5688 hic
633 5633 804 5689 factus
834 5645 934 5690 est.
977 5636 1128 5692 Unde
1154 5637 1314 5693 homo
1343 5639 1430 5693 hic
1457 5641 1666 5710 positus
1689 5650 1772 5695 est
1813 5643 1880 5697 ad

303 5722 592 5793 imaginem
623 5726 716 5781 Dei
769 5725 960 5793 fucus,
1003 5737 1058 5782 ut
1103 5730 1242 5784 sicut
1279 5730 1331 5784 in
1376 5733 1636 5800 superiori
1680 5734 1878 5787 numdo

1985 4637 2286 4707 judicantes
2327 4639 2602 4694 duodecim
2654 4639 2819 4693 tribus
2862 4640 3033 4694 Israel
3083 4639 3300 4712 (Matth.
3331 4641 3468 4713 χιχ).
3520 4643 3580 4700 Si

1991 4727 2275 4784 duodecim
2311 4729 2454 4784 sella:
2485 4730 2555 4784 ibi
2593 4738 2753 4793 sunt,
2795 4744 2902 4784 non
2946 4739 3027 4785 est
3050 4730 3140 4787 ubi
3165 4733 3349 4787 sedeat
3391 4735 3580 4792 tertius

1991 4821 2233 4876 decimus
2259 4821 2534 4890 apostolus
2581 4821 2798 4888 Paulus,
2829 4831 2882 4878 et
2912 4837 3018 4877 non
3044 4824 3149 4878 erit
3176 4825 3447 4893 quomodo
3491 4826 3579 4897 ju-

1991 4911 2151 4966 dicet.
2199 4911 2306 4966 Sed
2345 4913 2460 4982 ipse
2487 4911 2853 4980 iudicaturum
2899 4927 2958 4968 se
2986 4912 3124 4968 dixit
3169 4930 3274 4969 non
3324 4915 3573 4972 homines
3613 4972 3620 4977 .

1991 5011 2198 5058 tantum
2227 5006 2320 5058 sed
2341 5003 2601 5074 Angelos;
2637 5019 2773 5074 quos
2801 5004 3036 5076 Angelos
3109 5006 3215 5060 nisi
3257 5011 3573 5076 apostatas?

1995 5094 2250 5159 Nescitis,
2281 5095 2474 5165 inquit,
2505 5095 2628 5166 quia
2655 5095 2866 5166 angelos
2901 5095 3302 5165 judtcabimus?
3325 5098 3572 5155 Resoon—

1987 5191 2140 5244 deret
2181 5205 2311 5259 ergo
2359 5191 2536 5254 turba,
2573 5190 2709 5257 Quid
2739 5197 2792 5244 te
2816 5190 2992 5261 jactas
3015 5191 3424 5261 iudicaturum?
3479 5195 3571 5250 ubi

1987 5280 2234 5334 scdebis?
2259 5281 2545 5335 Duodecim
2571 5281 2744 5346 sedes,
2782 5281 2922 5336 dixit
2958 5282 3238 5348 Dominus,
3269 5283 3337 5339 de
3362 5283 3566 5340 duode-

1985 5371 2092 5424 cim
2123 5372 2380 5440 apostolis
2429 5388 2568 5428 unus
2595 5373 2808 5438 cecidit,
2845 5373 2894 5427 in
2923 5371 3098 5427 locum
3147 5373 3315 5444 ipsius
3345 5383 3570 5431 sanctus

1983 5461 2237 5515 Matthias
2257 5462 2539 5518 ordinatus
2565 5472 2666 5530 est,
2693 5462 2944 5533 impletus
2973 5471 3056 5519 est
3077 5463 3442 5521 duodenarius
3469 5481 3569 5520 nu-

1983 5568 2165 5608 merus
2185 5553 2415 5619 sedium,
2455 5556 2630 5624 primo
2667 5555 2840 5610 locum
2889 5556 3090 5622 inveni,
3119 5557 3210 5613 ubi
3255 5553 3468 5621 sedeas,
3512 5564 3570 5612 et

1982 5650 2060 5700 sic
2082 5654 2134 5699 te
2160 5645 2768 5715 minarejudicaturum.
2793 5645 3073 5714 Quomodo
3098 5663 3228 5719 ergo
3251 5649 3302 5702 in
3325 5649 3568 5718 quinque

1981 5734 2238 5790 fratribus
2266 5736 2425 5802 illius,
2455 5738 2545 5806 qui
2588 5738 2938 5807 torquebatur
2986 5738 3125 5806 apud
3181 5739 3402 5802 inferos,
3439 5737 3564 5792 util-

304 5813 370 5867 ab
395 5830 502 5868 uno
529 5815 638 5870 Deo
664 5825 786 5871 sunt
821 5820 1016 5884 omnia,
1046 5820 1118 5873 ita
1158 5829 1210 5876 et
1238 5822 1289 5875 in
1320 5822 1419 5878 hoc
1446 5824 1512 5879 ab
1531 5838 1636 5878 uno
1663 5823 1876 5880 homine
1977 5826 2049 5888 lia
2080 5826 2256 5897 populi
2280 5827 2607 5894 intimorum,
2633 5829 2904 5898 quomodo
2927 5836 3143 5883 centum
3173 5828 3580 5899 quinquaginta
