4082 6332
474 352 545 410 55
1118 355 1183 410 B.
1226 355 1481 412 RABANI
1519 355 1737 413 MAURI
1773 354 2095 412 ARCHlEP.
2147 353 2459 413 MOGUNT.
2497 352 2784 413 OPERUM
2822 354 3002 411 PARS
3040 354 3128 410 Ill.
3689 354 3759 412 56

473 467 640 523 trium
665 467 895 539 piscium
926 467 1093 526 millia
1118 468 1346 524 millium
1377 476 1710 535 sanctorum,
1736 469 1814 524 sic
1841 469 1896 524 in
1924 468 2062 524 duo-
2089 471 2144 531 Α
2168 477 2227 524 ut
2255 483 2354 538 pes
2383 468 2552 526 oculis
2583 478 2799 536 currat,
2841 479 2896 525 et
2931 470 3118 526 oculus
3145 467 3270 540 pedi
3296 466 3616 539 prospiciat.
3665 466 3761 526 Sic

475 559 652 617 decim
683 560 904 616 sedibus
936 575 1044 615 non
1075 560 1361 615 duodecim
1398 561 1667 627 homines,
1703 561 1799 616 sed
1837 575 2065 632 magnus

479 665 741 708 numerus
773 649 1139 721 perfecturum
1169 651 1504 722 intelligitur.
1542 649 1837 708 Siccularia
1856 650 2067 720 judicia

477 743 524 795 si
551 741 858 806 habueritis,
887 741 1292 812 contemptibiles
1313 742 1402 812 qui
1423 750 1545 796 sunt
1574 743 1627 795 in
1663 739 1918 807 Ecclesia,
1949 739 2066 795 il’los

477 833 548 890 ad
568 834 924 904 judicandum
952 835 1269 890 constituite.
1297 833 1530 904 (Ambr.)
1560 832 1850 888 Saecularis
1864 831 2068 901 judicia

479 925 700 979 suntad
721 939 917 993 corpus
937 923 1281 994 pertinentia,
1304 925 1389 979 vel
1415 938 1700 994 corporea,
1723 932 1778 979 et
1803 924 1930 995 quia
1962 939 2068 978 non

481 1013 563 1069 sic
591 1013 710 1068 ﬁeri
741 1014 900 1068 debet
927 1012 1124 1083 adjecit
1151 1032 1163 1067 :
1198 1014 1278 1067 Ad
1303 1015 1643 1069 reverentiam
1668 1024 1893 1069 vestram
1928 1013 2071 1072 dico;

479 1105 561 1162 Ne
604 1107 732 1178 quia
759 1123 919 1178 supra
949 1107 1224 1177 negotium
1255 1107 1586 1172 nominavit,
1632 1107 1725 1168 sed
1769 1106 1927 1176 quale
1963 1122 2068 1164 non

481 1197 826 1268 signiﬁcavit,
873 1205 998 1253 sunt
1055 1198 1200 1252 enim
1255 1206 1309 1253 et
1351 1198 1532 1254 divina
1577 1198 1814 1270 negotia,
1860 1197 2073 1260 dicente

482 1288 672 1345 eodem
707 1307 718 1342 :
755 1287 981 1359 Adjutor
1011 1289 1202 1359 negotii
1228 1289 1330 1343 mei
1360 1287 1496 1361 (Col.
1546 1287 1646 1364 tv),
1675 1297 1732 1343 et
1790 1287 2073 1344 saecularia

483 1379 624 1436 forte
645 1378 868 1452 judicia,
905 1380 1030 1449 quia
1056 1379 1408 1450 prohibuerat
1435 1379 1574 1450 apud
1598 1378 1833 1450 perﬁdos
1865 1378 2072 1450 agenda

483 1473 732 1544 quamvis
760 1473 813 1527 in
840 1472 1079 1528 Ecclesia
1105 1473 1246 1528 sicut
1283 1471 1586 1534 audierant,
1615 1487 1646 1525 a
1673 1470 2076 1542 qualibuscum-

482 1578 592 1634 que
639 1570 818 1617 tamen
871 1570 1128 1633 putarent
1165 1561 1455 1627 audienda,
1490 1570 1583 1616 aut
1608 1561 1965 1626 terminanda,
2007 1561 2074 1616 ad

484 1655 738 1710 ruborem
757 1669 968 1719 eorum,
990 1654 1088 1720 ait,
1122 1653 1531 1724 contemptibiles
1549 1654 1640 1725 qui
1665 1662 1788 1708 sunt
1812 1652 1866 1707 in
1893 1651 2076 1706 Eccle-

483 1745 584 1809 sia,
618 1745 721 1800 hoc
745 1754 826 1798 est
876 1743 1052 1814 lignea
1079 1759 1240 1809 vasa;
1294 1751 1405 1802 tam
1431 1743 1576 1800 enim
1625 1741 1994 1800 iutractabiles
2019 1749 2076 1798 et

2169 563 2374 634 itaque,
2423 563 2504 619 sic
2559 571 2761 618 sanctae
2817 562 3074 622 Ecclesiae
3100 561 3343 617 membra
3371 561 3571 617 debent
3596 568 3652 616 et
3677 558 3763 617 of—

2169 653 2292 710 ﬁcio
2313 669 2435 710 esse
2459 654 2750 724 disjuncta,
2773 662 2829 710 et
2853 655 3123 710 charitate
3151 653 3459 723 conjuncta,
3481 662 3540 710 ut
3561 653 3761 710 summi

2169 744 2272 798 viri
2302 758 2488 798 eorum
2515 746 2659 799 viam
2685 746 3024 815 provideant,
3057 747 3149 816 qui
3179 746 3234 800 in
3265 747 3498 802 terrenis
3525 747 3760 818 negotiis

2168 844 2392 901 vacant;
2427 844 2696 905 quatenus
2723 836 2869 891 velut
2896 837 2963 891 ad
2993 837 3173 892 lumen
3203 837 3484 892 oculorum
3513 853 3608 909 pes
3643 855 3763 894 am-

2167 923 2338 986 bulet,
2367 933 2423 980 et
2449 941 2662 979 rursum
2693 927 2956 995 quidquid
2984 927 3214 984 terrenis
3239 927 3470 998 negotiis
3498 928 3762 997 implicati

2169 1023 2369 1086 agunt,
2406 1017 2508 1072 hoc
2539 1016 2608 1070 ad
2638 1017 2897 1086 majorem
2927 1017 3214 1073 utilitatem
3246 1016 3502 1073 referant.
3555 1018 3626 1074 Ut
3666 1034 3765 1090 pes

2171 1107 2323 1177 cujus
2363 1109 2451 1164 via
2492 1110 2842 1180 prospicitur,
2893 1126 3001 1170 non
3050 1111 3150 1167 sibi
3207 1113 3616 1178 tantummodo,
3669 1113 3765 1169 sed

2173 1199 2339 1256 etiam
2383 1199 2555 1256 oculis
2603 1201 2905 1271 gradiatur.
2959 1201 3097 1258 Dum
3147 1201 3331 1272 itaque
3377 1201 3477 1257 sibi
3526 1202 3763 1258 invicem

2174 1290 2381 1346 alterna
2412 1291 2879 1360 administratione
2913 1292 3261 1359 conveniunt,
3299 1293 3437 1347 miro
3468 1293 3628 1347 modo
3658 1293 3770 1365 agi-

2175 1387 2286 1446 tur,
2327 1388 2390 1435 ut
2427 1381 2552 1450 quia
2595 1381 2754 1436 electi
2783 1382 2983 1451 quique
3011 1382 3256 1438 vicissim
3298 1381 3514 1438 sibimet
3555 1383 3766 1452 impen-

2175 1470 2372 1536 dendo,
2400 1471 2544 1540 quod
2570 1471 2751 1526 valent
2777 1470 3004 1537 faciunt,
3031 1486 3219 1530 eorum
3250 1472 3383 1542 fiant
3406 1488 3570 1543 opera
3600 1473 3768 1528 etiam

2175 1577 2294 1633 quae
2315 1562 2496 1620 facere
2522 1563 2621 1633 ipsi
2645 1580 2752 1619 non
2775 1573 3020 1634 possunt.
3051 1563 3159 1621 Sed
3183 1565 3326 1620 inter
3347 1566 3462 1621 haec
3487 1565 3769 1621 sciendum
3869 1567 3890 1584 ’

2175 1663 2288 1720 est,
2333 1657 2459 1726 quia
2489 1671 2612 1724 cum
2644 1657 3014 1726 proximorum
3042 1657 3223 1713 causis
3250 1657 3635 1722 exterioribus,
3669 1657 3767 1727 qui

2178 1755 2301 1818 apte
2329 1749 2638 1804 deserviant
2668 1749 2881 1814 desunt,
2911 1749 3109 1813 debent
3136 1749 3190 1804 hi
3220 1763 3459 1820 quoque,
3486 1748 3579 1820 qui
3609 1749 3771 1818 spiri-

485 1833 919 1890 inconsideratos
945 1848 1039 1889 eos
1074 1832 1417 1904 signiﬁcavit,
1442 1841 1503 1888 ut
1527 1835 1807 1904 imperitos
1836 1833 1976 1890 forte
2008 1849 2077 1889 ex
2105 1821 2153 1882 Β
2182 1835 2378 1892 talibus
2397 1836 2553 1892 donis
2573 1836 2717 1906 pleni
2739 1846 2882 1902 sunt,
2906 1853 3090 1894 eorum
3116 1837 3418 1893 inﬁrmitati
3442 1838 3772 1912 condescen-

488 1927 664 1982 tribus
697 1926 908 1998 judices
958 1926 1237 1996 eligerent.
1295 1925 1409 1985 Hoc
1473 1925 1540 1982 de
1585 1935 1810 1997 experto
1869 1927 2075 1984 scribe-

486 2017 584 2073 bat
603 2016 910 2092 Apostolus,
935 2017 1143 2088 sciebat
1166 2017 1312 2078 enim
1339 2033 1500 2088 quam
1517 2018 1680 2089 tepidi
1711 2027 1766 2080 et
1793 2018 2076 2088 improvidi

489 2111 546 2166 in
574 2112 796 2182 reliquis
821 2112 1004 2172 causis
1027 2109 1242 2170 fuerant
1270 2111 1612 2182 deprehensi.
1648 2109 1854 2184 (Grca).
1884 2111 2079 2168 Paulus

489 2199 632 2257 enim
649 2201 920 2265 auditores
933 2215 1058 2258 suos
1069 2201 1136 2255 ad
1154 2201 1296 2266 virtu
1301 2208 1407 2256 tem
1421 2201 1696 2272 sapientia:
1709 2210 1763 2258 et
1773 2203 2078 2272 linguarum

490 2309 714 2367 genera,
734 2295 799 2362 ad
814 2296 1110 2365 prophetia:
1120 2309 1333 2364 quoque
1360 2293 1661 2365 indaganda
1679 2296 1937 2369 mysteria
1961 2312 2080 2353 suc-

492 2385 758 2446 cendebat
807 2387 1031 2454 dicens:
1063 2384 1416 2448 ZEmulamini
1453 2384 1593 2442 dona
1631 2385 1868 2453 meliora,
1909 2387 2078 2457 magis

493 2484 667 2533 autem
689 2485 745 2554 ut
779 2477 1094 2548 propltetetis
1125 2474 1176 2548 (Ι
1203 2473 1328 2530 Cor.
1355 2475 1489 2547 xiv).
1524 2473 1633 2531 Sed
1662 2477 1787 2546 quia
1817 2475 2078 2546 spiritalia

494 2565 633 2621 dona
659 2581 768 2620 non
800 2573 1077 2636 caperent,
1107 2565 1152 2620 si
1181 2573 1396 2622 terrena
1423 2579 1517 2621 eos
1543 2565 1758 2638 negotia
1786 2565 2082 2636 depressis-

495 2667 646 2724 sent,
691 2657 850 2729 longe
897 2667 1024 2714 ante
1067 2657 1362 2728 praemisit,
1405 2657 1630 2714 dicens:
1661 2656 2080 2728 Contemptibiles

495 2752 588 2821 qui
617 2761 739 2812 sunt
770 2751 826 2820 in
855 2749 1114 2815 Ecclesia,
1145 2747 1264 2804 illos
1290 2749 1588 2804 constituite
1622 2747 1691 2804 ad
1704 2748 2077 2819 judicandum.

494 2841 576 2902 Ac
606 2841 652 2896 sl
680 2850 866 2912 aperte
891 2839 1057 2905 dicat,
1081 2840 1174 2909 qui
1203 2839 1432 2898 minoris
1460 2838 1639 2910 meriti
1664 2845 1790 2892 sunt
1815 2836 1869 2892 in
1896 2837 2082 2908 Eccle-

497 2933 578 2986 sia
609 2941 664 2990 et
697 2932 857 3002 nullis
883 2947 1202 3006 magnorum
1229 2931 1496 3000 donorum
1523 2929 1814 2998 virtutibus
1846 2927 2078 2999 pollent,

497 3024 601 3096 ipsi
629 3025 696 3080 de
725 3025 956 3079 terrenis
983 3007 1210 3094 negotiis
1233 3022 1497 3095 judicent,
1529 3029 1795 3091 quatenus
1822 3033 1920 3089 per
1945 3034 2083 3090 quos

496 3133 693 3188 magna
717 3125 993 3188 nequeunt
1021 3119 1181 3184 bona,
1206 3115 1416 3171 minora
1446 3114 1832 3185 suppleantur;
1866 3126 2001 3182 quos
2027 3117 2083 3169 et

497 3209 930 3282 contemptibiles
975 3209 1233 3273 nominat,
1290 3215 1346 3264 et
1392 3214 1570 3268 tamen
1603 3206 1875 3276 sapientes
1905 3211 2084 3270 vocat,

499 3315 627 3355 cum
663 3299 800 3368 dicit
830 3318 842 3354 :
887 3299 978 3370 Sic
1014 3316 1118 3354 non
1154 3309 1228 3354 est
1265 3315 1472 3370 sapiens
1507 3299 1784 3370 quisquam
1822 3298 1960 3368 inter
1993 3312 2082 3350 eos

501 3393 593 3470 qui
635 3393 796 3463 possit
833 3393 1080 3464 judicare
1115 3394 1251 3448 inter
1281 3391 1500 3461 fratrem
1529 3407 1684 3452 suum
1705 3391 1736 3444 ?-
1781 3389 1896 3457 Qua
1925 3404 1993 3444 ex
2024 3403 2084 3446 r0

501 3483 634 3555 quid
663 3483 936 3554 colligitur
965 3483 1070 3555 nisi
1116 3489 1176 3538 ut
1222 3490 1466 3536 terrenas
1505 3495 1698 3536 causas
1735 3479 2082 3544 examinem,

501 3574 595 3647 qui
628 3574 962 3644 exteriorum
991 3589 1173 3644 rerum
1213 3571 1530 3644 sapientiam
1565 3570 1958 3642 perceperunt?
1993 3570 2086 3640 qui

504 3673 684 3728 autem
710 3663 1040 3736 spiritalibus
1065 3663 1227 3730 donis
1245 3663 1399 3718 ditati
1421 3671 1566 3728 sunt,
1592 3661 1834 3733 profecto
1857 3661 2087 3717 terrenis

503 3773 615 3814 non
646 3739 842 3816 debent
869 3757 1100 3828 negotiis
1127 3755 1412 3827 implicari,
1443 3763 1502 3822 ut
1527 3756 1652 3812 dum
1685 3771 1794 3811 non
1823 3762 2088 3825 coguntur

503 3847 766 3918 inferiora
782 3848 924 3906 bona
951 3847 1256 3918 disponere,
1271 3846 1553 3912 exercitati
1569 3844 1784 3911 valeant
1809 3845 1966 3900 bonis
1995 3860 2087 3901 su-

501 3941 812 4012 perioribus
840 3939 1132 3996 deservire.
1168 3938 1276 3995 Sed
1301 3938 1600 4007 curandum
1625 3950 1952 4013 magnopere
1980 3944 2084 4003 est,

503 4037 565 4085 ut
589 4030 681 4100 qui
709 4029 864 4092 donis
894 4029 1227 4102 Spiritalibus
1255 4028 1512 4094 emicant,
1536 4044 1878 4100 nequaquam
1904 4027 2088 4100 proxi-

503 4138 718 4178 morum
749 4122 1136 4190 inﬁrmantium
1168 4122 1380 4194 negotia
1411 4121 1652 4198 funditus
1688 4123 1960 4187 deserant,
1993 4121 2089 4178 sed

499 4216 620 4274 haec
649 4213 791 4281 aliis,
813 4213 1007 4282 quibus
1033 4212 1251 4283 dignum
1281 4222 1386 4279 est,
1413 4213 1693 4280 tractanda
1719 4213 2084 4276 committant.

505 4301 660 4358 Unde
707 4311 763 4367 et
807 4301 1020 4374 Moyses
1050 4316 1262 4372 quoque
1312 4303 1380 4356 ad
1429 4301 1686 4372 populum
1721 4301 1871 4359 viros.
1899 4315 1999 4371 pro
2029 4315 2088 4359 se

503 4391 846 4464 septuaginta
874 4391 1157 4454 constituit
1184 4391 1382 4461 (Exod.
1408 4394 1580 4462 xxiv),
1611 4398 1672 4445 ut
1701 4397 1904 4460 quanto
1934 4405 1992 4445 se
2020 4389 2088 4452 ab

504 4482 867 4550 exterioribus
921 4482 1100 4550 causis
1150 4483 1544 4548 absconderet,
1603 4491 1752 4537 tanto
1809 4482 2088 4540 ardentius

2179 1928 2328 1995 dere,
2359 1929 2698 2000 terrenisque
2726 1945 2915 1985 eorum
2954 1930 3391 1998 necessitatibus,
3420 1931 3476 1985 in
3507 1939 3770 2002 quantum

2177 2019 2433 2076 decenter
2457 2019 2639 2076 valent
2687 2021 2971 2078 eharitatis
3009 2023 3470 2084 condescensione
3520 2024 3764 2090 servire;

2177 2125 2280 2178 nec
2311 2111 2504 2179 taedere
2532 2113 2776 2178 animum
2807 2112 2968 2168 debet
2997 2114 3042 2168 si
3073 2129 3265 2170 sensus
3293 2113 3410 2182 ejus
3437 2115 3772 2184 contempla-

2179 2200 2312 2257 tioni
2343 2201 2672 2271 spiritalium
2706 2219 2922 2275 semper
2951 2203 3194 2270 intentus
3229 2204 3521 2274 aliquando,
3548 2205 3770 2275 dispen-

2180 2295 2363 2351 sandis
2408 2297 2573 2359 rebus
2614 2295 2856 2358 minimis
2901 2297 3056 2366 quasi
3103 2297 3404 2357 minoratus
3450 2295 3769 2363 inflectitur,

2178 2385 2396 2456 quando
2419 2385 2548 2440 illud
2567 2385 2804 2442 Verbum
2826 2401 2924 2456 per
2941 2387 3086 2456 quod
3109 2395 3362 2443 constant
3379 2387 3560 2442 omnia
3583 2395 3770 2442 creata

2179 2485 2241 2532 ut
2279 2478 2596 2546 prodesset,
2641 2478 2876 2534 hominis
2914 2487 3193 2550 assumpta
3233 2479 3568 2534 humanitate
3602 2479 3776 2534 voluit

2179 2568 2341 2638 paulo
2367 2570 2548 2626 minus
2588 2570 2796 2641 angelis
2826 2570 3110 2626 minorari.
3165 2569 3305 2638 Quid
3340 2585 3470 2642 ergo
3494 2571 3694 2626 mirum
3725 2570 3775 2626 si

2181 2660 2344 2716 homo
2383 2676 2442 2717 se
2478 2673 2698 2732 propter
2736 2662 3010 2718 hominem
3051 2663 3330 2728 attrahat,
3379 2663 3507 2717 dum
3555 2670 3776 2717 creator

2182 2749 2461 2805 hominum
2489 2758 2545 2806 et
2573 2749 2889 2822 angelorum
2911 2749 3142 2805 formam
3169 2751 3404 2806 hominis
3427 2758 3645 2821 propter
3673 2751 3775 2816 hev

2183 2841 2388 2898 minem
2417 2843 2700 2913 suscepit?
2749 2858 2852 2899 nec
2879 2850 3061 2898 tamen
3095 2842 3398 2898 minoratur
3427 2857 3619 2899 sensus
3647 2859 3776 2910 cum

2182 2933 2264 2989 sic
2287 2933 2595 2998 attrahitur,
2611 2933 2737 3004 quia
2753 2941 2902 2988 tanto
2922 2933 3170 2990 subtilius
3197 2933 3477 3004 superiora
3503 2941 3774 3002 penetrat,

2185 3030 2390 3092 quanto
2416 3021 2674 3090 humilius
2701 3038 2798 3093 pro
2825 3038 3011 3080 amore
3039 3024 3337 3079 conditoris
3387 3038 3490 3078 nec
3517 3023 3776 3079 inferiora

2183 3115 2504 3173 contemnit.
2557 3114 2700 3182 Quid
2739 3116 3019 3195 indignum
3059 3115 3215 3171 nobis
3241 3114 3324 3170 vel
3357 3114 3574 3170 ditlicile
3609 3124 3693 3170 est
3727 3115 3777 3171 si

2113 3200 2159 3264 C
2190 3220 2353 3276 supra
2383 3206 2630 3276 infraque
2661 3207 2903 3268 animum
2940 3207 3207 3274 ducimus,
3246 3207 3338 3278 qui
3376 3207 3566 3262 eadem
3611 3223 3779 3262 manu

2185 3298 2429 3368 corporis
2465 3297 2715 3360 lavamus.
2739 3298 2972 3378 faeiem',
3009 3314 3115 3370 qua
3144 3299 3310 3355 etiam
3341 3299 3650 3354 calceamus
3681 3314 3778 3370 pe-

2185 3388 2345 3445 dem?
2371 3386 2460 3444 Sic
2484 3405 2587 3452 non
2613 3399 2689 3444 est
2717 3389 2851 3443 inter
2874 3406 2960 3444 uos
2978 3390 3250 3460 quisquam
3276 3389 3483 3459 sapiens
3503 3389 3594 3458 qui
3613 3387 3779 3458 possit
3863 3425 3878 3437 .

2177 3481 2424 3551 judicare
2443 3481 2580 3534 inter
2599 3480 2820 3550 fratrem
2839 3481 3029 3538 suum?
3073 3477 3275 3552 (Amb.)
3309 3479 3448 3548 Quia
3473 3495 3602 3550 ergo
3628 3487 3778 3545 sunt,

2186 3571 2391 3642 inquit,
2431 3571 2704 3642 sapientes
2731 3570 2950 3640 fratres,
2987 3571 3154 3640 aliqui
3182 3571 3375 3626 horum
3405 3570 3678 3641 eligantur
3706 3569 3778 3624 ad

2178 3660 2533 3732 judicandum
2562 3676 2794 3731 quorum
2817 3661 3082 3732 judicium
3112 3668 3353 3722 meretur
3379 3660 3631 3724 mundus,
3661 3675 3780 3714 ma-

2185 3768 2324 3826 gnus
2351 3753 2496 3809 enim
2525 3753 2699 3824 pudor
2740 3761 2827 3810 est
2867 3753 2914 3808 si
2959 3754 3101 3818 inter
3143 3769 3238 3812 eos
3273 3755 3371 3825 qui
3396 3754 3649 3820 dicuntur
3671 3752 3778 3810 Do-

2186 3844 2393 3900 minum
2425 3845 2743 3915 cognovisse
2766 3884 2783 3909 ,
2831 3859 2938 3899 non
2983 3843 3290 3900 inveniatur
3329 3843 3420 3914 qui
3460 3843 3778 3904 examinare

2185 3934 2358 4004 possit
2387 3934 2668 4005 negotium
2689 3932 2845 4002 juxta
2869 3933 2959 4004 jus
2988 3933 3369 4005 Evangelieum
3388 3973 3403 4000 ,
3443 3933 3565 3990 ideo
3593 3941 3776 3988 autem

2186 4025 2412 4090 fratrem
2434 4024 2674 4095 judicem
2703 4025 3008 4097 eligendum
3037 4024 3169 4081 dicit
3188 4065 3204 4091 ,
3233 4026 3361 4096 quia
3391 4025 3569 4080 adhuc
3597 4034 3778 4080 rector

2187 4118 2446 4178 Ecclesia:
2474 4117 2687 4172 illorum
2715 4133 2822 4172 non
2851 4125 2970 4172 erat
2994 4116 3296 4172 ordinatus.
3333 4115 3441 4172 Sed
3469 4116 3634 4185 frater
3657 4132 3776 4170 cum

2188 4211 2354 4281 fratre
2374 4210 2581 4282 judicio
2610 4210 2894 4275 contendit,
2915 4218 2965 4264 et
3001 4207 3099 4265 hoc
3129 4210 3269 4280 apud
3298 4208 3555 4278 inﬁdeles.
3607 4209 3782 4265 Mani-

2187 4303 2385 4360 festum
2446 4310 2552 4368 est,
2595 4302 2718 4373 quia
2784 4301 3025 4358 inﬁdeles
3063 4310 3158 4357 aut
3216 4301 3470 4366 arbitros,
3520 4310 3582 4356 ut
3629 4317 3781 4357 asso-

2187 4393 2264 4462 let
2294 4392 2431 4460 ﬁeri,
2452 4392 2750 4464 postulatos
2777 4391 3065 4463 significat,
3095 4399 3190 4446 aut
3222 4391 3465 4460 judicem
3502 4392 3775 4461 publicum

2191 4484 2278 4540 cui
2308 4484 2415 4539 dici
2445 4483 2582 4554 solet
2606 4501 2620 4537 :
2646 4482 2817 4544 llodie
2845 4482 2962 4554 dies
2985 4497 3264 4538 sacrorum
3291 4490 3394 4546 est,
3426 4481 3512 4538 ius
3539 4482 3644 4537 dici
3669 4497 3779 4538 non

504 4572 716 4627 interna
739 4580 1069 4642 penetraret,
1088 4573 1272 4642 sicque
1294 4574 1370 4638 ﬁt,
1396 4581 1454 4627 ut
1479 4582 1534 4628 et
1561 4573 1755 4642 summi
1785 4573 1885 4626 viri
1911 4572 2084 4642 magis
2115 4555 2165 4614 Ῑ)
2188 4583 2387 4646 potest.

506 4662 577 4716 ad
605 4661 870 4732 spiritalia
900 4662 1040 4717 dona
1067 4661 1354 4733 proﬁciant
1377 4662 1505 4716 dum
1528 4676 1713 4726 eorum
1743 4669 1952 4732 mentes
2003 4676 2090 4718 res

2257 4670 2386 4728 Iam
2403 4669 2610 4742 quidem
2630 4667 2841 4723 omnino
2866 4667 3115 4722 delictum
3143 4667 3203 4722 in
3229 4666 3372 4732 vobis
3398 4674 3500 4731 est,
3526 4664 3664 4737 quod
3683 4664 3780 4736 ju-

507 4751 711 4806 intimae
769 4767 877 4818 non
909 4753 1266 4818 Conculcant;
1305 4762 1361 4816 et
1389 4769 1606 4814 rursum
1634 4753 1819 4822 viriin
1845 4753 2090 4810 Ecclesia
2189 4763 2330 4816 dicta
2378 4751 2612 4815 halt‘eatis
2659 4760 2797 4813 inter
2836 4774 2943 4813 uos.
2999 4757 3288 4816 Peccatum
3319 4771 3441 4820 esse
3471 4754 3777 4826 signiﬁcat,

503 4844 682 4899 ultimi
711 4844 827 4912 sine
857 4846 999 4901 bono
1011 4861 1172 4915 opere
1199 4863 1305 4915 non
1325 4847 1540 4914 vivant,
1563 4847 1689 4912 dum
1720 4847 1774 4900 in
1810 4847 1972 4912 rebus
1998 4863 2092 4902 ex—
2190 4855 2317 4925 quia
2345 4853 2517 4908 frater
2545 4867 2668 4906 cum
2697 4849 2865 4904 fratre
2892 4849 3087 4919 litigat,
3118 4863 3243 4903 cum
3274 4846 3448 4902 danda
3475 4859 3642 4916 opera
3669 4844 3777 4910 sit,

503 4935 803 4992 terior-ibus
843 4937 1126 5006 inveniunt
1149 4948 1297 4992 recta
1323 4954 1442 5010 quae
1462 4947 1640 5008 agant.
1672 4937 1870 4992 Sancta
1895 4937 2093 5008 quippe
2191 4955 2251 5000 ut
2279 4943 2574 4999 concordes
2603 4942 2713 4998 sint
2737 4941 2891 5010 quasi
2929 4940 3198 5010 germani,
3225 4940 3462 4994 maxime
3493 4951 3616 4993 cum
3647 4935 3784 4992 ﬁdes

502 5032 746 5089 Ecclesia
778 5031 856 5088 sic
887 5033 1135 5096 consistit
1163 5034 1368 5096 unitate
1399 5033 1634 5097 fidelium
1653 5072 1667 5097 ,
1715 5031 1856 5100 sicut
1894 5046 2090 5100 corpus
2192 5043 2373 5100 nostra
2391 5035 2511 5105 paci
2535 5034 2766 5088 studeat.
2786 5031 3127 5101 Quamquam
3147 5031 3298 5086 enim
3315 5027 3782 5086 Christianusliti-

504 5131 754 5178 nostrum
779 5123 1023 5200 _unitum
1071 5133 1154 5180 est
1206 5139 1463 5195 compage
1517 5125 1908 5188 membrorum.
1971 5120 2090 5185 Alia
2192 5139 2322 5195 gare
2350 5140 2456 5180 non
2486 5124 2708 5187 debeat,
2742 5129 2921 5177 tamen
2957 5122 3002 5176 si
3023 5135 3188 5192 grave
3202 5120 3332 5189 quid
3361 5119 3608 5182 fuerit,et
3636 5117 3782 5188 quod

504 5227 739 5284 namque
764 5214 1008 5268 membra
1035 5222 1160 5280 sunt
1186 5213 1239 5277 in
1270 5228 1516 5284 corpore,
1543 5228 1664 5282 qua:
1691 5211 1960 5280 intuenda:
1986 5209 2092 5266 luci
2191 5214 2466 5279 contemni
2498 5229 2605 5268 non
2635 5212 2826 5283 possit,
2851 5227 3071 5266 causam
3102 5211 3172 5267 ad
3200 5210 3500 5279 Ecclesiam
3533 5208 3776 5272 deferat,

506 5304 850 5371 deserviunt;
892 5304 995 5358 alia
1033 5322 1152 5376 quae
1179 5320 1211 5358 a
1242 5314 1401 5362 terra:
1440 5313 1585 5366 tactu
1617 5304 1840 5359 minime
1875 5302 2089 5372 disjun-
2191 5323 2262 5362 ne
2297 5315 2354 5362 et
2384 5306 2641 5364 damnum
2670 5303 2739 5358 ad
2775 5318 3022 5374 prazsens
3043 5312 3098 5358 et
3125 5301 3480 5360 oﬁ‘ensiouem
3513 5297 3652 5355 forte
3691 5297 3776 5352 in-

507 5405 726 5471 guntur.
767 5397 971 5455 Oculus
990 5397 1188 5467 quippe
1219 5397 1326 5452 luci
1355 5396 1668 5460 intenditur,
1702 5404 1756 5448 et
1786 5408 1854 5448 ne
1895 5393 2087 5448 aecari

508 5490 685 5548 valeat
711 5505 741 5544 a
771 5489 993 5560 pulvere
1021 5488 1342 5544 custoditur.
1393 5487 1496 5544 Pes
1525 5487 1670 5542 enim
1702 5494 1828 5540 tunc
1856 5483 2088 5539 cilicium

507 5599 666 5646 suum
713 5591 857 5637 recte
899 5580 1128 5652 peragit,
1175 5596 1300 5636 cum
1346 5579 1743 5649 suscipiendum
1777 5585 1936 5630 terrae
1967 5575 2088 5645 pul-

508 5689 694 5745 vcrem
725 5689 828 5728 non
884 5671 1114 5742 refugit,
1168 5687 1288 5741 qua:
1336 5667 1516 5726 tamen
1559 5669 1801 5740 corporis
1848 5667 2090 5724 membra

517 5763 754 5836 \'icissitit
801 5763 900 5819 sibi
959 5778 1055 5818 sua
1107 5760 1278 5818 cilicia
1342 5762 1700 5834 impartiendo
1743 5761 2090 5840 copulantur,

2195 5414 2260 5453 Cll
2269 5405 2396 5452 rrat.

2269 5488 2446 5552 Quare
2484 5504 2588 5541 non
2623 5487 2788 5557 magis
2825 5487 3081 5557 injuriam
3116 5484 3355 5556 patimini
3385 5485 3414 5537 2.
3463 5482 3638 5548 Quare
3677 5495 3781 5533 non

2198 5578 2364 5648 magis
2393 5577 2720 5648 fraudamini
2739 5579 2764 5631 ?
2795 5577 2904 5632 Sed
2930 5593 3015 5631 vos
3043 5576 3298 5645 injuriam
3327 5573 3524 5645 facitis,
3552 5579 3601 5625 et
3631 5570 3784 5639 frau-

2199 5671 2356 5734 datis,
2389 5680 2433 5724 et
2473 5675 2568 5724 hoc
2608 5670 2880 5740 fratribus.
2938 5667 3090 5722 Nunc
3134 5668 3234 5721 hos
3278 5663 3504 5735 corripit
3554 5678 3787 5732 quorum

2202 5759 2459 5832 injustitia
2493 5761 2729 5832 iurgium
2771 5767 3080 5832 generatur,
3135 5756 3263 5828 quia
3309 5771 3417 5812 non
3467 5753 3642 5809 solum
3690 5765 3789 5832 per
