  <div class='ocr_page' id='page_1' title='image "/cluster/home/n/w/nwhite01/storage/ocr_20150623/112/hvd.32044015685407/034.png"; bbox 0 0 4082 6332; ppageno 0'>
   <div class='ocr_carea' id='block_1_1' title="bbox 273 395 3018 468">
    <p class='ocr_par' dir='ltr' id='par_1_1' title="bbox 273 395 3018 468">
     <span class='ocr_line' id='line_1_1' title="bbox 273 395 3018 468; baseline -0.003 -5"><span class='ocrx_word' id='word_1_1' title='bbox 273 403 346 464; x_wconf 80' lang='grc'><strong>57</strong></span> <span class='ocrx_word' id='word_1_2' title='bbox 802 397 1354 468; x_wconf 77' lang='lat' dir='ltr'><strong>ENARBATIONUM</strong></span> <span class='ocrx_word' id='word_1_3' title='bbox 1385 400 1454 458; x_wconf 85' lang='grc' dir='ltr'>ΙΝ</span> <span class='ocrx_word' id='word_1_4' title='bbox 1493 400 1646 458; x_wconf 86' lang='lat' dir='ltr'><strong>EPP.</strong></span> <span class='ocrx_word' id='word_1_5' title='bbox 1684 397 1892 458; x_wconf 82' lang='lat' dir='ltr'><strong>PAULI</strong></span> <span class='ocrx_word' id='word_1_6' title='bbox 1930 398 2063 455; x_wconf 81' lang='lat' dir='ltr'><strong>LIB.</strong></span> <span class='ocrx_word' id='word_1_7' title='bbox 2103 397 2172 454; x_wconf 85' lang='lat' dir='ltr'><strong>X.</strong></span> <span class='ocrx_word' id='word_1_8' title='bbox 2211 427 2284 441; x_wconf 92' lang='lat'><strong><em>—</em></strong></span> <span class='ocrx_word' id='word_1_9' title='bbox 2309 398 2379 456; x_wconf 85' lang='lat' dir='ltr'><strong>IN</strong></span> <span class='ocrx_word' id='word_1_10' title='bbox 2417 398 2638 458; x_wconf 79' lang='lat' dir='ltr'><strong>EPIST.</strong></span> <span class='ocrx_word' id='word_1_11' title='bbox 2673 398 2696 456; x_wconf 88' lang='lat' dir='ltr'><strong>i</strong></span> <span class='ocrx_word' id='word_1_12' title='bbox 2730 399 2824 456; x_wconf 82' lang='lat' dir='ltr'><strong>AD</strong></span> <span class='ocrx_word' id='word_1_13' title='bbox 2859 395 3018 458; x_wconf 83' lang='lat' dir='ltr'><strong>COR.</strong></span> 
     </span>
    </p>
   </div>
   <div class='ocr_carea' id='block_1_2' title="bbox 273 488 3588 592">
    <p class='ocr_par' dir='ltr' id='par_1_2' title="bbox 273 488 3588 592">
     <span class='ocr_line' id='line_1_2' title="bbox 273 488 3588 592; baseline -0.001 -16"><span class='ocrx_word' id='word_1_14' title='bbox 273 518 525 577; x_wconf 88' lang='lat' dir='ltr'><strong>fraudem</strong></span> <span class='ocrx_word' id='word_1_15' title='bbox 555 521 850 586; x_wconf 73' lang='lat' dir='ltr'><strong>admissam</strong></span> <span class='ocrx_word' id='word_1_16' title='bbox 880 522 959 576; x_wconf 86' lang='lat' dir='ltr'><strong>rei</strong></span> <span class='ocrx_word' id='word_1_17' title='bbox 995 529 1152 587; x_wconf 87' lang='lat' dir='ltr'><strong>sunt,</strong></span> <span class='ocrx_word' id='word_1_18' title='bbox 1187 519 1282 576; x_wconf 90' lang='lat' dir='ltr'><strong>sed</strong></span> <span class='ocrx_word' id='word_1_19' title='bbox 1325 527 1380 575; x_wconf 89' lang='lat' dir='ltr'><strong>et</strong></span> <span class='ocrx_word' id='word_1_20' title='bbox 1420 524 1631 592; x_wconf 86' lang='lat' dir='ltr'><strong>partem</strong></span> <span class='ocrx_word' id='word_1_21' title='bbox 1659 518 1862 587; x_wconf 78' lang='lat' dir='ltr'><strong>habent</strong></span> <span class='ocrx_word' id='word_1_22' title='bbox 1887 520 1939 582; x_wconf 81' lang='grc' dir='ltr'><strong>Α</strong></span> <span class='ocrx_word' id='word_1_23' title='bbox 1967 525 2118 586; x_wconf 90' lang='lat' dir='ltr'><strong>tum;</strong></span> <span class='ocrx_word' id='word_1_24' title='bbox 2176 517 2316 573; x_wconf 90' lang='lat' dir='ltr'><strong>unde</strong></span> <span class='ocrx_word' id='word_1_25' title='bbox 2361 523 2416 572; x_wconf 91' lang='lat' dir='ltr'><strong>et</strong></span> <span class='ocrx_word' id='word_1_26' title='bbox 2460 515 2630 572; x_wconf 85' lang='lat' dir='ltr'><strong>dicit:</strong></span> <span class='ocrx_word' id='word_1_27' title='bbox 2675 515 2782 573; x_wconf 86' lang='lat' dir='ltr'><strong>Sed</strong></span> <span class='ocrx_word' id='word_1_28' title='bbox 2825 531 2919 588; x_wconf 86' lang='lat' dir='ltr'><strong>ego</strong></span> <span class='ocrx_word' id='word_1_29' title='bbox 2967 516 3063 570; x_wconf 88' lang='lat' dir='ltr'><strong>sub</strong></span> <span class='ocrx_word' id='word_1_30' title='bbox 3104 514 3302 572; x_wconf 75' lang='lat' dir='ltr'><strong>nullius</strong></span> <span class='ocrx_word' id='word_1_31' title='bbox 3341 488 3588 588; x_wconf 71' lang='lat' dir='ltr'><strong>redigar</strong></span> 
     </span>
    </p>
   </div>
   <div class='ocr_carea' id='block_1_3' title="bbox 274 610 1856 682">
    <p class='ocr_par' dir='ltr' id='par_1_3' title="bbox 274 610 1856 682">
     <span class='ocr_line' id='line_1_3' title="bbox 274 610 1856 682; baseline 0 -15"><span class='ocrx_word' id='word_1_32' title='bbox 274 611 461 669; x_wconf 87' lang='lat' dir='ltr'><strong>delicti</strong></span> <span class='ocrx_word' id='word_1_33' title='bbox 489 611 728 678; x_wconf 90' lang='lat' dir='ltr'><strong>illorum,</strong></span> <span class='ocrx_word' id='word_1_34' title='bbox 758 612 850 682; x_wconf 88' lang='lat' dir='ltr'><strong>qui</strong></span> <span class='ocrx_word' id='word_1_35' title='bbox 877 613 1052 668; x_wconf 79' lang='lat' dir='ltr'><strong>coacti</strong></span> <span class='ocrx_word' id='word_1_36' title='bbox 1084 611 1278 682; x_wconf 79' lang='lat' dir='ltr'><strong>injuria</strong></span> <span class='ocrx_word' id='word_1_37' title='bbox 1311 621 1402 672; x_wconf 86' lang='lat' dir='ltr'><strong>aut</strong></span> <span class='ocrx_word' id='word_1_38' title='bbox 1433 610 1620 666; x_wconf 83' lang='lat' dir='ltr'><strong>fraude</strong></span> <span class='ocrx_word' id='word_1_39' title='bbox 1647 626 1856 677; x_wconf 88' lang='lat' dir='ltr'><strong>eorum,</strong></span> 
     </span>
    </p>
   </div>
   <div class='ocr_carea' id='block_1_4' title="bbox 269 699 1862 773">
    <p class='ocr_par' dir='ltr' id='par_1_4' title="bbox 269 699 1862 773">
     <span class='ocr_line' id='line_1_4' title="bbox 269 699 1862 773; baseline -0.001 -16"><span class='ocrx_word' id='word_1_40' title='bbox 269 700 523 764; x_wconf 76' lang='lat' dir='ltr'><strong>inﬁdeles</strong></span> <span class='ocrx_word' id='word_1_41' title='bbox 550 709 743 773; x_wconf 77' lang='lat' dir='ltr'><strong>rogant</strong></span> <span class='ocrx_word' id='word_1_42' title='bbox 771 701 838 756; x_wconf 91' lang='lat' dir='ltr'><strong>ad</strong></span> <span class='ocrx_word' id='word_1_43' title='bbox 857 699 1229 772; x_wconf 80' lang='lat' dir='ltr'><strong>iudicandum,</strong></span> <span class='ocrx_word' id='word_1_44' title='bbox 1260 710 1314 757; x_wconf 91' lang='lat' dir='ltr'><strong>et</strong></span> <span class='ocrx_word' id='word_1_45' title='bbox 1342 717 1464 757; x_wconf 91' lang='lat' dir='ltr'><strong>cum</strong></span> <span class='ocrx_word' id='word_1_46' title='bbox 1493 701 1738 758; x_wconf 87' lang='lat' dir='ltr'><strong>fraudem</strong></span> <span class='ocrx_word' id='word_1_47' title='bbox 1768 710 1862 765; x_wconf 87' lang='lat' dir='ltr'><strong>aut</strong></span> 
     </span>
    </p>
   </div>
   <div class='ocr_carea' id='block_1_5' title="bbox 273 792 1858 864">
    <p class='ocr_par' dir='ltr' id='par_1_5' title="bbox 273 792 1858 864">
     <span class='ocr_line' id='line_1_5' title="bbox 273 792 1858 864; baseline -0.001 -14"><span class='ocrx_word' id='word_1_48' title='bbox 273 792 505 863; x_wconf 81' lang='lat' dir='ltr'><strong>injurias</strong></span> <span class='ocrx_word' id='word_1_49' title='bbox 541 793 721 848; x_wconf 84' lang='lat' dir='ltr'><strong>illatas</strong></span> <span class='ocrx_word' id='word_1_50' title='bbox 759 796 1010 864; x_wconf 85' lang='lat' dir='ltr'><strong>persequi</strong></span> <span class='ocrx_word' id='word_1_51' title='bbox 1048 811 1155 864; x_wconf 84' lang='lat' dir='ltr'><strong>non</strong></span> <span class='ocrx_word' id='word_1_52' title='bbox 1185 796 1478 861; x_wconf 92' lang='lat' dir='ltr'><strong>deberent,</strong></span> <span class='ocrx_word' id='word_1_53' title='bbox 1530 810 1638 852; x_wconf 91' lang='lat' dir='ltr'><strong>non</strong></span> <span class='ocrx_word' id='word_1_54' title='bbox 1687 794 1858 849; x_wconf 88' lang='lat' dir='ltr'><strong>solum</strong></span> 
     </span>
    </p>
   </div>
   <div class='ocr_carea' id='block_1_6' title="bbox 273 884 1860 956">
    <p class='ocr_par' dir='ltr' id='par_1_6' title="bbox 273 884 1860 956">
     <span class='ocr_line' id='line_1_6' title="bbox 273 884 1860 956; baseline 0.001 -18"><span class='ocrx_word' id='word_1_55' title='bbox 273 884 574 948; x_wconf 74' lang='lat' dir='ltr'><strong>vindicant,</strong></span> <span class='ocrx_word' id='word_1_56' title='bbox 608 885 704 940; x_wconf 88' lang='lat' dir='ltr'><strong>sed</strong></span> <span class='ocrx_word' id='word_1_57' title='bbox 735 893 792 940; x_wconf 93' lang='lat' dir='ltr'><strong>et</strong></span> <span class='ocrx_word' id='word_1_58' title='bbox 819 885 924 955; x_wconf 88' lang='lat' dir='ltr'><strong>ipsi</strong></span> <span class='ocrx_word' id='word_1_59' title='bbox 958 885 1204 948; x_wconf 83' lang='lat' dir='ltr'><strong>fraudem</strong></span> <span class='ocrx_word' id='word_1_60' title='bbox 1256 897 1313 940; x_wconf 90' lang='lat' dir='ltr'><strong>et</strong></span> <span class='ocrx_word' id='word_1_61' title='bbox 1358 885 1588 956; x_wconf 87' lang='lat' dir='ltr'><strong>injurias</strong></span> <span class='ocrx_word' id='word_1_62' title='bbox 1619 885 1860 952; x_wconf 88' lang='lat' dir='ltr'><strong>faciunt,</strong></span> 
     </span>
    </p>
   </div>
   <div class='ocr_carea' id='block_1_7' title="bbox 270 976 1864 1048">
    <p class='ocr_par' dir='ltr' id='par_1_7' title="bbox 270 976 1864 1048">
     <span class='ocr_line' id='line_1_7' title="bbox 270 976 1864 1048; baseline 0.001 -18"><span class='ocrx_word' id='word_1_63' title='bbox 270 983 332 1031; x_wconf 89' lang='lat' dir='ltr'><strong>ut</strong></span> <span class='ocrx_word' id='word_1_64' title='bbox 357 977 613 1047; x_wconf 88' lang='lat' dir='ltr'><strong>puniendi</strong></span> <span class='ocrx_word' id='word_1_65' title='bbox 641 977 889 1048; x_wconf 82' lang='lat' dir='ltr'><strong>exempla</strong></span> <span class='ocrx_word' id='word_1_66' title='bbox 919 976 1177 1046; x_wconf 81' lang='lat' dir='ltr'><strong>fratribus</strong></span> <span class='ocrx_word' id='word_1_67' title='bbox 1211 978 1468 1033; x_wconf 83' lang='lat' dir='ltr'><strong>tribuant.</strong></span> <span class='ocrx_word' id='word_1_68' title='bbox 1491 977 1558 1032; x_wconf 87' lang='lat' dir='ltr'><strong>Et</strong></span> <span class='ocrx_word' id='word_1_69' title='bbox 1586 977 1712 1046; x_wconf 92' lang='lat' dir='ltr'><strong>quid</strong></span> <span class='ocrx_word' id='word_1_70' title='bbox 1743 977 1864 1032; x_wconf 91' lang='lat' dir='ltr'><strong>aliis</strong></span> 
     </span>
    </p>
   </div>
   <div class='ocr_carea' id='block_1_8' title="bbox 269 1053 1862 1138">
    <p class='ocr_par' dir='ltr' id='par_1_8' title="bbox 269 1053 1862 1138">
     <span class='ocr_line' id='line_1_8' title="bbox 269 1053 1862 1138; baseline -0.001 -18"><span class='ocrx_word' id='word_1_71' title='bbox 269 1066 454 1121; x_wconf 82' lang='lat' dir='ltr'><strong>facere</strong></span> <span class='ocrx_word' id='word_1_72' title='bbox 480 1067 735 1132; x_wconf 87' lang='lat' dir='ltr'><strong>credatur</strong></span> <span class='ocrx_word' id='word_1_73' title='bbox 763 1068 854 1138; x_wconf 89' lang='lat' dir='ltr'><strong>qui</strong></span> <span class='ocrx_word' id='word_1_74' title='bbox 887 1083 991 1123; x_wconf 93' lang='lat' dir='ltr'><strong>non</strong></span> <span class='ocrx_word' id='word_1_75' title='bbox 1021 1053 1196 1138; x_wconf 79' lang='lat' dir='ltr'><strong>parcit</strong></span> <span class='ocrx_word' id='word_1_76' title='bbox 1223 1068 1373 1122; x_wconf 88' lang='lat' dir='ltr'><strong>suis?</strong></span> <span class='ocrx_word' id='word_1_77' title='bbox 1393 1066 1476 1121; x_wconf 85' lang='lat' dir='ltr'><strong>An</strong></span> <span class='ocrx_word' id='word_1_78' title='bbox 1504 1067 1711 1121; x_wconf 85' lang='lat' dir='ltr'><strong>nescitis</strong></span> <span class='ocrx_word' id='word_1_79' title='bbox 1738 1067 1862 1138; x_wconf 89' lang='lat' dir='ltr'><strong>quia</strong></span> 
     </span>
    </p>
   </div>
   <div class='ocr_carea' id='block_1_9' title="bbox 269 1157 1865 1228">
    <p class='ocr_par' dir='ltr' id='par_1_9' title="bbox 269 1157 1865 1228">
     <span class='ocr_line' id='line_1_9' title="bbox 269 1157 1865 1228; baseline -0.001 -16"><span class='ocrx_word' id='word_1_80' title='bbox 269 1157 441 1228; x_wconf 79' lang='lat' dir='ltr'><strong>iniqui</strong></span> <span class='ocrx_word' id='word_1_81' title='bbox 466 1174 682 1228; x_wconf 79' lang='lat' dir='ltr'><strong>regnum</strong></span> <span class='ocrx_word' id='word_1_82' title='bbox 705 1157 806 1210; x_wconf 80' lang='lat' dir='ltr'><strong>Dei</strong></span> <span class='ocrx_word' id='word_1_83' title='bbox 822 1175 924 1212; x_wconf 89' lang='lat' dir='ltr'><strong>non</strong></span> <span class='ocrx_word' id='word_1_84' title='bbox 949 1157 1320 1228; x_wconf 75' lang='lat' dir='ltr'><strong>possidebunt?</strong></span> <span class='ocrx_word' id='word_1_85' title='bbox 1339 1157 1448 1212; x_wconf 84' lang='lat' dir='ltr'><strong>lioc</strong></span> <span class='ocrx_word' id='word_1_86' title='bbox 1473 1157 1663 1216; x_wconf 87' lang='lat' dir='ltr'><strong>dicens</strong></span> <span class='ocrx_word' id='word_1_87' title='bbox 1689 1164 1865 1211; x_wconf 86' lang='lat' dir='ltr'><strong>osten-</strong></span> 
     </span>
    </p>
   </div>
   <div class='ocr_carea' id='block_1_10' title="bbox 270 1245 1864 1316">
    <p class='ocr_par' dir='ltr' id='par_1_10' title="bbox 270 1245 1864 1316">
     <span class='ocr_line' id='line_1_10' title="bbox 270 1245 1864 1316; baseline -0.002 -15"><span class='ocrx_word' id='word_1_88' title='bbox 270 1246 355 1301; x_wconf 88' lang='lat' dir='ltr'><strong>dit</strong></span> <span class='ocrx_word' id='word_1_89' title='bbox 381 1246 503 1301; x_wconf 89' lang='lat' dir='ltr'><strong>illos</strong></span> <span class='ocrx_word' id='word_1_90' title='bbox 537 1261 645 1301; x_wconf 94' lang='lat' dir='ltr'><strong>non</strong></span> <span class='ocrx_word' id='word_1_91' title='bbox 681 1247 893 1302; x_wconf 87' lang='lat' dir='ltr'><strong>nescios</strong></span> <span class='ocrx_word' id='word_1_92' title='bbox 933 1261 1199 1316; x_wconf 86' lang='lat' dir='ltr'><strong>peccare,</strong></span> <span class='ocrx_word' id='word_1_93' title='bbox 1251 1261 1317 1301; x_wconf 91' lang='lat' dir='ltr'><strong>ac</strong></span> <span class='ocrx_word' id='word_1_94' title='bbox 1361 1262 1458 1316; x_wconf 88' lang='lat' dir='ltr'><strong>per</strong></span> <span class='ocrx_word' id='word_1_95' title='bbox 1499 1246 1601 1310; x_wconf 86' lang='lat' dir='ltr'><strong>hoc</strong></span> <span class='ocrx_word' id='word_1_96' title='bbox 1647 1245 1864 1316; x_wconf 80' lang='lat' dir='ltr'><strong>gravius</strong></span> 
     </span>
    </p>
   </div>
   <div class='ocr_carea' id='block_1_11' title="bbox 269 1325 1865 1406">
    <p class='ocr_par' dir='ltr' id='par_1_11' title="bbox 269 1325 1865 1406">
     <span class='ocr_line' id='line_1_11' title="bbox 269 1325 1865 1406; baseline -0.001 -13"><span class='ocrx_word' id='word_1_97' title='bbox 269 1339 660 1406; x_wconf 72' lang='lat' dir='ltr'><strong>vindicandum</strong></span> <span class='ocrx_word' id='word_1_98' title='bbox 681 1379 696 1403; x_wconf 89' lang='lat'><strong>,</strong></span> <span class='ocrx_word' id='word_1_99' title='bbox 737 1338 783 1393; x_wconf 89' lang='lat' dir='ltr'><strong>si</strong></span> <span class='ocrx_word' id='word_1_100' title='bbox 812 1339 956 1394; x_wconf 92' lang='lat' dir='ltr'><strong>enim</strong></span> <span class='ocrx_word' id='word_1_101' title='bbox 988 1325 1446 1393; x_wconf 89' lang='lat' dir='ltr'><strong>immisericordes</strong></span> <span class='ocrx_word' id='word_1_102' title='bbox 1473 1337 1551 1392; x_wconf 85' lang='lat' dir='ltr'><strong>rei</strong></span> <span class='ocrx_word' id='word_1_103' title='bbox 1581 1337 1689 1392; x_wconf 90' lang='lat' dir='ltr'><strong>sint</strong></span> <span class='ocrx_word' id='word_1_104' title='bbox 1722 1336 1865 1406; x_wconf 90' lang='lat' dir='ltr'><strong>apud</strong></span> 
     </span>
    </p>
   </div>
   <div class='ocr_carea' id='block_1_12' title="bbox 272 1427 1864 1499">
    <p class='ocr_par' dir='ltr' id='par_1_12' title="bbox 272 1427 1864 1499">
     <span class='ocr_line' id='line_1_12' title="bbox 272 1427 1864 1499; baseline -0.003 -14"><span class='ocrx_word' id='word_1_105' title='bbox 272 1430 447 1486; x_wconf 83' lang='lat' dir='ltr'><strong>Deum</strong></span> <span class='ocrx_word' id='word_1_106' title='bbox 467 1470 483 1495; x_wconf 92' lang='lat'><strong>,</strong></span> <span class='ocrx_word' id='word_1_107' title='bbox 532 1436 737 1498; x_wconf 90' lang='lat' dir='ltr'><strong>quanto</strong></span> <span class='ocrx_word' id='word_1_108' title='bbox 763 1429 937 1499; x_wconf 82' lang='lat' dir='ltr'><strong>magis</strong></span> <span class='ocrx_word' id='word_1_109' title='bbox 965 1428 1180 1498; x_wconf 86' lang='lat' dir='ltr'><strong>iniqui?</strong></span> <span class='ocrx_word' id='word_1_110' title='bbox 1228 1427 1405 1482; x_wconf 79' lang='lat' dir='ltr'><strong>Nolite</strong></span> <span class='ocrx_word' id='word_1_111' title='bbox 1441 1443 1618 1482; x_wconf 85' lang='lat' dir='ltr'><strong>errare</strong></span> <span class='ocrx_word' id='word_1_112' title='bbox 1650 1440 1668 1478; x_wconf 91' lang='lat'><strong><em>:</em></strong></span> <span class='ocrx_word' id='word_1_113' title='bbox 1703 1443 1864 1497; x_wconf 89' lang='lat' dir='ltr'><strong>neque</strong></span> 
     </span>
    </p>
   </div>
   <div class='ocr_carea' id='block_1_13' title="bbox 270 1515 1867 1592">
    <p class='ocr_par' dir='ltr' id='par_1_13' title="bbox 270 1515 1867 1592">
     <span class='ocr_line' id='line_1_13' title="bbox 270 1515 1867 1592; baseline -0.004 -17"><span class='ocrx_word' id='word_1_114' title='bbox 270 1520 571 1592; x_wconf 80' lang='lat' dir='ltr'><strong>fornicarii,</strong></span> <span class='ocrx_word' id='word_1_115' title='bbox 603 1536 765 1590; x_wconf 85' lang='lat' dir='ltr'><strong>neque</strong></span> <span class='ocrx_word' id='word_1_116' title='bbox 793 1518 949 1573; x_wconf 88' lang='lat' dir='ltr'><strong>idolis</strong></span> <span class='ocrx_word' id='word_1_117' title='bbox 979 1519 1278 1584; x_wconf 75' lang='lat' dir='ltr'><strong>servientes,</strong></span> <span class='ocrx_word' id='word_1_118' title='bbox 1311 1534 1472 1590; x_wconf 88' lang='lat' dir='ltr'><strong>neque</strong></span> <span class='ocrx_word' id='word_1_119' title='bbox 1498 1515 1743 1580; x_wconf 84' lang='lat' dir='ltr'><strong>adulleri,</strong></span> <span class='ocrx_word' id='word_1_120' title='bbox 1776 1532 1867 1570; x_wconf 88' lang='lat' dir='ltr'><strong>ne-</strong></span> 
     </span>
    </p>
   </div>
   <div class='ocr_carea' id='block_1_14' title="bbox 269 1609 1864 1684">
    <p class='ocr_par' dir='ltr' id='par_1_14' title="bbox 269 1609 1864 1684">
     <span class='ocr_line' id='line_1_14' title="bbox 269 1609 1864 1684; baseline -0.003 -17"><span class='ocrx_word' id='word_1_121' title='bbox 269 1629 372 1684; x_wconf 79' lang='lat' dir='ltr'><strong>que</strong></span> <span class='ocrx_word' id='word_1_122' title='bbox 403 1611 620 1678; x_wconf 86' lang='lat' dir='ltr'><strong>molles,</strong></span> <span class='ocrx_word' id='word_1_123' title='bbox 665 1627 826 1682; x_wconf 84' lang='lat' dir='ltr'><strong>neque</strong></span> <span class='ocrx_word' id='word_1_124' title='bbox 863 1610 1219 1677; x_wconf 78' lang='lat' dir='ltr'><strong>masculorum</strong></span> <span class='ocrx_word' id='word_1_125' title='bbox 1257 1609 1650 1675; x_wconf 79' lang='lat' dir='ltr'><strong>concubitores,</strong></span> <span class='ocrx_word' id='word_1_126' title='bbox 1699 1623 1864 1678; x_wconf 85' lang='lat' dir='ltr'><strong>neque</strong></span> 
     </span>
    </p>
   </div>
   <div class='ocr_carea' id='block_1_15' title="bbox 273 1698 1862 1775">
    <p class='ocr_par' dir='ltr' id='par_1_15' title="bbox 273 1698 1862 1775">
     <span class='ocr_line' id='line_1_15' title="bbox 273 1698 1862 1775; baseline -0.004 -18"><span class='ocrx_word' id='word_1_127' title='bbox 273 1705 445 1775; x_wconf 76' lang='lat' dir='ltr'><strong>fures,</strong></span> <span class='ocrx_word' id='word_1_128' title='bbox 478 1720 644 1772; x_wconf 82' lang='lat' dir='ltr'><strong>neque</strong></span> <span class='ocrx_word' id='word_1_129' title='bbox 689 1703 860 1771; x_wconf 81' lang='lat' dir='ltr'><strong>avari,</strong></span> <span class='ocrx_word' id='word_1_130' title='bbox 910 1719 1071 1772; x_wconf 86' lang='lat' dir='ltr'><strong>neque</strong></span> <span class='ocrx_word' id='word_1_131' title='bbox 1119 1702 1330 1765; x_wconf 86' lang='lat' dir='ltr'><strong>ebriosi,</strong></span> <span class='ocrx_word' id='word_1_132' title='bbox 1383 1717 1548 1771; x_wconf 85' lang='lat' dir='ltr'><strong>neque</strong></span> <span class='ocrx_word' id='word_1_133' title='bbox 1595 1698 1862 1766; x_wconf 81' lang='lat' dir='ltr'><strong>maledici,</strong></span> 
     </span>
    </p>
   </div>
   <div class='ocr_carea' id='block_1_16' title="bbox 273 1789 1862 1864">
    <p class='ocr_par' dir='ltr' id='par_1_16' title="bbox 273 1789 1862 1864">
     <span class='ocr_line' id='line_1_16' title="bbox 273 1789 1862 1864; baseline -0.002 -16"><span class='ocrx_word' id='word_1_134' title='bbox 273 1811 444 1864; x_wconf 87' lang='lat' dir='ltr'><strong>neque</strong></span> <span class='ocrx_word' id='word_1_135' title='bbox 493 1803 709 1862; x_wconf 77' lang='lat' dir='ltr'><strong>rapaces</strong></span> <span class='ocrx_word' id='word_1_136' title='bbox 757 1809 973 1863; x_wconf 82' lang='lat' dir='ltr'><strong>regnum</strong></span> <span class='ocrx_word' id='word_1_137' title='bbox 1023 1793 1122 1847; x_wconf 87' lang='lat' dir='ltr'><strong>Dei</strong></span> <span class='ocrx_word' id='word_1_138' title='bbox 1166 1792 1523 1863; x_wconf 84' lang='lat' dir='ltr'><strong>possidebunt.</strong></span> <span class='ocrx_word' id='word_1_139' title='bbox 1578 1789 1696 1852; x_wconf 83' lang='lat' dir='ltr'><strong>Non</strong></span> <span class='ocrx_word' id='word_1_140' title='bbox 1747 1790 1862 1858; x_wconf 64' lang='lat' dir='ltr'><strong>haec</strong></span> 
     </span>
    </p>
   </div>
   <div class='ocr_carea' id='block_1_17' title="bbox 269 1870 1940 1955">
    <p class='ocr_par' dir='ltr' id='par_1_17' title="bbox 269 1870 1940 1955">
     <span class='ocr_line' id='line_1_17' title="bbox 269 1870 1940 1955; baseline -0.002 -14"><span class='ocrx_word' id='word_1_141' title='bbox 269 1886 482 1942; x_wconf 86' lang='lat' dir='ltr'><strong>idcirco</strong></span> <span class='ocrx_word' id='word_1_142' title='bbox 518 1871 840 1940; x_wconf 81' lang='lat' dir='ltr'><strong>memoravit</strong></span> <span class='ocrx_word' id='word_1_143' title='bbox 869 1885 1025 1955; x_wconf 89' lang='lat' dir='ltr'><strong>quasi</strong></span> <span class='ocrx_word' id='word_1_144' title='bbox 1071 1884 1367 1948; x_wconf 87' lang='lat' dir='ltr'><strong>nescirent,</strong></span> <span class='ocrx_word' id='word_1_145' title='bbox 1395 1882 1534 1952; x_wconf 85' lang='lat' dir='ltr'><strong>apud</strong></span> <span class='ocrx_word' id='word_1_146' title='bbox 1579 1897 1716 1952; x_wconf 89' lang='lat' dir='ltr'><strong>quos</strong></span> <span class='ocrx_word' id='word_1_147' title='bbox 1761 1899 1864 1938; x_wconf 88' lang='lat' dir='ltr'><strong>an-</strong></span> <span class='ocrx_word' id='word_1_148' title='bbox 1891 1870 1940 1930; x_wconf 84' lang='grc' dir='ltr'><strong>Β</strong></span> 
     </span>
    </p>
   </div>
   <div class='ocr_carea' id='block_1_18' title="bbox 270 1973 1860 2048">
    <p class='ocr_par' dir='ltr' id='par_1_18' title="bbox 270 1973 1860 2048">
     <span class='ocr_line' id='line_1_18' title="bbox 270 1973 1860 2048; baseline 0.001 -17"><span class='ocrx_word' id='word_1_149' title='bbox 270 1985 418 2031; x_wconf 89' lang='lat' dir='ltr'><strong>num&#39;</strong></span> <span class='ocrx_word' id='word_1_150' title='bbox 441 1984 498 2030; x_wconf 90' lang='lat' dir='ltr'><strong>et</strong></span> <span class='ocrx_word' id='word_1_151' title='bbox 539 1989 634 2030; x_wconf 79' lang='lat' dir='ltr'><strong>sex</strong></span> <span class='ocrx_word' id='word_1_152' title='bbox 674 1989 888 2030; x_wconf 88' lang='lat' dir='ltr'><strong>menses</strong></span> <span class='ocrx_word' id='word_1_153' title='bbox 935 1974 1094 2040; x_wconf 83' lang='lat' dir='ltr'><strong>sedit,</strong></span> <span class='ocrx_word' id='word_1_154' title='bbox 1121 1975 1317 2030; x_wconf 89' lang='lat' dir='ltr'><strong>docens</strong></span> <span class='ocrx_word' id='word_1_155' title='bbox 1349 1973 1697 2045; x_wconf 81' lang='lat' dir='ltr'><strong>Evangeiium</strong></span> <span class='ocrx_word' id='word_1_156' title='bbox 1727 1973 1860 2048; x_wconf 75' lang='lat' dir='ltr'><strong>Dei,</strong></span> 
     </span>
    </p>
   </div>
   <div class='ocr_carea' id='block_1_19' title="bbox 271 2065 1862 2134">
    <p class='ocr_par' dir='ltr' id='par_1_19' title="bbox 271 2065 1862 2134">
     <span class='ocr_line' id='line_1_19' title="bbox 271 2065 1862 2134; baseline -0.001 -12"><span class='ocrx_word' id='word_1_157' title='bbox 271 2067 368 2122; x_wconf 87' lang='lat' dir='ltr'><strong>sed</strong></span> <span class='ocrx_word' id='word_1_158' title='bbox 397 2066 735 2122; x_wconf 90' lang='lat' dir='ltr'><strong>commonuit</strong></span> <span class='ocrx_word' id='word_1_159' title='bbox 771 2074 833 2134; x_wconf 89' lang='lat' dir='ltr'><strong>ut</strong></span> <span class='ocrx_word' id='word_1_160' title='bbox 868 2066 1220 2121; x_wconf 88' lang='lat' dir='ltr'><strong>rcsuscltaret</strong></span> <span class='ocrx_word' id='word_1_161' title='bbox 1259 2066 1315 2120; x_wconf 88' lang='lat' dir='ltr'><strong>in</strong></span> <span class='ocrx_word' id='word_1_162' title='bbox 1361 2065 1466 2121; x_wconf 88' lang='lat' dir='ltr'><strong>illis</strong></span> <span class='ocrx_word' id='word_1_163' title='bbox 1502 2066 1862 2121; x_wconf 77' lang='lat' dir='ltr'><strong>reverentiam</strong></span> 
     </span>
    </p>
   </div>
   <div class='ocr_carea' id='block_1_20' title="bbox 270 2156 1863 2229">
    <p class='ocr_par' dir='ltr' id='par_1_20' title="bbox 270 2156 1863 2229">
     <span class='ocr_line' id='line_1_20' title="bbox 270 2156 1863 2229; baseline -0.001 -16"><span class='ocrx_word' id='word_1_164' title='bbox 270 2158 412 2228; x_wconf 76' lang='lat' dir='ltr'><strong>legis</strong></span> <span class='ocrx_word' id='word_1_165' title='bbox 441 2166 497 2212; x_wconf 92' lang='lat' dir='ltr'><strong>et</strong></span> <span class='ocrx_word' id='word_1_166' title='bbox 521 2157 775 2212; x_wconf 88' lang='lat' dir='ltr'><strong>meritum</strong></span> <span class='ocrx_word' id='word_1_167' title='bbox 803 2157 869 2211; x_wconf 90' lang='lat' dir='ltr'><strong>ad</strong></span> <span class='ocrx_word' id='word_1_168' title='bbox 899 2171 1065 2227; x_wconf 84' lang='lat' dir='ltr'><strong>regna</strong></span> <span class='ocrx_word' id='word_1_169' title='bbox 1095 2156 1382 2212; x_wconf 71' lang='lat' dir='ltr'><strong>ctelorum.</strong></span> <span class='ocrx_word' id='word_1_170' title='bbox 1417 2157 1480 2211; x_wconf 86' lang='lat' dir='ltr'><strong>Et</strong></span> <span class='ocrx_word' id='word_1_171' title='bbox 1511 2157 1622 2211; x_wconf 75' lang='lat' dir='ltr'><strong>Iure</strong></span> <span class='ocrx_word' id='word_1_172' title='bbox 1650 2157 1863 2229; x_wconf 83' lang='lat' dir='ltr'><strong>quidem</strong></span> 
     </span>
    </p>
   </div>
   <div class='ocr_carea' id='block_1_21' title="bbox 270 2249 1866 2320">
    <p class='ocr_par' dir='ltr' id='par_1_21' title="bbox 270 2249 1866 2320">
     <span class='ocr_line' id='line_1_21' title="bbox 270 2249 1866 2320; baseline 0.002 -17"><span class='ocrx_word' id='word_1_173' title='bbox 270 2250 469 2320; x_wconf 76' lang='lat' dir='ltr'><strong>fuistis.</strong></span> <span class='ocrx_word' id='word_1_174' title='bbox 498 2249 579 2304; x_wconf 84' lang='lat' dir='ltr'><strong>Ne</strong></span> <span class='ocrx_word' id='word_1_175' title='bbox 599 2249 851 2306; x_wconf 91' lang='lat' dir='ltr'><strong>omnibus</strong></span> <span class='ocrx_word' id='word_1_176' title='bbox 872 2249 974 2304; x_wconf 88' lang='lat' dir='ltr'><strong>hoc</strong></span> <span class='ocrx_word' id='word_1_177' title='bbox 996 2251 1269 2308; x_wconf 86' lang='lat' dir='ltr'><strong>ascribere</strong></span> <span class='ocrx_word' id='word_1_178' title='bbox 1290 2250 1583 2315; x_wconf 87' lang='lat' dir='ltr'><strong>videretur,</strong></span> <span class='ocrx_word' id='word_1_179' title='bbox 1606 2257 1698 2304; x_wconf 90' lang='lat' dir='ltr'><strong>aut</strong></span> <span class='ocrx_word' id='word_1_180' title='bbox 1717 2259 1866 2306; x_wconf 90' lang='lat' dir='ltr'><strong>certe</strong></span> 
     </span>
    </p>
   </div>
   <div class='ocr_carea' id='block_1_22' title="bbox 270 2339 1862 2409">
    <p class='ocr_par' dir='ltr' id='par_1_22' title="bbox 270 2339 1862 2409">
     <span class='ocr_line' id='line_1_22' title="bbox 270 2339 1862 2409; baseline 0.001 -15"><span class='ocrx_word' id='word_1_181' title='bbox 270 2354 463 2394; x_wconf 86' lang='lat' dir='ltr'><strong>omnes</strong></span> <span class='ocrx_word' id='word_1_182' title='bbox 490 2340 560 2393; x_wconf 90' lang='lat' dir='ltr'><strong>ab</strong></span> <span class='ocrx_word' id='word_1_183' title='bbox 581 2339 668 2393; x_wconf 87' lang='lat' dir='ltr'><strong>his</strong></span> <span class='ocrx_word' id='word_1_184' title='bbox 693 2339 1010 2406; x_wconf 82' lang='lat' dir='ltr'><strong>criminibus</strong></span> <span class='ocrx_word' id='word_1_185' title='bbox 1032 2341 1298 2404; x_wconf 88' lang='lat' dir='ltr'><strong>immunes</strong></span> <span class='ocrx_word' id='word_1_186' title='bbox 1325 2340 1546 2408; x_wconf 77' lang='lat' dir='ltr'><strong>laceret,</strong></span> <span class='ocrx_word' id='word_1_187' title='bbox 1569 2341 1614 2396; x_wconf 93' lang='lat' dir='ltr'><strong>si</strong></span> <span class='ocrx_word' id='word_1_188' title='bbox 1639 2350 1862 2409; x_wconf 90' lang='lat' dir='ltr'><strong>taceret,</strong></span> 
     </span>
    </p>
   </div>
   <div class='ocr_carea' id='block_1_23' title="bbox 271 2427 1864 2498">
    <p class='ocr_par' dir='ltr' id='par_1_23' title="bbox 271 2427 1864 2498">
     <span class='ocr_line' id='line_1_23' title="bbox 271 2427 1864 2498; baseline 0.001 -14"><span class='ocrx_word' id='word_1_189' title='bbox 271 2427 644 2497; x_wconf 85' lang='lat' dir='ltr'><strong>(prohibuisse</strong></span> <span class='ocrx_word' id='word_1_190' title='bbox 676 2429 822 2482; x_wconf 90' lang='lat' dir='ltr'><strong>enim</strong></span> <span class='ocrx_word' id='word_1_191' title='bbox 851 2429 1155 2495; x_wconf 85' lang='lat' dir='ltr'><strong>videbatur,</strong></span> <span class='ocrx_word' id='word_1_192' title='bbox 1175 2445 1284 2488; x_wconf 94' lang='lat' dir='ltr'><strong>non</strong></span> <span class='ocrx_word' id='word_1_193' title='bbox 1331 2430 1598 2490; x_wconf 83' lang='lat' dir='ltr'><strong>revelasse</strong></span> <span class='ocrx_word' id='word_1_194' title='bbox 1635 2430 1864 2498; x_wconf 88' lang='lat' dir='ltr'><strong>crimina</strong></span> 
     </span>
    </p>
   </div>
   <div class='ocr_carea' id='block_1_24' title="bbox 271 2519 1867 2592">
    <p class='ocr_par' dir='ltr' id='par_1_24' title="bbox 271 2519 1867 2592">
     <span class='ocr_line' id='line_1_24' title="bbox 271 2519 1867 2592; baseline 0.002 -17"><span class='ocrx_word' id='word_1_195' title='bbox 271 2519 545 2592; x_wconf 89' lang='lat' dir='ltr'><strong>illorum);</strong></span> <span class='ocrx_word' id='word_1_196' title='bbox 593 2519 800 2582; x_wconf 84' lang='lat' dir='ltr'><strong>idcirco</strong></span> <span class='ocrx_word' id='word_1_197' title='bbox 825 2521 906 2580; x_wconf 79' lang='lat' dir='ltr'><strong>sic</strong></span> <span class='ocrx_word' id='word_1_198' title='bbox 935 2521 1011 2576; x_wconf 89' lang='lat' dir='ltr'><strong>ait</strong></span> <span class='ocrx_word' id='word_1_199' title='bbox 1045 2539 1057 2576; x_wconf 85' lang='lat'><strong>:</strong></span> <span class='ocrx_word' id='word_1_200' title='bbox 1087 2520 1155 2575; x_wconf 84' lang='lat' dir='ltr'><strong>Et</strong></span> <span class='ocrx_word' id='word_1_201' title='bbox 1185 2522 1296 2576; x_wconf 63' lang='lat' dir='ltr'><strong>hinc</strong></span> <span class='ocrx_word' id='word_1_202' title='bbox 1325 2522 1535 2592; x_wconf 84' lang='lat' dir='ltr'><strong>quidem</strong></span> <span class='ocrx_word' id='word_1_203' title='bbox 1565 2521 1762 2592; x_wconf 83' lang='lat' dir='ltr'><strong>fuistis,</strong></span> <span class='ocrx_word' id='word_1_204' title='bbox 1811 2530 1867 2578; x_wconf 89' lang='lat' dir='ltr'><strong>et</strong></span> 
     </span>
    </p>
   </div>
   <div class='ocr_carea' id='block_1_25' title="bbox 273 2611 1864 2683">
    <p class='ocr_par' dir='ltr' id='par_1_25' title="bbox 273 2611 1864 2683">
     <span class='ocr_line' id='line_1_25' title="bbox 273 2611 1864 2683; baseline 0 -16"><span class='ocrx_word' id='word_1_205' title='bbox 273 2627 348 2667; x_wconf 88' lang='lat' dir='ltr'><strong>ne</strong></span> <span class='ocrx_word' id='word_1_206' title='bbox 375 2613 446 2667; x_wconf 87' lang='lat' dir='ltr'><strong>ad</strong></span> <span class='ocrx_word' id='word_1_207' title='bbox 472 2612 609 2667; x_wconf 90' lang='lat' dir='ltr'><strong>iram</strong></span> <span class='ocrx_word' id='word_1_208' title='bbox 640 2612 760 2680; x_wconf 84' lang='lat' dir='ltr'><strong>illos</strong></span> <span class='ocrx_word' id='word_1_209' title='bbox 785 2621 1104 2683; x_wconf 89' lang='lat' dir='ltr'><strong>provocaret</strong></span> <span class='ocrx_word' id='word_1_210' title='bbox 1133 2612 1348 2682; x_wconf 86' lang='lat' dir='ltr'><strong>adjecit,</strong></span> <span class='ocrx_word' id='word_1_211' title='bbox 1381 2611 1484 2668; x_wconf 85' lang='lat' dir='ltr'><strong>Sed</strong></span> <span class='ocrx_word' id='word_1_212' title='bbox 1513 2613 1679 2667; x_wconf 88' lang='lat' dir='ltr'><strong>abluti</strong></span> <span class='ocrx_word' id='word_1_213' title='bbox 1707 2614 1864 2680; x_wconf 87' lang='lat' dir='ltr'><strong>estis;</strong></span> 
     </span>
    </p>
   </div>
   <div class='ocr_carea' id='block_1_26' title="bbox 271 2701 1868 2772">
    <p class='ocr_par' dir='ltr' id='par_1_26' title="bbox 271 2701 1868 2772">
     <span class='ocr_line' id='line_1_26' title="bbox 271 2701 1868 2772; baseline 0.001 -16"><span class='ocrx_word' id='word_1_214' title='bbox 271 2709 339 2756; x_wconf 87' lang='lat' dir='ltr'><strong>ut</strong></span> <span class='ocrx_word' id='word_1_215' title='bbox 369 2710 726 2772; x_wconf 74' lang='lat' dir='ltr'><strong>agnoscentes</strong></span> <span class='ocrx_word' id='word_1_216' title='bbox 753 2701 980 2757; x_wconf 88' lang='lat' dir='ltr'><strong>crimina</strong></span> <span class='ocrx_word' id='word_1_217' title='bbox 1007 2702 1086 2758; x_wconf 91' lang='lat' dir='ltr'><strong>rei</strong></span> <span class='ocrx_word' id='word_1_218' title='bbox 1143 2701 1292 2768; x_wconf 82' lang='lat' dir='ltr'><strong>facti,</strong></span> <span class='ocrx_word' id='word_1_219' title='bbox 1321 2702 1504 2757; x_wconf 88' lang='lat' dir='ltr'><strong>statim</strong></span> <span class='ocrx_word' id='word_1_220' title='bbox 1535 2702 1868 2772; x_wconf 88' lang='lat' dir='ltr'><strong>respirarent</strong></span> 
     </span>
    </p>
   </div>
   <div class='ocr_carea' id='block_1_27' title="bbox 275 2785 1866 2863">
    <p class='ocr_par' dir='ltr' id='par_1_27' title="bbox 275 2785 1866 2863">
     <span class='ocr_line' id='line_1_27' title="bbox 275 2785 1866 2863; baseline 0.001 -16"><span class='ocrx_word' id='word_1_221' title='bbox 275 2792 569 2848; x_wconf 86' lang='lat' dir='ltr'><strong>audientes</strong></span> <span class='ocrx_word' id='word_1_222' title='bbox 594 2793 682 2847; x_wconf 87' lang='lat' dir='ltr'><strong>sed</strong></span> <span class='ocrx_word' id='word_1_223' title='bbox 708 2791 878 2846; x_wconf 90' lang='lat' dir='ltr'><strong>abluti</strong></span> <span class='ocrx_word' id='word_1_224' title='bbox 905 2794 1048 2848; x_wconf 88' lang='lat' dir='ltr'><strong>estis.</strong></span> <span class='ocrx_word' id='word_1_225' title='bbox 1103 2791 1293 2848; x_wconf 91' lang='lat' dir='ltr'><strong>Solent</strong></span> <span class='ocrx_word' id='word_1_226' title='bbox 1315 2793 1460 2848; x_wconf 93' lang='lat' dir='ltr'><strong>enim</strong></span> <span class='ocrx_word' id='word_1_227' title='bbox 1496 2793 1662 2862; x_wconf 88' lang='lat' dir='ltr'><strong>aliqui</strong></span> <span class='ocrx_word' id='word_1_228' title='bbox 1696 2785 1866 2863; x_wconf 75' lang='lat' dir='ltr'><strong>pudo-</strong></span> 
     </span>
    </p>
   </div>
   <div class='ocr_carea' id='block_1_28' title="bbox 273 2884 1866 2956">
    <p class='ocr_par' dir='ltr' id='par_1_28' title="bbox 273 2884 1866 2956">
     <span class='ocr_line' id='line_1_28' title="bbox 273 2884 1866 2956; baseline 0.002 -18"><span class='ocrx_word' id='word_1_229' title='bbox 273 2897 393 2938; x_wconf 74' lang='lat' dir='ltr'><strong>rem</strong></span> <span class='ocrx_word' id='word_1_230' title='bbox 423 2885 556 2954; x_wconf 86' lang='lat' dir='ltr'><strong>pati,</strong></span> <span class='ocrx_word' id='word_1_231' title='bbox 587 2893 642 2940; x_wconf 92' lang='lat' dir='ltr'><strong>et</strong></span> <span class='ocrx_word' id='word_1_232' title='bbox 664 2885 936 2956; x_wconf 79' lang='lat' dir='ltr'><strong>corrigere</strong></span> <span class='ocrx_word' id='word_1_233' title='bbox 966 2900 1088 2940; x_wconf 90' lang='lat' dir='ltr'><strong>cum</strong></span> <span class='ocrx_word' id='word_1_234' title='bbox 1117 2885 1184 2939; x_wconf 92' lang='lat' dir='ltr'><strong>de</strong></span> <span class='ocrx_word' id='word_1_235' title='bbox 1219 2899 1277 2940; x_wconf 93' lang='lat' dir='ltr'><strong>se</strong></span> <span class='ocrx_word' id='word_1_236' title='bbox 1305 2884 1535 2939; x_wconf 92' lang='lat' dir='ltr'><strong>audiunt</strong></span> <span class='ocrx_word' id='word_1_237' title='bbox 1559 2884 1717 2939; x_wconf 91' lang='lat' dir='ltr'><strong>bona.</strong></span> <span class='ocrx_word' id='word_1_238' title='bbox 1759 2885 1866 2942; x_wconf 81' lang='lat' dir='ltr'><strong>Sed</strong></span> 
     </span>
    </p>
   </div>
   <div class='ocr_carea' id='block_1_29' title="bbox 272 2977 1864 3049">
    <p class='ocr_par' dir='ltr' id='par_1_29' title="bbox 272 2977 1864 3049">
     <span class='ocr_line' id='line_1_29' title="bbox 272 2977 1864 3049; baseline 0.002 -18"><span class='ocrx_word' id='word_1_239' title='bbox 272 2977 594 3047; x_wconf 80' lang='lat' dir='ltr'><strong>sanctificati</strong></span> <span class='ocrx_word' id='word_1_240' title='bbox 623 2979 766 3044; x_wconf 88' lang='lat' dir='ltr'><strong>estis,</strong></span> <span class='ocrx_word' id='word_1_241' title='bbox 802 2978 894 3033; x_wconf 89' lang='lat' dir='ltr'><strong>sed</strong></span> <span class='ocrx_word' id='word_1_242' title='bbox 927 2979 1212 3049; x_wconf 83' lang='lat' dir='ltr'><strong>justiﬁcati</strong></span> <span class='ocrx_word' id='word_1_243' title='bbox 1253 2981 1375 3034; x_wconf 86' lang='lat' dir='ltr'><strong>estis</strong></span> <span class='ocrx_word' id='word_1_244' title='bbox 1415 2980 1471 3033; x_wconf 90' lang='lat' dir='ltr'><strong>in</strong></span> <span class='ocrx_word' id='word_1_245' title='bbox 1516 2981 1724 3034; x_wconf 83' lang='lat' dir='ltr'><strong>nomine</strong></span> <span class='ocrx_word' id='word_1_246' title='bbox 1755 2979 1864 3040; x_wconf 61' lang='lat' dir='ltr'><strong>Do-.</strong></span> 
     </span>
    </p>
   </div>
   <div class='ocr_carea' id='block_1_30' title="bbox 276 3064 1866 3139">
    <p class='ocr_par' dir='ltr' id='par_1_30' title="bbox 276 3064 1866 3139">
     <span class='ocr_line' id='line_1_30' title="bbox 276 3064 1866 3139; baseline 0.003 -19"><span class='ocrx_word' id='word_1_247' title='bbox 276 3067 406 3120; x_wconf 86' lang='lat' dir='ltr'><strong>mini</strong></span> <span class='ocrx_word' id='word_1_248' title='bbox 438 3066 610 3120; x_wconf 79' lang='lat' dir='ltr'><strong>nostri</strong></span> <span class='ocrx_word' id='word_1_249' title='bbox 637 3066 763 3121; x_wconf 84' lang='lat' dir='ltr'><strong>Jesu</strong></span> <span class='ocrx_word' id='word_1_250' title='bbox 792 3064 1022 3131; x_wconf 84' lang='lat' dir='ltr'><strong>Christi,</strong></span> <span class='ocrx_word' id='word_1_251' title='bbox 1065 3077 1112 3122; x_wconf 89' lang='lat' dir='ltr'><strong>et</strong></span> <span class='ocrx_word' id='word_1_252' title='bbox 1145 3068 1346 3139; x_wconf 88' lang='lat' dir='ltr'><strong>Spiritu</strong></span> <span class='ocrx_word' id='word_1_253' title='bbox 1380 3068 1475 3123; x_wconf 87' lang='lat' dir='ltr'><strong>Dei</strong></span> <span class='ocrx_word' id='word_1_254' title='bbox 1503 3069 1688 3127; x_wconf 77' lang='lat' dir='ltr'><strong>nostri.</strong></span> <span class='ocrx_word' id='word_1_255' title='bbox 1739 3069 1866 3136; x_wconf 66' lang='lat' dir='ltr'><strong>Haec</strong></span> 
     </span>
    </p>
   </div>
   <div class='ocr_carea' id='block_1_31' title="bbox 270 3157 1863 3230">
    <p class='ocr_par' dir='ltr' id='par_1_31' title="bbox 270 3157 1863 3230">
     <span class='ocr_line' id='line_1_31' title="bbox 270 3157 1863 3230; baseline 0.003 -18"><span class='ocrx_word' id='word_1_256' title='bbox 270 3157 456 3213; x_wconf 87' lang='lat' dir='ltr'><strong>omnia</strong></span> <span class='ocrx_word' id='word_1_257' title='bbox 503 3157 768 3212; x_wconf 87' lang='lat' dir='ltr'><strong>beneﬁcia</strong></span> <span class='ocrx_word' id='word_1_258' title='bbox 813 3157 1066 3228; x_wconf 90' lang='lat' dir='ltr'><strong>puritatis</strong></span> <span class='ocrx_word' id='word_1_259' title='bbox 1117 3159 1172 3214; x_wconf 92' lang='lat' dir='ltr'><strong>in</strong></span> <span class='ocrx_word' id='word_1_260' title='bbox 1221 3159 1544 3230; x_wconf 83' lang='lat' dir='ltr'><strong>baptismate</strong></span> <span class='ocrx_word' id='word_1_261' title='bbox 1589 3160 1863 3218; x_wconf 81' lang='lat' dir='ltr'><strong>consecuti</strong></span> 
     </span>
    </p>
   </div>
   <div class='ocr_carea' id='block_1_32' title="bbox 1959 605 3548 680">
    <p class='ocr_par' dir='ltr' id='par_1_32' title="bbox 1959 605 3548 680">
     <span class='ocr_line' id='line_1_32' title="bbox 1959 605 3548 680; baseline -0.003 -15"><span class='ocrx_word' id='word_1_262' title='bbox 1959 618 2230 680; x_wconf 84' lang='lat' dir='ltr'><strong>potestate.</strong></span> <span class='ocrx_word' id='word_1_263' title='bbox 2269 607 2450 680; x_wconf 80' lang='lat' dir='ltr'><strong>(Aug.)</strong></span> <span class='ocrx_word' id='word_1_264' title='bbox 2485 607 2670 662; x_wconf 89' lang='lat' dir='ltr'><strong>Potest</strong></span> <span class='ocrx_word' id='word_1_265' title='bbox 2699 606 2901 677; x_wconf 90' lang='lat' dir='ltr'><strong>aliquid</strong></span> <span class='ocrx_word' id='word_1_266' title='bbox 2937 605 3103 662; x_wconf 86' lang='lat' dir='ltr'><strong>licere</strong></span> <span class='ocrx_word' id='word_1_267' title='bbox 3148 613 3204 662; x_wconf 92' lang='lat' dir='ltr'><strong>et</strong></span> <span class='ocrx_word' id='word_1_268' title='bbox 3246 619 3353 661; x_wconf 86' lang='lat' dir='ltr'><strong>non</strong></span> <span class='ocrx_word' id='word_1_269' title='bbox 3381 619 3548 676; x_wconf 83' lang='lat' dir='ltr'><strong>expe-</strong></span> 
     </span>
    </p>
   </div>
   <div class='ocr_carea' id='block_1_33' title="bbox 1961 695 3543 770">
    <p class='ocr_par' dir='ltr' id='par_1_33' title="bbox 1961 695 3543 770">
     <span class='ocr_line' id='line_1_33' title="bbox 1961 695 3543 770; baseline -0.003 -15"><span class='ocrx_word' id='word_1_270' title='bbox 1961 701 2095 763; x_wconf 87' lang='lat' dir='ltr'><strong>dire,</strong></span> <span class='ocrx_word' id='word_1_271' title='bbox 2152 699 2418 770; x_wconf 81' lang='lat' dir='ltr'><strong>Expedir-c</strong></span> <span class='ocrx_word' id='word_1_272' title='bbox 2461 706 2642 754; x_wconf 87' lang='lat' dir='ltr'><strong>autem</strong></span> <span class='ocrx_word' id='word_1_273' title='bbox 2669 697 2815 768; x_wconf 91' lang='lat' dir='ltr'><strong>quod</strong></span> <span class='ocrx_word' id='word_1_274' title='bbox 2859 711 2969 752; x_wconf 91' lang='lat' dir='ltr'><strong>non</strong></span> <span class='ocrx_word' id='word_1_275' title='bbox 3016 695 3147 751; x_wconf 86' lang='lat' dir='ltr'><strong>licet</strong></span> <span class='ocrx_word' id='word_1_276' title='bbox 3190 710 3300 750; x_wconf 90' lang='lat' dir='ltr'><strong>non</strong></span> <span class='ocrx_word' id='word_1_277' title='bbox 3342 703 3543 766; x_wconf 89' lang='lat' dir='ltr'><strong>potest.</strong></span> 
     </span>
    </p>
   </div>
   <div class='ocr_carea' id='block_1_34' title="bbox 1959 775 3546 862">
    <p class='ocr_par' dir='ltr' id='par_1_34' title="bbox 1959 775 3546 862">
     <span class='ocr_line' id='line_1_34' title="bbox 1959 775 3546 862; baseline -0.002 -16"><span class='ocrx_word' id='word_1_278' title='bbox 1959 793 2038 847; x_wconf 87' lang='lat' dir='ltr'><strong>Ac</strong></span> <span class='ocrx_word' id='word_1_279' title='bbox 2065 807 2161 862; x_wconf 90' lang='lat' dir='ltr'><strong>per</strong></span> <span class='ocrx_word' id='word_1_280' title='bbox 2188 793 2291 848; x_wconf 91' lang='lat' dir='ltr'><strong>hoc</strong></span> <span class='ocrx_word' id='word_1_281' title='bbox 2318 807 2423 846; x_wconf 89' lang='lat' dir='ltr'><strong>non</strong></span> <span class='ocrx_word' id='word_1_282' title='bbox 2453 790 2634 846; x_wconf 89' lang='lat' dir='ltr'><strong>omnia</strong></span> <span class='ocrx_word' id='word_1_283' title='bbox 2665 775 2813 845; x_wconf 82' lang='lat' dir='ltr'><strong>licita</strong></span> <span class='ocrx_word' id='word_1_284' title='bbox 2839 789 3164 861; x_wconf 81' lang='lat' dir='ltr'><strong>expediunt,</strong></span> <span class='ocrx_word' id='word_1_285' title='bbox 3206 788 3390 844; x_wconf 84' lang='lat' dir='ltr'><strong>omnia</strong></span> <span class='ocrx_word' id='word_1_286' title='bbox 3415 803 3546 844; x_wconf 89' lang='lat' dir='ltr'><strong>vero</strong></span> 
     </span>
    </p>
   </div>
   <div class='ocr_carea' id='block_1_35' title="bbox 1959 881 3548 954">
    <p class='ocr_par' dir='ltr' id='par_1_35' title="bbox 1959 881 3548 954">
     <span class='ocr_line' id='line_1_35' title="bbox 1959 881 3548 954; baseline 0.001 -17"><span class='ocrx_word' id='word_1_287' title='bbox 1959 882 2149 938; x_wconf 87' lang='lat' dir='ltr'><strong>illicita</strong></span> <span class='ocrx_word' id='word_1_288' title='bbox 2189 899 2296 938; x_wconf 91' lang='lat' dir='ltr'><strong>non</strong></span> <span class='ocrx_word' id='word_1_289' title='bbox 2323 883 2632 954; x_wconf 83' lang='lat' dir='ltr'><strong>expediunt.</strong></span> <span class='ocrx_word' id='word_1_290' title='bbox 2685 883 2838 938; x_wconf 88' lang='lat' dir='ltr'><strong>Tunc</strong></span> <span class='ocrx_word' id='word_1_291' title='bbox 2885 897 2993 938; x_wconf 90' lang='lat' dir='ltr'><strong>non</strong></span> <span class='ocrx_word' id='word_1_292' title='bbox 3039 881 3256 952; x_wconf 83' lang='lat' dir='ltr'><strong>expedit</strong></span> <span class='ocrx_word' id='word_1_293' title='bbox 3303 881 3356 938; x_wconf 89' lang='lat' dir='ltr'><strong>id</strong></span> <span class='ocrx_word' id='word_1_294' title='bbox 3405 883 3548 953; x_wconf 89' lang='lat' dir='ltr'><strong>quod</strong></span> 
     </span>
    </p>
   </div>
   <div class='ocr_carea' id='block_1_36' title="bbox 1960 975 3546 1049">
    <p class='ocr_par' dir='ltr' id='par_1_36' title="bbox 1960 975 3546 1049">
     <span class='ocr_line' id='line_1_36' title="bbox 1960 975 3546 1049; baseline -0.003 -14"><span class='ocrx_word' id='word_1_295' title='bbox 1960 979 2167 1036; x_wconf 91' lang='lat' dir='ltr'><strong>licitum</strong></span> <span class='ocrx_word' id='word_1_296' title='bbox 2204 987 2320 1043; x_wconf 91' lang='lat' dir='ltr'><strong>est,</strong></span> <span class='ocrx_word' id='word_1_297' title='bbox 2374 978 2588 1049; x_wconf 87' lang='lat' dir='ltr'><strong>quando</strong></span> <span class='ocrx_word' id='word_1_298' title='bbox 2617 977 2952 1049; x_wconf 86' lang='lat' dir='ltr'><strong>permittitur</strong></span> <span class='ocrx_word' id='word_1_299' title='bbox 2980 975 3197 1046; x_wconf 87' lang='lat' dir='ltr'><strong>quidem</strong></span> <span class='ocrx_word' id='word_1_300' title='bbox 3221 1016 3236 1041; x_wconf 95' lang='lat'><strong>,</strong></span> <span class='ocrx_word' id='word_1_301' title='bbox 3281 975 3375 1032; x_wconf 90' lang='lat' dir='ltr'><strong>sed</strong></span> <span class='ocrx_word' id='word_1_302' title='bbox 3415 990 3546 1031; x_wconf 87' lang='lat' dir='ltr'><strong>usus</strong></span> 
     </span>
    </p>
   </div>
   <div class='ocr_carea' id='block_1_37' title="bbox 1961 1071 3546 1145">
    <p class='ocr_par' dir='ltr' id='par_1_37' title="bbox 1961 1071 3546 1145">
     <span class='ocr_line' id='line_1_37' title="bbox 1961 1071 3546 1145; baseline -0.001 -17"><span class='ocrx_word' id='word_1_303' title='bbox 1961 1075 2128 1145; x_wconf 78' lang='lat' dir='ltr'><strong>ipsius</strong></span> <span class='ocrx_word' id='word_1_304' title='bbox 2163 1074 2448 1143; x_wconf 86' lang='lat' dir='ltr'><strong>potestatis</strong></span> <span class='ocrx_word' id='word_1_305' title='bbox 2487 1072 2659 1127; x_wconf 87' lang='lat' dir='ltr'><strong>adfert</strong></span> <span class='ocrx_word' id='word_1_306' title='bbox 2694 1073 2813 1127; x_wconf 87' lang='lat' dir='ltr'><strong>aliis</strong></span> <span class='ocrx_word' id='word_1_307' title='bbox 2853 1071 3291 1141; x_wconf 89' lang='lat' dir='ltr'><strong>impedimentum</strong></span> <span class='ocrx_word' id='word_1_308' title='bbox 3323 1071 3546 1139; x_wconf 88' lang='lat' dir='ltr'><strong>salutis;</strong></span> 
     </span>
    </p>
   </div>
   <div class='ocr_carea' id='block_1_38' title="bbox 1961 1163 3548 1234">
    <p class='ocr_par' dir='ltr' id='par_1_38' title="bbox 1961 1163 3548 1234">
     <span class='ocr_line' id='line_1_38' title="bbox 1961 1163 3548 1234; baseline -0.001 -14"><span class='ocrx_word' id='word_1_309' title='bbox 1961 1165 2092 1220; x_wconf 92' lang='lat' dir='ltr'><strong>mihi</strong></span> <span class='ocrx_word' id='word_1_310' title='bbox 2115 1164 2364 1219; x_wconf 90' lang='lat' dir='ltr'><strong>videntur</strong></span> <span class='ocrx_word' id='word_1_311' title='bbox 2386 1163 2549 1219; x_wconf 88' lang='lat' dir='ltr'><strong>licere</strong></span> <span class='ocrx_word' id='word_1_312' title='bbox 2577 1179 2679 1218; x_wconf 92' lang='lat' dir='ltr'><strong>non</strong></span> <span class='ocrx_word' id='word_1_313' title='bbox 2703 1165 2976 1234; x_wconf 79' lang='lat' dir='ltr'><strong>expedire,</strong></span> <span class='ocrx_word' id='word_1_314' title='bbox 2998 1177 3117 1233; x_wconf 61' lang='lat' dir='ltr'><strong>qua:</strong></span> <span class='ocrx_word' id='word_1_315' title='bbox 3139 1179 3237 1233; x_wconf 90' lang='lat' dir='ltr'><strong>per</strong></span> <span class='ocrx_word' id='word_1_316' title='bbox 3256 1163 3548 1233; x_wconf 88' lang='lat' dir='ltr'><strong>justitiam,</strong></span> 
     </span>
    </p>
   </div>
   <div class='ocr_carea' id='block_1_39' title="bbox 1961 1251 3554 1322">
    <p class='ocr_par' dir='ltr' id='par_1_39' title="bbox 1961 1251 3554 1322">
     <span class='ocr_line' id='line_1_39' title="bbox 1961 1251 3554 1322; baseline -0.001 -15"><span class='ocrx_word' id='word_1_317' title='bbox 1961 1269 2080 1322; x_wconf 70' lang='lat' dir='ltr'><strong>quae</strong></span> <span class='ocrx_word' id='word_1_318' title='bbox 2109 1267 2290 1307; x_wconf 88' lang='lat' dir='ltr'><strong>coram</strong></span> <span class='ocrx_word' id='word_1_319' title='bbox 2317 1251 2426 1306; x_wconf 87' lang='lat' dir='ltr'><strong>Deo</strong></span> <span class='ocrx_word' id='word_1_320' title='bbox 2447 1260 2548 1316; x_wconf 90' lang='lat' dir='ltr'><strong>est,</strong></span> <span class='ocrx_word' id='word_1_321' title='bbox 2569 1253 2972 1321; x_wconf 88' lang='lat' dir='ltr'><strong>permittuntur,</strong></span> <span class='ocrx_word' id='word_1_322' title='bbox 2996 1251 3088 1306; x_wconf 89' lang='lat' dir='ltr'><strong>sed</strong></span> <span class='ocrx_word' id='word_1_323' title='bbox 3115 1252 3425 1307; x_wconf 88' lang='lat' dir='ltr'><strong>ostensione</strong></span> <span class='ocrx_word' id='word_1_324' title='bbox 3454 1252 3554 1307; x_wconf 71' lang='grc' dir='ltr'><strong>ιιοο</strong></span> 
     </span>
    </p>
   </div>
   <div class='ocr_carea' id='block_1_40' title="bbox 1961 1342 3549 1414">
    <p class='ocr_par' dir='ltr' id='par_1_40' title="bbox 1961 1342 3549 1414">
     <span class='ocr_line' id='line_1_40' title="bbox 1961 1342 3549 1414; baseline -0.001 -15"><span class='ocrx_word' id='word_1_325' title='bbox 1961 1345 2190 1404; x_wconf 87' lang='lat' dir='ltr'><strong>minum.</strong></span> <span class='ocrx_word' id='word_1_326' title='bbox 2235 1345 2281 1399; x_wconf 93' lang='lat' dir='ltr'><strong>si</strong></span> <span class='ocrx_word' id='word_1_327' title='bbox 2308 1344 2378 1398; x_wconf 93' lang='lat' dir='ltr'><strong>ob</strong></span> <span class='ocrx_word' id='word_1_328' title='bbox 2414 1345 2516 1398; x_wconf 91' lang='lat' dir='ltr'><strong>hoc</strong></span> <span class='ocrx_word' id='word_1_329' title='bbox 2551 1343 2915 1414; x_wconf 87' lang='lat' dir='ltr'><strong>impediantur</strong></span> <span class='ocrx_word' id='word_1_330' title='bbox 2945 1343 3012 1398; x_wconf 87' lang='lat' dir='ltr'><strong>ad</strong></span> <span class='ocrx_word' id='word_1_331' title='bbox 3045 1342 3294 1406; x_wconf 88' lang='lat' dir='ltr'><strong>salutem,</strong></span> <span class='ocrx_word' id='word_1_332' title='bbox 3329 1342 3549 1398; x_wconf 85' lang='lat' dir='ltr'><strong>vitanda</strong></span> 
     </span>
    </p>
   </div>
   <div class='ocr_carea' id='block_1_41' title="bbox 1961 1433 3552 1504">
    <p class='ocr_par' dir='ltr' id='par_1_41' title="bbox 1961 1433 3552 1504">
     <span class='ocr_line' id='line_1_41' title="bbox 1961 1433 3552 1504; baseline -0.001 -15"><span class='ocrx_word' id='word_1_333' title='bbox 1961 1442 2120 1489; x_wconf 91' lang='lat' dir='ltr'><strong>sunt:</strong></span> <span class='ocrx_word' id='word_1_334' title='bbox 2149 1448 2212 1488; x_wconf 88' lang='lat' dir='ltr'><strong>ea</strong></span> <span class='ocrx_word' id='word_1_335' title='bbox 2233 1448 2363 1489; x_wconf 87' lang='lat' dir='ltr'><strong>vero</strong></span> <span class='ocrx_word' id='word_1_336' title='bbox 2385 1448 2490 1487; x_wconf 92' lang='lat' dir='ltr'><strong>non</strong></span> <span class='ocrx_word' id='word_1_337' title='bbox 2515 1433 2679 1488; x_wconf 91' lang='lat' dir='ltr'><strong>licere</strong></span> <span class='ocrx_word' id='word_1_338' title='bbox 2706 1448 2825 1504; x_wconf 66' lang='lat' dir='ltr'><strong>quae</strong></span> <span class='ocrx_word' id='word_1_339' title='bbox 2850 1433 2928 1488; x_wconf 90' lang='lat' dir='ltr'><strong>sic</strong></span> <span class='ocrx_word' id='word_1_340' title='bbox 2951 1442 3202 1488; x_wconf 84' lang='lat' dir='ltr'><strong>vetantur</strong></span> <span class='ocrx_word' id='word_1_341' title='bbox 3223 1442 3283 1488; x_wconf 93' lang='lat' dir='ltr'><strong>ut</strong></span> <span class='ocrx_word' id='word_1_342' title='bbox 3309 1433 3552 1488; x_wconf 89' lang='lat' dir='ltr'><strong>facienda</strong></span> 
     </span>
    </p>
   </div>
   <div class='ocr_carea' id='block_1_42' title="bbox 1962 1522 3550 1596">
    <p class='ocr_par' dir='ltr' id='par_1_42' title="bbox 1962 1522 3550 1596">
     <span class='ocr_line' id='line_1_42' title="bbox 1962 1522 3550 1596; baseline -0.002 -16"><span class='ocrx_word' id='word_1_343' title='bbox 1962 1541 2070 1580; x_wconf 92' lang='lat' dir='ltr'><strong>non</strong></span> <span class='ocrx_word' id='word_1_344' title='bbox 2101 1525 2228 1582; x_wconf 90' lang='lat' dir='ltr'><strong>sint.</strong></span> <span class='ocrx_word' id='word_1_345' title='bbox 2261 1522 2462 1596; x_wconf 86' lang='lat' dir='ltr'><strong>(Greg.)</strong></span> <span class='ocrx_word' id='word_1_346' title='bbox 2495 1524 2648 1595; x_wconf 74' lang='lat' dir='ltr'><strong>Saepe</strong></span> <span class='ocrx_word' id='word_1_347' title='bbox 2672 1525 2727 1580; x_wconf 87' lang='lat' dir='ltr'><strong>hi</strong></span> <span class='ocrx_word' id='word_1_348' title='bbox 2757 1526 2849 1595; x_wconf 90' lang='lat' dir='ltr'><strong>qui</strong></span> <span class='ocrx_word' id='word_1_349' title='bbox 2877 1525 2929 1580; x_wconf 94' lang='lat' dir='ltr'><strong>in</strong></span> <span class='ocrx_word' id='word_1_350' title='bbox 2958 1533 3227 1596; x_wconf 88' lang='lat' dir='ltr'><strong>potestate</strong></span> <span class='ocrx_word' id='word_1_351' title='bbox 3254 1533 3400 1590; x_wconf 90' lang='lat' dir='ltr'><strong>sunt,</strong></span> <span class='ocrx_word' id='word_1_352' title='bbox 3422 1525 3550 1579; x_wconf 90' lang='lat' dir='ltr'><strong>dum</strong></span> 
     </span>
    </p>
   </div>
   <div class='ocr_carea' id='block_1_43' title="bbox 1963 1612 3552 1680">
    <p class='ocr_par' dir='ltr' id='par_1_43' title="bbox 1963 1612 3552 1680">
     <span class='ocr_line' id='line_1_43' title="bbox 1963 1612 3552 1680; baseline -0.003 -9"><span class='ocrx_word' id='word_1_353' title='bbox 1963 1630 2084 1672; x_wconf 90' lang='lat' dir='ltr'><strong>sese</strong></span> <span class='ocrx_word' id='word_1_354' title='bbox 2113 1623 2169 1670; x_wconf 91' lang='lat' dir='ltr'><strong>et</strong></span> <span class='ocrx_word' id='word_1_355' title='bbox 2199 1630 2229 1669; x_wconf 90' lang='lat' dir='ltr'><strong>a</strong></span> <span class='ocrx_word' id='word_1_356' title='bbox 2261 1613 2425 1668; x_wconf 89' lang='lat' dir='ltr'><strong>licitis</strong></span> <span class='ocrx_word' id='word_1_357' title='bbox 2464 1614 2701 1669; x_wconf 89' lang='lat' dir='ltr'><strong>retinere</strong></span> <span class='ocrx_word' id='word_1_358' title='bbox 2734 1614 3012 1680; x_wconf 90' lang='lat' dir='ltr'><strong>nesciunt,</strong></span> <span class='ocrx_word' id='word_1_359' title='bbox 3062 1615 3128 1668; x_wconf 91' lang='lat' dir='ltr'><strong>ad</strong></span> <span class='ocrx_word' id='word_1_360' title='bbox 3169 1612 3355 1667; x_wconf 90' lang='lat' dir='ltr'><strong>illicita</strong></span> <span class='ocrx_word' id='word_1_361' title='bbox 3388 1621 3442 1667; x_wconf 89' lang='lat' dir='ltr'><strong>et</strong></span> <span class='ocrx_word' id='word_1_362' title='bbox 3469 1612 3552 1666; x_wconf 87' lang='lat' dir='ltr'><strong>in-</strong></span> 
     </span>
    </p>
   </div>
   <div class='ocr_carea' id='block_1_44' title="bbox 1963 1701 3551 1778">
    <p class='ocr_par' dir='ltr' id='par_1_44' title="bbox 1963 1701 3551 1778">
     <span class='ocr_line' id='line_1_44' title="bbox 1963 1701 3551 1778; baseline -0.003 -19"><span class='ocrx_word' id='word_1_363' title='bbox 1963 1707 2143 1778; x_wconf 86' lang='lat' dir='ltr'><strong>quieta</strong></span> <span class='ocrx_word' id='word_1_364' title='bbox 2171 1705 2530 1762; x_wconf 88' lang='lat' dir='ltr'><strong>delabuntur:</strong></span> <span class='ocrx_word' id='word_1_365' title='bbox 2565 1705 2712 1760; x_wconf 89' lang='lat' dir='ltr'><strong>solus</strong></span> <span class='ocrx_word' id='word_1_366' title='bbox 2752 1705 2898 1760; x_wconf 86' lang='lat' dir='ltr'><strong>enim</strong></span> <span class='ocrx_word' id='word_1_367' title='bbox 2929 1705 2982 1758; x_wconf 93' lang='lat' dir='ltr'><strong>in</strong></span> <span class='ocrx_word' id='word_1_368' title='bbox 3015 1703 3214 1758; x_wconf 89' lang='lat' dir='ltr'><strong>illicitis</strong></span> <span class='ocrx_word' id='word_1_369' title='bbox 3241 1719 3346 1757; x_wconf 90' lang='lat' dir='ltr'><strong>non</strong></span> <span class='ocrx_word' id='word_1_370' title='bbox 3375 1701 3551 1765; x_wconf 87' lang='lat' dir='ltr'><strong>cadet,</strong></span> 
     </span>
    </p>
   </div>
   <div class='ocr_carea' id='block_1_45' title="bbox 1965 1794 3552 1868">
    <p class='ocr_par' dir='ltr' id='par_1_45' title="bbox 1965 1794 3552 1868">
     <span class='ocr_line' id='line_1_45' title="bbox 1965 1794 3552 1868; baseline -0.004 -15"><span class='ocrx_word' id='word_1_371' title='bbox 1965 1800 2057 1868; x_wconf 89' lang='lat' dir='ltr'><strong>qui</strong></span> <span class='ocrx_word' id='word_1_372' title='bbox 2103 1814 2162 1854; x_wconf 91' lang='lat' dir='ltr'><strong>se</strong></span> <span class='ocrx_word' id='word_1_373' title='bbox 2209 1805 2266 1854; x_wconf 83' lang='lat' dir='ltr'><strong>et</strong></span> <span class='ocrx_word' id='word_1_374' title='bbox 2312 1795 2600 1866; x_wconf 90' lang='lat' dir='ltr'><strong>aliquando</strong></span> <span class='ocrx_word' id='word_1_375' title='bbox 2635 1811 2663 1850; x_wconf 90' lang='lat' dir='ltr'><strong>a</strong></span> <span class='ocrx_word' id='word_1_376' title='bbox 2695 1795 2858 1851; x_wconf 87' lang='lat' dir='ltr'><strong>licitis</strong></span> <span class='ocrx_word' id='word_1_377' title='bbox 2891 1804 3050 1851; x_wconf 89' lang='lat' dir='ltr'><strong>caute</strong></span> <span class='ocrx_word' id='word_1_378' title='bbox 3085 1794 3398 1866; x_wconf 81' lang='lat' dir='ltr'><strong>rcstringit,</strong></span> <span class='ocrx_word' id='word_1_379' title='bbox 3443 1809 3552 1862; x_wconf 88' lang='lat' dir='ltr'><strong>qua</strong></span> 
     </span>
    </p>
   </div>
   <div class='ocr_carea' id='block_1_46' title="bbox 1965 1885 3551 1958">
    <p class='ocr_par' dir='ltr' id='par_1_46' title="bbox 1965 1885 3551 1958">
     <span class='ocr_line' id='line_1_46' title="bbox 1965 1885 3551 1958; baseline -0.005 -12"><span class='ocrx_word' id='word_1_380' title='bbox 1965 1889 2215 1946; x_wconf 87' lang='lat' dir='ltr'><strong>videlicet</strong></span> <span class='ocrx_word' id='word_1_381' title='bbox 2242 1887 2566 1944; x_wconf 86' lang='lat' dir='ltr'><strong>contritione</strong></span> <span class='ocrx_word' id='word_1_382' title='bbox 2590 1887 2847 1958; x_wconf 81' lang='lat' dir='ltr'><strong>religatus</strong></span> <span class='ocrx_word' id='word_1_383' title='bbox 2879 1885 3071 1941; x_wconf 90' lang='lat' dir='ltr'><strong>beatus</strong></span> <span class='ocrx_word' id='word_1_384' title='bbox 3090 1885 3290 1940; x_wconf 86' lang='lat' dir='ltr'><strong>Paulus</strong></span> <span class='ocrx_word' id='word_1_385' title='bbox 3313 1885 3551 1939; x_wconf 86' lang='lat' dir='ltr'><strong>insinuat</strong></span> 
     </span>
    </p>
   </div>
   <div class='ocr_carea' id='block_1_47' title="bbox 1965 1973 3549 2045">
    <p class='ocr_par' dir='ltr' id='par_1_47' title="bbox 1965 1973 3549 2045">
     <span class='ocr_line' id='line_1_47' title="bbox 1965 1973 3549 2045; baseline -0.005 -9"><span class='ocrx_word' id='word_1_386' title='bbox 1965 1981 2188 2037; x_wconf 82' lang='lat' dir='ltr'><strong>dicens:</strong></span> <span class='ocrx_word' id='word_1_387' title='bbox 2220 1979 2414 2035; x_wconf 87' lang='lat' dir='ltr'><strong>Omnia</strong></span> <span class='ocrx_word' id='word_1_388' title='bbox 2443 1979 2572 2033; x_wconf 75' lang='lat' dir='ltr'><strong>milii</strong></span> <span class='ocrx_word' id='word_1_389' title='bbox 2595 1977 2768 2044; x_wconf 89' lang='lat' dir='ltr'><strong>licent,</strong></span> <span class='ocrx_word' id='word_1_390' title='bbox 2793 1977 2885 2032; x_wconf 82' lang='lat' dir='ltr'><strong>sed</strong></span> <span class='ocrx_word' id='word_1_391' title='bbox 2911 1993 3014 2031; x_wconf 88' lang='lat' dir='ltr'><strong>non</strong></span> <span class='ocrx_word' id='word_1_392' title='bbox 3045 1975 3218 2029; x_wconf 88' lang='lat' dir='ltr'><strong>omnia</strong></span> <span class='ocrx_word' id='word_1_393' title='bbox 3249 1973 3549 2045; x_wconf 72' lang='lat' dir='ltr'><strong>expediunt.</strong></span> 
     </span>
    </p>
   </div>
   <div class='ocr_carea' id='block_1_48' title="bbox 1963 2065 3582 2143">
    <p class='ocr_par' dir='ltr' id='par_1_48' title="bbox 1963 2065 3582 2143">
     <span class='ocr_line' id='line_1_48' title="bbox 1963 2065 3582 2143; baseline -0.006 -16"><span class='ocrx_word' id='word_1_394' title='bbox 1963 2072 2139 2143; x_wconf 83' lang='lat' dir='ltr'><strong>Atque</strong></span> <span class='ocrx_word' id='word_1_395' title='bbox 2171 2080 2230 2126; x_wconf 91' lang='lat' dir='ltr'><strong>ut</strong></span> <span class='ocrx_word' id='word_1_396' title='bbox 2261 2086 2329 2126; x_wconf 86' lang='lat' dir='ltr'><strong>ex</strong></span> <span class='ocrx_word' id='word_1_397' title='bbox 2363 2070 2478 2142; x_wconf 90' lang='lat' dir='ltr'><strong>ipsa</strong></span> <span class='ocrx_word' id='word_1_398' title='bbox 2507 2069 2823 2139; x_wconf 78' lang='lat' dir='ltr'><strong>religatione</strong></span> <span class='ocrx_word' id='word_1_399' title='bbox 2859 2065 3172 2124; x_wconf 88' lang='lat' dir='ltr'><strong>ostenderet</strong></span> <span class='ocrx_word' id='word_1_400' title='bbox 3193 2105 3207 2130; x_wconf 92' lang='lat'><strong>,</strong></span> <span class='ocrx_word' id='word_1_401' title='bbox 3259 2066 3312 2119; x_wconf 94' lang='lat' dir='ltr'><strong>in</strong></span> <span class='ocrx_word' id='word_1_402' title='bbox 3346 2072 3546 2134; x_wconf 86' lang='lat' dir='ltr'><strong>quanta</strong></span> <span class='ocrx_word' id='word_1_403' title='bbox 3579 2081 3582 2084; x_wconf 67' lang='grc'><strong>’</strong></span> 
     </span>
    </p>
   </div>
   <div class='ocr_carea' id='block_1_49' title="bbox 1965 2155 3548 2228">
    <p class='ocr_par' dir='ltr' id='par_1_49' title="bbox 1965 2155 3548 2228">
     <span class='ocr_line' id='line_1_49' title="bbox 1965 2155 3548 2228; baseline -0.006 -8"><span class='ocrx_word' id='word_1_404' title='bbox 1965 2179 2024 2220; x_wconf 87' lang='lat' dir='ltr'><strong>se</strong></span> <span class='ocrx_word' id='word_1_405' title='bbox 2048 2163 2244 2219; x_wconf 89' lang='lat' dir='ltr'><strong>mentis</strong></span> <span class='ocrx_word' id='word_1_406' title='bbox 2270 2162 2522 2218; x_wconf 87' lang='lat' dir='ltr'><strong>libertate</strong></span> <span class='ocrx_word' id='word_1_407' title='bbox 2549 2160 2817 2225; x_wconf 89' lang='lat' dir='ltr'><strong>dilataret,</strong></span> <span class='ocrx_word' id='word_1_408' title='bbox 2856 2159 3002 2214; x_wconf 89' lang='lat' dir='ltr'><strong>illico</strong></span> <span class='ocrx_word' id='word_1_409' title='bbox 3030 2157 3279 2228; x_wconf 81' lang='lat' dir='ltr'><strong>adjunxit</strong></span> <span class='ocrx_word' id='word_1_410' title='bbox 3304 2175 3317 2210; x_wconf 91' lang='lat'><strong>:</strong></span> <span class='ocrx_word' id='word_1_411' title='bbox 3355 2155 3548 2211; x_wconf 80' lang='lat' dir='ltr'><strong>Omnia</strong></span> 
     </span>
    </p>
   </div>
   <div class='ocr_carea' id='block_1_50' title="bbox 1964 2251 3542 2325">
    <p class='ocr_par' dir='ltr' id='par_1_50' title="bbox 1964 2251 3542 2325">
     <span class='ocr_line' id='line_1_50' title="bbox 1964 2251 3542 2325; baseline -0.004 -13"><span class='ocrx_word' id='word_1_412' title='bbox 1964 2257 2093 2312; x_wconf 83' lang='lat' dir='ltr'><strong>mihi</strong></span> <span class='ocrx_word' id='word_1_413' title='bbox 2121 2256 2300 2322; x_wconf 89' lang='lat' dir='ltr'><strong>licent,</strong></span> <span class='ocrx_word' id='word_1_414' title='bbox 2344 2255 2435 2310; x_wconf 86' lang='lat' dir='ltr'><strong>sed</strong></span> <span class='ocrx_word' id='word_1_415' title='bbox 2484 2271 2575 2325; x_wconf 89' lang='lat' dir='ltr'><strong>ego</strong></span> <span class='ocrx_word' id='word_1_416' title='bbox 2625 2254 2719 2309; x_wconf 85' lang='lat' dir='ltr'><strong>sub</strong></span> <span class='ocrx_word' id='word_1_417' title='bbox 2751 2253 2947 2309; x_wconf 85' lang='lat' dir='ltr'><strong>nullius</strong></span> <span class='ocrx_word' id='word_1_418' title='bbox 2993 2261 3244 2323; x_wconf 86' lang='lat' dir='ltr'><strong>potestate</strong></span> <span class='ocrx_word' id='word_1_419' title='bbox 3291 2251 3542 2322; x_wconf 82' lang='lat' dir='ltr'><strong>redigar:</strong></span> 
     </span>
    </p>
   </div>
   <div class='ocr_carea' id='block_1_51' title="bbox 1965 2343 3546 2416">
    <p class='ocr_par' dir='ltr' id='par_1_51' title="bbox 1965 2343 3546 2416">
     <span class='ocr_line' id='line_1_51' title="bbox 1965 2343 3546 2416; baseline -0.004 -13"><span class='ocrx_word' id='word_1_420' title='bbox 1965 2363 2088 2403; x_wconf 91' lang='lat' dir='ltr'><strong>cum</strong></span> <span class='ocrx_word' id='word_1_421' title='bbox 2133 2347 2278 2402; x_wconf 91' lang='lat' dir='ltr'><strong>enim</strong></span> <span class='ocrx_word' id='word_1_422' title='bbox 2323 2360 2477 2400; x_wconf 90' lang='lat' dir='ltr'><strong>mens</strong></span> <span class='ocrx_word' id='word_1_423' title='bbox 2519 2353 2780 2416; x_wconf 90' lang='lat' dir='ltr'><strong>concepta</strong></span> <span class='ocrx_word' id='word_1_424' title='bbox 2818 2343 3087 2400; x_wconf 89' lang='lat' dir='ltr'><strong>desideria</strong></span> <span class='ocrx_word' id='word_1_425' title='bbox 3122 2343 3387 2414; x_wconf 81' lang='lat' dir='ltr'><strong>sequitur,</strong></span> <span class='ocrx_word' id='word_1_426' title='bbox 3427 2357 3546 2396; x_wconf 87' lang='lat' dir='ltr'><strong>scr-</strong></span> 
     </span>
    </p>
   </div>
   <div class='ocr_carea' id='block_1_52' title="bbox 1965 2437 3549 2506">
    <p class='ocr_par' dir='ltr' id='par_1_52' title="bbox 1965 2437 3549 2506">
     <span class='ocr_line' id='line_1_52' title="bbox 1965 2437 3549 2506; baseline -0.004 -13"><span class='ocrx_word' id='word_1_427' title='bbox 1965 2440 2081 2495; x_wconf 91' lang='lat' dir='ltr'><strong>vire</strong></span> <span class='ocrx_word' id='word_1_428' title='bbox 2129 2439 2292 2494; x_wconf 89' lang='lat' dir='ltr'><strong>rebus</strong></span> <span class='ocrx_word' id='word_1_429' title='bbox 2331 2437 2692 2502; x_wconf 88' lang='lat' dir='ltr'><strong>convincitur,</strong></span> <span class='ocrx_word' id='word_1_430' title='bbox 2741 2449 2971 2506; x_wconf 90' lang='lat' dir='ltr'><strong>quarum</strong></span> <span class='ocrx_word' id='word_1_431' title='bbox 3010 2450 3196 2490; x_wconf 90' lang='lat' dir='ltr'><strong>amore</strong></span> <span class='ocrx_word' id='word_1_432' title='bbox 3239 2439 3549 2504; x_wconf 84' lang='lat' dir='ltr'><strong>superatur.</strong></span> 
     </span>
    </p>
   </div>
   <div class='ocr_carea' id='block_1_53' title="bbox 1963 2524 3548 2596">
    <p class='ocr_par' dir='ltr' id='par_1_53' title="bbox 1963 2524 3548 2596">
     <span class='ocr_line' id='line_1_53' title="bbox 1963 2524 3548 2596; baseline -0.004 -12"><span class='ocrx_word' id='word_1_433' title='bbox 1963 2527 2184 2594; x_wconf 84' lang='lat' dir='ltr'><strong>Paulus,</strong></span> <span class='ocrx_word' id='word_1_434' title='bbox 2221 2528 2306 2584; x_wconf 89' lang='lat' dir='ltr'><strong>cui</strong></span> <span class='ocrx_word' id='word_1_435' title='bbox 2345 2535 2540 2584; x_wconf 89' lang='lat' dir='ltr'><strong>cuncta</strong></span> <span class='ocrx_word' id='word_1_436' title='bbox 2580 2526 2783 2592; x_wconf 92' lang='lat' dir='ltr'><strong>licent,</strong></span> <span class='ocrx_word' id='word_1_437' title='bbox 2831 2527 2931 2582; x_wconf 87' lang='lat' dir='ltr'><strong>sub</strong></span> <span class='ocrx_word' id='word_1_438' title='bbox 2962 2524 3160 2580; x_wconf 90' lang='lat' dir='ltr'><strong>nullius</strong></span> <span class='ocrx_word' id='word_1_439' title='bbox 3188 2531 3454 2596; x_wconf 86' lang='lat' dir='ltr'><strong>potestate</strong></span> <span class='ocrx_word' id='word_1_440' title='bbox 3490 2538 3548 2577; x_wconf 91' lang='lat' dir='ltr'><strong>se</strong></span> 
     </span>
    </p>
   </div>
   <div class='ocr_carea' id='block_1_54' title="bbox 1966 2613 3557 2690">
    <p class='ocr_par' dir='ltr' id='par_1_54' title="bbox 1966 2613 3557 2690">
     <span class='ocr_line' id='line_1_54' title="bbox 1966 2613 3557 2690; baseline -0.004 -17"><span class='ocrx_word' id='word_1_441' title='bbox 1966 2618 2180 2690; x_wconf 76' lang='lat' dir='ltr'><strong>redigit,</strong></span> <span class='ocrx_word' id='word_1_442' title='bbox 2204 2618 2330 2689; x_wconf 89' lang='lat' dir='ltr'><strong>quia</strong></span> <span class='ocrx_word' id='word_1_443' title='bbox 2358 2619 2706 2687; x_wconf 89' lang='lat' dir='ltr'><strong>semetipsum</strong></span> <span class='ocrx_word' id='word_1_444' title='bbox 2735 2616 2901 2672; x_wconf 90' lang='lat' dir='ltr'><strong>etiam</strong></span> <span class='ocrx_word' id='word_1_445' title='bbox 2930 2631 2960 2670; x_wconf 92' lang='lat' dir='ltr'><strong>a</strong></span> <span class='ocrx_word' id='word_1_446' title='bbox 2989 2614 3151 2670; x_wconf 84' lang='lat' dir='ltr'><strong>licitis</strong></span> <span class='ocrx_word' id='word_1_447' title='bbox 3181 2613 3557 2684; x_wconf 81' lang='lat' dir='ltr'><strong>restringenda</strong></span> 
     </span>
    </p>
   </div>
   <div class='ocr_carea' id='block_1_55' title="bbox 1967 2705 3554 2781">
    <p class='ocr_par' dir='ltr' id='par_1_55' title="bbox 1967 2705 3554 2781">
     <span class='ocr_line' id='line_1_55' title="bbox 1967 2705 3554 2781; baseline -0.005 -15"><span class='ocrx_word' id='word_1_448' title='bbox 1967 2725 2030 2766; x_wconf 90' lang='lat' dir='ltr'><strong>ea</strong></span> <span class='ocrx_word' id='word_1_449' title='bbox 2072 2725 2193 2781; x_wconf 69' lang='lat' dir='ltr'><strong>quae</strong></span> <span class='ocrx_word' id='word_1_450' title='bbox 2237 2709 2501 2766; x_wconf 86' lang='lat' dir='ltr'><strong>delectata</strong></span> <span class='ocrx_word' id='word_1_451' title='bbox 2548 2715 2861 2779; x_wconf 92' lang='lat' dir='ltr'><strong>premerent</strong></span> <span class='ocrx_word' id='word_1_452' title='bbox 2902 2707 3156 2777; x_wconf 84' lang='lat' dir='ltr'><strong>despecta</strong></span> <span class='ocrx_word' id='word_1_453' title='bbox 3201 2705 3554 2760; x_wconf 88' lang='lat' dir='ltr'><strong>transcendit.</strong></span> 
     </span>
    </p>
   </div>
   <div class='ocr_carea' id='block_1_56' title="bbox 1971 2798 3555 2855">
    <p class='ocr_par' dir='ltr' id='par_1_56' title="bbox 1971 2798 3555 2855">
     <span class='ocr_line' id='line_1_56' title="bbox 1971 2798 3555 2855; baseline -0.003 -1"><span class='ocrx_word' id='word_1_454' title='bbox 1971 2800 2110 2854; x_wconf 83' lang='lat' dir='ltr'><strong>Esca</strong></span> <span class='ocrx_word' id='word_1_455' title='bbox 2146 2800 2308 2855; x_wconf 81' lang='lat' dir='ltr'><strong>uentri</strong></span> <span class='ocrx_word' id='word_1_456' title='bbox 2342 2809 2392 2855; x_wconf 88' lang='lat' dir='ltr'><strong>et</strong></span> <span class='ocrx_word' id='word_1_457' title='bbox 2427 2811 2604 2854; x_wconf 85' lang='lat' dir='ltr'><strong>venter</strong></span> <span class='ocrx_word' id='word_1_458' title='bbox 2639 2800 2768 2854; x_wconf 86' lang='lat' dir='ltr'><strong>escis</strong></span> <span class='ocrx_word' id='word_1_459' title='bbox 2797 2813 2816 2851; x_wconf 88' lang='lat'><strong><em>:</em></strong></span> <span class='ocrx_word' id='word_1_460' title='bbox 2855 2798 2998 2853; x_wconf 89' lang='lat' dir='ltr'><strong>Deus</strong></span> <span class='ocrx_word' id='word_1_461' title='bbox 3037 2808 3208 2852; x_wconf 88' lang='lat' dir='ltr'><strong>autem</strong></span> <span class='ocrx_word' id='word_1_462' title='bbox 3248 2807 3294 2850; x_wconf 91' lang='lat' dir='ltr'><strong>et</strong></span> <span class='ocrx_word' id='word_1_463' title='bbox 3330 2799 3470 2851; x_wconf 80' lang='lat' dir='ltr'><strong>hunc</strong></span> <span class='ocrx_word' id='word_1_464' title='bbox 3506 2805 3555 2850; x_wconf 86' lang='lat' dir='ltr'><strong>et</strong></span> 
     </span>
    </p>
   </div>
   <div class='ocr_carea' id='block_1_57' title="bbox 1967 2887 3556 2962">
    <p class='ocr_par' dir='ltr' id='par_1_57' title="bbox 1967 2887 3556 2962">
     <span class='ocr_line' id='line_1_57' title="bbox 1967 2887 3556 2962; baseline -0.003 -16"><span class='ocrx_word' id='word_1_465' title='bbox 1967 2893 2104 2946; x_wconf 81' lang='lat' dir='ltr'><strong>hanc</strong></span> <span class='ocrx_word' id='word_1_466' title='bbox 2148 2892 2399 2946; x_wconf 87' lang='lat' dir='ltr'><strong>destruet.</strong></span> <span class='ocrx_word' id='word_1_467' title='bbox 2452 2890 2656 2962; x_wconf 88' lang='lat' dir='ltr'><strong>(Amb.)</strong></span> <span class='ocrx_word' id='word_1_468' title='bbox 2688 2889 2992 2944; x_wconf 87' lang='lat' dir='ltr'><strong>Destructio</strong></span> <span class='ocrx_word' id='word_1_469' title='bbox 3020 2887 3224 2943; x_wconf 83' lang='lat' dir='ltr'><strong>ventris</strong></span> <span class='ocrx_word' id='word_1_470' title='bbox 3261 2895 3345 2943; x_wconf 90' lang='lat' dir='ltr'><strong>cst</strong></span> <span class='ocrx_word' id='word_1_471' title='bbox 3369 2928 3384 2954; x_wconf 93' lang='lat'><strong>,</strong></span> <span class='ocrx_word' id='word_1_472' title='bbox 3432 2903 3556 2942; x_wconf 88' lang='lat' dir='ltr'><strong>cum</strong></span> 
     </span>
    </p>
   </div>
   <div class='ocr_carea' id='block_1_58' title="bbox 1970 2976 3556 3042">
    <p class='ocr_par' dir='ltr' id='par_1_58' title="bbox 1970 2976 3556 3042">
     <span class='ocr_line' id='line_1_58' title="bbox 1970 2976 3556 3042; baseline -0.004 -6"><span class='ocrx_word' id='word_1_473' title='bbox 1970 2981 2163 3036; x_wconf 88' lang='lat' dir='ltr'><strong>edendi</strong></span> <span class='ocrx_word' id='word_1_474' title='bbox 2203 2988 2384 3036; x_wconf 87' lang='lat' dir='ltr'><strong>cessat</strong></span> <span class='ocrx_word' id='word_1_475' title='bbox 2412 2977 2647 3033; x_wconf 83' lang='lat' dir='ltr'><strong>olilcium</strong></span> <span class='ocrx_word' id='word_1_476' title='bbox 2676 3017 2692 3042; x_wconf 93' lang='lat'><strong>,</strong></span> <span class='ocrx_word' id='word_1_477' title='bbox 2744 2992 2883 3031; x_wconf 86' lang='lat' dir='ltr'><strong>escae</strong></span> <span class='ocrx_word' id='word_1_478' title='bbox 2926 2991 3056 3030; x_wconf 90' lang='lat' dir='ltr'><strong>vero</strong></span> <span class='ocrx_word' id='word_1_479' title='bbox 3103 2976 3397 3030; x_wconf 89' lang='lat' dir='ltr'><strong>destructio</strong></span> <span class='ocrx_word' id='word_1_480' title='bbox 3428 2984 3556 3031; x_wconf 85' lang='lat' dir='ltr'><strong>tunc</strong></span> 
     </span>
    </p>
   </div>
   <div class='ocr_carea' id='block_1_59' title="bbox 1968 3063 3555 3139">
    <p class='ocr_par' dir='ltr' id='par_1_59' title="bbox 1968 3063 3555 3139">
     <span class='ocr_line' id='line_1_59' title="bbox 1968 3063 3555 3139; baseline -0.006 -13"><span class='ocrx_word' id='word_1_481' title='bbox 1968 3070 2075 3126; x_wconf 88' lang='lat' dir='ltr'><strong>erit</strong></span> <span class='ocrx_word' id='word_1_482' title='bbox 2098 3111 2115 3138; x_wconf 94' lang='lat'><strong>,</strong></span> <span class='ocrx_word' id='word_1_483' title='bbox 2160 3069 2377 3139; x_wconf 87' lang='lat' dir='ltr'><strong>quando</strong></span> <span class='ocrx_word' id='word_1_484' title='bbox 2408 3067 2622 3122; x_wconf 87' lang='lat' dir='ltr'><strong>steterit</strong></span> <span class='ocrx_word' id='word_1_485' title='bbox 2648 3067 2926 3121; x_wconf 88' lang='lat' dir='ltr'><strong>nativitas.</strong></span> <span class='ocrx_word' id='word_1_486' title='bbox 2986 3063 3428 3134; x_wconf 88' lang='lat' dir='ltr'><strong>Pseudoapostoli</strong></span> <span class='ocrx_word' id='word_1_487' title='bbox 3457 3079 3555 3117; x_wconf 71' lang='lat' dir='ltr'><strong>au—</strong></span> 
     </span>
    </p>
   </div>
   <div class='ocr_carea' id='block_1_60' title="bbox 1970 3156 3562 3230">
    <p class='ocr_par' dir='ltr' id='par_1_60' title="bbox 1970 3156 3562 3230">
     <span class='ocr_line' id='line_1_60' title="bbox 1970 3156 3562 3230; baseline -0.004 -14"><span class='ocrx_word' id='word_1_488' title='bbox 1970 3170 2077 3216; x_wconf 87' lang='lat' dir='ltr'><strong>tem</strong></span> <span class='ocrx_word' id='word_1_489' title='bbox 2100 3203 2114 3225; x_wconf 94' lang='lat'><strong>,</strong></span> <span class='ocrx_word' id='word_1_490' title='bbox 2169 3161 2260 3230; x_wconf 90' lang='lat' dir='ltr'><strong>qui</strong></span> <span class='ocrx_word' id='word_1_491' title='bbox 2310 3175 2418 3217; x_wconf 93' lang='lat' dir='ltr'><strong>non</strong></span> <span class='ocrx_word' id='word_1_492' title='bbox 2451 3159 2637 3228; x_wconf 87' lang='lat' dir='ltr'><strong>utique</strong></span> <span class='ocrx_word' id='word_1_493' title='bbox 2665 3156 2942 3228; x_wconf 79' lang='lat' dir='ltr'><strong>religionis</strong></span> <span class='ocrx_word' id='word_1_494' title='bbox 2969 3171 3131 3212; x_wconf 89' lang='lat' dir='ltr'><strong>causa</strong></span> <span class='ocrx_word' id='word_1_495' title='bbox 3183 3156 3276 3212; x_wconf 91' lang='lat' dir='ltr'><strong>sed</strong></span> <span class='ocrx_word' id='word_1_496' title='bbox 3323 3163 3562 3225; x_wconf 77' lang='lat' dir='ltr'><strong>qutustus</strong></span> 
     </span>
    </p>
   </div>
   <div class='ocr_carea' id='block_1_61' title="bbox 271 3225 3558 3330">
    <p class='ocr_par' dir='ltr' id='par_1_61' title="bbox 271 3225 3558 3330">
     <span class='ocr_line' id='line_1_61' title="bbox 271 3225 3558 3330; baseline -0.001 -28"><span class='ocrx_word' id='word_1_497' title='bbox 271 3253 593 3314; x_wconf 80' lang='lat' dir='ltr'><strong>noscuntur,</strong></span> <span class='ocrx_word' id='word_1_498' title='bbox 627 3248 770 3318; x_wconf 88' lang='lat' dir='ltr'><strong>quod</strong></span> <span class='ocrx_word' id='word_1_499' title='bbox 799 3225 883 3304; x_wconf 79' lang='lat' dir='ltr'><strong>est</strong></span> <span class='ocrx_word' id='word_1_500' title='bbox 923 3225 1343 3310; x_wconf 79' lang='lat' dir='ltr'><strong>fundamentum</strong></span> <span class='ocrx_word' id='word_1_501' title='bbox 1363 3250 1695 3330; x_wconf 71' lang='lat' dir='ltr'><strong>Evangelicm</strong></span> <span class='ocrx_word' id='word_1_502' title='bbox 1723 3251 1864 3306; x_wconf 84' lang='lat' dir='ltr'><strong>veri-</strong></span> <span class='ocrx_word' id='word_1_503' title='bbox 1891 3225 1936 3288; x_wconf 79' lang='lat' dir='ltr'><strong><em>C</em></strong></span> <span class='ocrx_word' id='word_1_504' title='bbox 1967 3225 2292 3318; x_wconf 78' lang='lat' dir='ltr'><strong>circuibant,</strong></span> <span class='ocrx_word' id='word_1_505' title='bbox 2327 3225 2679 3322; x_wconf 78' lang='lat' dir='ltr'><strong>peccantibus</strong></span> <span class='ocrx_word' id='word_1_506' title='bbox 2704 3225 2876 3304; x_wconf 77' lang='lat' dir='ltr'><strong>amari</strong></span> <span class='ocrx_word' id='word_1_507' title='bbox 2904 3263 3026 3304; x_wconf 89' lang='lat' dir='ltr'><strong>esse</strong></span> <span class='ocrx_word' id='word_1_508' title='bbox 3059 3247 3335 3304; x_wconf 88' lang='lat' dir='ltr'><strong>nolebant.</strong></span> <span class='ocrx_word' id='word_1_509' title='bbox 3376 3245 3558 3319; x_wconf 71' lang='lat' dir='ltr'><strong>(.4ug.)</strong></span> 
     </span>
    </p>
   </div>
   <div class='ocr_carea' id='block_1_62' title="bbox 271 3339 1865 3416">
    <p class='ocr_par' dir='ltr' id='par_1_62' title="bbox 271 3339 1865 3416">
     <span class='ocr_line' id='line_1_62' title="bbox 271 3339 1865 3416; baseline 0.003 -22"><span class='ocrx_word' id='word_1_510' title='bbox 271 3339 400 3394; x_wconf 84' lang='lat' dir='ltr'><strong>tatis</strong></span> <span class='ocrx_word' id='word_1_511' title='bbox 425 3357 441 3393; x_wconf 93' lang='lat'><strong>:</strong></span> <span class='ocrx_word' id='word_1_512' title='bbox 478 3339 594 3395; x_wconf 89' lang='lat' dir='ltr'><strong>illic</strong></span> <span class='ocrx_word' id='word_1_513' title='bbox 619 3340 763 3395; x_wconf 89' lang='lat' dir='ltr'><strong>enim</strong></span> <span class='ocrx_word' id='word_1_514' title='bbox 793 3342 1048 3397; x_wconf 89' lang='lat' dir='ltr'><strong>omnibus</strong></span> <span class='ocrx_word' id='word_1_515' title='bbox 1077 3343 1335 3414; x_wconf 83' lang='lat' dir='ltr'><strong>depositis</strong></span> <span class='ocrx_word' id='word_1_516' title='bbox 1363 3345 1601 3416; x_wconf 90' lang='lat' dir='ltr'><strong>peccatis</strong></span> <span class='ocrx_word' id='word_1_517' title='bbox 1629 3344 1865 3409; x_wconf 89' lang='lat' dir='ltr'><strong>abluitur</strong></span> 
     </span>
    </p>
   </div>
   <div class='ocr_carea' id='block_1_63' title="bbox 271 3430 1863 3506">
    <p class='ocr_par' dir='ltr' id='par_1_63' title="bbox 271 3430 1863 3506">
     <span class='ocr_line' id='line_1_63' title="bbox 271 3430 1863 3506; baseline 0.004 -21"><span class='ocrx_word' id='word_1_518' title='bbox 271 3430 524 3495; x_wconf 85' lang='lat' dir='ltr'><strong>credens,</strong></span> <span class='ocrx_word' id='word_1_519' title='bbox 541 3430 937 3502; x_wconf 86' lang='lat' dir='ltr'><strong>justilicaturin</strong></span> <span class='ocrx_word' id='word_1_520' title='bbox 956 3433 1166 3488; x_wconf 90' lang='lat' dir='ltr'><strong>Domini</strong></span> <span class='ocrx_word' id='word_1_521' title='bbox 1198 3436 1435 3500; x_wconf 88' lang='lat' dir='ltr'><strong>nomine,</strong></span> <span class='ocrx_word' id='word_1_522' title='bbox 1461 3443 1515 3489; x_wconf 90' lang='lat' dir='ltr'><strong>et</strong></span> <span class='ocrx_word' id='word_1_523' title='bbox 1537 3434 1740 3506; x_wconf 90' lang='lat' dir='ltr'><strong>Spiritu</strong></span> <span class='ocrx_word' id='word_1_524' title='bbox 1768 3437 1863 3492; x_wconf 91' lang='lat' dir='ltr'><strong>Dei</strong></span> 
     </span>
    </p>
   </div>
   <div class='ocr_carea' id='block_1_64' title="bbox 271 3513 1860 3593">
    <p class='ocr_par' dir='ltr' id='par_1_64' title="bbox 271 3513 1860 3593">
     <span class='ocr_line' id='line_1_64' title="bbox 271 3513 1860 3593; baseline 0.003 -17"><span class='ocrx_word' id='word_1_525' title='bbox 271 3522 476 3588; x_wconf 84' lang='lat' dir='ltr'><strong>nostri,</strong></span> <span class='ocrx_word' id='word_1_526' title='bbox 514 3522 610 3577; x_wconf 80' lang='lat' dir='ltr'><strong>Dei</strong></span> <span class='ocrx_word' id='word_1_527' title='bbox 647 3523 790 3579; x_wconf 83' lang='lat' dir='ltr'><strong>ﬁlius</strong></span> <span class='ocrx_word' id='word_1_528' title='bbox 817 3523 1121 3593; x_wconf 89' lang='lat' dir='ltr'><strong>adoptatur.</strong></span> <span class='ocrx_word' id='word_1_529' title='bbox 1157 3524 1260 3580; x_wconf 83' lang='lat' dir='ltr'><strong>l’er</strong></span> <span class='ocrx_word' id='word_1_530' title='bbox 1294 3526 1407 3580; x_wconf 65' lang='lat' dir='ltr'><strong>haec</strong></span> <span class='ocrx_word' id='word_1_531' title='bbox 1437 3513 1693 3590; x_wconf 84' lang='lat' dir='ltr'><strong>admouet</strong></span> <span class='ocrx_word' id='word_1_532' title='bbox 1723 3525 1860 3590; x_wconf 89' lang='lat' dir='ltr'><strong>illos,</strong></span> 
     </span>
    </p>
   </div>
   <div class='ocr_carea' id='block_1_65' title="bbox 272 3613 1861 3686">
    <p class='ocr_par' dir='ltr' id='par_1_65' title="bbox 272 3613 1861 3686">
     <span class='ocr_line' id='line_1_65' title="bbox 272 3613 1861 3686; baseline 0.001 -18"><span class='ocrx_word' id='word_1_533' title='bbox 272 3622 478 3682; x_wconf 87' lang='lat' dir='ltr'><strong>quanta</strong></span> <span class='ocrx_word' id='word_1_534' title='bbox 511 3621 570 3668; x_wconf 89' lang='lat' dir='ltr'><strong>et</strong></span> <span class='ocrx_word' id='word_1_535' title='bbox 592 3613 771 3683; x_wconf 87' lang='lat' dir='ltr'><strong>qualis</strong></span> <span class='ocrx_word' id='word_1_536' title='bbox 812 3615 883 3669; x_wconf 89' lang='lat' dir='ltr'><strong>sit</strong></span> <span class='ocrx_word' id='word_1_537' title='bbox 925 3615 1132 3684; x_wconf 79' lang='lat' dir='ltr'><strong>gratia,</strong></span> <span class='ocrx_word' id='word_1_538' title='bbox 1161 3630 1322 3685; x_wconf 88' lang='lat' dir='ltr'><strong>quam</strong></span> <span class='ocrx_word' id='word_1_539' title='bbox 1354 3629 1451 3686; x_wconf 92' lang='lat' dir='ltr'><strong>per</strong></span> <span class='ocrx_word' id='word_1_540' title='bbox 1474 3629 1660 3669; x_wconf 89' lang='lat' dir='ltr'><strong>veram</strong></span> <span class='ocrx_word' id='word_1_541' title='bbox 1693 3615 1861 3678; x_wconf 86' lang='lat' dir='ltr'><strong>tradi-</strong></span> 
     </span>
    </p>
   </div>
   <div class='ocr_carea' id='block_1_66' title="bbox 272 3694 1860 3777">
    <p class='ocr_par' dir='ltr' id='par_1_66' title="bbox 272 3694 1860 3777">
     <span class='ocr_line' id='line_1_66' title="bbox 272 3694 1860 3777; baseline 0 -19"><span class='ocrx_word' id='word_1_542' title='bbox 272 3706 479 3759; x_wconf 86' lang='lat' dir='ltr'><strong>tionem</strong></span> <span class='ocrx_word' id='word_1_543' title='bbox 511 3694 749 3759; x_wconf 86' lang='lat' dir='ltr'><strong>assecuti</strong></span> <span class='ocrx_word' id='word_1_544' title='bbox 778 3713 922 3760; x_wconf 92' lang='lat' dir='ltr'><strong>sunt.</strong></span> <span class='ocrx_word' id='word_1_545' title='bbox 947 3704 1140 3761; x_wconf 88' lang='lat' dir='ltr'><strong>Postea</strong></span> <span class='ocrx_word' id='word_1_546' title='bbox 1172 3719 1300 3760; x_wconf 86' lang='lat' dir='ltr'><strong>vero</strong></span> <span class='ocrx_word' id='word_1_547' title='bbox 1313 3715 1501 3761; x_wconf 91' lang='lat' dir='ltr'><strong>contra</strong></span> <span class='ocrx_word' id='word_1_548' title='bbox 1522 3705 1664 3761; x_wconf 87' lang='lat' dir='ltr'><strong>hanc</strong></span> <span class='ocrx_word' id='word_1_549' title='bbox 1698 3720 1860 3777; x_wconf 80' lang='lat' dir='ltr'><strong>regu-</strong></span> 
     </span>
    </p>
   </div>
   <div class='ocr_carea' id='block_1_67' title="bbox 272 3790 1864 3866">
    <p class='ocr_par' dir='ltr' id='par_1_67' title="bbox 272 3790 1864 3866">
     <span class='ocr_line' id='line_1_67' title="bbox 272 3790 1864 3866; baseline 0.003 -18"><span class='ocrx_word' id='word_1_550' title='bbox 272 3793 382 3848; x_wconf 88' lang='lat' dir='ltr'><strong>lam</strong></span> <span class='ocrx_word' id='word_1_551' title='bbox 412 3795 536 3850; x_wconf 80' lang='lat' dir='ltr'><strong>ﬁdei</strong></span> <span class='ocrx_word' id='word_1_552' title='bbox 565 3795 798 3866; x_wconf 87' lang='lat' dir='ltr'><strong>impulsu</strong></span> <span class='ocrx_word' id='word_1_553' title='bbox 823 3796 1084 3852; x_wconf 89' lang='lat' dir='ltr'><strong>malorum</strong></span> <span class='ocrx_word' id='word_1_554' title='bbox 1110 3797 1392 3854; x_wconf 89' lang='lat' dir='ltr'><strong>doctorum</strong></span> <span class='ocrx_word' id='word_1_555' title='bbox 1419 3797 1736 3860; x_wconf 86' lang='lat' dir='ltr'><strong>sentientes,</strong></span> <span class='ocrx_word' id='word_1_556' title='bbox 1779 3790 1864 3852; x_wconf 85' lang='lat' dir='ltr'><strong>bis</strong></span> 
     </span>
    </p>
   </div>
   <div class='ocr_carea' id='block_1_68' title="bbox 274 3885 1864 3958">
    <p class='ocr_par' dir='ltr' id='par_1_68' title="bbox 274 3885 1864 3958">
     <span class='ocr_line' id='line_1_68' title="bbox 274 3885 1864 3958; baseline -0.001 -17"><span class='ocrx_word' id='word_1_557' title='bbox 274 3886 560 3941; x_wconf 77' lang='lat' dir='ltr'><strong>beneﬁciis</strong></span> <span class='ocrx_word' id='word_1_558' title='bbox 587 3902 646 3942; x_wconf 91' lang='lat' dir='ltr'><strong>se</strong></span> <span class='ocrx_word' id='word_1_559' title='bbox 675 3895 961 3942; x_wconf 79' lang='lat' dir='ltr'><strong>exuerunt.</strong></span> <span class='ocrx_word' id='word_1_560' title='bbox 998 3887 1151 3944; x_wconf 85' lang='lat' dir='ltr'><strong>Unde</strong></span> <span class='ocrx_word' id='word_1_561' title='bbox 1179 3887 1230 3940; x_wconf 90' lang='lat' dir='ltr'><strong>id</strong></span> <span class='ocrx_word' id='word_1_562' title='bbox 1262 3886 1440 3958; x_wconf 77' lang='lat' dir='ltr'><strong>agitur</strong></span> <span class='ocrx_word' id='word_1_563' title='bbox 1465 3894 1526 3940; x_wconf 91' lang='lat' dir='ltr'><strong>ut</strong></span> <span class='ocrx_word' id='word_1_564' title='bbox 1554 3893 1772 3942; x_wconf 85' lang='lat' dir='ltr'><strong>revocet</strong></span> <span class='ocrx_word' id='word_1_565' title='bbox 1801 3885 1864 3940; x_wconf 89' lang='lat' dir='ltr'><strong>il-</strong></span> 
     </span>
    </p>
   </div>
   <div class='ocr_carea' id='block_1_69' title="bbox 273 3979 1866 4054">
    <p class='ocr_par' dir='ltr' id='par_1_69' title="bbox 273 3979 1866 4054">
     <span class='ocr_line' id='line_1_69' title="bbox 273 3979 1866 4054; baseline 0.003 -20"><span class='ocrx_word' id='word_1_566' title='bbox 273 3979 357 4035; x_wconf 90' lang='lat' dir='ltr'><strong>los</strong></span> <span class='ocrx_word' id='word_1_567' title='bbox 387 3981 456 4034; x_wconf 88' lang='lat' dir='ltr'><strong>ad</strong></span> <span class='ocrx_word' id='word_1_568' title='bbox 483 3981 716 4051; x_wconf 87' lang='lat' dir='ltr'><strong>primam</strong></span> <span class='ocrx_word' id='word_1_569' title='bbox 743 3982 1099 4048; x_wconf 84' lang='lat' dir='ltr'><strong>sententiam,</strong></span> <span class='ocrx_word' id='word_1_570' title='bbox 1138 3991 1198 4036; x_wconf 92' lang='lat' dir='ltr'><strong>ut</strong></span> <span class='ocrx_word' id='word_1_571' title='bbox 1231 3991 1553 4054; x_wconf 89' lang='lat' dir='ltr'><strong>recuperent</strong></span> <span class='ocrx_word' id='word_1_572' title='bbox 1579 3982 1724 4052; x_wconf 90' lang='lat' dir='ltr'><strong>quod</strong></span> <span class='ocrx_word' id='word_1_573' title='bbox 1751 3981 1866 4038; x_wconf 89' lang='lat' dir='ltr'><strong>fue-</strong></span> 
     </span>
    </p>
   </div>
   <div class='ocr_carea' id='block_1_70' title="bbox 273 4063 1864 4141">
    <p class='ocr_par' dir='ltr' id='par_1_70' title="bbox 273 4063 1864 4141">
     <span class='ocr_line' id='line_1_70' title="bbox 273 4063 1864 4141; baseline 0.003 -19"><span class='ocrx_word' id='word_1_574' title='bbox 273 4077 402 4124; x_wconf 85' lang='lat' dir='ltr'><strong>rant</strong></span> <span class='ocrx_word' id='word_1_575' title='bbox 424 4063 725 4125; x_wconf 83' lang='lat' dir='ltr'><strong>cousecuti.</strong></span> <span class='ocrx_word' id='word_1_576' title='bbox 759 4069 952 4125; x_wconf 82' lang='lat' dir='ltr'><strong>Omnia</strong></span> <span class='ocrx_word' id='word_1_577' title='bbox 972 4071 1100 4125; x_wconf 76' lang='lat' dir='ltr'><strong>mihi</strong></span> <span class='ocrx_word' id='word_1_578' title='bbox 1119 4070 1297 4140; x_wconf 81' lang='lat' dir='ltr'><strong>licent,</strong></span> <span class='ocrx_word' id='word_1_579' title='bbox 1319 4070 1410 4124; x_wconf 85' lang='lat' dir='ltr'><strong>sed</strong></span> <span class='ocrx_word' id='word_1_580' title='bbox 1433 4087 1526 4141; x_wconf 84' lang='lat' dir='ltr'><strong>ego</strong></span> <span class='ocrx_word' id='word_1_581' title='bbox 1547 4071 1643 4126; x_wconf 88' lang='lat' dir='ltr'><strong>sub</strong></span> <span class='ocrx_word' id='word_1_582' title='bbox 1668 4069 1864 4126; x_wconf 79' lang='lat' dir='ltr'><strong>nullius</strong></span> 
     </span>
    </p>
   </div>
   <div class='ocr_carea' id='block_1_71' title="bbox 274 4154 1862 4229">
    <p class='ocr_par' dir='ltr' id='par_1_71' title="bbox 274 4154 1862 4229">
     <span class='ocr_line' id='line_1_71' title="bbox 274 4154 1862 4229; baseline 0.002 -17"><span class='ocrx_word' id='word_1_583' title='bbox 274 4154 492 4228; x_wconf 73' lang='lat' dir='ltr'><strong>redigar</strong></span> <span class='ocrx_word' id='word_1_584' title='bbox 517 4168 790 4229; x_wconf 81' lang='lat' dir='ltr'><strong>potestate.</strong></span> <span class='ocrx_word' id='word_1_585' title='bbox 827 4159 1020 4214; x_wconf 89' lang='lat' dir='ltr'><strong>Omnia</strong></span> <span class='ocrx_word' id='word_1_586' title='bbox 1051 4161 1152 4215; x_wconf 89' lang='lat' dir='ltr'><strong>sibi</strong></span> <span class='ocrx_word' id='word_1_587' title='bbox 1182 4160 1347 4216; x_wconf 90' lang='lat' dir='ltr'><strong>licere</strong></span> <span class='ocrx_word' id='word_1_588' title='bbox 1371 4161 1525 4227; x_wconf 88' lang='lat' dir='ltr'><strong>dicit,</strong></span> <span class='ocrx_word' id='word_1_589' title='bbox 1549 4176 1612 4216; x_wconf 91' lang='lat' dir='ltr'><strong>ea</strong></span> <span class='ocrx_word' id='word_1_590' title='bbox 1634 4161 1862 4228; x_wconf 90' lang='lat' dir='ltr'><strong>scilicet,</strong></span> 
     </span>
    </p>
   </div>
   <div class='ocr_carea' id='block_1_72' title="bbox 273 4249 1868 4322">
    <p class='ocr_par' dir='ltr' id='par_1_72' title="bbox 273 4249 1868 4322">
     <span class='ocr_line' id='line_1_72' title="bbox 273 4249 1868 4322; baseline 0.006 -21"><span class='ocrx_word' id='word_1_591' title='bbox 273 4263 396 4318; x_wconf 82' lang='lat' dir='ltr'><strong>qua.-</strong></span> <span class='ocrx_word' id='word_1_592' title='bbox 417 4258 475 4303; x_wconf 91' lang='lat' dir='ltr'><strong>et</strong></span> <span class='ocrx_word' id='word_1_593' title='bbox 494 4249 819 4320; x_wconf 88' lang='lat' dir='ltr'><strong>coapostolis</strong></span> <span class='ocrx_word' id='word_1_594' title='bbox 842 4249 958 4319; x_wconf 88' lang='lat' dir='ltr'><strong>ejus</strong></span> <span class='ocrx_word' id='word_1_595' title='bbox 981 4251 1272 4318; x_wconf 90' lang='lat' dir='ltr'><strong>licuerunt,</strong></span> <span class='ocrx_word' id='word_1_596' title='bbox 1297 4267 1418 4322; x_wconf 69' lang='lat' dir='ltr'><strong>quae</strong></span> <span class='ocrx_word' id='word_1_597' title='bbox 1439 4261 1494 4307; x_wconf 89' lang='lat' dir='ltr'><strong>et</strong></span> <span class='ocrx_word' id='word_1_598' title='bbox 1519 4252 1604 4307; x_wconf 77' lang='lat' dir='ltr'><strong>lex</strong></span> <span class='ocrx_word' id='word_1_599' title='bbox 1627 4253 1868 4310; x_wconf 90' lang='lat' dir='ltr'><strong>continet</strong></span> 
     </span>
    </p>
   </div>
   <div class='ocr_carea' id='block_1_73' title="bbox 273 4339 1865 4416">
    <p class='ocr_par' dir='ltr' id='par_1_73' title="bbox 273 4339 1865 4416">
     <span class='ocr_line' id='line_1_73' title="bbox 273 4339 1865 4416; baseline 0.004 -22"><span class='ocrx_word' id='word_1_600' title='bbox 273 4339 570 4404; x_wconf 89' lang='lat' dir='ltr'><strong>naturalis,</strong></span> <span class='ocrx_word' id='word_1_601' title='bbox 610 4355 717 4395; x_wconf 90' lang='lat' dir='ltr'><strong>non</strong></span> <span class='ocrx_word' id='word_1_602' title='bbox 753 4340 969 4412; x_wconf 81' lang='lat' dir='ltr'><strong>Moysis,</strong></span> <span class='ocrx_word' id='word_1_603' title='bbox 1002 4343 1128 4412; x_wconf 89' lang='lat' dir='ltr'><strong>quia</strong></span> <span class='ocrx_word' id='word_1_604' title='bbox 1157 4343 1322 4397; x_wconf 92' lang='lat' dir='ltr'><strong>multa</strong></span> <span class='ocrx_word' id='word_1_605' title='bbox 1352 4343 1625 4412; x_wconf 89' lang='lat' dir='ltr'><strong>prohibuit</strong></span> <span class='ocrx_word' id='word_1_606' title='bbox 1653 4344 1865 4416; x_wconf 82' lang='lat' dir='ltr'><strong>Moyses</strong></span> 
     </span>
    </p>
   </div>
   <div class='ocr_carea' id='block_1_74' title="bbox 272 4430 1863 4502">
    <p class='ocr_par' dir='ltr' id='par_1_74' title="bbox 272 4430 1863 4502">
     <span class='ocr_line' id='line_1_74' title="bbox 272 4430 1863 4502; baseline 0.004 -19"><span class='ocrx_word' id='word_1_607' title='bbox 272 4438 500 4500; x_wconf 84' lang='lat' dir='ltr'><strong>propter</strong></span> <span class='ocrx_word' id='word_1_608' title='bbox 545 4430 801 4485; x_wconf 87' lang='lat' dir='ltr'><strong>duritiam</strong></span> <span class='ocrx_word' id='word_1_609' title='bbox 834 4431 1013 4486; x_wconf 88' lang='lat' dir='ltr'><strong>cordis</strong></span> <span class='ocrx_word' id='word_1_610' title='bbox 1057 4431 1238 4502; x_wconf 91' lang='lat' dir='ltr'><strong>populi</strong></span> <span class='ocrx_word' id='word_1_611' title='bbox 1280 4432 1543 4488; x_wconf 90' lang='lat' dir='ltr'><strong>increduli</strong></span> <span class='ocrx_word' id='word_1_612' title='bbox 1586 4442 1643 4489; x_wconf 90' lang='lat' dir='ltr'><strong>et</strong></span> <span class='ocrx_word' id='word_1_613' title='bbox 1682 4433 1863 4489; x_wconf 87' lang='lat' dir='ltr'><strong>cervi-</strong></span> 
     </span>
    </p>
   </div>
   <div class='ocr_carea' id='block_1_75' title="bbox 273 4522 1859 4594">
    <p class='ocr_par' dir='ltr' id='par_1_75' title="bbox 273 4522 1859 4594">
     <span class='ocr_line' id='line_1_75' title="bbox 273 4522 1859 4594; baseline 0.004 -19"><span class='ocrx_word' id='word_1_614' title='bbox 273 4522 433 4586; x_wconf 79' lang='lat' dir='ltr'><strong>cosi,</strong></span> <span class='ocrx_word' id='word_1_615' title='bbox 483 4529 665 4577; x_wconf 89' lang='lat' dir='ltr'><strong>tamen</strong></span> <span class='ocrx_word' id='word_1_616' title='bbox 707 4523 752 4577; x_wconf 90' lang='lat' dir='ltr'><strong>si</strong></span> <span class='ocrx_word' id='word_1_617' title='bbox 788 4524 855 4578; x_wconf 91' lang='lat' dir='ltr'><strong>ad</strong></span> <span class='ocrx_word' id='word_1_618' title='bbox 887 4539 1108 4578; x_wconf 90' lang='lat' dir='ltr'><strong>causam</strong></span> <span class='ocrx_word' id='word_1_619' title='bbox 1138 4525 1418 4594; x_wconf 88' lang='lat' dir='ltr'><strong>respicias,</strong></span> <span class='ocrx_word' id='word_1_620' title='bbox 1467 4525 1611 4580; x_wconf 91' lang='lat' dir='ltr'><strong>aliud</strong></span> <span class='ocrx_word' id='word_1_621' title='bbox 1658 4525 1759 4580; x_wconf 73' lang='lat' dir='ltr'><strong>fluit</strong></span> <span class='ocrx_word' id='word_1_622' title='bbox 1806 4527 1859 4581; x_wconf 94' lang='lat' dir='ltr'><strong>in</strong></span> 
     </span>
    </p>
   </div>
   <div class='ocr_carea' id='block_1_76' title="bbox 274 4607 1857 4684">
    <p class='ocr_par' dir='ltr' id='par_1_76' title="bbox 274 4607 1857 4684">
     <span class='ocr_line' id='line_1_76' title="bbox 274 4607 1857 4684; baseline 0.003 -19"><span class='ocrx_word' id='word_1_623' title='bbox 274 4623 442 4665; x_wconf 83' lang='lat' dir='ltr'><strong>sensu</strong></span> <span class='ocrx_word' id='word_1_624' title='bbox 467 4610 733 4681; x_wconf 86' lang='lat' dir='ltr'><strong>Apostoli,</strong></span> <span class='ocrx_word' id='word_1_625' title='bbox 753 4612 936 4667; x_wconf 72' lang='lat' dir='ltr'><strong>utlttec</strong></span> <span class='ocrx_word' id='word_1_626' title='bbox 964 4611 1292 4682; x_wconf 86' lang='lat' dir='ltr'><strong>loqueretur.</strong></span> <span class='ocrx_word' id='word_1_627' title='bbox 1320 4607 1443 4668; x_wconf 68' lang='lat' dir='ltr'><strong>Haec</strong></span> <span class='ocrx_word' id='word_1_628' title='bbox 1470 4615 1612 4669; x_wconf 91' lang='lat' dir='ltr'><strong>enim</strong></span> <span class='ocrx_word' id='word_1_629' title='bbox 1641 4615 1857 4684; x_wconf 60' lang='lat' dir='ltr'><strong>praemi-</strong></span> 
     </span>
    </p>
   </div>
   <div class='ocr_carea' id='block_1_77' title="bbox 275 4703 1861 4773">
    <p class='ocr_par' dir='ltr' id='par_1_77' title="bbox 275 4703 1861 4773">
     <span class='ocr_line' id='line_1_77' title="bbox 275 4703 1861 4773; baseline 0.004 -15"><span class='ocrx_word' id='word_1_630' title='bbox 275 4704 366 4768; x_wconf 90' lang='lat' dir='ltr'><strong>sit,</strong></span> <span class='ocrx_word' id='word_1_631' title='bbox 381 4711 572 4772; x_wconf 89' lang='lat' dir='ltr'><strong>postea</strong></span> <span class='ocrx_word' id='word_1_632' title='bbox 588 4711 806 4759; x_wconf 86' lang='lat' dir='ltr'><strong>acturus</strong></span> <span class='ocrx_word' id='word_1_633' title='bbox 832 4703 973 4759; x_wconf 84' lang='lat' dir='ltr'><strong>hanc</strong></span> <span class='ocrx_word' id='word_1_634' title='bbox 993 4719 1234 4770; x_wconf 89' lang='lat' dir='ltr'><strong>causam,</strong></span> <span class='ocrx_word' id='word_1_635' title='bbox 1263 4706 1406 4762; x_wconf 89' lang='lat' dir='ltr'><strong>sicut</strong></span> <span class='ocrx_word' id='word_1_636' title='bbox 1433 4705 1580 4773; x_wconf 88' lang='lat' dir='ltr'><strong>fecit,</strong></span> <span class='ocrx_word' id='word_1_637' title='bbox 1604 4716 1658 4764; x_wconf 91' lang='lat' dir='ltr'><strong>et</strong></span> <span class='ocrx_word' id='word_1_638' title='bbox 1683 4709 1750 4764; x_wconf 94' lang='lat' dir='ltr'><strong>de</strong></span> <span class='ocrx_word' id='word_1_639' title='bbox 1769 4709 1861 4765; x_wconf 94' lang='lat' dir='ltr'><strong>illo</strong></span> 
     </span>
    </p>
   </div>
   <div class='ocr_carea' id='block_1_78' title="bbox 275 4793 1865 4869">
    <p class='ocr_par' dir='ltr' id='par_1_78' title="bbox 275 4793 1865 4869">
     <span class='ocr_line' id='line_1_78' title="bbox 275 4793 1865 4869; baseline 0.006 -24"><span class='ocrx_word' id='word_1_640' title='bbox 275 4793 372 4862; x_wconf 85' lang='lat' dir='ltr'><strong>qui</strong></span> <span class='ocrx_word' id='word_1_641' title='bbox 423 4795 689 4848; x_wconf 88' lang='lat' dir='ltr'><strong>incestum</strong></span> <span class='ocrx_word' id='word_1_642' title='bbox 731 4793 1042 4860; x_wconf 79' lang='lat' dir='ltr'><strong>admiserat,</strong></span> <span class='ocrx_word' id='word_1_643' title='bbox 1086 4796 1336 4866; x_wconf 90' lang='lat' dir='ltr'><strong>proponit</strong></span> <span class='ocrx_word' id='word_1_644' title='bbox 1390 4797 1536 4852; x_wconf 91' lang='lat' dir='ltr'><strong>enim</strong></span> <span class='ocrx_word' id='word_1_645' title='bbox 1577 4797 1865 4869; x_wconf 84' lang='lat' dir='ltr'><strong>designans</strong></span> 
     </span>
    </p>
   </div>
   <div class='ocr_carea' id='block_1_79' title="bbox 276 4884 1864 4959">
    <p class='ocr_par' dir='ltr' id='par_1_79' title="bbox 276 4884 1864 4959">
     <span class='ocr_line' id='line_1_79' title="bbox 276 4884 1864 4959; baseline 0.005 -23"><span class='ocrx_word' id='word_1_646' title='bbox 276 4884 410 4954; x_wconf 88' lang='lat' dir='ltr'><strong>quid</strong></span> <span class='ocrx_word' id='word_1_647' title='bbox 423 4890 800 4938; x_wconf 88' lang='lat' dir='ltr'><strong>acturusesset</strong></span> <span class='ocrx_word' id='word_1_648' title='bbox 819 4891 1024 4952; x_wconf 89' lang='lat' dir='ltr'><strong>postea.</strong></span> <span class='ocrx_word' id='word_1_649' title='bbox 1046 4884 1288 4955; x_wconf 88' lang='lat' dir='ltr'><strong>Denique</strong></span> <span class='ocrx_word' id='word_1_650' title='bbox 1314 4885 1499 4940; x_wconf 89' lang='lat' dir='ltr'><strong>statim</strong></span> <span class='ocrx_word' id='word_1_651' title='bbox 1526 4887 1594 4941; x_wconf 90' lang='lat' dir='ltr'><strong>ad</strong></span> <span class='ocrx_word' id='word_1_652' title='bbox 1623 4889 1864 4959; x_wconf 80' lang='lat' dir='ltr'><strong>superio-</strong></span> 
     </span>
    </p>
   </div>
   <div class='ocr_carea' id='block_1_80' title="bbox 277 4973 1859 5042">
    <p class='ocr_par' dir='ltr' id='par_1_80' title="bbox 277 4973 1859 5042">
     <span class='ocr_line' id='line_1_80' title="bbox 277 4973 1859 5042; baseline 0.001 -14"><span class='ocrx_word' id='word_1_653' title='bbox 277 4987 396 5028; x_wconf 88' lang='lat' dir='ltr'><strong>rem</strong></span> <span class='ocrx_word' id='word_1_654' title='bbox 425 4987 645 5027; x_wconf 86' lang='lat' dir='ltr'><strong>sensum</strong></span> <span class='ocrx_word' id='word_1_655' title='bbox 673 4973 933 5038; x_wconf 88' lang='lat' dir='ltr'><strong>breviter,</strong></span> <span class='ocrx_word' id='word_1_656' title='bbox 961 4973 1176 5029; x_wconf 91' lang='lat' dir='ltr'><strong>interim</strong></span> <span class='ocrx_word' id='word_1_657' title='bbox 1209 4989 1266 5029; x_wconf 89' lang='lat' dir='ltr'><strong>re</strong></span> <span class='ocrx_word' id='word_1_658' title='bbox 1292 4975 1670 5030; x_wconf 89' lang='lat' dir='ltr'><strong>commendata</strong></span> <span class='ocrx_word' id='word_1_659' title='bbox 1701 4977 1859 5042; x_wconf 86' lang='lat' dir='ltr'><strong>redit,</strong></span> 
     </span>
    </p>
   </div>
   <div class='ocr_carea' id='block_1_81' title="bbox 277 5061 1867 5138">
    <p class='ocr_par' dir='ltr' id='par_1_81' title="bbox 277 5061 1867 5138">
     <span class='ocr_line' id='line_1_81' title="bbox 277 5061 1867 5138; baseline 0.003 -19"><span class='ocrx_word' id='word_1_660' title='bbox 277 5061 386 5119; x_wconf 79' lang='lat' dir='ltr'><strong>hoc</strong></span> <span class='ocrx_word' id='word_1_661' title='bbox 411 5064 560 5118; x_wconf 88' lang='lat' dir='ltr'><strong>enim</strong></span> <span class='ocrx_word' id='word_1_662' title='bbox 589 5063 712 5118; x_wconf 87' lang='lat' dir='ltr'><strong>ideo</strong></span> <span class='ocrx_word' id='word_1_663' title='bbox 740 5063 872 5119; x_wconf 87' lang='lat' dir='ltr'><strong>dicit</strong></span> <span class='ocrx_word' id='word_1_664' title='bbox 900 5065 1026 5134; x_wconf 90' lang='lat' dir='ltr'><strong>quia</strong></span> <span class='ocrx_word' id='word_1_665' title='bbox 1055 5064 1250 5120; x_wconf 87' lang='lat' dir='ltr'><strong>licebat</strong></span> <span class='ocrx_word' id='word_1_666' title='bbox 1278 5065 1352 5120; x_wconf 92' lang='lat' dir='ltr'><strong>illi</strong></span> <span class='ocrx_word' id='word_1_667' title='bbox 1413 5068 1482 5121; x_wconf 90' lang='lat' dir='ltr'><strong>ab</strong></span> <span class='ocrx_word' id='word_1_668' title='bbox 1511 5067 1596 5122; x_wconf 88' lang='lat' dir='ltr'><strong>his</strong></span> <span class='ocrx_word' id='word_1_669' title='bbox 1621 5078 1867 5138; x_wconf 91' lang='lat' dir='ltr'><strong>sumptus</strong></span> 
     </span>
    </p>
   </div>
   <div class='ocr_carea' id='block_1_82' title="bbox 279 5153 1868 5228">
    <p class='ocr_par' dir='ltr' id='par_1_82' title="bbox 279 5153 1868 5228">
     <span class='ocr_line' id='line_1_82' title="bbox 279 5153 1868 5228; baseline 0.004 -18"><span class='ocrx_word' id='word_1_670' title='bbox 279 5155 551 5225; x_wconf 74' lang='lat' dir='ltr'><strong>accipere.</strong></span> <span class='ocrx_word' id='word_1_671' title='bbox 601 5153 708 5210; x_wconf 86' lang='lat' dir='ltr'><strong>Sed</strong></span> <span class='ocrx_word' id='word_1_672' title='bbox 735 5156 989 5226; x_wconf 88' lang='lat' dir='ltr'><strong>quoniam</strong></span> <span class='ocrx_word' id='word_1_673' title='bbox 1018 5157 1226 5212; x_wconf 88' lang='lat' dir='ltr'><strong>sciebat</strong></span> <span class='ocrx_word' id='word_1_674' title='bbox 1263 5158 1740 5228; x_wconf 88' lang='lat' dir='ltr'><strong>pseudoapostolos</strong></span> <span class='ocrx_word' id='word_1_675' title='bbox 1776 5175 1868 5216; x_wconf 85' lang='lat' dir='ltr'><strong>oc-</strong></span> 
     </span>
    </p>
   </div>
   <div class='ocr_carea' id='block_1_83' title="bbox 273 5245 1864 5319">
    <p class='ocr_par' dir='ltr' id='par_1_83' title="bbox 273 5245 1864 5319">
     <span class='ocr_line' id='line_1_83' title="bbox 273 5245 1864 5319; baseline 0.002 -17"><span class='ocrx_word' id='word_1_676' title='bbox 273 5245 557 5302; x_wconf 84' lang='lat' dir='ltr'><strong>casionem</strong></span> <span class='ocrx_word' id='word_1_677' title='bbox 589 5257 834 5313; x_wconf 67' lang='lat' dir='ltr'><strong>quaerere</strong></span> <span class='ocrx_word' id='word_1_678' title='bbox 863 5245 1184 5315; x_wconf 87' lang='lat' dir='ltr'><strong>accipiendi,</strong></span> <span class='ocrx_word' id='word_1_679' title='bbox 1207 5246 1379 5302; x_wconf 91' lang='lat' dir='ltr'><strong>noluit</strong></span> <span class='ocrx_word' id='word_1_680' title='bbox 1403 5248 1576 5302; x_wconf 87' lang='lat' dir='ltr'><strong>abhis</strong></span> <span class='ocrx_word' id='word_1_681' title='bbox 1597 5249 1864 5319; x_wconf 88' lang='lat' dir='ltr'><strong>accipere,</strong></span> 
     </span>
    </p>
   </div>
   <div class='ocr_carea' id='block_1_84' title="bbox 276 5335 1865 5410">
    <p class='ocr_par' dir='ltr' id='par_1_84' title="bbox 276 5335 1865 5410">
     <span class='ocr_line' id='line_1_84' title="bbox 276 5335 1865 5410; baseline 0.004 -20"><span class='ocrx_word' id='word_1_682' title='bbox 276 5349 348 5390; x_wconf 85' lang='lat' dir='ltr'><strong>ne</strong></span> <span class='ocrx_word' id='word_1_683' title='bbox 384 5350 551 5389; x_wconf 87' lang='lat' dir='ltr'><strong>causa</strong></span> <span class='ocrx_word' id='word_1_684' title='bbox 579 5335 791 5389; x_wconf 87' lang='lat' dir='ltr'><strong>ventris</strong></span> <span class='ocrx_word' id='word_1_685' title='bbox 828 5336 985 5407; x_wconf 81' lang='lat' dir='ltr'><strong>vigor</strong></span> <span class='ocrx_word' id='word_1_686' title='bbox 1021 5337 1356 5407; x_wconf 72' lang='lat' dir='ltr'><strong>Evangelicte</strong></span> <span class='ocrx_word' id='word_1_687' title='bbox 1395 5339 1639 5394; x_wconf 85' lang='lat' dir='ltr'><strong>veritatis</strong></span> <span class='ocrx_word' id='word_1_688' title='bbox 1685 5348 1865 5410; x_wconf 89' lang='lat' dir='ltr'><strong>torpe-</strong></span> 
     </span>
    </p>
   </div>
   <div class='ocr_carea' id='block_1_85' title="bbox 276 5425 1869 5496">
    <p class='ocr_par' dir='ltr' id='par_1_85' title="bbox 276 5425 1869 5496">
     <span class='ocr_line' id='line_1_85' title="bbox 276 5425 1869 5496; baseline 0.004 -15"><span class='ocrx_word' id='word_1_689' title='bbox 276 5435 492 5481; x_wconf 85' lang='lat' dir='ltr'><strong>sceret:</strong></span> <span class='ocrx_word' id='word_1_690' title='bbox 528 5425 574 5479; x_wconf 90' lang='lat' dir='ltr'><strong>si</strong></span> <span class='ocrx_word' id='word_1_691' title='bbox 603 5426 748 5479; x_wconf 88' lang='lat' dir='ltr'><strong>enim</strong></span> <span class='ocrx_word' id='word_1_692' title='bbox 772 5426 840 5480; x_wconf 87' lang='lat' dir='ltr'><strong>ah</strong></span> <span class='ocrx_word' id='word_1_693' title='bbox 867 5427 952 5481; x_wconf 89' lang='lat' dir='ltr'><strong>his</strong></span> <span class='ocrx_word' id='word_1_694' title='bbox 977 5427 1270 5496; x_wconf 85' lang='lat' dir='ltr'><strong>acciperet,</strong></span> <span class='ocrx_word' id='word_1_695' title='bbox 1291 5442 1426 5496; x_wconf 91' lang='lat' dir='ltr'><strong>quos</strong></span> <span class='ocrx_word' id='word_1_696' title='bbox 1453 5429 1508 5483; x_wconf 93' lang='lat' dir='ltr'><strong>in</strong></span> <span class='ocrx_word' id='word_1_697' title='bbox 1537 5429 1698 5484; x_wconf 90' lang='lat' dir='ltr'><strong>tantis</strong></span> <span class='ocrx_word' id='word_1_698' title='bbox 1722 5431 1869 5487; x_wconf 87' lang='lat' dir='ltr'><strong>vitiis</strong></span> 
     </span>
    </p>
   </div>
   <div class='ocr_carea' id='block_1_86' title="bbox 277 5518 1868 5589">
    <p class='ocr_par' dir='ltr' id='par_1_86' title="bbox 277 5518 1868 5589">
     <span class='ocr_line' id='line_1_86' title="bbox 277 5518 1868 5589; baseline 0.002 -17"><span class='ocrx_word' id='word_1_699' title='bbox 277 5518 566 5588; x_wconf 71' lang='lat' dir='ltr'><strong>arguebat,</strong></span> <span class='ocrx_word' id='word_1_700' title='bbox 596 5518 974 5572; x_wconf 88' lang='lat' dir='ltr'><strong>auctoritatem</strong></span> <span class='ocrx_word' id='word_1_701' title='bbox 1003 5518 1300 5589; x_wconf 79' lang='lat' dir='ltr'><strong>magisterii</strong></span> <span class='ocrx_word' id='word_1_702' title='bbox 1328 5530 1641 5575; x_wconf 82' lang='lat' dir='ltr'><strong>concessam</strong></span> <span class='ocrx_word' id='word_1_703' title='bbox 1671 5519 1774 5575; x_wconf 88' lang='lat' dir='ltr'><strong>sibi</strong></span> <span class='ocrx_word' id='word_1_704' title='bbox 1800 5521 1868 5576; x_wconf 90' lang='lat' dir='ltr'><strong>ad</strong></span> 
     </span>
    </p>
   </div>
   <div class='ocr_carea' id='block_1_87' title="bbox 277 5606 1867 5680">
    <p class='ocr_par' dir='ltr' id='par_1_87' title="bbox 277 5606 1867 5680">
     <span class='ocr_line' id='line_1_87' title="bbox 277 5606 1867 5680; baseline 0.003 -19"><span class='ocrx_word' id='word_1_705' title='bbox 277 5622 380 5662; x_wconf 87' lang='lat' dir='ltr'><strong>uos</strong></span> <span class='ocrx_word' id='word_1_706' title='bbox 430 5623 464 5662; x_wconf 90' lang='lat' dir='ltr'><strong>a</strong></span> <span class='ocrx_word' id='word_1_707' title='bbox 509 5606 742 5664; x_wconf 89' lang='lat' dir='ltr'><strong>Domino</strong></span> <span class='ocrx_word' id='word_1_708' title='bbox 781 5607 1112 5672; x_wconf 87' lang='lat' dir='ltr'><strong>inclinabat;</strong></span> <span class='ocrx_word' id='word_1_709' title='bbox 1172 5623 1280 5663; x_wconf 91' lang='lat' dir='ltr'><strong>non</strong></span> <span class='ocrx_word' id='word_1_710' title='bbox 1326 5611 1468 5664; x_wconf 87' lang='lat' dir='ltr'><strong>enim</strong></span> <span class='ocrx_word' id='word_1_711' title='bbox 1517 5619 1696 5680; x_wconf 87' lang='lat' dir='ltr'><strong>potest</strong></span> <span class='ocrx_word' id='word_1_712' title='bbox 1739 5627 1867 5667; x_wconf 85' lang='lat' dir='ltr'><strong>eon-</strong></span> 
     </span>
    </p>
   </div>
   <div class='ocr_carea' id='block_1_88' title="bbox 277 5696 1865 5768">
    <p class='ocr_par' dir='ltr' id='par_1_88' title="bbox 277 5696 1865 5768">
     <span class='ocr_line' id='line_1_88' title="bbox 277 5696 1865 5768; baseline 0.006 -18"><span class='ocrx_word' id='word_1_713' title='bbox 277 5706 489 5751; x_wconf 87' lang='lat' dir='ltr'><strong>stanter</strong></span> <span class='ocrx_word' id='word_1_714' title='bbox 517 5696 701 5766; x_wconf 81' lang='lat' dir='ltr'><strong>argui,</strong></span> <span class='ocrx_word' id='word_1_715' title='bbox 754 5712 784 5751; x_wconf 90' lang='lat' dir='ltr'><strong>a</strong></span> <span class='ocrx_word' id='word_1_716' title='bbox 815 5712 923 5766; x_wconf 91' lang='lat' dir='ltr'><strong>quo</strong></span> <span class='ocrx_word' id='word_1_717' title='bbox 963 5697 1247 5768; x_wconf 90' lang='lat' dir='ltr'><strong>accipitur,</strong></span> <span class='ocrx_word' id='word_1_718' title='bbox 1293 5700 1530 5754; x_wconf 79' lang='lat' dir='ltr'><strong>maxime</strong></span> <span class='ocrx_word' id='word_1_719' title='bbox 1573 5716 1696 5756; x_wconf 83' lang='lat' dir='ltr'><strong>cum</strong></span> <span class='ocrx_word' id='word_1_720' title='bbox 1739 5701 1865 5758; x_wconf 87' lang='lat' dir='ltr'><strong>ideo</strong></span> 
     </span>
    </p>
   </div>
   <div class='ocr_carea' id='block_1_89' title="bbox 281 5789 1866 5864">
    <p class='ocr_par' dir='ltr' id='par_1_89' title="bbox 281 5789 1866 5864">
     <span class='ocr_line' id='line_1_89' title="bbox 281 5789 1866 5864; baseline 0.004 -22"><span class='ocrx_word' id='word_1_721' title='bbox 281 5798 564 5860; x_wconf 86' lang='lat' dir='ltr'><strong>promptus</strong></span> <span class='ocrx_word' id='word_1_722' title='bbox 591 5790 658 5844; x_wconf 85' lang='lat' dir='ltr'><strong>ad</strong></span> <span class='ocrx_word' id='word_1_723' title='bbox 690 5789 924 5848; x_wconf 87' lang='lat' dir='ltr'><strong>dandum</strong></span> <span class='ocrx_word' id='word_1_724' title='bbox 961 5790 1065 5855; x_wconf 85' lang='lat' dir='ltr'><strong>sit,</strong></span> <span class='ocrx_word' id='word_1_725' title='bbox 1101 5798 1163 5847; x_wconf 90' lang='lat' dir='ltr'><strong>ut</strong></span> <span class='ocrx_word' id='word_1_726' title='bbox 1199 5789 1304 5846; x_wconf 90' lang='lat' dir='ltr'><strong>sibi</strong></span> <span class='ocrx_word' id='word_1_727' title='bbox 1339 5791 1583 5848; x_wconf 88' lang='lat' dir='ltr'><strong>humiiiet</strong></span> <span class='ocrx_word' id='word_1_728' title='bbox 1609 5793 1866 5864; x_wconf 64' lang='lat' dir='ltr'><strong>praeposi-</strong></span> 
     </span>
    </p>
   </div>
   <div class='ocr_carea' id='block_1_90' title="bbox 1887 4577 1940 4638">
    <p class='ocr_par' dir='ltr' id='par_1_90' title="bbox 1887 4577 1940 4638">
     <span class='ocr_line' id='line_1_90' title="bbox 1887 4577 1940 4638; baseline 0 0"><span class='ocrx_word' id='word_1_729' title='bbox 1887 4577 1940 4638; x_wconf 88' lang='lat' dir='ltr'><strong>D</strong></span> 
     </span>
    </p>
   </div>
   <div class='ocr_carea' id='block_1_91' title="bbox 1965 3335 3555 3410">
    <p class='ocr_par' dir='ltr' id='par_1_91' title="bbox 1965 3335 3555 3410">
     <span class='ocr_line' id='line_1_91' title="bbox 1965 3335 3555 3410; baseline -0.005 -12"><span class='ocrx_word' id='word_1_730' title='bbox 1965 3343 2258 3398; x_wconf 80' lang='lat' dir='ltr'><strong>Relicimus</strong></span> <span class='ocrx_word' id='word_1_731' title='bbox 2288 3341 2630 3410; x_wconf 87' lang='lat' dir='ltr'><strong>quotidianas</strong></span> <span class='ocrx_word' id='word_1_732' title='bbox 2658 3339 2841 3395; x_wconf 89' lang='lat' dir='ltr'><strong>ruinas</strong></span> <span class='ocrx_word' id='word_1_733' title='bbox 2867 3339 3113 3409; x_wconf 90' lang='lat' dir='ltr'><strong>corporis</strong></span> <span class='ocrx_word' id='word_1_734' title='bbox 3149 3337 3358 3394; x_wconf 89' lang='lat' dir='ltr'><strong>edendo</strong></span> <span class='ocrx_word' id='word_1_735' title='bbox 3387 3345 3443 3391; x_wconf 90' lang='lat' dir='ltr'><strong>et</strong></span> <span class='ocrx_word' id='word_1_736' title='bbox 3470 3335 3555 3390; x_wconf 35' lang='lat' dir='ltr'><strong>bis</strong></span> 
     </span>
    </p>
   </div>
   <div class='ocr_carea' id='block_1_92' title="bbox 1964 3427 3558 3502">
    <p class='ocr_par' dir='ltr' id='par_1_92' title="bbox 1964 3427 3558 3502">
     <span class='ocr_line' id='line_1_92' title="bbox 1964 3427 3558 3502; baseline -0.004 -13"><span class='ocrx_word' id='word_1_737' title='bbox 1964 3433 2164 3495; x_wconf 89' lang='lat' dir='ltr'><strong>bendo,</strong></span> <span class='ocrx_word' id='word_1_738' title='bbox 2185 3431 2497 3502; x_wconf 90' lang='lat' dir='ltr'><strong>priusquam</strong></span> <span class='ocrx_word' id='word_1_739' title='bbox 2519 3445 2676 3486; x_wconf 87' lang='lat' dir='ltr'><strong>escas</strong></span> <span class='ocrx_word' id='word_1_740' title='bbox 2698 3437 2754 3485; x_wconf 93' lang='lat' dir='ltr'><strong>et</strong></span> <span class='ocrx_word' id='word_1_741' title='bbox 2772 3438 3016 3484; x_wconf 86' lang='lat' dir='ltr'><strong>ventrem</strong></span> <span class='ocrx_word' id='word_1_742' title='bbox 3038 3429 3284 3484; x_wconf 89' lang='lat' dir='ltr'><strong>destruas</strong></span> <span class='ocrx_word' id='word_1_743' title='bbox 3309 3427 3558 3483; x_wconf 87' lang='lat' dir='ltr'><strong>satietate</strong></span> 
     </span>
    </p>
   </div>
   <div class='ocr_carea' id='block_1_93' title="bbox 1965 3518 3558 3592">
    <p class='ocr_par' dir='ltr' id='par_1_93' title="bbox 1965 3518 3558 3592">
     <span class='ocr_line' id='line_1_93' title="bbox 1965 3518 3558 3592; baseline -0.004 -14"><span class='ocrx_word' id='word_1_744' title='bbox 1965 3523 2196 3579; x_wconf 84' lang='lat' dir='ltr'><strong>mirifica</strong></span> <span class='ocrx_word' id='word_1_745' title='bbox 2240 3538 2362 3578; x_wconf 90' lang='lat' dir='ltr'><strong>cum</strong></span> <span class='ocrx_word' id='word_1_746' title='bbox 2405 3521 2672 3577; x_wconf 86' lang='lat' dir='ltr'><strong>occideris</strong></span> <span class='ocrx_word' id='word_1_747' title='bbox 2711 3520 3004 3592; x_wconf 79' lang='lat' dir='ltr'><strong>indigentia</strong></span> <span class='ocrx_word' id='word_1_748' title='bbox 3031 3559 3048 3586; x_wconf 91' lang='lat'><strong>,</strong></span> <span class='ocrx_word' id='word_1_749' title='bbox 3103 3527 3159 3575; x_wconf 92' lang='lat' dir='ltr'><strong>et</strong></span> <span class='ocrx_word' id='word_1_750' title='bbox 3206 3518 3558 3589; x_wconf 88' lang='lat' dir='ltr'><strong>corruptibile</strong></span> 
     </span>
    </p>
   </div>
   <div class='ocr_carea' id='block_1_94' title="bbox 1965 3607 3561 3680">
    <p class='ocr_par' dir='ltr' id='par_1_94' title="bbox 1965 3607 3561 3680">
     <span class='ocr_line' id='line_1_94' title="bbox 1965 3607 3561 3680; baseline -0.004 -12"><span class='ocrx_word' id='word_1_751' title='bbox 1965 3613 2069 3668; x_wconf 86' lang='lat' dir='ltr'><strong>hoc</strong></span> <span class='ocrx_word' id='word_1_752' title='bbox 2097 3612 2332 3668; x_wconf 81' lang='lat' dir='ltr'><strong>induerit</strong></span> <span class='ocrx_word' id='word_1_753' title='bbox 2358 3611 2840 3680; x_wconf 85' lang='lat' dir='ltr'><strong>incorruptionem.</strong></span> <span class='ocrx_word' id='word_1_754' title='bbox 2880 3607 3084 3679; x_wconf 87' lang='lat' dir='ltr'><strong>Corpus</strong></span> <span class='ocrx_word' id='word_1_755' title='bbox 3113 3618 3286 3662; x_wconf 88' lang='lat' dir='ltr'><strong>autem</strong></span> <span class='ocrx_word' id='word_1_756' title='bbox 3318 3625 3422 3662; x_wconf 85' lang='lat' dir='ltr'><strong>non</strong></span> <span class='ocrx_word' id='word_1_757' title='bbox 3449 3608 3561 3678; x_wconf 78' lang='lat' dir='ltr'><strong>for-</strong></span> 
     </span>
    </p>
   </div>
   <div class='ocr_carea' id='block_1_95' title="bbox 1965 3699 3561 3772">
    <p class='ocr_par' dir='ltr' id='par_1_95' title="bbox 1965 3699 3561 3772">
     <span class='ocr_line' id='line_1_95' title="bbox 1965 3699 3561 3772; baseline -0.003 -14"><span class='ocrx_word' id='word_1_758' title='bbox 1965 3703 2248 3768; x_wconf 87' lang='lat' dir='ltr'><strong>nicationi,</strong></span> <span class='ocrx_word' id='word_1_759' title='bbox 2288 3702 2378 3757; x_wconf 80' lang='lat' dir='ltr'><strong>sed</strong></span> <span class='ocrx_word' id='word_1_760' title='bbox 2414 3701 2656 3756; x_wconf 86' lang='lat' dir='ltr'><strong>Domino.</strong></span> <span class='ocrx_word' id='word_1_761' title='bbox 2711 3699 2921 3772; x_wconf 76' lang='lat' dir='ltr'><strong>(Amb.)</strong></span> <span class='ocrx_word' id='word_1_762' title='bbox 2952 3699 3105 3755; x_wconf 81' lang='lat' dir='ltr'><strong>Nunc</strong></span> <span class='ocrx_word' id='word_1_763' title='bbox 3134 3700 3274 3755; x_wconf 88' lang='lat' dir='ltr'><strong>redit</strong></span> <span class='ocrx_word' id='word_1_764' title='bbox 3303 3700 3369 3754; x_wconf 84' lang='lat' dir='ltr'><strong>ad</strong></span> <span class='ocrx_word' id='word_1_765' title='bbox 3399 3715 3561 3769; x_wconf 76' lang='lat' dir='ltr'><strong>snpe-</strong></span> 
     </span>
    </p>
   </div>
   <div class='ocr_carea' id='block_1_96' title="bbox 1964 3791 3559 3864">
    <p class='ocr_par' dir='ltr' id='par_1_96' title="bbox 1964 3791 3559 3864">
     <span class='ocr_line' id='line_1_96' title="bbox 1964 3791 3559 3864; baseline -0.004 -10"><span class='ocrx_word' id='word_1_766' title='bbox 1964 3795 2165 3854; x_wconf 70' lang='lat' dir='ltr'><strong>liorem</strong></span> <span class='ocrx_word' id='word_1_767' title='bbox 2193 3809 2432 3850; x_wconf 88' lang='lat' dir='ltr'><strong>sensum.</strong></span> <span class='ocrx_word' id='word_1_768' title='bbox 2469 3793 2537 3847; x_wconf 83' lang='lat' dir='ltr'><strong>Et</strong></span> <span class='ocrx_word' id='word_1_769' title='bbox 2569 3793 2825 3848; x_wconf 87' lang='lat' dir='ltr'><strong>Dominus</strong></span> <span class='ocrx_word' id='word_1_770' title='bbox 2855 3795 3084 3864; x_wconf 76' lang='lat' dir='ltr'><strong>corpori.</strong></span> <span class='ocrx_word' id='word_1_771' title='bbox 3109 3791 3260 3859; x_wconf 83' lang='lat' dir='ltr'><strong>&#39;Qul‘d</strong></span> <span class='ocrx_word' id='word_1_772' title='bbox 3299 3793 3559 3848; x_wconf 90' lang='lat' dir='ltr'><strong>Dominus</strong></span> 
     </span>
    </p>
   </div>
   <div class='ocr_carea' id='block_1_97' title="bbox 1965 3885 3560 3958">
    <p class='ocr_par' dir='ltr' id='par_1_97' title="bbox 1965 3885 3560 3958">
     <span class='ocr_line' id='line_1_97' title="bbox 1965 3885 3560 3958; baseline -0.002 -14"><span class='ocrx_word' id='word_1_773' title='bbox 1965 3886 2228 3958; x_wconf 86' lang='lat' dir='ltr'><strong>corpori?</strong></span> <span class='ocrx_word' id='word_1_774' title='bbox 2280 3885 2624 3952; x_wconf 83' lang='lat' dir='ltr'><strong>subauditur,</strong></span> <span class='ocrx_word' id='word_1_775' title='bbox 2707 3885 3170 3942; x_wconf 86' lang='lat' dir='ltr'><strong>immortalitatem</strong></span> <span class='ocrx_word' id='word_1_776' title='bbox 3240 3888 3560 3942; x_wconf 88' lang='lat' dir='ltr'><strong>resuscitato</strong></span> 
     </span>
    </p>
   </div>
   <div class='ocr_carea' id='block_1_98' title="bbox 1966 3975 3561 4047">
    <p class='ocr_par' dir='ltr' id='par_1_98' title="bbox 1966 3975 3561 4047">
     <span class='ocr_line' id='line_1_98' title="bbox 1966 3975 3561 4047; baseline 0.001 -16"><span class='ocrx_word' id='word_1_777' title='bbox 1966 3976 2281 4047; x_wconf 62' lang='lat' dir='ltr'><strong>praestabit;</strong></span> <span class='ocrx_word' id='word_1_778' title='bbox 2327 3991 2526 4046; x_wconf 88' lang='lat' dir='ltr'><strong>corpus</strong></span> <span class='ocrx_word' id='word_1_779' title='bbox 2563 3976 2710 4031; x_wconf 91' lang='lat' dir='ltr'><strong>enim</strong></span> <span class='ocrx_word' id='word_1_780' title='bbox 2748 3975 2861 4030; x_wconf 90' lang='lat' dir='ltr'><strong>Deo</strong></span> <span class='ocrx_word' id='word_1_781' title='bbox 2897 3976 3134 4030; x_wconf 87' lang='lat' dir='ltr'><strong>dicatum</strong></span> <span class='ocrx_word' id='word_1_782' title='bbox 3164 3976 3304 4031; x_wconf 92' lang='lat' dir='ltr'><strong>dono</strong></span> <span class='ocrx_word' id='word_1_783' title='bbox 3331 3977 3561 4046; x_wconf 88' lang='lat' dir='ltr'><strong>spiritali</strong></span> 
     </span>
    </p>
   </div>
   <div class='ocr_carea' id='block_1_99' title="bbox 1965 4065 3560 4130">
    <p class='ocr_par' dir='ltr' id='par_1_99' title="bbox 1965 4065 3560 4130">
     <span class='ocr_line' id='line_1_99' title="bbox 1965 4065 3560 4130; baseline -0.001 -8"><span class='ocrx_word' id='word_1_784' title='bbox 1965 4066 2401 4122; x_wconf 87' lang='lat' dir='ltr'><strong>remunerabitur</strong></span> <span class='ocrx_word' id='word_1_785' title='bbox 2427 4067 2625 4121; x_wconf 89' lang='lat' dir='ltr'><strong>merito</strong></span> <span class='ocrx_word' id='word_1_786' title='bbox 2652 4065 2825 4130; x_wconf 90' lang='lat' dir='ltr'><strong>ducis,</strong></span> <span class='ocrx_word' id='word_1_787' title='bbox 2853 4065 2907 4120; x_wconf 91' lang='lat' dir='ltr'><strong>id</strong></span> <span class='ocrx_word' id='word_1_788' title='bbox 2936 4074 3020 4120; x_wconf 90' lang='lat' dir='ltr'><strong>est</strong></span> <span class='ocrx_word' id='word_1_789' title='bbox 3044 4065 3232 4119; x_wconf 89' lang='lat' dir='ltr'><strong>animi.</strong></span> <span class='ocrx_word' id='word_1_790' title='bbox 3271 4065 3414 4120; x_wconf 88' lang='lat' dir='ltr'><strong>Deus</strong></span> <span class='ocrx_word' id='word_1_791' title='bbox 3441 4083 3560 4121; x_wconf 85' lang='lat' dir='ltr'><strong>vero</strong></span> 
     </span>
    </p>
   </div>
   <div class='ocr_carea' id='block_1_100' title="bbox 1965 4157 3562 4226">
    <p class='ocr_par' dir='ltr' id='par_1_100' title="bbox 1965 4157 3562 4226">
     <span class='ocr_line' id='line_1_100' title="bbox 1965 4157 3562 4226; baseline -0.001 -12"><span class='ocrx_word' id='word_1_792' title='bbox 1965 4168 2013 4215; x_wconf 86' lang='lat' dir='ltr'><strong>et</strong></span> <span class='ocrx_word' id='word_1_793' title='bbox 2037 4157 2320 4213; x_wconf 87' lang='lat' dir='ltr'><strong>Dominum</strong></span> <span class='ocrx_word' id='word_1_794' title='bbox 2347 4158 2614 4213; x_wconf 78' lang='lat' dir='ltr'><strong>suscitauit</strong></span> <span class='ocrx_word' id='word_1_795' title='bbox 2635 4199 2650 4225; x_wconf 95' lang='lat'><strong>,</strong></span> <span class='ocrx_word' id='word_1_796' title='bbox 2691 4167 2742 4214; x_wconf 87' lang='lat' dir='ltr'><strong>et</strong></span> <span class='ocrx_word' id='word_1_797' title='bbox 2771 4174 2864 4213; x_wconf 89' lang='lat' dir='ltr'><strong>nos</strong></span> <span class='ocrx_word' id='word_1_798' title='bbox 2894 4157 3165 4212; x_wconf 83' lang='lat' dir='ltr'><strong>suscitabit</strong></span> <span class='ocrx_word' id='word_1_799' title='bbox 3203 4173 3296 4226; x_wconf 85' lang='lat' dir='ltr'><strong>per</strong></span> <span class='ocrx_word' id='word_1_800' title='bbox 3322 4158 3562 4212; x_wconf 86' lang='lat' dir='ltr'><strong>virtutem</strong></span> 
     </span>
    </p>
   </div>
   <div class='ocr_carea' id='block_1_101' title="bbox 1965 4248 3562 4320">
    <p class='ocr_par' dir='ltr' id='par_1_101' title="bbox 1965 4248 3562 4320">
     <span class='ocr_line' id='line_1_101' title="bbox 1965 4248 3562 4320; baseline 0 -15"><span class='ocrx_word' id='word_1_801' title='bbox 1965 4266 2138 4306; x_wconf 87' lang='lat' dir='ltr'><strong>suam.</strong></span> <span class='ocrx_word' id='word_1_802' title='bbox 2203 4248 2347 4305; x_wconf 89' lang='lat' dir='ltr'><strong>idem</strong></span> <span class='ocrx_word' id='word_1_803' title='bbox 2408 4263 2599 4306; x_wconf 88' lang='lat' dir='ltr'><strong>sensus</strong></span> <span class='ocrx_word' id='word_1_804' title='bbox 2649 4257 2771 4314; x_wconf 90' lang='lat' dir='ltr'><strong>est,</strong></span> <span class='ocrx_word' id='word_1_805' title='bbox 2827 4261 2991 4320; x_wconf 88' lang='lat' dir='ltr'><strong>quem</strong></span> <span class='ocrx_word' id='word_1_806' title='bbox 3043 4249 3340 4305; x_wconf 84' lang='lat' dir='ltr'><strong>Dominicae</strong></span> <span class='ocrx_word' id='word_1_807' title='bbox 3387 4249 3562 4305; x_wconf 83' lang='lat' dir='ltr'><strong>voluit</strong></span> 
     </span>
    </p>
   </div>
   <div class='ocr_carea' id='block_1_102' title="bbox 1965 4337 3560 4410">
    <p class='ocr_par' dir='ltr' id='par_1_102' title="bbox 1965 4337 3560 4410">
     <span class='ocr_line' id='line_1_102' title="bbox 1965 4337 3560 4410; baseline 0.001 -15"><span class='ocrx_word' id='word_1_808' title='bbox 1965 4337 2215 4410; x_wconf 77' lang='lat' dir='ltr'><strong>exemplo</strong></span> <span class='ocrx_word' id='word_1_809' title='bbox 2249 4339 2664 4395; x_wconf 75' lang='lat' dir='ltr'><strong>resurrectionis</strong></span> <span class='ocrx_word' id='word_1_810' title='bbox 2703 4338 2956 4405; x_wconf 81' lang='lat' dir='ltr'><strong>firmare,</strong></span> <span class='ocrx_word' id='word_1_811' title='bbox 3007 4340 3182 4396; x_wconf 89' lang='lat' dir='ltr'><strong>virtus</strong></span> <span class='ocrx_word' id='word_1_812' title='bbox 3244 4340 3391 4394; x_wconf 90' lang='lat' dir='ltr'><strong>enim</strong></span> <span class='ocrx_word' id='word_1_813' title='bbox 3460 4341 3560 4397; x_wconf 89' lang='lat' dir='ltr'><strong>Dei</strong></span> 
     </span>
    </p>
   </div>
   <div class='ocr_carea' id='block_1_103' title="bbox 1965 4431 3556 4502">
    <p class='ocr_par' dir='ltr' id='par_1_103' title="bbox 1965 4431 3556 4502">
     <span class='ocr_line' id='line_1_103' title="bbox 1965 4431 3556 4502; baseline -0.001 -14"><span class='ocrx_word' id='word_1_814' title='bbox 1965 4431 2216 4488; x_wconf 87' lang='lat' dir='ltr'><strong>Christus</strong></span> <span class='ocrx_word' id='word_1_815' title='bbox 2238 4439 2350 4496; x_wconf 90' lang='lat' dir='ltr'><strong>est,</strong></span> <span class='ocrx_word' id='word_1_816' title='bbox 2374 4446 2479 4501; x_wconf 89' lang='lat' dir='ltr'><strong>qua</strong></span> <span class='ocrx_word' id='word_1_817' title='bbox 2506 4446 2604 4488; x_wconf 87' lang='lat' dir='ltr'><strong>nos</strong></span> <span class='ocrx_word' id='word_1_818' title='bbox 2629 4432 2934 4499; x_wconf 87' lang='lat' dir='ltr'><strong>suscitabit,</strong></span> <span class='ocrx_word' id='word_1_819' title='bbox 2962 4441 3019 4488; x_wconf 91' lang='lat' dir='ltr'><strong>et</strong></span> <span class='ocrx_word' id='word_1_820' title='bbox 3041 4432 3218 4502; x_wconf 89' lang='lat' dir='ltr'><strong>ipsum</strong></span> <span class='ocrx_word' id='word_1_821' title='bbox 3245 4432 3556 4497; x_wconf 88' lang='lat' dir='ltr'><strong>Dominum,</strong></span> 
     </span>
    </p>
   </div>
   <div class='ocr_carea' id='block_1_104' title="bbox 1966 4521 3558 4594">
    <p class='ocr_par' dir='ltr' id='par_1_104' title="bbox 1966 4521 3558 4594">
     <span class='ocr_line' id='line_1_104' title="bbox 1966 4521 3558 4594; baseline 0.002 -18"><span class='ocrx_word' id='word_1_822' title='bbox 1966 4521 2070 4578; x_wconf 89' lang='lat' dir='ltr'><strong>hoc</strong></span> <span class='ocrx_word' id='word_1_823' title='bbox 2106 4522 2273 4588; x_wconf 79' lang='lat' dir='ltr'><strong>dixit,</strong></span> <span class='ocrx_word' id='word_1_824' title='bbox 2316 4521 2442 4590; x_wconf 86' lang='lat' dir='ltr'><strong>quia</strong></span> <span class='ocrx_word' id='word_1_825' title='bbox 2481 4521 2597 4592; x_wconf 89' lang='lat' dir='ltr'><strong>ipse</strong></span> <span class='ocrx_word' id='word_1_826' title='bbox 2636 4522 2896 4578; x_wconf 87' lang='lat' dir='ltr'><strong>Dominus</strong></span> <span class='ocrx_word' id='word_1_827' title='bbox 2931 4537 3130 4594; x_wconf 88' lang='lat' dir='ltr'><strong>corpus</strong></span> <span class='ocrx_word' id='word_1_828' title='bbox 3177 4537 3333 4579; x_wconf 91' lang='lat' dir='ltr'><strong>suum</strong></span> <span class='ocrx_word' id='word_1_829' title='bbox 3384 4524 3558 4579; x_wconf 82' lang='lat' dir='ltr'><strong>susci-</strong></span> 
     </span>
    </p>
   </div>
   <div class='ocr_carea' id='block_1_105' title="bbox 1967 4611 3558 4688">
    <p class='ocr_par' dir='ltr' id='par_1_105' title="bbox 1967 4611 3558 4688">
     <span class='ocr_line' id='line_1_105' title="bbox 1967 4611 3558 4688; baseline 0.001 -22"><span class='ocrx_word' id='word_1_830' title='bbox 1967 4613 2122 4678; x_wconf 88' lang='lat' dir='ltr'><strong>tavit,</strong></span> <span class='ocrx_word' id='word_1_831' title='bbox 2149 4612 2291 4667; x_wconf 90' lang='lat' dir='ltr'><strong>sicut</strong></span> <span class='ocrx_word' id='word_1_832' title='bbox 2340 4620 2396 4667; x_wconf 89' lang='lat' dir='ltr'><strong>et</strong></span> <span class='ocrx_word' id='word_1_833' title='bbox 2449 4612 2565 4682; x_wconf 90' lang='lat' dir='ltr'><strong>ipse</strong></span> <span class='ocrx_word' id='word_1_834' title='bbox 2617 4611 2876 4668; x_wconf 90' lang='lat' dir='ltr'><strong>Dominus</strong></span> <span class='ocrx_word' id='word_1_835' title='bbox 2911 4613 3028 4668; x_wconf 89' lang='lat' dir='ltr'><strong>ait:</strong></span> <span class='ocrx_word' id='word_1_836' title='bbox 3067 4611 3264 4669; x_wconf 82' lang='lat' dir='ltr'><strong>Solvite</strong></span> <span class='ocrx_word' id='word_1_837' title='bbox 3310 4614 3558 4688; x_wconf 83' lang='lat' dir='ltr'><strong>templum</strong></span> 
     </span>
    </p>
   </div>
   <div class='ocr_carea' id='block_1_106' title="bbox 1964 4701 3556 4772">
    <p class='ocr_par' dir='ltr' id='par_1_106' title="bbox 1964 4701 3556 4772">
     <span class='ocr_line' id='line_1_106' title="bbox 1964 4701 3556 4772; baseline 0.001 -16"><span class='ocrx_word' id='word_1_838' title='bbox 1964 4703 2082 4768; x_wconf 83' lang='lat' dir='ltr'><strong>hoc,</strong></span> <span class='ocrx_word' id='word_1_839' title='bbox 2117 4712 2166 4756; x_wconf 88' lang='lat' dir='ltr'><strong>et</strong></span> <span class='ocrx_word' id='word_1_840' title='bbox 2203 4718 2297 4772; x_wconf 80' lang='lat' dir='ltr'><strong>ego</strong></span> <span class='ocrx_word' id='word_1_841' title='bbox 2333 4702 2499 4756; x_wconf 85' lang='lat' dir='ltr'><strong>tribus</strong></span> <span class='ocrx_word' id='word_1_842' title='bbox 2537 4702 2720 4757; x_wconf 80' lang='lat' dir='ltr'><strong>diebus</strong></span> <span class='ocrx_word' id='word_1_843' title='bbox 2745 4702 3009 4758; x_wconf 86' lang='lat' dir='ltr'><strong>suscitabo</strong></span> <span class='ocrx_word' id='word_1_844' title='bbox 3040 4701 3174 4756; x_wconf 88' lang='lat' dir='ltr'><strong>illud</strong></span> <span class='ocrx_word' id='word_1_845' title='bbox 3196 4715 3215 4754; x_wconf 91' lang='lat'><strong>:</strong></span> <span class='ocrx_word' id='word_1_846' title='bbox 3247 4703 3345 4758; x_wconf 81' lang='lat' dir='ltr'><strong>hoc</strong></span> <span class='ocrx_word' id='word_1_847' title='bbox 3376 4713 3556 4757; x_wconf 87' lang='lat' dir='ltr'><strong>autem</strong></span> 
     </span>
    </p>
   </div>
   <div class='ocr_carea' id='block_1_107' title="bbox 1963 4789 3556 4862">
    <p class='ocr_par' dir='ltr' id='par_1_107' title="bbox 1963 4789 3556 4862">
     <span class='ocr_line' id='line_1_107' title="bbox 1963 4789 3556 4862; baseline 0.001 -17"><span class='ocrx_word' id='word_1_848' title='bbox 1963 4791 2164 4846; x_wconf 82' lang='lat' dir='ltr'><strong>dicebat</strong></span> <span class='ocrx_word' id='word_1_849' title='bbox 2191 4791 2255 4845; x_wconf 89' lang='lat' dir='ltr'><strong>de</strong></span> <span class='ocrx_word' id='word_1_850' title='bbox 2282 4789 2472 4862; x_wconf 84' lang='lat' dir='ltr'><strong>templo</strong></span> <span class='ocrx_word' id='word_1_851' title='bbox 2507 4793 2744 4862; x_wconf 84' lang='lat' dir='ltr'><strong>corporis</strong></span> <span class='ocrx_word' id='word_1_852' title='bbox 2770 4792 2853 4846; x_wconf 89' lang='lat' dir='ltr'><strong>sui</strong></span> <span class='ocrx_word' id='word_1_853' title='bbox 2881 4790 3064 4861; x_wconf 84' lang='lat' dir='ltr'><strong>(Joan.</strong></span> <span class='ocrx_word' id='word_1_854' title='bbox 3095 4790 3180 4862; x_wconf 85' lang='grc' dir='ltr'><strong>ιι).</strong></span> <span class='ocrx_word' id='word_1_855' title='bbox 3221 4791 3556 4858; x_wconf 85' lang='lat' dir='ltr'><strong>Quibusdam</strong></span> 
     </span>
    </p>
   </div>
   <div class='ocr_carea' id='block_1_108' title="bbox 1964 4881 3560 4953">
    <p class='ocr_par' dir='ltr' id='par_1_108' title="bbox 1964 4881 3560 4953">
     <span class='ocr_line' id='line_1_108' title="bbox 1964 4881 3560 4953; baseline 0 -15"><span class='ocrx_word' id='word_1_856' title='bbox 1964 4891 2145 4939; x_wconf 86' lang='lat' dir='ltr'><strong>tamen</strong></span> <span class='ocrx_word' id='word_1_857' title='bbox 2201 4881 2415 4936; x_wconf 86' lang='lat' dir='ltr'><strong>videtur</strong></span> <span class='ocrx_word' id='word_1_858' title='bbox 2437 4891 2660 4953; x_wconf 87' lang='lat' dir='ltr'><strong>propter</strong></span> <span class='ocrx_word' id='word_1_859' title='bbox 2703 4883 3015 4937; x_wconf 86' lang='lat' dir='ltr'><strong>libertatem</strong></span> <span class='ocrx_word' id='word_1_860' title='bbox 3061 4882 3307 4938; x_wconf 86' lang='lat' dir='ltr'><strong>concessi</strong></span> <span class='ocrx_word' id='word_1_861' title='bbox 3347 4883 3560 4939; x_wconf 89' lang='lat' dir='ltr'><strong>arbitrii</strong></span> 
     </span>
    </p>
   </div>
   <div class='ocr_carea' id='block_1_109' title="bbox 1965 4973 3557 5044">
    <p class='ocr_par' dir='ltr' id='par_1_109' title="bbox 1965 4973 3557 5044">
     <span class='ocr_line' id='line_1_109' title="bbox 1965 4973 3557 5044; baseline -0.001 -14"><span class='ocrx_word' id='word_1_862' title='bbox 1965 4973 2168 5030; x_wconf 79' lang='lat' dir='ltr'><strong>dixisse</strong></span> <span class='ocrx_word' id='word_1_863' title='bbox 2197 4973 2513 5044; x_wconf 84' lang='lat' dir='ltr'><strong>Apostolum</strong></span> <span class='ocrx_word' id='word_1_864' title='bbox 2539 4992 2552 5028; x_wconf 91' lang='lat'><strong>:</strong></span> <span class='ocrx_word' id='word_1_865' title='bbox 2579 4973 2769 5028; x_wconf 89' lang='lat' dir='ltr'><strong>Omnia</strong></span> <span class='ocrx_word' id='word_1_866' title='bbox 2801 4976 2929 5030; x_wconf 80' lang='lat' dir='ltr'><strong>mihi</strong></span> <span class='ocrx_word' id='word_1_867' title='bbox 2959 4974 3241 5039; x_wconf 84' lang='lat' dir='ltr'><strong>licent,sed</strong></span> <span class='ocrx_word' id='word_1_868' title='bbox 3259 4992 3362 5031; x_wconf 89' lang='lat' dir='ltr'><strong>non</strong></span> <span class='ocrx_word' id='word_1_869' title='bbox 3377 4974 3557 5032; x_wconf 88' lang='lat' dir='ltr'><strong>omnia</strong></span> 
     </span>
    </p>
   </div>
   <div class='ocr_carea' id='block_1_110' title="bbox 1969 5062 3560 5136">
    <p class='ocr_par' dir='ltr' id='par_1_110' title="bbox 1969 5062 3560 5136">
     <span class='ocr_line' id='line_1_110' title="bbox 1969 5062 3560 5136; baseline 0.001 -16"><span class='ocrx_word' id='word_1_870' title='bbox 1969 5062 2268 5134; x_wconf 73' lang='lat' dir='ltr'><strong>expediunt,</strong></span> <span class='ocrx_word' id='word_1_871' title='bbox 2285 5072 2345 5119; x_wconf 91' lang='lat' dir='ltr'><strong>ut</strong></span> <span class='ocrx_word' id='word_1_872' title='bbox 2359 5065 2521 5120; x_wconf 90' lang='lat' dir='ltr'><strong>liceat</strong></span> <span class='ocrx_word' id='word_1_873' title='bbox 2552 5063 2827 5129; x_wconf 87' lang='lat' dir='ltr'><strong>fornicari,</strong></span> <span class='ocrx_word' id='word_1_874' title='bbox 2845 5079 2950 5118; x_wconf 87' lang='lat' dir='ltr'><strong>non</strong></span> <span class='ocrx_word' id='word_1_875' title='bbox 2965 5073 3142 5120; x_wconf 88' lang='lat' dir='ltr'><strong>tamen</strong></span> <span class='ocrx_word' id='word_1_876' title='bbox 3156 5065 3424 5136; x_wconf 81' lang='lat' dir='ltr'><strong>expediat.</strong></span> <span class='ocrx_word' id='word_1_877' title='bbox 3453 5065 3560 5121; x_wconf 88' lang='lat' dir='ltr'><strong>Sed</strong></span> 
     </span>
    </p>
   </div>
   <div class='ocr_carea' id='block_1_111' title="bbox 1971 5155 3559 5228">
    <p class='ocr_par' dir='ltr' id='par_1_111' title="bbox 1971 5155 3559 5228">
     <span class='ocr_line' id='line_1_111' title="bbox 1971 5155 3559 5228; baseline 0 -18"><span class='ocrx_word' id='word_1_878' title='bbox 1971 5156 2238 5228; x_wconf 89' lang='lat' dir='ltr'><strong>quomodo</strong></span> <span class='ocrx_word' id='word_1_879' title='bbox 2266 5155 2392 5211; x_wconf 89' lang='lat' dir='ltr'><strong>licet</strong></span> <span class='ocrx_word' id='word_1_880' title='bbox 2419 5157 2562 5225; x_wconf 88' lang='lat' dir='ltr'><strong>quod</strong></span> <span class='ocrx_word' id='word_1_881' title='bbox 2592 5155 2950 5226; x_wconf 87' lang='lat' dir='ltr'><strong>prohibetur?</strong></span> <span class='ocrx_word' id='word_1_882' title='bbox 2989 5163 3084 5210; x_wconf 92' lang='lat' dir='ltr'><strong>aut</strong></span> <span class='ocrx_word' id='word_1_883' title='bbox 3119 5166 3268 5212; x_wconf 91' lang='lat' dir='ltr'><strong>certe</strong></span> <span class='ocrx_word' id='word_1_884' title='bbox 3300 5156 3344 5212; x_wconf 90' lang='lat' dir='ltr'><strong>si</strong></span> <span class='ocrx_word' id='word_1_885' title='bbox 3374 5155 3559 5211; x_wconf 89' lang='lat' dir='ltr'><strong>omnia</strong></span> 
     </span>
    </p>
   </div>
   <div class='ocr_carea' id='block_1_112' title="bbox 1970 5245 3560 5316">
    <p class='ocr_par' dir='ltr' id='par_1_112' title="bbox 1970 5245 3560 5316">
     <span class='ocr_line' id='line_1_112' title="bbox 1970 5245 3560 5316; baseline 0.001 -15"><span class='ocrx_word' id='word_1_886' title='bbox 1970 5245 2158 5312; x_wconf 90' lang='lat' dir='ltr'><strong>licent,</strong></span> <span class='ocrx_word' id='word_1_887' title='bbox 2195 5245 2326 5300; x_wconf 92' lang='lat' dir='ltr'><strong>nihil</strong></span> <span class='ocrx_word' id='word_1_888' title='bbox 2360 5253 2538 5316; x_wconf 83' lang='lat' dir='ltr'><strong>potest</strong></span> <span class='ocrx_word' id='word_1_889' title='bbox 2567 5245 2672 5309; x_wconf 89' lang='lat' dir='ltr'><strong>dici</strong></span> <span class='ocrx_word' id='word_1_890' title='bbox 2703 5246 2984 5312; x_wconf 89' lang='lat' dir='ltr'><strong>illicitum,</strong></span> <span class='ocrx_word' id='word_1_891' title='bbox 3025 5247 3121 5302; x_wconf 90' lang='lat' dir='ltr'><strong>sed</strong></span> <span class='ocrx_word' id='word_1_892' title='bbox 3148 5245 3302 5312; x_wconf 89' lang='lat' dir='ltr'><strong>licet,</strong></span> <span class='ocrx_word' id='word_1_893' title='bbox 3341 5261 3448 5302; x_wconf 92' lang='lat' dir='ltr'><strong>non</strong></span> <span class='ocrx_word' id='word_1_894' title='bbox 3479 5254 3560 5302; x_wconf 87' lang='lat' dir='ltr'><strong>ta-</strong></span> 
     </span>
    </p>
   </div>
   <div class='ocr_carea' id='block_1_113' title="bbox 1971 5337 3560 5410">
    <p class='ocr_par' dir='ltr' id='par_1_113' title="bbox 1971 5337 3560 5410">
     <span class='ocr_line' id='line_1_113' title="bbox 1971 5337 3560 5410; baseline 0.003 -18"><span class='ocrx_word' id='word_1_895' title='bbox 1971 5352 2095 5393; x_wconf 91' lang='lat' dir='ltr'><strong>men</strong></span> <span class='ocrx_word' id='word_1_896' title='bbox 2125 5338 2359 5407; x_wconf 82' lang='lat' dir='ltr'><strong>expedit.</strong></span> <span class='ocrx_word' id='word_1_897' title='bbox 2410 5337 2538 5394; x_wconf 66' lang='lat' dir='ltr'><strong>llaec</strong></span> <span class='ocrx_word' id='word_1_898' title='bbox 2578 5348 2866 5395; x_wconf 87' lang='lat' dir='ltr'><strong>susurrant</strong></span> <span class='ocrx_word' id='word_1_899' title='bbox 2895 5340 3076 5410; x_wconf 92' lang='lat' dir='ltr'><strong>potius</strong></span> <span class='ocrx_word' id='word_1_900' title='bbox 3106 5355 3266 5410; x_wconf 89' lang='lat' dir='ltr'><strong>quam</strong></span> <span class='ocrx_word' id='word_1_901' title='bbox 3304 5348 3560 5396; x_wconf 85' lang='lat' dir='ltr'><strong>asserunt</strong></span> 
     </span>
    </p>
   </div>
   <div class='ocr_carea' id='block_1_114' title="bbox 1971 5427 3559 5501">
    <p class='ocr_par' dir='ltr' id='par_1_114' title="bbox 1971 5427 3559 5501">
     <span class='ocr_line' id='line_1_114' title="bbox 1971 5427 3559 5501; baseline 0.004 -21"><span class='ocrx_word' id='word_1_902' title='bbox 1971 5435 2064 5481; x_wconf 87' lang='lat' dir='ltr'><strong>aut</strong></span> <span class='ocrx_word' id='word_1_903' title='bbox 2091 5427 2456 5494; x_wconf 89' lang='lat' dir='ltr'><strong>immemores,</strong></span> <span class='ocrx_word' id='word_1_904' title='bbox 2484 5437 2578 5484; x_wconf 91' lang='lat' dir='ltr'><strong>aut</strong></span> <span class='ocrx_word' id='word_1_905' title='bbox 2603 5429 2958 5501; x_wconf 76' lang='lat' dir='ltr'><strong>negligentes.</strong></span> <span class='ocrx_word' id='word_1_906' title='bbox 2990 5429 3130 5486; x_wconf 88' lang='lat' dir='ltr'><strong>Dicit</strong></span> <span class='ocrx_word' id='word_1_907' title='bbox 3154 5432 3294 5485; x_wconf 89' lang='lat' dir='ltr'><strong>enim</strong></span> <span class='ocrx_word' id='word_1_908' title='bbox 3323 5428 3559 5486; x_wconf 84' lang='lat' dir='ltr'><strong>Joannes</strong></span> 
     </span>
    </p>
   </div>
   <div class='ocr_carea' id='block_1_115' title="bbox 1969 5515 3554 5587">
    <p class='ocr_par' dir='ltr' id='par_1_115' title="bbox 1969 5515 3554 5587">
     <span class='ocr_line' id='line_1_115' title="bbox 1969 5515 3554 5587; baseline 0.002 -17"><span class='ocrx_word' id='word_1_909' title='bbox 1969 5515 2211 5587; x_wconf 88' lang='lat' dir='ltr'><strong>Baptista</strong></span> <span class='ocrx_word' id='word_1_910' title='bbox 2247 5518 2316 5573; x_wconf 92' lang='lat' dir='ltr'><strong>ad</strong></span> <span class='ocrx_word' id='word_1_911' title='bbox 2355 5518 2664 5576; x_wconf 83' lang='lat' dir='ltr'><strong>Herodem:</strong></span> <span class='ocrx_word' id='word_1_912' title='bbox 2699 5519 2824 5575; x_wconf 87' lang='lat' dir='ltr'><strong>Non</strong></span> <span class='ocrx_word' id='word_1_913' title='bbox 2851 5519 2971 5574; x_wconf 87' lang='lat' dir='ltr'><strong>licet</strong></span> <span class='ocrx_word' id='word_1_914' title='bbox 3002 5520 3097 5574; x_wconf 85' lang='lat' dir='ltr'><strong>tibi</strong></span> <span class='ocrx_word' id='word_1_915' title='bbox 3121 5520 3310 5574; x_wconf 80' lang='lat' dir='ltr'><strong>habere</strong></span> <span class='ocrx_word' id='word_1_916' title='bbox 3337 5535 3554 5573; x_wconf 76' lang='lat' dir='ltr'><strong>uxorem</strong></span> 
     </span>
    </p>
   </div>
   <div class='ocr_carea' id='block_1_116' title="bbox 1969 5609 3556 5684">
    <p class='ocr_par' dir='ltr' id='par_1_116' title="bbox 1969 5609 3556 5684">
     <span class='ocr_line' id='line_1_116' title="bbox 1969 5609 3556 5684; baseline 0.003 -22"><span class='ocrx_word' id='word_1_917' title='bbox 1969 5609 2153 5680; x_wconf 84' lang='lat' dir='ltr'><strong>fratris</strong></span> <span class='ocrx_word' id='word_1_918' title='bbox 2188 5611 2264 5665; x_wconf 90' lang='lat' dir='ltr'><strong>tui</strong></span> <span class='ocrx_word' id='word_1_919' title='bbox 2293 5609 2486 5683; x_wconf 76' lang='lat' dir='ltr'><strong>(Marc.</strong></span> <span class='ocrx_word' id='word_1_920' title='bbox 2519 5612 2616 5683; x_wconf 78' lang='lat' dir='ltr'><strong>vi).</strong></span> <span class='ocrx_word' id='word_1_921' title='bbox 2656 5612 2764 5669; x_wconf 90' lang='lat' dir='ltr'><strong>Sed</strong></span> <span class='ocrx_word' id='word_1_922' title='bbox 2789 5613 2928 5669; x_wconf 89' lang='lat' dir='ltr'><strong>forte</strong></span> <span class='ocrx_word' id='word_1_923' title='bbox 2955 5611 3192 5670; x_wconf 83' lang='lat' dir='ltr'><strong>Joannes</strong></span> <span class='ocrx_word' id='word_1_924' title='bbox 3223 5628 3418 5684; x_wconf 77' lang='lat' dir='ltr'><strong>expers</strong></span> <span class='ocrx_word' id='word_1_925' title='bbox 3453 5610 3556 5667; x_wconf 89' lang='lat' dir='ltr'><strong>fuit</strong></span> 
     </span>
    </p>
   </div>
   <div class='ocr_carea' id='block_1_117' title="bbox 1967 5703 3552 5778">
    <p class='ocr_par' dir='ltr' id='par_1_117' title="bbox 1967 5703 3552 5778">
     <span class='ocr_line' id='line_1_117' title="bbox 1967 5703 3552 5778; baseline -0.001 -19"><span class='ocrx_word' id='word_1_926' title='bbox 1967 5703 2189 5759; x_wconf 85' lang='lat' dir='ltr'><strong>humani</strong></span> <span class='ocrx_word' id='word_1_927' title='bbox 2212 5704 2431 5774; x_wconf 90' lang='lat' dir='ltr'><strong>eloquii,</strong></span> <span class='ocrx_word' id='word_1_928' title='bbox 2461 5705 2758 5776; x_wconf 89' lang='lat' dir='ltr'><strong>inspiratus</strong></span> <span class='ocrx_word' id='word_1_929' title='bbox 2785 5705 2838 5760; x_wconf 94' lang='lat' dir='ltr'><strong>in</strong></span> <span class='ocrx_word' id='word_1_930' title='bbox 2869 5713 3048 5773; x_wconf 90' lang='lat' dir='ltr'><strong>utero,</strong></span> <span class='ocrx_word' id='word_1_931' title='bbox 3077 5706 3200 5778; x_wconf 90' lang='lat' dir='ltr'><strong>quia</strong></span> <span class='ocrx_word' id='word_1_932' title='bbox 3233 5706 3276 5759; x_wconf 83' lang='lat' dir='ltr'><strong>si</strong></span> <span class='ocrx_word' id='word_1_933' title='bbox 3308 5705 3408 5759; x_wconf 91' lang='lat' dir='ltr'><strong>hoc</strong></span> <span class='ocrx_word' id='word_1_934' title='bbox 3436 5712 3552 5771; x_wconf 89' lang='lat' dir='ltr'><strong>est,</strong></span> 
     </span>
    </p>
   </div>
   <div class='ocr_carea' id='block_1_118' title="bbox 1967 5791 3553 5866">
    <p class='ocr_par' dir='ltr' id='par_1_118' title="bbox 1967 5791 3553 5866">
     <span class='ocr_line' id='line_1_118' title="bbox 1967 5791 3553 5866; baseline 0.001 -18"><span class='ocrx_word' id='word_1_935' title='bbox 1967 5791 2154 5852; x_wconf 88' lang='lat' dir='ltr'><strong>debuit</strong></span> <span class='ocrx_word' id='word_1_936' title='bbox 2180 5794 2361 5850; x_wconf 85' lang='lat' dir='ltr'><strong>dicere</strong></span> <span class='ocrx_word' id='word_1_937' title='bbox 2386 5835 2401 5862; x_wconf 95' lang='lat'><strong>,</strong></span> <span class='ocrx_word' id='word_1_938' title='bbox 2435 5792 2586 5850; x_wconf 87' lang='lat' dir='ltr'><strong>Licet</strong></span> <span class='ocrx_word' id='word_1_939' title='bbox 2609 5795 2707 5852; x_wconf 90' lang='lat' dir='ltr'><strong>tibi</strong></span> <span class='ocrx_word' id='word_1_940' title='bbox 2730 5836 2746 5865; x_wconf 93' lang='lat'><strong>,</strong></span> <span class='ocrx_word' id='word_1_941' title='bbox 2797 5795 2897 5854; x_wconf 81' lang='lat' dir='ltr'><strong>sed</strong></span> <span class='ocrx_word' id='word_1_942' title='bbox 2945 5811 3053 5852; x_wconf 93' lang='lat' dir='ltr'><strong>non</strong></span> <span class='ocrx_word' id='word_1_943' title='bbox 3082 5794 3320 5866; x_wconf 84' lang='lat' dir='ltr'><strong>expedit.</strong></span> <span class='ocrx_word' id='word_1_944' title='bbox 3356 5792 3462 5850; x_wconf 88' lang='lat' dir='ltr'><strong>Sed</strong></span> <span class='ocrx_word' id='word_1_945' title='bbox 3489 5801 3553 5850; x_wconf 85' lang='lat' dir='ltr'><strong>et</strong></span> 
     </span>
    </p>
   </div>
  </div>
