4082 6332
503 381 574 439 59
1151 379 1214 434 Β.
1255 375 1510 434 RABA'N!
1550 375 1768 434 MAUR]
1803 371 2124 430 ARCIIIEP.
2169 369 2481 428 MCGUNT.
2523 367 2809 428 OPERUM
2848 371 3028 428 PARS
3062 372 3146 428 Ill.
3717 372 3792 431 60

500 493 765 552 Dominus
800 491 1051 549 similiter
1085 492 1300 546 mulieri
1327 492 1632 547 Chananeus
1671 490 1783 546 ait:
1819 489 1942 544 Non
1973 488 2090 542 licet
2119 497 2168 556 Α
2196 484 2397 539 videbit
2443 497 2606 553 omne
2651 486 2797 555 quod
2842 486 3078 552 viderit,
3135 492 3263 540 tunc
3308 491 3450 540 SlClll
3496 485 3546 542 ei
3600 487 3788 546 divina

503 587 736 656 accipere
758 600 943 640 canem
965 582 1197 653 filiorum
1217 592 1266 636 et
1287 584 1487 636 mittere
1506 582 1723 638 canibus
1741 579 1954 652 (Matth.
1974 579 2085 648 xv),

503 687 560 733 et
599 678 792 732 iterum
840 674 969 728 dicit
1011 673 1271 728 Dominus
1299 671 1542 728 Iudaeis:
1587 671 1712 726 Non
1742 669 1936 740 legistis
1964 669 2091 740 quid

2196 573 2475 644 Scriptura
2511 576 2800 645 promittit,
2859 576 3146 632 satiabitur
3175 576 3242 631 in
3267 575 3424 632 bonis
3454 578 3785 638 desiderium

2190 678 2328 734 ejus,
2351 667 2510 723 bonis
2531 669 2979 736 immutabilibus,
3004 671 3118 740 ipsa
3145 671 3384 726 trinitate
3409 671 3519 727 Deo
3543 688 3663 738 suo,
3689 691 3789 732 cu—

503 768 624 839 fecit
655 765 849 826 David,
881 781 998 817 cum
1026 765 1276 829 esuriret,
1320 763 1582 834 quomodo
1631 762 1844 816 intravit
1891 762 1947 816 in
1992 761 2089 815 do-
2184 757 2276 827 jus
2299 758 2478 828 imago
2506 769 2608 825 est,
2628 770 2684 816 et
2700 777 2767 818 ne
2794 761 3006 832 uspiam
3037 762 3293 832 deinceps
3320 762 3577 832 violetur,
3600 767 3706 822 erit
3727 768 3788 822 in

503 873 646 914 mum
691 856 816 918 Dei,
853 864 902 908 et
939 870 1098 924 panes
1133 855 1503 923 propositionis
1541 852 1785 922 accep-it?
1821 867 1948 922 quos
1987 865 2092 903 non

503 947 710 1010 licebat,
737 953 843 1000 etc.
869 945 1082 1015 (Matth.
1106 943 1229 1014 xu).
1255 944 1432 1001 Omne
1453 959 1583 1014 ergo
1606 943 1746 1012 quod
1776 943 2094 1013 prohibetur

505 1053 612 1093 non
645 1037 788 1099 licet,
837 1044 892 1092 et
915 1050 1074 1090 omne
1102 1035 1245 1103 quod
1288 1051 1394 1089 non
1429 1035 1554 1089 licet
1607 1033 1957 1102 prohibetur;
1991 1030 2096 1088 sed

507 1126 802 1198 aliquando
875 1127 1270 1180 interveniente
1333 1125 1511 1194 aliqua
1562 1139 1725 1185 causa
1781 1111 1938 1188 licet,
1997 1123 2093 1178 sed

503 1234 610 1273 non
645 1216 884 1286 expedit.
943 1215 1170 1270 Nescitis
1208 1217 1332 1286 quia
1380 1231 1599 1284 corpora
1651 1222 1816 1268 vestra
1861 1212 2092 1268 membra

504 1307 703 1363 Christi
731 1319 849 1365 sunt
875 1309 900 1364 ?
943 1307 1184 1378 Corpora
1214 1319 1402 1363 nostra
1432 1306 1672 1360 membra
1701 1303 1904 1361 Christi
1938 1311 2094 1370 sunt,

503 1401 600 1456 sed
627 1401 680 1455 in
709 1415 905 1456 novum
934 1399 1213 1454 hominem
1235 1399 1328 1468 qui
1357 1398 1652 1452 secundum
1683 1396 1851 1450 Deum
1878 1404 2096 1452 creatus

503 1500 606 1557 est,
633 1490 758 1560 quia
787 1491 902 1560 ipse
928 1499 1012 1544 est
1037 1499 1198 1559 caput
1225 1489 1478 1545 Ecclesia:
1506 1507 1518 1542 :
1553 1487 1761 1542 Tollens
1785 1505 1908 1559 ergo
1935 1504 2095 1542 ntem—

507 1584 600 1637 bra
631 1581 825 1637 Christi
856 1582 1048 1652 faciant
1083 1587 1312 1636 membra
1343 1581 1627 1636 meretricis
1654 1581 1680 1635 ?
1720 1580 1887 1635 Absit.
1923 1578 2092 1645 Absit,

506 1675 604 1740 ait,
625 1675 751 1746 quia
777 1676 1045 1730 meretrici
1073 1675 1400 1730 adhaerentia
1427 1673 1669 1728 membra
1697 1673 1950 1728 desinunt
1973 1688 2095 1730 esse

510 1769 756 1824 membra
785 1767 1007 1823 Christi.
1040 1768 1120 1822 An
1154 1768 1361 1822 nescitis
1407 1768 1533 1837 quia
1559 1767 1649 1837 qui
1675 1765 1905 1820 adliceret
1931 1781 2094 1820 mere-

2192 847 2508 904 abscondito
2527 850 2707 906 vultus
2733 851 2850 921 ejus
2870 858 3020 906 tanta
3047 851 3295 910 ubertate
3319 850 3436 920 ejus
3462 853 3702 924 impleta,
3724 867 3786 914 ut

2191 952 2310 994 eam
2341 955 2616 1011 nunquam
2645 957 2876 1012 peccare
2901 943 3150 1000 delectet.

2264 1027 2454 1100 Fugite
2504 1031 2925 1100 fornicationem.
2981 1032 3199 1107 (.Amh.)
3253 1035 3420 1091 Recte
3469 1036 3784 1108 fugiendam

2193 1131 2377 1175 monet
2419 1119 2832 1179 fornicationem
2874 1139 2975 1196 per
3007 1141 3172 1195 quam
3212 1125 3308 1180 filii
3359 1127 3456 1182 Dci
3503 1129 3643 1184 flunt
3687 1129 3786 1186 ﬁlii

2193 1211 2414 1266 diaboli.
2473 1212 2638 1270 Omne
2682 1223 2954 1283 peccatum
2995 1215 3342 1287 quodcunque
3393 1217 3572 1286 fecerit
3626 1219 3784 1275 homo

2192 1312 2339 1356 extra
2368 1319 2554 1373 corpus
2579 1314 2676 1370 est,
2702 1305 2792 1375 qui
2816 1315 2992 1360 autem
3019 1305 3314 1374 fornicatur
3337 1309 3392 1362 in
3417 1325 3608 1379 corpus
3632 1325 3788 1364 suum

2192 1402 2392 1462 peccat.
2439 1391 2686 1450 Ostendit
2724 1395 3108 1465 gravissimum
3139 1411 3266 1454 esse.
3298 1405 3616 1467 peccatum,
3659 1400 3788 1471 quia
3845 1438 3859 1449 .

2194 1502 2262 1542 ex
2292 1487 2396 1542 hoc
2423 1503 2583 1542 omne
2614 1489 2822 1558 deperit
2847 1503 3068 1560 corpus,
3088 1490 3140 1543 in
3186 1490 3402 1546 caeteris
3433 1501 3616 1546 autem
3660 1507 3789 1564 pee-

2195 1573 2330 1630 catis
2361 1575 2538 1644 portio
2560 1576 2724 1646 perit,
2748 1592 2856 1631 non
2887 1585 3090 1643 totum,
3113 1585 3286 1632 totum
3309 1579 3454 1634 enim
3480 1595 3679 1651 corpus
3705 1581 3791 1636 vir

2194 1674 2280 1720 est
2307 1672 2362 1719 et
2388 1664 2603 1732 mulier,
2631 1666 2758 1736 quia
2785 1667 2963 1737 portio
2986 1667 3086 1722 viri
3117 1675 3202 1722 est
3225 1667 3439 1724 mulier.
3468 1668 3802 1744 Quicunque

2195 1754 2340 1808 enim
2391 1753 2539 1812 aliud
2587 1764 2867 1826 peccatum
2914 1757 3196 1813 admiserit
3243 1767 3400 1814 extra
3450 1775 3510 1817 se
3553 1769 3812 1830 peccat;_

507 1859 627 1912 ινίεί
657 1875 820 1913 unum
845 1875 1036 1928 corpus
1061 1858 1165 1927 ﬁt?
1198 1857 1311 1912 Ηορ
1341 1857 1500 1922 dicit,
1539 1857 1667 1927 quia
1697 1856 1787 1926 qui
1820 1857 2091 1912 comam-
2121 1863 2168 1926 Β
2197 1845 2521 1903 fornicarius
2549 1863 2682 1903 vero
2713 1848 2766 1903 in
2797 1863 3015 1904 carnem
3046 1866 3198 1905 suam
3231 1861 3445 1922 peccat.
3489 1851 3604 1924 Age
3629 1854 3676 1909 si
3707 1855 3788 1909 la-

506 1951 712 2006 nationi
741 1966 800 2006 se
828 1951 1121 2013 admiscet,
1166 1966 1334 2005 unum
1363 1949 1422 2004 fit
1448 1965 1570 2006 cum
1599 1963 1688 2015 eo,
1718 1948 1806 2004 cui
1836 1963 1894 2004 se
1923 1949 2093 2004 admi-

507 2050 642 2098 seet.
675 2042 986 2097 Fornicatio
1007 2045 1150 2098 enim
1173 2025 1364 2096 ambos
1385 2056 1550 2096 unum
1576 2039 1725 2105 facit,
1749 2047 1808 2096 ut
1827 2039 2096 2110 quomodo

506 2135 561 2190 in
592 2143 783 2188 natura
803 2173 818 2198 ,
859 2133 938 2188 sic
962 2141 1017 2187 et
1047 2133 1101 2192 in
1133 2131 1344 2188 macula
1375 2147 1542 2186 unum
1579 2131 1708 2186 sint.
1763 2129 1970 2196 Erunt,
2007 2131 2092 2184 in-

503 2228 647 2296 quit,
699 2223 804 2278 duo
840 2225 894 2278 in
931 2241 1089 2280 carne
1129 2239 1283 2290 una,
1315 2221 1654 2277 Manifestum
1703 2229 1818 2288 est,
1866 2229 1928 2276 ut
1967 2221 2094 2296 quia

505 2315 703 2369 mulier
729 2315 796 2369 de
824 2315 944 2370 viro
987 2321 1102 2379 est,
1135 2316 1296 2370 ambo
1333 2313 1386 2368 in
1425 2327 1590 2369 carne
1644 2328 1749 2369 una
1808 2315 1935 2369 sint.
1989 2313 2094 2379 Qui

503 2413 680 2460 autem
708 2405 936 2460 adliceret
965 2405 1185 2464 Domino
1210 2423 1346 2464 unus
1374 2405 1589 2477 spiritus
1616 2414 1711 2459 est.
1745 2405 1928 2477 (Aug.)
1951 2404 2094 2471 Quo-

502 2496 651 2550 niam
682 2496 736 2550 in
767 2497 904 2550 bene
933 2497 1220 2566 agentibus
1262 2497 1485 2567 spiritus
1514 2497 1608 2552 Dei
1637 2506 1756 2562 est,
1794 2496 2093 2552 communis

501 2601 626 2641 cum
658 2586 769 2643 Deo
803 2587 1129 2645 hominibus.
1173 2589 1310 2644 Cum
1342 2589 1420 2644 sic
1449 2588 1648 2644 dicitur
1676 2604 1863 2654 unum,
1902 2596 1959 2642 ut
1988 2603 2092 2642 non

501 2679 737 2734 addatur
764 2679 892 2749 quid
925 2695 1087 2738 unum
1105 2720 1136 2746 ,_
1161 2689 1214 2735 et
1241 2680 1394 2750 plura
1426 2696 1590 2736 unum
1619 2679 1875 2735 dicuntur
1902 2679 2092 2734 eadem

502 2784 696 2828 natura
715 2813 730 2836 ,
779 2782 942 2842 atque
975 2774 1212 2828 essentia
1245 2789 1352 2830 non
1380 2773 1649 2829 dissidens
1677 2787 1853 2843 neque
1882 2772 2092 2827 dissen-

503 2863 644 2918 tiens
691 2863 1065 2934 significatur;
1117 2879 1240 2918 cum
1281 2879 1411 2919 vero
1455 2864 1670 2918 additur
1711 2863 1840 2932 quid
1887 2879 2094 2929 unum,

499 2963 683 3026 potest
716 2957 918 3025 aliquid
953 2956 1250 3028 signiflcari
1279 2972 1344 3012 ex
1375 2955 1620 3027 pluribus
1653 2970 1820 3010 unum
1852 2955 2053 3010 factum
2073 2995 2091 3021 ,

501 3046 748 3115 quamvis
776 3031 1004 3102 diversis
1030 3055 1222 3102 natura
1241 3087 1256 3113 ,
1297 3047 1441 3102 sicut
1470 3047 1648 3101 anima
1675 3053 1732 3100 et
1757 3060 1955 3115 corpus
1985 3061 2096 3110 non

503 3145 631 3192 sunt
673 3137 857 3206 utique
900 3152 1100 3202 unum;
1155 3139 1284 3206 quid
1325 3138 1472 3192 enim
1519 3148 1628 3190 tam
1669 3136 1942 3192 diversum
1989 3137 2094 3192 nisi

2197 1952 2336 2006 queo
2367 1938 2534 1992 vitam
2566 1937 2764 2004 finiat,
2782 1949 2876 1995 aut
2905 1939 3064 2000 ferro.
3081 1957 3139 1997 se
3168 1943 3420 2008 trucidet,
3449 1958 3558 1999 non
3586 1943 3644 2000 in
3671 1959 3794 2001 cor-

2194 2043 2297 2101 pus
2344 2045 2502 2086 suum
2535 2031 2750 2087 videtur
2794 2035 3068 2103 peccare?
3122 2050 3230 2090 non
3281 2035 3338 2090 in
3385 2050 3582 2106 corpus
3631 2051 3818 2094 suum.

2194 2126 2404 2188 peccat,
2437 2119 2529 2174 sed
2563 2120 2617 2175 in
2648 2121 2909 2187 animam,
2940 2123 3028 2179 cui
3056 2125 3165 2178 vim
3193 2123 3346 2181 facit.
3378 2124 3664 2183 Fornicari
3694 2141 3796 2197 au:

2196 2217 2306 2264 tem
2335 2210 2619 2280 corporale
2662 2211 2917 2268 delictum
2963 2223 3068 2278 est,
3094 2216 3237 2286 quod
3268 2224 3326 2272 et
3353 2231 3551 2288 corpus
3579 2220 3795 2275 contin-

2195 2299 2272 2368 git
2317 2307 2374 2355 et
2394 2299 2653 2366 animam,
2683 2317 2790 2357 non
2822 2303 2968 2360 enim
2996 2306 3114 2360 sine
3139 2306 3414 2363 desiderio
3434 2310 3640 2375 carnis,
3663 2311 3818 2381 quia.

2197 2390 2362 2446 habet
2389 2401 2446 2446 ct
2474 2407 2602 2447 caro
2629 2395 2918 2464 proprium,
2940 2406 3175 2463 motum,
3207 2399 3394 2455 anima
3421 2403 3791 2472 concupiscit,
3809 2467 3822 2476 _

2196 2491 2256 2535 ut
2285 2491 2473 2551 peccet
2489 2483 2541 2544 in
2562 2499 2806 2550 carnem,
2833 2488 3081 2556 quamvis
3110 2489 3229 2544 sine
3249 2490 3429 2546 anima
3448 2491 3577 2546 nihil
3591 2494 3790 2560 possit.

2196 2571 2299 2627 Per
2327 2573 2380 2627 id
2411 2589 2540 2645 ergo
2565 2576 2708 2645 quod
2738 2577 2792 2630 in
2823 2592 3044 2633 carnem
3072 2593 3200 2648 qua:-
3219 2594 3285 2634 ex
3305 2595 3363 2636 se
3388 2591 3471 2635 est
3493 2583 3792 2654 peccat(ad

2195 2669 2458 2740 originem
2488 2669 2633 2724 enim
2652 2671 2882 2741 retulit),
2899 2673 2952 2726 in
2967 2688 3162 2743 corpus
3175 2689 3330 2729 suum
3347 2675 3546 2730 dicitur
3561 2691 3792 2747 peccare
3815 2721 3822 2728 .

2193 2771 2256 2816 ut
2282 2763 2493 2818 desinat
2534 2780 2562 2818 a
2603 2763 2964 2822 fornicatione
2991 2766 3148 2838 quasi
3177 2765 3558 2838 sibi..parcens.
3608 2767 3818 2838 Nova:

2199 2854 2346 2909 tiano
2393 2860 2576 2909 tamen
2623 2854 2713 2910 hic
2761 2855 2853 2928 qui
2917 2855 3254 2922 fornicatur,
3309 2872 3420 2914 non
3483 2856 3539 2912 in
3589 2872 3822 2928 corpus.

2194 2959 2352 2999 suum
2389 2943 2602 3002 videtur
2630 2959 2881 3014 peccare,
2929 2946 3025 3002 sed
3055 2947 3112 3000 in
3139 2944 3382 3014 Christi,
3437 2945 3596 3006 aliter
3639 2949 3790 3006 enim

2195 3034 2300 3090 hoc
2328 3036 2686 3104 pronuntiat,
2737 3045 2798 3091 ut
2847 3037 3014 3092 etiam
3052 3037 3205 3094 illum
3250 3038 3345 3108 qui
3390 3037 3691 3094 fornicatur
3731 3040 3818 3105 in:

2196 3123 2461 3197 Spiritum
2507 3135 2756 3188 sanctum
2802 3128 2948 3184 dicat
2989 3145 3258 3200 peccare,
3309 3139 3537 3202 propter
3565 3145 3822 3200 causam,

503 3227 736 3282 addatur
765 3235 858 3282 aut
886 3228 1322 3300 subiutelligatur
1351 3229 1482 3298 quid
1512 3244 1700 3296 unum,
1744 3228 1798 3284 id
1823 3236 1910 3284 est
1951 3244 2091 3284 unus

2194 3230 2300 3286 qua
2330 3216 2534 3272 scissus
2559 3225 2644 3272 est
2673 3217 2742 3273 ab
2771 3217 3034 3280 Ecclesia.
3065 3218 3184 3282 Hoc
3205 3219 3352 3287 nulla
3378 3221 3590 3278 ratione
3617 3223 3792 3278 astrui

501 3318 666 3375 homo
691 3327 784 3374 aut
812 3335 976 3374 unum
1005 3321 1227 3377 animal.
1257 3321 1386 3378 lude
1405 3322 1715 3394 Apostolus,
1743 3323 1833 3393 qui
1860 3322 2094 3378 adliceret

499 3409 1030 3479 meretrici,inquit,
1067 3427 1229 3466 unum
1257 3429 1447 3483 corpus
1473 3423 1574 3478 est,
1613 3429 1720 3468 non
1750 3413 1886 3468 dixit
1925 3429 2093 3468 unum

500 3509 652 3567 sunt,
687 3508 784 3556 aut
809 3517 973 3556 unum
1006 3512 1110 3570 est,
1138 3503 1231 3558 sed
1261 3503 1469 3559 addidit
1497 3520 1705 3574 corpus,
1737 3511 1998 3575 tanquam
2027 3518 2094 3558 ex

505 3595 718 3651 duobus
743 3594 975 3650 diversis
1013 3596 1312 3652 masculino
1336 3606 1391 3653 et
1417 3595 1678 3656 feminino
1703 3613 1869 3652 unum
1895 3611 2110 3668 corpus.

502 3685 806 3757 adjectione
833 3688 1224 3758 compositum,
1257 3698 1304 3742 et
1337 3688 1428 3756 qui
1453 3689 1715 3754 adha'rct,
1749 3687 1956 3758 inquit,
1989 3687 2094 3741 Do-

503 3780 646 3834 mino
665 3820 679 3846 ,
727 3795 862 3840 unus
891 3779 1106 3850 spiritus
1133 3788 1230 3839 est.
1287 3778 1404 3835 Non
1433 3779 1571 3834 dixit
1598 3779 1688 3850 qui
1722 3779 1962 3835 adlucret
1989 3779 2094 3838 Do-

501 3871 650 3928 mino
676 3887 842 3926 unum
873 3880 978 3937 est,
1005 3881 1099 3927 aut
1121 3888 1286 3928 unum
1315 3881 1463 3939 sunt,
1490 3872 1585 3928 sed
1615 3872 1818 3928 addidit
1853 3873 2090 3944 spiritus.

501 3960 786 4018 Diversum
815 3963 959 4018 enim
1005 3973 1197 4018 natura
1238 3963 1460 4037 spiritus
1505 3963 1738 4020 hominis
1776 3971 1831 4018 et
1869 3962 2092 4032 spiritus

502 4052 598 4116 Dei
641 4073 654 4110 :
703 4055 796 4111 sed
843 4054 1156 4110 inharrendo
1200 4054 1262 4110 fit
1307 4071 1448 4111 unus
1492 4055 1714 4126 spiritus
1756 4070 1820 4110 ex
1863 4056 2092 4112 diversis

501 4145 732 4202 duobus.
769 4147 845 4202 Ita
875 4155 934 4201 ut
963 4147 1080 4202 sine
1110 4147 1348 4202 humano
1378 4147 1600 4216 spiritu,
1648 4144 1840 4201 beatus
1885 4146 1956 4202 sit
1995 4145 2090 4202 Dei

500 4237 726 4308 spiritus
755 4245 918 4308 atque
946 4236 1245 4306 perfectus,
1288 4239 1476 4292 beatus
1505 4247 1688 4291 autem
1717 4237 1953 4291 hominis
1981 4236 2092 4306 spi-

499 4329 638 4386 ritus
663 4343 771 4383 uon
799 4328 901 4382 nisi
923 4343 1044 4382 cum
1069 4327 1200 4383 Deo.
1234 4326 1598 4394 Quamobrem
1611 4327 1732 4389 sive
1761 4327 1836 4380 ita
1855 4325 2088 4391 dicatur,

502 4419 666 4485 Deus,
696 4418 763 4474 de
791 4419 922 4483 Deo,
959 4427 1021 4474 ut
1053 4427 1110 4472 et
1146 4417 1375 4489 singulis
1412 4417 1516 4472 hoc
1542 4431 1738 4472 nomen
1768 4416 2054 4472 conveniat
2074 4455 2090 4478 ,

502 4527 613 4566 non
637 4517 820 4567 tamen
846 4518 906 4565 ut
931 4510 1091 4565 ambo
1115 4509 1274 4564 simul
1300 4509 1406 4564 duo
1429 4508 1526 4573 dii,
1544 4507 1637 4562 sed
1665 4522 1804 4562 unus
1825 4507 1966 4562 Deus
1990 4507 2087 4575 sit;

2198 3315 2418 3376 potest,
2457 3322 2658 3378 corpus
2677 3308 2826 3368 enim
2858 3307 3058 3364 Christi
3089 3324 3196 3365 non
3225 3319 3312 3366 est
3331 3327 3509 3378 unus,
3531 3313 3791 3382 qaut‘duo

2199 3395 2495 3458 Christiani
2524 3397 2618 3452 scd
2649 3413 2868 3454 omneS'
2915 3399 3115 3476 singuli
3139 3409 3320 3457 autem
3351 3380 3594 3459 membra
3622 3380 3750 3459 sunt
3775 3422 3789 3458 :

2201 3490 2481 3560 quomodo
2515 3505 2644 3561 ergo
2673 3491 2766 3561 qui
2797 3490 3097 3547 fornicatur
3125 3493 3178 3547 in
3207 3492 3408 3550 Christi
3439 3509 3637 3565 corpus
3663 3511 3794 3566 pec-

2199 3590 2306 3648 cat,
2347 3598 2470 3639 cum
2501 3598 2610 3637 non
2641 3599 2833 3642 onmes
2861 3584 3234 3645 contaminet?
3287 3590 3432 3657 quod
3467 3588 3514 3644 si
3542 3589 3616 3643 ita
3645 3595 3809 3646 esset.

2198 3684 2259 3729 ut
2307 3672 2610 3728 Novatiano
2639 3673 2872 3739 videtur,
2921 3683 3118 3731 ccc-tera
3166 3677 3348 3732 omnia
3379 3687 3604 3748 peccata
3629 3689 3788 3734 extra

2197 3766 2363 3821 Deum
2395 3772 2599 3830 essent,
2629 3773 2686 3820 et
2712 3764 2826 3820 sola
2864 3765 3222 3824 fornicatione
3251 3777 3530 3837 peccatum
3558 3778 3702 3824 esset
3736 3770 3816 3826 in.

2193 3855 2396 3920 Deum;
2428 3855 2592 3910 etiam
2613 3855 2704 3925 qui
2727 3856 2876 3916 vadit
2895 3855 2964 3911 ad
2986 3856 3151 3922 idola,
3171 3873 3280 3924 non
3301 3866 3486 3926 peccat
3516 3858 3570 3916 iu
3594 3859 3787 3925 Demn,

2193 3963 2296 4004 nec
2327 3949 2419 4018 qui
2449 3958 2610 4020 negat
2659 3950 2715 4004 iu
2771 3950 3166 4018 persecutione,
3209 3951 3334 4021 quia
3386 3966 3547 4006 omne
3591 3966 3788 4021 pecca-

2195 4051 2308 4098 tum
2339 4045 2720 4114 quodcumquc
2748 4043 2940 4101 fecerit
2964 4044 3146 4111 homo,
3179 4053 3334 4101 extra
3361 4059 3562 4115 corpus
3582 4043 3786 4100 Christi

2191 4145 2296 4200 est,
2321 4137 2462 4191 sicut
2487 4136 2562 4190 illi
2590 4135 2821 4196 videtur.
2862 4136 2921 4192 Si
2952 4148 3136 4193 autem
3165 4147 3220 4193 et
3244 4139 3348 4206 huc
3376 4137 3535 4194 aliter
3556 4138 3791 4194 voluerit

2190 4227 2558 4299 pronuntiare,
2576 4237 2635 4285 ut
2649 4236 2809 4300 neget
2829 4228 3033 4300 aliquid
3051 4239 3208 4286 extra
3232 4243 3431 4309 corpus
3443 4228 3644 4286 Christi
3665 4245 3793 4288 esse
3813 4273 3822 4280 -

2190 4329 2475 4390 peccatum
2499 4361 2514 4388 ,
2558 4330 2781 4393 cogetur
2807 4323 3023 4390 dicere,
3074 4323 3202 4394 quia
3239 4307 3420 4379 omnis
3460 4322 3792 4394 quicumque

2193 4411 2574 4481 quodcumque
2600 4420 2791 4482 peccat.
2820 4411 3040 4480 fecerit,
3065 4414 3129 4486 in
3159 4415 3331 4470 Deum
3359 4422 3581 4484 peccat,
3629 4423 3686 4470 et
3731 4415 3789 4470 in
3813 4481 3820 4485 _

2197 4499 2461 4572 Spiritum
2491 4513 2756 4568 sanctum,
2794 4512 2854 4558 ut
2886 4513 2943 4560 et
2968 4503 3058 4560 fur
3085 4514 3142 4561 et
3163 4504 3442 4582 periurus,
3461 4515 3525 4574 et
3555 4505 3790 4563 mendax

500 4600 580 4656 ita
609 4601 754 4657 enim
789 4598 890 4654 sibi
919 4600 1236 4663 cohaerent,
1286 4601 1432 4668 quod
1473 4598 1637 4654 etiam
1675 4599 1730 4653 in
1767 4597 2092 4654 distantibus
2123 4603 2172 4663 ι)
2198 4593 2252 4649 iu
2281 4592 2544 4663 Spiritum
2572 4602 2820 4652 sanctum
2863 4610 3096 4665 peccare
3132 4596 3383 4664 dicatur;
3435 4605 3492 4654 et
3517 4595 3825 4676 quomodo.

498 4691 836 4760 diversisque
854 4691 1173 4747 substantiis
1198 4690 1312 4744 fieri
1332 4689 1624 4760 Apostolus
1645 4690 1798 4746 testis
1823 4697 1926 4745 est.
1955 4688 2092 4745 Nam
2194 4691 2279 4741 est
2317 4683 2448 4739 illud
2477 4684 2623 4754 quod
2659 4685 2739 4740 ait
2771 4685 3072 4742 Dominus:
3109 4685 3250 4753 Quia
3283 4689 3461 4754 omnia
3492 4697 3702 4759 peccata
3738 4698 3788 4744 et

498 4791 556 4837 et
583 4781 730 4837 solus
756 4782 1013 4836 Dominus
1041 4782 1267 4851 spiritus
1299 4790 1416 4849 est,
1453 4791 1509 4837 et
1546 4781 1694 4838 solus
1722 4781 1960 4838 hominis
1984 4782 2094 4853 spi-
2194 4774 2526 4844 blasphemus
2555 4776 3243 4844 remittenturhaminibus;
3279 4779 3379 4849 qui.
3399 4789 3575 4839 autem
3598 4795 3790 4850 pecca-

499 4874 654 4936 ritus,
685 4873 868 4942 utique
893 4873 1119 4942 spiritus
1142 4882 1244 4939 est,
1261 4882 1438 4930 tamen
1470 4874 1514 4930 si
1540 4874 1813 4932 adhaereat
1837 4875 2092 4943 Domino,

501 4980 642 5020 unus
683 4963 906 5035 spiritus
929 4975 1048 5022 est:
1082 4975 1286 5037 quanto
1315 4967 1490 5040 magis
1513 4968 1610 5034 ibi,
1639 4969 1728 5024 ubi
1759 4978 1844 5025 est
1867 4970 2092 5026 omnino

500 5056 876 5127 inseparabilis
915 5067 1076 5128 atque
1105 5068 1306 5116 acterna
1335 5061 1646 5117 connexio?
1701 5061 1794 5118 Sic
1835 5063 2088 5119 ordinata

499 5157 587 5204 est
622 5165 776 5206 mens
801 5159 1116 5206 naturarum
1147 5153 1356 5216 ordine,
1386 5169 1492 5209 non
1523 5153 1788 5212 locorum.
1827 5162 1888 5208 ut
1922 5169 2084 5224 supra

501 5240 648 5297 illam
685 5257 792 5296 non
829 5242 902 5297 sit
937 5242 1041 5298 nisi
1072 5243 1234 5299 Deus.
1291 5244 1535 5314 Denique
1577 5260 1702 5300 cum
1748 5243 1826 5299 illi
1871 5245 2088 5316 penitus

503 5333 836 5400 adhaeserit,
887 5349 1028 5390 unus
1077 5336 1184 5390 erit
1229 5335 1486 5406 spiritus,
1543 5337 1632 5394 cui
1674 5336 1756 5392 rei
1799 5344 2086 5392 attestatur

503 5423 792 5495 Apostolus
820 5425 1042 5482 dicens:
1075 5427 1177 5493 Qui
1206 5439 1380 5482 autem
1409 5428 1640 5484 adliceret
1671 5429 1921 5496 Domino,
1947 5446 2086 5484 unus

499 5517 715 5586 spiritus
743 5527 837 5571 est.
889 5518 1194 5573 Accedente
1221 5518 1438 5588 quidem
1465 5519 1568 5573 ista
1607 5519 1675 5573 ad
1713 5520 2086 5590 participatio-

502 5625 628 5668 nem
661 5621 868 5666 natura:
901 5612 1151 5667 veritatis
1189 5612 1866 5679 beatitudinis-illius,non
1905 5624 2086 5670 tamen

499 5711 779 5759 crescente
809 5703 902 5758 illo
933 5704 988 5758 in
1020 5712 1212 5758 natura
1241 5704 1485 5760 veritatis
1515 5705 1848 5764 beatitudine
1875 5723 1990 5763 sua.
2029 5708 2087 5763 In

504 5791 592 5850 illa
637 5795 819 5863 itaque
845 5802 1038 5851 natura
1065 5795 1150 5852 cui
1181 5795 1408 5852 feliciter
1435 5797 1724 5854 adlueserit
1753 5799 2090 5858 immutabile

2191 4868 2319 4924 verit
2349 4866 3000 4939 in.Spiritumsanctum,
3040 4887 3144 4926 non
3187 4871 3479 4940 remittetur
3505 4871 3583 4937 ei,
3625 4887 3790 4943 neque

2191 4957 2298 5024 hic,
2322 4975 2488 5030 neque
2516 4959 2570 5014 in
2597 4959 2778 5029 futuro
2807 4959 3025 5032 (Matth.
3055 4959 3178 5033 xu).
3211 4961 3452 5036 Apparet
3477 4963 3666 5033 utique
3690 4978 3790 5020 ex—
3819 5017 3823 5020 .

2191 5049 2364 5120 neptis
2391 5050 2606 5106 caeteris
2645 5051 2888 5121 peccatis
2913 5051 3060 5106 aliud
3090 5067 3212 5109 esse
3239 5060 3521 5122 peccatum
3547 5093 3564 5119 ,
3618 5069 3822 5124 quam,

2190 5149 2472 5211 peccatum
2504 5142 2706 5198 dicitur
2731 5143 2788 5198 in
2819 5142 3086 5213 Spiritum
3127 5153 3396 5204 sanctum.
3449 5145 3819 5221 Quibusdam.

2191 5234 2390 5291 iterum
2419 5235 2630 5290 videtur
2655 5236 2783 5305 quia
2819 5236 2915 5305 qui
2953 5235 3276 5304 fornicatur,
3319 5237 3440 5293 ideo
3484 5238 3540 5294 in
3583 5253 3787 5308 corpus

2191 5343 2348 5383 suum
2391 5327 2592 5384 dicitur
2627 5343 2876 5398 peccare,
2903 5329 3033 5400 quia
3058 5329 3313 5392 Ecclesiae
3346 5330 3650 5386 membrum
3676 5338 3783 5395 est,
3813 5403 3818 5406 _

2187 5429 2244 5476 et
2285 5435 2344 5476 se
2383 5420 2778 5487 contaminans,
2808 5421 2863 5476 in
2887 5420 3185 5491 Ecclesiam
3209 5429 3418 5500 peccat,
3439 5419 3594 5500 cujus
3613 5435 3786 5476 mem-

2190 5510 2349 5568 brum
2424 5519 2528 5568 est.
2576 5511 2678 5579 Qui
2718 5527 2851 5585 ergo
2891 5513 3149 5570 Ecclesia:
3185 5513 3488 5569 membrum
3527 5519 3646 5578 est,
3694 5510 3812 5566 di-_

2193 5603 2423 5660 cendum
2459 5610 2544 5660 est
2576 5603 2676 5670 illi,
2701 5621 2825 5661 cum
2867 5603 3189 5671 fornicatur,
3215 5604 3342 5675 quia
3383 5619 3494 5659 non
3533 5603 3658 5670 sibi,
3685 5601 3783 5659 sed

2194 5692 2248 5746 in
2291 5691 2586 5750 Ecclesiam
2631 5703 2839 5765 peccat.
2884 5693 3056 5749 Porro
3094 5702 3270 5749 autem
3308 5693 3440 5748 dicit
3469 5691 3781 5764 Apostolus,

2195 5787 2320 5856 quia
2360 5787 2452 5858 qui
2487 5786 2804 5854 fornicatur,
2830 5802 2929 5858 per
2953 5787 3007 5844 id
3038 5787 3181 5858 quod
3217 5787 3271 5844 in
3299 5787 3780 5858 portionemsuatn
