4082 6332
241 359 303 414 6|
771 354 1324 418 ENARRATIONUM
1357 361 1426 418 IN
1460 361 1610 420 EPP.
1651 361 1858 420 PAULI
1893 357 2021 413 LIB.
2058 357 2127 413 Χ.
2167 389 2237 400 -α-
2268 360 2340 419 ΙΝ
2375 362 2596 421 EPIST.
2634 364 2658 420 Ι
2694 363 2786 421 AD
2821 365 2981 424 COD.

3469 369 3541 428 62

243 472 516 545 delinquit
540 471 594 527 in
620 487 818 543 corpus
841 487 996 528 suum
1022 481 1231 543 peccat.
1272 474 1456 548 (Aug.)
1486 475 1569 528 An
1601 476 1832 543 nescitis,
1863 479 1916 540 Α
1939 482 2002 529 ιιι
2026 474 2237 531 emteris
2256 476 2503 546 puriores
2529 476 2861 544 viderentur,
2888 478 3223 549 spernendos
3243 480 3530 540 docebantv

241 565 444 634 inquit,
469 567 721 634 quoniam
752 565 843 634 qui
879 563 1110 620 adliceret
1141 566 1422 632 meretrici,
1456 582 1620 621 unum
1647 582 1836 635 corpus

238 667 314 711 est
334 657 360 710 Ρ
381 655 558 710 Erunt
589 656 748 720 enim,
772 656 960 727 inquit,
987 657 1092 711 duo
1129 657 1186 710 in
1220 675 1380 713 carne
1411 675 1540 712 una.
1582 657 1836 730 Nunquid

237 749 346 804 hoc
390 755 580 818 posset
623 749 730 804 dici
769 749 837 804 de
881 749 1022 816 aliis,
1065 757 1228 820 atque
1265 751 1386 807 aliis
1425 753 1728 824 quibusque
1755 753 1835 808 fa-

237 839 524 897 cinoribus
565 840 891 896 hominum?
933 841 1164 897 liberum
1208 851 1292 898 cst
1329 843 1474 898 enim
1514 845 1696 900 animo
1733 845 1834 902 hu-

236 950 402 991 mano
440 935 498 990 in
539 934 660 990 aliis
684 935 985 1004 quibusque
1009 935 1304 994 sceleribus
1336 945 1393 992 et
1419 953 1586 994 unum
1615 937 1832 1007 aliquod

235 1039 430 1080 eorum
475 1025 710 1094 operari,
737 1033 792 1080 et
830 1039 894 1079 eo
921 1027 1036 1100 ipso
1065 1034 1304 1096 tempore
1343 1027 1472 1082 alibi
1505 1028 1832 1099 cogitatione

233 1115 496 1182 distendi,
524 1116 668 1186 quod
692 1116 749 1170 in
773 1111 1144 1172 fornicationis
1169 1117 1288 1186 ipso
1310 1131 1472 1188 opere
1498 1133 1563 1174 ac
1591 1127 1831 1188 tempore

233 1223 342 1262 non
373 1207 502 1262 licet
534 1208 718 1262 animo
739 1207 807 1261 ad
829 1207 1031 1277 aliquid
1057 1207 1202 1262 aliud
1233 1209 1578 1279 cogitandum
1600 1209 1828 1272 liberum

147 1321 156 1330 ο
231 1313 376 1365 esse,
408 1299 490 1356 sic
514 1299 660 1354 enim
690 1307 834 1354 totus
863 1299 1025 1353 homo
1063 1299 1382 1358 absorbetur
1411 1300 1481 1355 ab
1513 1299 1651 1371 ipso,
1686 1308 1742 1356 et
1773 1301 1827 1357 in

230 1393 354 1463 ipso
374 1407 627 1463 corpore,
648 1399 707 1446 ut
727 1390 842 1460 jam
862 1391 966 1446 dici
994 1407 1100 1446 non
1124 1392 1298 1462 possit
1323 1392 1437 1462 ipse
1460 1393 1674 1450 animus
1699 1408 1827 1449 suus

229 1497 370 1549 esse,
399 1483 496 1538 sed
526 1482 688 1538 simul
717 1489 863 1538 totus
893 1483 1056 1537 homo
1081 1482 1184 1538 dici
1211 1483 1384 1554 possit
1409 1483 1552 1554 quod
1579 1498 1707 1539 caro
1731 1484 1824 1551 sit,

1940 567 2056 622 haec
2081 582 2180 637 per
2207 567 2503 636 Epistulam
2554 567 2623 622 ab
2669 568 2930 638 Apostolo
2973 570 3322 641 requirebant
3359 592 3373 628 :
3403 576 3532 645 quia

1937 654 2080 711 enim
2110 671 2216 710 non
2253 655 2662 734 oblectabantur
2691 658 2794 714 hac
2822 660 3116 727 sententia,
3147 657 3534 730 praetermissis

1935 747 2164 812 caeteris,
2197 749 2304 804 hoc
2327 749 2504 804 solum
2533 750 2838 822 requirunt,
2864 751 3064 821 quibus
3093 759 3278 810 tamen
3306 765 3532 822 respou-

1935 836 2053 898 dit:
2095 838 2302 896 Bonum
2347 849 2423 895 est
2467 841 2678 912 quidem
2724 841 2996 898 mulierem
3045 860 3152 898 non
3206 844 3526 916 contingere,

1932 943 2243 999 quanquam
2269 944 2378 985 non
2404 929 2480 986 illi
2508 931 2646 986 istud
2673 933 2995 1003 simpliciter
3024 942 3294 989 asserant.
3325 933 3525 996 Tamen

1929 1029 2138 1091 propter
2181 1022 2602 1092 fornicationem,
2646 1025 2748 1080 hoc
2805 1034 2909 1092 est,
2938 1041 3008 1086 ne
3034 1027 3166 1096 quid
3215 1034 3408 1084 contra
3444 1027 3520 1084 le-

1929 1121 2051 1176 gem
2089 1108 2409 1169 admittatur
2444 1127 2570 1172 cum
2618 1115 2834 1182 quando
2863 1115 3006 1187 quod
3055 1117 3144 1173 lex
3189 1132 3296 1174 non
3334 1117 3520 1188 prohi-

1927 1197 2021 1253 bet
2073 1199 2292 1254 vitatur.
2337 1198 2704 1274 Unusquisque
2743 1221 2896 1260 suam
2951 1221 3171 1264 uxorem
3222 1207 3432 1274 habeat,
3476 1217 3525 1262 et

1927 1306 2254 1362 unaquaeque
2279 1309 2433 1348 suum
2463 1295 2632 1349 cirum
2682 1296 2872 1351 habeat
2919 1295 3128 1370 (Greg.)
3170 1298 3370 1356 Raulus
3399 1315 3521 1354 cum

1927 1384 2187 1454 quosdam
2207 1385 2264 1440 in
2292 1385 2534 1446 Ecclesia
2557 1388 2959 1448 incontinentes
2981 1391 3271 1463 aspiceret,
3297 1407 3522 1448 conces-

1926 1476 1997 1532 sit
2023 1477 2267 1546 minima,
2299 1487 2359 1534 ut
2402 1480 2611 1551 majora
2643 1481 3037 1549 devitarentur,
3081 1492 3305 1554 propter
3349 1481 3522 1538 forni—

229 1583 284 1631 et
315 1575 547 1644 spiritus
567 1574 770 1629 vadens
793 1583 848 1629 et
874 1589 982 1630 non
1004 1574 1240 1630 rediens.
1274 1573 1365 1631 Sic
1386 1590 1516 1646 ergo
1537 1590 1824 1646 possumus
1922 1568 2193 1626 cntionem
2217 1569 2364 1627 enim
2388 1573 2759 1642 unusquisque
2785 1588 2942 1632 suam
2965 1589 3192 1636 uxorem
3215 1573 3432 1639 habeal.
3463 1582 3520 1629 ει

227 1666 555 1737 intelligere,
573 1667 698 1737 quia
716 1682 866 1720 omne
885 1675 1154 1735 peccatum
1171 1667 1312 1737 quod
1332 1683 1450 1720 cum
1470 1668 1650 1738 fecerit
1668 1669 1822 1722 homo
1923 1660 2050 1730 quia
2077 1668 2206 1717 tunc
2249 1660 2425 1717 solum
2453 1661 2710 1735 coniuges
2741 1663 2796 1718 in
2837 1663 3174 1722 admixtione
3209 1665 3328 1721 sine
3362 1665 3517 1736 culpa

226 1768 375 1813 extra
427 1773 621 1828 corpus
667 1765 782 1823 est,
835 1759 923 1828 qui
969 1766 1142 1812 autem
1187 1757 1482 1826 fornicatur
1523 1759 1578 1813 in
1629 1775 1820 1828 corpus
1922 1758 2068 1818 sunt,
2096 1765 2218 1806 cum
2247 1767 2358 1808 non
2402 1767 2502 1826 pro
2535 1753 2798 1823 explenda
2831 1753 3074 1822 libidine,
3106 1755 3201 1812 sed
3231 1771 3332 1827 pro
3352 1757 3520 1813 susci-

224 1849 502 1921 propn‘um
549 1858 752 1920 peccat,
783 1857 846 1902 ut
887 1849 1134 1906 videatur
1163 1847 1456 1919 Apostolus
1503 1850 1558 1906 in
1606 1857 1819 1906 tantum
1847 1864 1892 1924 Β
1920 1842 2117 1914 pienda
2138 1843 2290 1913 prole
2313 1844 2630 1910 miscentur.
2663 1853 2724 1901 ut
2767 1847 2874 1908 hoc
2913 1847 3076 1906 etiam
3107 1849 3252 1918 quod
3289 1863 3514 1905 conces-

224 1953 563 2008 exaggerare
588 1937 824 1993 voluisse
849 1935 1222 1994 fornicationis
1247 1938 1473 2004 malum,
1498 1947 1558 1994 ut
1585 1940 1640 1995 in
1666 1954 1816 1995 com-

221 2031 510 2104 paratione
541 2030 702 2100 hujus
739 2038 934 2084 caetera
977 2037 1133 2084 extra
1175 2045 1372 2100 corpus
1401 2029 1646 2087 habenda
1692 2047 1814 2089 esse

221 2123 443 2187 dixerit,
477 2137 817 2193 quaecunque
853 2130 1096 2192 peccata,
1147 2129 1204 2179 et
1259 2121 1375 2179 solo
1422 2125 1526 2180 hoc
1575 2132 1815 2180 tantum-

221 2214 378 2269 modo
402 2212 784 2270 fornicationis
814 2212 958 2268 malo
980 2213 1033 2267 in
1061 2228 1258 2284 corpus
1284 2215 1562 2286 proprium
1585 2231 1813 2286 peccare

221 2307 445 2369 dixerit,
476 2306 605 2376 quia
634 2321 664 2360 a
690 2304 894 2375 majore
918 2304 1158 2360 libidinis
1179 2307 1394 2372 ardore,
1426 2321 1534 2376 quo
1561 2308 1812 2376 superior

218 2397 396 2453 nullus
429 2407 539 2462 est,
589 2396 839 2468 voluptas
888 2396 1057 2467 ipsius
1103 2397 1346 2466 corporis
1394 2404 1540 2453 tenet
1591 2413 1806 2454 servum

213 2485 487 2557 eilicilque
515 2487 812 2558 captivum.
860 2485 941 2541 An
970 2487 1179 2542 nescitis
1226 2489 1351 2558 quia
1382 2503 1606 2558 corpora
1637 2498 1809 2544 uestra

212 2577 468 2647 templum
529 2587 606 2631 est
671 2576 902 2645 Spiritus
929 2577 1098 2632 sancti
1152 2594 1306 2649 quem
1342 2579 1544 2636 habetis
1582 2597 1616 2634 a
1659 2579 1810 2635 Deo?

209 2667 452 2741 (Ambr.)
484 2668 747 2738 Superius
793 2668 1052 2740 templum
1099 2669 1196 2724 Dei
1225 2669 1382 2735 dixit,
1432 2670 1522 2725 hic
1548 2671 1804 2741 templum

210 2759 458 2830 Spiritus
495 2760 684 2825 sancti,
711 2761 839 2830 quia
881 2760 937 2814 in
962 2759 1266 2815 substantia
1304 2761 1407 2818 hoc
1437 2771 1521 2817 est
1562 2761 1802 2835 Spiritus

211 2853 354 2921 quod
380 2851 548 2917 Deus,
593 2851 696 2907 hoc
740 2851 943 2908 idcirco
976 2851 1113 2906 dixit
1141 2861 1202 2906 ut
1229 2866 1458 2921 corpora
1503 2861 1691 2908 nostra
1723 2853 1806 2908 in—

212 2941 585 2997 contaminata
631 2955 929 3008 servemus,
967 2950 1028 2997 ut
1055 2942 1228 3015 possit
1251 2942 1364 3007 illic
1407 2941 1646 3013 Spiritus
1675 2959 1802 2999 san-

1917 1943 2066 1998 serat
2108 1936 2227 1992 sine
2257 1936 2436 2008 culpa,
2485 1939 2735 2008 quamvis
2779 1939 3016 2006 minore,
3058 1955 3167 1996 non
3197 1953 3321 1997 esse
3362 1957 3516 1997 mon-

1914 2033 2140 2092 straret,
2168 2026 2313 2088 illico
2339 2026 2606 2120 adjunx'p,
2639 2027 2754 2083 Hoc
2778 2038 2954 2085 autem
2981 2031 3099 2085 dico
3118 2031 3407 2086 secundum
3428 2033 3512 2087 in-

1912 2116 2258 2189 dulgentiam,
2290 2134 2396 2176 non
2423 2116 2710 2175 secundum
2739 2121 3014 2188 imperium
3045 2136 3063 2174 :
3097 2137 3205 2177 non
3239 2123 3386 2179 enim
3427 2133 3516 2180 est

1912 2209 2031 2265 sine
2057 2209 2208 2276 vitio,
2229 2211 2373 2282 quod
2399 2211 2718 2282 ignoscitur,
2747 2221 2804 2268 et
2829 2228 2934 2268 non
2961 2214 3295 2285 praecipitur.
3319 2214 3515 2271 Pecca-

1911 2309 2028 2356 tum
2075 2301 2320 2372 profecto
2363 2301 2521 2371 vidit,
2551 2303 2697 2373 quod
2729 2319 2891 2374 posse
2925 2305 3191 2376 indulgeri
3239 2305 3511 2376 praevidit,

1909 2391 2004 2449 sed
2029 2408 2154 2450 cum
2193 2394 2249 2450 in
2295 2393 2476 2450 dubiis
2527 2395 2975 2468 constringimur,
3007 2395 3216 2452 utiliter
3269 2395 3512 2452 minimis

1909 2485 2214 2553 subdimur,
2233 2500 2302 2542 ne
2326 2485 2382 2541 in
2407 2486 2623 2558 magnis
2645 2486 2765 2543 sine
2785 2488 2942 2542 venia
2963 2501 3254 2558 peccemus
3273 2485 3506 2559 (Ambr.)

1910 2575 2098 2638 Solent
2163 2579 2308 2634 enim
2371 2579 2466 2648 qui
2525 2579 2904 2650 compendium
2959 2588 3214 2650 quaerunt
3269 2593 3503 2646 errare;

1906 2669 2180 2740 quomodo
2223 2669 2372 2726 enim
2407 2668 2526 2724 lieri
2580 2669 2777 2739 possit,
2823 2677 2885 2724 ut
2927 2670 2982 2726 hi
3035 2685 3096 2725 se
3145 2669 3214 2725 ab
3238 2670 3502 2726 uxoribus

1907 2755 2022 2810 suis
2052 2756 2414 2823 abstinerent,
2462 2772 2599 2828 quos
2627 2757 2684 2812 in
2727 2758 2892 2814 tantis
2931 2759 3078 2816 vitiis
3117 2759 3502 2830 reperit?ideo

1905 2859 2036 2918 ergo
2061 2833 2476 2917 non'permittit
2500 2863 2570 2903 ne
2599 2863 2632 2903 a
2671 2849 2839 2905 licitis
2877 2865 2936 2905 se
2959 2849 3295 2906 abstinentes
3317 2850 3506 2907 iucon~

1905 2950 2061 2992 cessa
2117 2947 2536 3006 praesumerent,
2584 2939 2730 2994 sicut
2784 2938 2991 2996 faciunt
3038 2939 3323 2995 Manichzci
3365 2956 3381 2994 :
3435 2936 3508 2995 Ut

215 3041 330 3089 ctus
361 3034 639 3089 habitare.
681 3032 753 3088 Et
796 3049 899 3090 non
929 3035 1053 3088 estis
1089 3034 1277 3098 vestri,
1311 3034 1470 3104 empti
1498 3017 1638 3094 enim
1679 3036 1802 3090 estis
1902 3028 2060 3082 uxori
2086 3028 2166 3082 vir
2185 3027 2416 3082 debitum
2437 3027 2646 3094 reddat,
2675 3026 2920 3086 similiter
2942 3037 3122 3084 autem
3141 3037 3188 3082 et
3213 3044 3352 3082 uxor
3372 3027 3504 3085 viro.

212 3129 395 3200 pretio.
447 3126 797 3188 Manifestum
821 3135 926 3194 est,
956 3127 1048 3196 qui
1077 3135 1291 3197 emptus
1313 3137 1415 3195 est,
1447 3143 1556 3183 non
1599 3137 1683 3182 est
1718 3128 1800 3186 sui
1902 3119 2138 3176 Invicem
2159 3121 2261 3177 sibi
2285 3118 2476 3189 subjici
2504 3119 2626 3176 illos
2661 3121 2715 3175 in
2743 3121 2847 3176 hac
2875 3135 3062 3186 causa,
3088 3129 3150 3176 ut
3178 3121 3306 3190 quia
3335 3135 3505 3176 unum

214 3217 449 3282 arbitrii,
499 3218 597 3274 sed
631 3215 748 3286 ejus
778 3233 809 3272 a
833 3233 942 3289 quo
967 3226 1182 3289 emptus
1229 3227 1334 3286 est,
1365 3227 1425 3280 ut
1461 3234 1573 3276 non
1623 3234 1798 3284 suam,
1829 3215 1874 3278 C
1905 3226 2106 3282 corpus
2134 3218 2279 3276 sunt,
2311 3225 2422 3266 una
2448 3210 2664 3266 illorum
2692 3210 2764 3266 sit
2804 3219 2862 3266 et
2887 3210 3138 3270 voluntas
3179 3210 3234 3267 in
3264 3211 3382 3282 lege
3414 3225 3507 3266 na-

211 3310 304 3365 sed
344 3309 494 3365 illius
521 3308 684 3364 faciat
729 3309 1080 3376 voluntatem,
1111 3316 1168 3365 et
1197 3310 1325 3382 quia
1363 3325 1490 3366 care
1513 3311 1681 3381 empti
1712 3325 1802 3366 su-

213 3415 352 3465 mus,
395 3401 724 3472 propensius
752 3401 981 3460 Domino
1006 3411 1196 3458 nostro
1218 3402 1424 3458 servire
1453 3402 1712 3459 debemus
1735 3417 1804 3458 ne

216 3492 495 3556 odensus,
555 3507 718 3564 aqua
764 3506 867 3552 nos
913 3493 1142 3548 redemit
1188 3493 1352 3554 morti
1396 3507 1500 3550 nos
1547 3492 1740 3549 reddat
1784 3511 1798 3548 :

214 3597 376 3653 quam
403 3584 554 3642 enim
581 3583 906 3640 charissimo
947 3583 1126 3654 pretio
1166 3599 1266 3640 nos
1290 3585 1442 3652 emit,
1473 3593 1535 3641 ut
1579 3585 1802 3656 sangui-

210 3691 334 3732 nem
384 3691 547 3736 suum
587 3677 742 3733 daret
787 3691 886 3748 pro
928 3675 1454 3748 nobis?Clarificate
1494 3685 1544 3733 et
1599 3687 1805 3750 portate

209 3768 387 3826 Deum
417 3770 474 3824 in
509 3785 726 3840 corpore
763 3779 952 3825 vestro.
990 3769 1105 3826 Hoc
1133 3778 1235 3837 est,
1267 3769 1569 3826 clariﬁcare
1595 3777 1650 3825 et
1675 3785 1806 3840 por-

209 3868 334 3918 tare
375 3859 546 3914 Deum
573 3861 626 3914 in
657 3873 905 3930 corpore,
932 3867 995 3916 ut
1013 3859 1307 3915 secundum
1337 3858 1510 3929 legem
1537 3857 1658 3933 ejus
1686 3874 1804 3914 am-

209 3950 485 4016 bulemus,
511 3965 610 4020 per
635 3950 808 4028 legem
832 3950 974 4006 enim
999 3965 1154 4006 suam
1179 3950 1292 4022 ipse
1317 3949 1530 4006 videtur
1549 3950 1603 4005 in
1625 3949 1802 4006 nobis.

213 4041 443 4098 Portare
481 4042 652 4096 Deum
696 4050 878 4096 tamen
916 4043 1018 4096 hoc
1053 4048 1158 4107 est,
1189 4040 1480 4112 imaginem
1511 4041 1608 4096 Dei
1635 4041 1690 4096 in
1722 4055 1808 4095 re-
1838 4077 1843 4086 η

213 4135 314 4192 bus
355 4135 499 4191 bene
520 4136 688 4206 gestis
715 4134 1021 4191 ostendere.
1051 4133 1234 4206 (Aug.)
1285 4132 1402 4188 Duo
1427 4141 1554 4190 sunt
1583 4141 1804 4204 peccata

217 4236 270 4282 et
301 4228 411 4282 duo
443 4242 646 4298 genera
671 4235 1042 4298 peccatorum,
1069 4234 1166 4282 aut
1185 4225 1327 4281 enim
1351 4225 1406 4281 in
1447 4225 1616 4282 Deum
1644 4225 1807 4282 homo

217 4327 435 4390 peccat,
465 4326 560 4373 aut
603 4318 658 4372 in
696 4319 1001 4384 hominem;
1029 4324 1289 4387 peccatur
1318 4325 1499 4372 autem
1545 4318 1600 4374 in
1636 4317 1806 4372 Deum

217 4409 382 4464 etiam
438 4408 837 4478 corrumpendo
877 4415 934 4466 et
968 4407 1223 4477 templum
1259 4407 1377 4479 ejus
1404 4407 1458 4462 in
1501 4414 1576 4474 te,
1606 4405 1808 4462 etenim

216 4495 359 4554 Deus
381 4496 622 4553 redemit
645 4507 699 4552 te
724 4496 985 4567 sanguine
1011 4495 1136 4550 Filii
1166 4496 1269 4562 sui,
1299 4511 1603 4566 quanquam
1629 4503 1685 4554 et
1713 4511 1808 4550 an-

1905 3312 2060 3360 turze.
2092 3303 2289 3360 Mulier
2328 3305 2414 3358 sui
2456 3304 2690 3374 corporis
2714 3312 3020 3374 potestatem
3062 3319 3168 3358 non
3197 3303 3372 3371 habet,
3413 3303 3505 3359 sed

1903 3400 1982 3454 vir
2000 3415 2020 3455 :
2049 3399 2293 3457 similiter
2312 3409 2360 3454 et
2383 3401 2462 3456 vir
2485 3399 2571 3455 sui
2595 3401 2830 3471 corporis
2859 3408 3166 3471 potestatem
3193 3417 3300 3457 non
3327 3402 3506 3468 habet,

1902 3493 1994 3547 sed
2022 3491 2232 3548 mulier.
2261 3490 2376 3547 Hoc
2418 3491 2569 3559 dicit,
2609 3495 2753 3563 quod
2802 3508 2980 3564 neque
3000 3493 3146 3560 vim,
3177 3507 3354 3564 neque
3380 3508 3506 3549 mu-

1903 3583 2023 3640 lieri
2058 3583 2219 3639 liceat
2251 3598 2451 3654 corpus
2489 3598 2645 3639 suum
2687 3583 2780 3639 alii
2815 3584 3061 3650 tradere;
3094 3583 3327 3639 invicem
3357 3583 3505 3639 enim

1904 3676 2008 3732 sibi
2037 3676 2310 3732 debitores
2333 3684 2460 3732 sunt
2476 3708 2483 3718 ε
2500 3677 2553 3732 iu
2576 3677 2678 3732 hac
2701 3691 2864 3734 causa
2891 3692 2962 3733 ne
2985 3676 3249 3748 peccandi
3278 3677 3507 3732 daretur

1903 3767 2139 3826 occasio.
2171 3765 2351 3822 Nolite
2393 3767 2650 3838 fraudare
2685 3769 2925 3825 invicem.
2961 3767 3078 3825 Hoc
3110 3768 3244 3824 dicit
3265 3776 3336 3838 ,ιιι
3377 3783 3507 3824 con-

1904 3857 2088 3914 veniat
2133 3857 2240 3916 illis
2269 3857 2324 3912 in
2357 3873 2418 3914 re
2443 3859 2655 3924 uxoria,
2686 3873 2756 3914 ne
2783 3859 3053 3916 dissensio
3080 3869 3305 3930 generet
3331 3859 3503 3929 torni;
3587 3875 3591 3877 ·

1906 3953 2196 4010 cntionem.
2239 3952 2362 4008 Nisi
2389 3971 2454 4010 ea:
2479 3971 2734 4010 consensu
2761 3955 2831 4010 ad
2856 3964 3078 4023 tempus.
3108 3955 3166 4010 Id
3196 3963 3301 4022 est,
3328 3971 3358 4010 a
3380 3971 3508 4011 cen-

1908 4044 2053 4100 dicto
2082 4044 2390 4103 abstineant
2429 4059 2487 4100 se
2518 4053 2738 4116 propter
2761 4046 3065 4116 gratiarum
3126 4045 3388 4101 actiones.
3434 4044 3505 4101 Ut

1908 4137 2096 4191 vacetis
2123 4136 2372 4191 orationi.
2403 4135 2727 4207 Quanquam
2763 4139 2911 4194 enim
2947 4137 3066 4194 sine
3092 4138 3503 4194 intermissione

1907 4232 2171 4287 orandum
2199 4231 2270 4287 sit
2317 4229 2622 4304 (meditatio
2642 4232 2787 4288 enim
2813 4231 2927 4288 Ιιιεε
2957 4233 3105 4289 omni
3144 4231 3232 4288 die
3260 4231 3505 4289 facienda

1909 4321 2035 4392 εει),
2066 4309 2246 4376 tamen
2275 4330 2335 4375 ut
2361 4321 2592 4378 orationi
2621 4321 2924 4388 insistatur,
2949 4321 3079 4379 huic
3099 4322 3178 4378 rei
3203 4324 3505 4378 vacandum

1909 4413 2184 4484 prmcepit,
2215 4412 2550 4483 interpositis
2595 4412 2928 4482 temporibus
2950 4413 3018 4468 ad
3050 4413 3339 4468 Dominum
3373 4427 3504 4483 pro-

1912 4503 2261 4570 merendum;
2291 4510 2352 4564 ut
2371 4503 2516 4558 enim
2544 4502 2893 4570 misereatur,
2917 4503 3173 4560 mundius
3198 4504 3506 4559 exorandus

221 4599 445 4661 tequam
473 4587 822 4644 redimerel'is
849 4587 1002 4661 cuius
1033 4600 1175 4652 eras.
1218 4586 1323 4643 DiSi
1344 4585 1461 4655 eius
1481 4587 1576 4656 (Ιιιἱ
1616 4587 1808 4642 εοηάί-
1834 4577 1888 4637 Ῑ)
1913 4603 2016 4660 est,
2069 4597 2320 4666 quamvis
2351 4596 2551 4650 munda
2595 4595 2708 4651 sint
2742 4594 3013 4667 conjugia,
3063 4604 3244 4652 tamen
3283 4596 3446 4652 etiam
3474 4612 3507 4651 a

219 4683 296 4736 dit
323 4681 547 4736 omnia?
593 4679 918 4751 peculariter
945 4679 1342 4749 quodammodo
1367 4687 1422 4734 te
1469 4679 1672 4736 habere
1711 4695 1808 4735 vo-

219 4772 318 4828 luit
347 4773 687 4843 redemptum
712 4771 971 4841 sanguine
994 4770 1115 4831 Filii
1147 4770 1251 4826 sui.
1283 4770 1407 4824 Non
1428 4771 1575 4836 estis,
1611 4771 1805 4841 inquit,

219 4866 406 4929 uestri,
457 4865 614 4933 empti
643 4861 780 4918 enim
826 4862 949 4916 estis
975 4861 1138 4932 pretio
1184 4876 1395 4931 magno,
1441 4859 1732 4932 gloriﬁcate
1759 4868 1809 4914 et

219 4960 428 5020 portate
457 4949 742 5004 Dominum
781 4950 839 5008 in
882 4964 1096 5019 corpore
1122 4957 1310 5004 vestro.
1338 4947 1480 5018 Ergo
1526 4948 1615 5003 ille
1642 4963 1672 5003 a
1702 4964 1810 5019 quo

221 5044 537 5113 redemptus
577 5057 656 5107 es,
701 5042 880 5098 effecit
913 5049 966 5096 te
993 5042 1212 5096 domum
1249 5056 1442 5107 suam;
1483 5043 1726 5112 nunquid
1751 5052 1808 5098 tu

219 5134 301 5188 vis
327 5132 502 5188 everti
532 5131 754 5186 domum
777 5130 962 5193 tuam?
986 5131 1066 5186 sic
1085 5144 1185 5186 nec
1206 5128 1351 5184 Deus
1374 5144 1552 5197 suam,
1576 5130 1680 5188 hoc
1702 5140 1808 5198 est,

221 5225 488 5296 teipsum;
523 5225 571 5280 si
601 5223 696 5278 tibi
737 5239 843 5278 non
877 5222 1077 5291 parcis,
1105 5231 1326 5294 propter
1364 5229 1417 5277 te
1444 5222 1620 5293 ipsum
1647 5237 1810 5298 parce

222 5321 343 5385 tibi,
371 5318 461 5374 vel
509 5325 730 5388 propter
755 5316 946 5380 Deum,
973 5315 1064 5384 qui
1096 5323 1147 5369 te
1176 5314 1304 5371 fecit
1330 5315 1591 5385 templum
1628 5329 1806 5370 suum.

227 5410 496 5482 Templum
533 5411 673 5466 enim
718 5407 816 5464 Dei
858 5416 1096 5463 sanctum
1129 5416 1204 5462 est
1251 5407 1389 5479 quod
1439 5408 1560 5463 estis
1598 5423 1706 5462 nos.
1737 5407 1808 5462 Et

224 5503 310 5573 qui
331 5500 586 5571 templum
599 5531 602 5534 ~
615 5498 715 5554 Dei
739 5497 1009 5554 violaverit
1023 5497 1283 5568 disperdet
1307 5497 1460 5554 illum
1475 5499 1713 5553 Deus.-—
1732 5498 1808 5554 De

223 5597 302 5651 his
345 5606 527 5650 autem
554 5610 672 5666 qua:
721 5595 1000 5664 scripsistis
1048 5594 1200 5657 mihi,
1253 5593 1442 5648 bonum
1481 5604 1558 5650 est
1611 5595 1809 5652 homini

226 5689 496 5743 mulierem
526 5705 629 5743 non
653 5695 883 5759 tangere.
911 5687 1138 5759 (Ambr.)
1171 5688 1358 5744 Pravis
1384 5691 1634 5746 sensibus
1655 5707 1810 5762 pseu-

230 5777 665 5853 doap’ostulorum
688 5777 962 5850 exagitati,
989 5777 1080 5853 qui
1107 5779 1321 5850 nuptias
1349 5794 1446 5849 per
1474 5782 1803 5852 hypocrisin,

1908 4685 2070 4742 licitis
2097 4687 2476 4742 abstinendum
2500 4693 2604 4752 est,
2633 4695 2694 4744 ut
2717 4686 2938 4743 facilius
2965 4687 3031 4742 ad
3056 4685 3308 4743 effectum
3339 4686 3506 4742 dedu-

1910 4786 2066 4834 catur
2109 4777 2302 4843 oratio,
2334 4793 2460 4832 nam
2488 4786 2545 4834 et
2573 4778 2625 4832 in
2676 4777 2796 4850 lege
2837 4778 3166 4834 sanetilicari
3217 4777 3460 4834 volentes
3490 4819 3506 4846 ,

1911 4870 2054 4927 inter
2081 4879 2278 4926 caetera
2305 4871 2468 4926 etiam
2503 4870 2576 4925 ab.
2601 4870 2722 4926 uvis
2749 4870 2923 4940 passis
2940 4872 3097 4942 jussu
3127 4871 3340 4927 Domini
3372 4880 3509 4926 tem-

1911 4963 2195 5035 perabant,
2218 4970 2278 5017 ut
2308 4962 2502 5018 ﬁerent
2521 4961 2841 5028 sanctiores,
2865 4977 2990 5017 cum
3017 4963 3162 5019 enim
3189 4963 3312 5034 quis
3335 4963 3505 5019 etiam

1914 5068 2018 5111 non
2041 5068 2296 5110 concessa
2324 5053 2607 5123 contingit,
2636 5052 2874 5108 ostendit
2900 5068 2959 5108 se
2986 5053 3126 5108 velle
3151 5053 3293 5124 quod
3321 5068 3508 5125 preca-

1912 5153 2003 5200 tur
2021 5145 2286 5214 accipere.
2315 5144 2384 5197 Et
2418 5145 2607 5198 iterum
2635 5143 2955 5198 revertimini
2977 5144 3046 5198 ad
3073 5134 3323 5215 idipsum.
3357 5144 3505 5211 Quo-

1912 5233 2060 5288 niam
2097 5233 2382 5293 consilium
2417 5233 2508 5288 dat
2542 5231 2810 5303 conjugiis
2849 5239 2972 5303 post
3007 5232 3124 5286 dies
3146 5232 3408 5288 orationis
3438 5231 3507 5286 ad

1911 5340 2068 5385 usum
2092 5324 2391 5380 naturalem
2405 5323 2605 5379 reverti
2625 5324 2843 5383 debere.
2874 5323 2959 5377 Ne
2987 5339 3074 5377 vos
3096 5331 3252 5378 tentet
3274 5321 3507 5379 Satanas

1912 5422 2122 5486 propter
2141 5413 2594 5484 intemperantiam
2634 5422 2876 5467 vestram.
2921 5411 3264 5483 Interpositis
3316 5410 3508 5466 diebus

1915 5505 2296 5560 abstinendum
2325 5514 2510 5560 monet
2521 5519 2588 5560 ne
2602 5504 2819 5559 occasio
2833 5503 3242 5570 deturdiabolo,
3264 5502 3406 5559 sicut
3419 5502 3506 5556 di-

1916 5599 1990 5654 cit
2017 5597 2214 5653 Petrus
2239 5597 2544 5668 apostolus:
2581 5616 2598 5647 ι
2625 5596 2764 5651 Ecce
2777 5595 3046 5660 diabolus,
3073 5603 3133 5650 ut
3151 5595 3237 5649 leo
3261 5593 3503 5663 rugiens,

1916 5689 2542 5758 circuitquaarensquem
2561 5687 2800 5742 devoret.
2825 5707 2843 5737 ι
2866 5685 2920 5741 Si
2937 5687 3258 5742 enimcausa
3272 5682 3504 5736 ﬁliorum

1917 5781 2274 5838 creandorum
2300 5781 2514 5838 ducitur
2551 5797 2710 5849 uxor,
2751 5795 2856 5836 non
2887 5781 3112 5837 multum
3144 5787 3354 5848 tempus
3374 5789 3506 5856 coita
