4082 6332
571 391 641 446 65
1209 392 1269 448 Β.
1309 381 1560 448 ΒᾹΒΑΝΙ
1599 390 1816 449 MAURI
1855 389 2153 448 ARCHIEP

2255 383 2523 446 [OGUNT.
2561 385 2844 446 OPERUM
2883 385 3062 444 PARS
3100 383 3187 444 ill.
3757 377 3826 435 64

571 525 785 568 cessum
812 511 1025 566 videtur
1050 509 1118 565 ad
1158 509 1390 580 idipsum
1434 522 1616 574 usum,
1648 507 1774 578 quia
1810 515 1866 561 et
1887 506 2002 561 dies
2028 504 2153 560 festi
2180 533 2230 593 Α

574 607 634 654 et
659 600 774 655 dies
808 599 1190 670 processlonis,
1215 606 1269 652 et
1291 597 1406 667 ipsa
1427 595 1565 652 ratio
1577 606 1866 667 conceptus
1891 606 1945 651 et
1959 607 2145 666 partus

569 685 726 755 iuxta
751 687 924 756 legem
962 685 1166 742 cessari
1210 686 1537 755 temporibus
1565 684 1650 739 his
1683 687 1879 739 debere
1922 685 2145 739 demou-

573 785 766 830 strant.
814 776 928 830 Hoc
956 785 1126 829 autem
1155 774 1270 829 dico
1298 775 1581 828 secundum
1609 761 2007 844 indulgentiam,
2045 790 2147 829 non

571 864 856 919 secundum
903 864 1195 932 imperium.
1243 860 1584 917 Manifestum
1610 870 1696 917 est
1723 861 1844 916 ideo
1876 863 1980 917 hoc
2000 862 2148 917 illum

574 952 705 1010 dare
731 952 1029 1016 consilium,
1059 961 1120 1006 ut
1143 952 1552 1008 fornicationem
1576 951 1842 1018 excludat,
1867 968 1978 1006 non
1999 963 2058 1008 ut
2082 955 2150 1008 ad

577 1043 854 1099 meliorem
880 1043 1047 1098 vitam
1069 1044 1412 1098 tendentibus
1437 1043 1542 1097 iter
1560 1043 1803 1106 elaudat._
1821 1043 2002 1116 (Aug.)
2024 1044 2153 1110 Quae

577 1135 688 1188 sint
726 1141 906 1188 autem
934 1133 1096 1198 levia,
1142 1148 1262 1202 quae
1287 1133 1470 1206 gravia
1499 1141 1718 1212 peccata
1768 1147 1875 1186 non
1916 1134 2153 1188 lmmauo

579 1225 674 1280 sed
724 1223 904 1279 divino
951 1234 1078 1279 sunt
1119 1224 1393 1294 pensanda
1433 1221 1656 1290 iudicio.
1714 1223 1969 1279 Videmus
2010 1225 2150 1279 enim

579 1316 823 1385 quaedam
851 1315 918 1368 ab
941 1315 1074 1384 ipsis
1101 1329 1316 1384 quoque
1341 1313 1595 1383 apostolis
1630 1313 1958 1382 ignoscendo
1987 1313 2155 1368 fuisse

565 1387 858 1469 concessa,
907 1403 1066 1473 quale
1114 1403 1242 1458 illud
1269 1410 1356 1457 est
1400 1401 1544 1472 quod
1587 1401 1911 1456 venerabilis
1955 1402 2154 1463 Paulus

577 1495 892 1566 coniugibus
919 1495 996 1548 ait
1021 1512 1034 1548 :
1081 1493 1259 1548 Nolite
1280 1493 1498 1547 invicem
1537 1493 1789 1562 fraudare
1820 1493 1920 1546 nisi
1945 1509 2008 1546 ea:
2034 1509 2158 1546 con-

577 1603 731 1642 sensu
757 1587 825 1639 ad
856 1595 1066 1654 tempus
1083 1593 1138 1638 ut
1175 1582 1365 1637 vacetis
1409 1583 1654 1641 orationi.
1703 1582 1786 1645 Et,
1837 1583 1904 1635 ad
1931 1583 2156 1652 idipsum

579 1678 767 1730 iterum
795 1673 1130 1739 revertimini,
1163 1689 1236 1727 ne.
1255 1689 1342 1727 vos
1387 1681 1542 1726 tentet
1585 1670 1812 1726 Satanas
1838 1681 2046 1743 propter
2078 1675 2158 1727 in-

580 1764 972 1836 temperantiam
997 1772 1238 1827 vestram,
1283 1761 1428 1832 quod
1456 1761 1635 1830 putari
1661 1770 1844 1830 posset
1882 1777 1990 1816 non
2037 1776 2158 1816 esse

581 1865 859 1927 peccatum
906 1853 1132 1910 misceri
1165 1853 1376 1909 scilicet
1396 1851 1610 1923 coniugi
1638 1850 2005 1908 nonﬁliorum
2036 1867 2158 1922 pro-

582 1945 936 2002 creandorum
958 1958 1144 2008 causa,
1166 1943 1308 2012 quod
1330 1943 1526 1998 bonum
1549 1950 1632 1998 est
1646 1941 1902 2012 nuptiale,
1927 1942 2020 1996 sed
2041 1957 2158 1998 car-

581 2035 720 2090 nalis
748 2034 910 2091 etiam
937 2033 1226 2104 voluptatis
1255 2042 1314 2087 ut
1337 2031 1710 2129 forniqationis
1737 2032 1853 2087 sive
1879 2031 2158 2100 adulterii,

581 2127 696 2181 sive
723 2125 1038 2195 cujusquam
1059 2121 1659 2178 alteriusim'munilitiae
1683 2121 2160 2180 mortit'erum‘ma-

582 2215 712 2280 lum,
741 2215 881 2285 quod
911 2223 1064 2284 turpe
1088 2222 1172 2269 est
1192 2214 1354 2272 etiam
1383 2213 1583 2278 dicere,
1613 2228 1722 2283 quo
1748 2223 1924 2285 potest
1950 2223 2159 2274 tentare

583 2307 986 2375 Satana,libido
1008 2307 1343 2377 pertrahere,
1375 2306 2047 2378 incontinentiumﬂevitet
2076 2306 2159 2360 in—

582 2398 830 2454 ﬁrmitas.
850 2399 1200 2470 Possetergo,
1217 2399 1427 2465 ut.dixi,
1443 2399 1544 2455 hoc
1562 2399 1873 2470 putarinon
1895 2413 2016 2452 esse
2037 2411 2159 2467 pec-

585 2497 789 2558 catum,
813 2490 924 2546 nisi
959 2491 1252 2546 addidisset
1279 2508 1292 2544 :
1326 2509 1356 2545 ι,
1375 2490 1488 2546 Hoc
1519 2491 1843 2548 autemdico
1863 2490 2156 2547 secundum

583 2581 821 2647 veniam,
851 2595 958 2639 non
985 2581 1282 2639 secundum
1307 2580 1612 2650 imperium.
1644 2600 1668 2632 ι
1691 2580 1822 2648 Quis
1843 2588 2021 2634 autem
2045 2578 2158 2650 iam

582 2681 742 2746 neget
751 2689 870 2730 esse
881 2683 1184 2743 peccatum,
1198 2690 1321 2730 eum
1343 2675 1407 2729 da
1415 2674 1458 2728 ri
1472 2675 1684 2730 veniam
1698 2673 2022 2730 facientibus
2035 2688 2160 2743 apo-

582 2764 770 2818 stolica
795 2765 1118 2820 auctoritate
1145 2764 1377 2820 fateatur
1403 2761 1642 2836 (.Greg.)?
1665 2763 2006 2819 Admonendi
2032 2770 2160 2818 sunt

579 2854 850 2926 coniuges,
875 2864 936 2910 ut
961 2855 1312 2924 suscipiendae
1333 2855 1498 2925 prolis
1534 2869 1594 2910 se
1627 2854 1972 2910 meminerint
1999 2868 2161 2909 causa

580 2943 924 3014 coniunctos,
943 2943 998 2998 et
1022 2959 1144 2999 cum
1173 2944 1545 3000 immoderatae
1578 2943 1896 2999 admixtioni
1919 2943 2160 2999 servien-

583 3042 664 3088 tes
693 3033 1092 3104 propagationis
1122 3033 1410 3088 articulum
1447 3034 1502 3088 in
1529 3048 1685 3088 usum
1711 3033 2045 3088 transferunt
2065 3047 2159 3086 vo-

579 3123 818 3194 luptatis,
851 3123 1207 3194 perpendant,
1251 3124 1394 3192 quod
1442 3123 1570 3179 licet
1597 3131 1750 3178 extra
1799 3137 1906 3178 non
1935 3131 2156 3190 exeant,

2260 504 2412 568 tium,
2447 502 2532 558 vel
2555 511 2699 560 certe
2723 503 2874 572 quasi
2899 503 2952 557 in
2978 510 3160 558 monte
3177 507 3302 556 sunt
3322 497 3413 570 qui
3434 505 3594 551 etiam
3622 493 3826 563 carnali

2259 595 2464 664 copulae
2488 594 2770 658 inhaerent,
2797 592 2891 649 sed
2929 600 3110 647 tamen
3139 599 3292 644 extra
3325 587 3675 658 suscipiendae
3697 600 3830 656 pro-

2249 688 2314 741 lis
2344 687 2725 740 admixtionem
2749 685 2982 739 debitam
3007 683 3153 738 nulla
3190 681 3370 742 carnis
3410 681 3685 757 voluptate
3721 676 3824 732 sol-

2248 787 2467 832 vuntur.
2511 775 2568 831 In
2606 785 2787 832 monte
2823 776 3022 845 quippe
3061 783 3206 830 stare
3243 773 3373 843 quid
3405 779 3522 837 est,
3567 770 3670 826 nisi
3717 769 3831 824 fru-

2249 877 2396 924 ctum
2441 868 2756 939 propaginis
2802 867 2858 921 in
2889 881 3064 922 carne.
3093 880 3199 920 non
3243 877 3515 936 quaerere:
3559 863 3615 916 in
3646 869 3832 916 monte

2250 968 2506 1016 stare-cst
2552 959 2702 1014 carni
2745 957 3037 1014 carnaliter
3071 972 3180 1014 non
3223 957 3519 1011 adhaerere.
3559 953 3666 1009 Sed
3702 954 3832 1024 quia

2254 1047 2406 1102 multi
2449 1057 2576 1103 sunt
2600 1047 2689 1117 qui
2725 1047 2928 1101 scelera
2954 1046 3170 1114 quidem
3198 1046 3383 1100 carnis
3421 1044 3696 1108 deserant,
3727 1058 3832 1098 nec

2253 1145 2433 1192 tamen
2455 1139 2508 1192 in
2545 1137 2794 1209 coniugio
2815 1137 2982 1208 'positi
3009 1153 3142 1192 usus
3164 1135 3685 1193 solummododebiti
3705 1133 3834 1203 jura

2253 1237 2596 1293 conservent,
2625 1229 2736 1282 exit
2771 1227 2984 1296 quidem
3025 1227 3160 1281 Loth
3196 1225 3624 1293 Sodomam,sed
3651 1233 3833 1280 tamen

2254 1334 2379 1372 mox
2404 1320 2470 1372 ad
2513 1328 2765 1373 montana
2791 1334 2895 1373 non
2929 1319 3192 1387 pervenit,
3224 1333 3345 1372 eum
3366 1315 3480 1385 iam
3509 1316 3834 1372 damnabilis

2254 1409 2364 1463 vita
2394 1409 2737 1478 relinquitur,
2761 1409 2855 1464 sed
2883 1409 3058 1462 adhuc
3085 1409 3349 1463 celsitudo
3384 1407 3680 1478 coniugalis
3701 1422 3835 1462 con-

2257 1497 2498 1554 tinentiae
2530 1499 2800 1554 subtiliter
2824 1516 2931 1554 non
2973 1508 3204 1554 tenetur.
3234 1501 3328 1555 Est
3359 1515 3490 1555 vero
3517 1499 3570 1554 in
3596 1499 3836 1554 medium

2257 1587 2430 1660 Segor
2456 1590 2646 1645 civitas
2679 1605 2796 1660 quae
2827 1589 3118 1660 fugientem
3161 1591 3333 1645 salvet
3357 1590 3632 1644 infirmum
3653 1629 3668 1654 ,
3707 1589 3835 1658 quia

2255 1681 2507 1737 videlicet
2555 1696 2676 1736 cum
2727 1681 2829 1737 sibi
2889 1696 2988 1750 per
3035 1681 3482 1737 incontinentiam
3537 1682 3838 1736 miscentur

2257 1767 2528 1838 coniuges,
2560 1776 2616 1823 et
2647 1768 2827 1840 lapsus
2859 1769 3126 1824 scelerum
3157 1769 3367 1841 fugiunt
3393 1779 3448 1825 et
3479 1779 3656 1825 tamen
3679 1771 3836 1824 venia

2187 1877 2232 1936 Β
2259 1859 2550 1926 salventur,
2581 1861 2735 1930 quasi
2759 1875 2981 1932 parvam
3011 1862 3206 1932 quippe
3233 1863 3508 1919 civitatem
3549 1863 3837 1918 inveniunt

2257 1946 2312 2002 in
2336 1963 2442 2018 qua
2470 1949 2538 2004 ab
2563 1949 2774 2020 ignibus
2803 1948 3181 2005 defendantur.
3211 1951 3344 2016 Quia
3389 1952 3692 2022 coniugalis
3717 1953 3842 2010 haec.

2256 2039 2367 2094 vita
2411 2055 2518 2096 non
2540 2041 2756 2112 quidem
2798 2041 2851 2097 in
2889 2042 3194 2099 virtutibus.
3225 2045 3502 2110 miraest,
3531 2044 3626 2099 sed
3655 2052 3851 2108 tamen;

2256 2144 2288 2184 a
2323 2131 2596 2201 suppliciis
2625 2146 2834 2186 secura.
2879 2131 3217 2189 Undeidem
3235 2134 3366 2191 Loth
3391 2135 3457 2189 ad
3479 2135 3726 2206 angelum
3757 2137 3838 2190 di-

2257 2218 2372 2274 cit:
2412 2219 2506 2274 Est
2546 2221 2726 2276 civitas
2756 2223 2868 2276 ha’c
2899 2223 3090 2294 juxta,
3119 2225 3188 2278 ad
3227 2241 3381 2296 quam
3420 2241 3629 2295 possunt
3659 2225 3848 2297 fugeret

2256 2299 2440 2381 parva',
2483 2322 2530 2366 et
2568 2313 2904 2369 salvaborin
2931 2333 2994 2370 ea
3032 2329 3051 2368 .·
3093 2318 3326 2388 nunquid
3367 2335 3472 2373 non
3511 2320 3717 2374 modica
3759 2329 3848 2375 est.

2257 2411 2306 2457 et
2326 2403 2444 2458 vivit
2479 2405 2534 2458 in
2559 2421 2620 2458 ea
2645 2407 2823 2462 anima
2851 2423 2966 2462 mea
2984 2408 3008 2461 ?
3029 2407 3196 2464 Juxta
3223 2408 3388 2480 igitur
3413 2409 3632 2474 dicitur,
3665 2420 3719 2465 et
3753 2420 3838 2464 ta-

2257 2509 2383 2550 men
2405 2495 2476 2551 ad
2500 2496 2739 2554 salutem.
2753 2504 2870 2553 tuta
2898 2500 3234 2570 perhibetur,
3259 2501 3384 2571 quia
3411 2499 3706 2571 coniugalis
3729 2503 3851 2556 vita-

2257 2603 2358 2644 nec
2384 2603 2418 2643 a
2442 2590 2840 2662 mundoJonge
2877 2601 2962 2647 est
2989 2592 3182 2657 divisa,
3213 2608 3313 2648 nec
3355 2580 3540 2647 tamen
3582 2609 3612 2647 a
3641 2595 3854 2664 gaudio.

2259 2676 2454 2733 salutis
2491 2678 2704 2744 aliena..
2722 2679 2830 2736 Sed
2859 2690 2984 2736 tunc
3010 2681 3064 2736 in
3091 2681 3304 2737 actione
3332 2683 3472 2738 hanc
3495 2683 3663 2738 vitam
3685 2698 3852 2738 suam.

2259 2767 2513 2840 coniuges
2533 2771 2692 2840 quasi
2721 2770 2775 2826 in
2815 2785 2980 2842 parva
3004 2771 3221 2828 civitate
3245 2773 3582 2838 custodiunt,
3625 2772 3850 2842 quando.

2257 2871 2358 2928 pro
2403 2874 2462 2914 se
2491 2861 2728 2918 assiduis
2762 2860 3232 2930 deprecationibus
3272 2862 3630 2920 intercedunt.
3687 2861 3858 2918 Unde

2257 2956 2313 3003 et
2335 2957 2485 3004 recte
2509 2950 2880 3021 penatigelum
2904 2951 2970 3005 ad
2999 2951 3247 3007 eumdem
3275 2952 3418 3008 Loth
3433 2952 3634 3010 dicitur
3659 2970 3670 3005 :
3704 2951 3855 3006 Ecce.

2259 3038 2414 3092 etiam
2445 3033 2500 3092 iii
2528 3039 2624 3093 hoc
2650 3041 2850 3110 suscepi
2870 3056 3044 3110 preces
3071 3051 3188 3096 tuas
3215 3052 3272 3095 ut
3295 3060 3396 3096 non
3434 3042 3726 3097 subvertant
3752 3057 3850 3095 ur-

2260 3127 2371 3182 bem
2403 3145 2499 3199 pro
2524 3146 2626 3199 qua
2663 3129 2867 3184 locutus
2904 3148 2984 3195 es,
3004 3132 3128 3201 quia
3156 3133 3406 3188 videlicet
3444 3149 3567 3189 cum
3611 3133 3720 3188 Deo
3747 3133 3854 3187 de—.

581 3225 772 3282 tamen
793 3217 847 3270 in
893 3217 1010 3287 ipso
1042 3214 1292 3286 coniugio
1321 3214 1554 3287 coniugii
1576 3215 1701 3286 iura
1747 3215 2152 3270 transcendant.
2183 3221 2228 3286 ο
2258 3219 2498 3288 precatio
2539 3217 2800 3284 funditur,
2851 3237 3189 3292 nequaquam
3211 3223 3352 3279 .talis
3385 3222 3668 3294 coniugum
3728 3224 3856 3286 vita;

580 3305 734 3361 Unde
759 3321 982 3363 moesse
1020 3315 1106 3363 est
1143 3314 1204 3360 ut
1233 3306 1440 3362 crebris
1468 3322 1536 3361 ex
1565 3307 1904 3362 orationibus
1946 3305 2161 3365 deleant

579 3398 720 3468 quod
748 3397 1029 3468 pulchram
1057 3397 1260 3468 copulae
1308 3398 1541 3468 speciem
1569 3397 1824 3452 admixtis
1864 3397 2162 3466 voluptati-t

579 3487 682 3544 bus
709 3488 932 3547 findant.
981 3487 1120 3548 Hinc
1147 3497 1231 3546 est
1259 3489 1426 3554 enim,
1457 3489 1600 3559 quod
1629 3489 1836 3559 peritus
1877 3487 2160 3546 medicinm

578 3581 816 3640 caelestis
851 3579 1140 3650 Apostolus
1167 3596 1274 3636 non
1307 3589 1418 3636 tam
1439 3595 1603 3635 sanos
1629 3579 1866 3636 instituit
1890 3593 2056 3650 quam
2077 3579 2158 3641 in,-

579 3671 750 3730 ﬁrmis
771 3673 1166 3735 medicamenta
1191 3673 1512 3730 monstravit
1538 3673 1747 3730 dicens.

1093 3819 1096 3822 -
1189 3788 1417 3846 CAPUT
1454 3789 1562 3844 VII.

579 3879 801 3936 Instruit
830 3897 916 3936 eos
955 3880 1046 3952 qui
1069 3890 1188 3934 sunt
1214 3881 1268 3934 in
1284 3881 1647 3952 matrimonio,
1678 3880 1937 3952 etimajus
1965 3880 2156 3935 bonum

823 3950 977 4008 docet
1009 3968 1122 4006 esse
1154 3953 1208 4005 in
1247 3950 1487 4021 virginali
1519 3960 1660 4004 statu
1698 3951 1882 4005 vivere.

648 4043 726 4099 De
769 4042 954 4115 quibus
991 4043 1268 4112 scripsistis
1323 4042 1451 4096 mihi
1497 4055 1515 4093 .'
1557 4041 1766 4096 Bonum
1821 4050 1898 4096 est
1958 4041 2158 4100 homini

578 4131 850 4196 mulierem
887 4150 990 4190 non
1031 4143 1262 4204 tangere.
1307 4131 1528 4203 Propter
1566 4132 1939 4202 fornicationes
1981 4141 2157 4186 autem

579 4224 933 4294 unusquisque
991 4240 1146 4278 suam
1192 4238 1408 4277 uxorem
1447 4221 1680 4286 habeat,
1733 4231 1781 4276 et
1831 4237 2157 4292 unaquaque

575 4331 731 4368 suum
781 4314 958 4374 virum.
987 4314 1191 4368 habeat.
1245 4312 1348 4379 Qui
1410 4313 1554 4366 enim
1606 4311 1980 4368 fornicationis
2009 4322 2156 4369 metu

579 4404 830 4474 permisit
883 4403 1128 4475 profecto
1180 4418 1286 4458 non
1315 4403 1582 4459 stantibus
1639 4410 1968 4474 praeceptum
2027 4419 2156 4458 con-

582 4495 725 4560 tulit,
771 4495 867 4551 sed
927 4508 996 4550 ne
1047 4493 1282 4550 fortasse
1326 4493 1382 4548 in
1427 4500 1624 4548 terram
1674 4502 1896 4548 ruerent
1955 4492 2154 4548 lectum

2263 3309 2578 3377 damnetur;
2606 3311 2672 3367 de
2703 3327 2809 3383 qua
2851 3313 3227 3383 deprecatione
3258 3330 3473 3386 quoque
3512 3314 3710 3378 Paulus
3747 3316 3817 3379 ad

2261 3409 2445 3467 monet
2471 3402 2712 3463 dicens:
2763 3403 2940 3465 Nolite
2985 3404 3237 3475 fraudare
3273 3406 3527 3471 invicem,
3565 3405 3667 3461 nisi
3706 3406 3856 3476 forte.

2261 3510 2327 3550 ea:
2365 3511 2620 3548 consensu
2660 3495 2729 3548 ad
2759 3505 2981 3566 tempus,
3028 3505 3082 3550 ut
3114 3495 3300 3552 vacetis
3339 3498 3586 3553 orationi.

2341 3582 2472 3639 Volo
2518 3594 2692 3640 autem
2733 3603 2908 3640 omnes
2969 3587 3200 3642 homines
3249 3604 3359 3643 esse
3398 3591 3532 3643 sicut
3586 3591 3840 3659 meipsum

2265 3671 2489 3746 (ᾼηιὺν.)
2529 3673 2800 3742 Quantum
2835 3691 2964 3746 ergo
2989 3677 3058 3732 ad
3085 3677 3401 3732 benevolum
3449 3687 3505 3733 et
3552 3677 3842 3734 sollicitum

2260 3767 2576 3837 magistrum
2618 3768 2851 3838 pertinet
2887 3783 3076 3825 omnes
3103 3769 3238 3828 tales
3268 3771 3385 3825 fieri
3426 3785 3582 3840 posse
3624 3770 3841 3826 volebat

2257 3871 2398 3924 esse,
2432 3859 2576 3914 sicut
2601 3860 2861 3930 seipsum,
2905 3860 3083 3932 qualis
3123 3869 3302 3918 autem
3346 3862 3463 3932 ipse
3482 3872 3599 3916 erat
3623 3877 3756 3916 mox
3784 3863 3840 3916 in

2259 3951 2514 4022 subiectis
2541 3951 2797 4006 ostendit.
2823 3951 2928 4006 Sed
2950 3954 3304 4024 unusquisque
3343 3953 3610 4022 proprium
3643 3952 3850 4007 danunt

2259 4043 2455 4097 habeto
2491 4043 2616 4109 Deo,
2640 4043 2779 4098 alius
2798 4044 3008 4114 quidem
3030 4045 3128 4111 sic,
3143 4043 3281 4108 alius
3325 4061 3445 4099 vero
3476 4045 3579 4099 sic.
3615 4043 3726 4100 Hoc
3756 4051 3846 4106 est

2259 4131 2630 4202 unusquisque
2643 4132 2798 4202 iuxta
2822 4141 3010 4188 votum
3031 4148 3188 4188 suum
3210 4134 3408 4189 donum
3431 4133 3526 4189 Dei
3548 4135 3732 4199 habet,
3755 4145 3836 4199 ut,

2259 4223 2305 4279 si
2334 4224 2480 4287 velit,
2512 4223 2686 4292 ipsius
2706 4233 2836 4278 nutu
2865 4224 2957 4280 Dei
2987 4224 3397 4294 possibilitatem
3427 4233 3791 4294 consequatur
3817 4241 3835 4290 ;

2259 4316 2380 4376 ideo
2403 4332 2508 4372 non
2539 4316 2842 4387 debet-quis
2864 4315 3164 4387 constringi
3189 4331 3255 4370 ne
3281 4331 3324 4371 a.
3337 4315 3486 4382 licito
3508 4315 3842 4388 prohibitus,

2259 4409 2444 4468 illicita
2483 4409 2880 4475 admi.ttat,,sed
2909 4409 3024 4477 ipse
3050 4407 3152 4462 sibi
3183 4406 3352 4478 eligat
3375 4407 3504 4476 quid
3533 4415 3794 4476 sequatur
3821 4424 3836 4462 :

2261 4501 2394 4560 Dico,
2431 4511 2606 4558 autem
2639 4516 2746 4563 non
2783 4499 2957 4562 nuutis
2989 4509 3039 4555 et
3094 4499 3282 4564 viduis,
3332 4499 3622 4552 bonum-cst
3655 4496 3759 4552 illis
3791 4499 3840 4553 si

577 4585 895 4644 cadentibus
933 4584 1191 4640 ostendit.
1219 4583 1374 4640 Unde
1398 4583 1577 4639 adhuc
1605 4583 2006 4639 infirmantibus
2027 4585 2156 4640 sub-
2181 4575 2234 4635 D
2257 4590 2334 4644 sic
2359 4599 2692 4660 permaneant
2736 4591 2871 4645 sicut
2902 4600 2950 4644 et
2977 4605 3094 4659 ego.
3135 4587 3256 4650 Non
3300 4589 3503 4654 diceret
3527 4589 3724 4642 bonum
3752 4597 3840 4652 est

577 4676 691 4736 dit:
725 4675 890 4730 Uxori
917 4679 997 4731 vir
1015 4677 1244 4731 debitum
1268 4677 1471 4743 reddat,
1490 4676 1730 4731 similiter
1748 4687 1921 4731 autem
1952 4688 1998 4731 et
2023 4693 2158 4731 uxor

561 4767 705 4822 -viro.
763 4766 970 4834 Quibus
1022 4768 1157 4823 dum.
1215 4767 1270 4822 in
1320 4783 1515 4838 magna
1585 4768 1864 4824 honestate
1918 4768 2153 4840 coniugii

577 4856 779 4926 aliquid
807 4857 874 4916 de
904 4857 1175 4928 voluptate
1195 4858 1483 4928 largiretur
1496 4857 1762 4927 adiunxit,
1796 4877 1814 4910 ι
1838 4860 1942 4914 hoc
1968 4867 2152 4914 autem

579 4946 699 5004 dico
727 4949 1028 5004 secundum
1072 4949 1476 5023 indulgentiam,
1519 4966 1627 5006 non
1656 4951 1951 5007 secundum
1980 4951 2147 5019 impe-

577 5040 744 5106 rium,
778 5059 797 5092 ι
823 5040 976 5110 culpa
1019 5043 1215 5112 quippe
1241 5056 1362 5098 esse
1410 5041 1680 5097 invenitur
1702 5041 1844 5110 quod
1888 5037 2152 5109 indulgeri

580 5131 917 5202 perhibetur.
952 5133 1060 5189 Sed
1087 5149 1208 5204 qua:
1246 5141 1395 5190 tanto
1419 5133 1580 5188 citius
1611 5131 1919 5200 relaxetur,
1947 5139 2153 5201 quanto

580 5239 685 5278 non
731 5239 828 5294 per
871 5226 1018 5281 hanc
1053 5225 1300 5286 illicitum
1325 5226 1454 5294 quid
1496 5225 1692 5296 agitur,
1737 5224 1831 5279 sed
1870 5225 1972 5279 hoc
2009 5223 2153 5293 quod

578 5323 666 5369 est
685 5315 890 5370 licitum
915 5317 1015 5372 sub
1052 5315 1418 5371 moderamine
1442 5330 1546 5370 non
1574 5322 1803 5370 tenetur.
1839 5314 1993 5382 Quod
2012 5315 2152 5370 bene

577 5405 715 5463 Loth
759 5407 811 5460 in
838 5402 1584 5477 semetipsocxprimitwen.
1623 5403 1770 5476 nx),
1789 5405 1915 5475 quia
1957 5405 2153 5460 arden—

581 5504 688 5554 tem
713 5497 1004 5554 Sodomam
1033 5497 1185 5569 fugit,
1217 5498 1313 5554 sed
1338 5506 1516 5552 tamen
1549 5497 1718 5568 Segor
1757 5499 2036 5554 inveniens
2059 5515 2154 5554 ne-

580 5601 850 5658 quaquam
881 5605 1005 5643 mox
1026 5597 1276 5643 montana
1304 5589 1940 5654 conscenditgardentem
1958 5589 2156 5660 quippe

585 5679 876 5734 Sodomam
916 5679 1102 5749 fugere
1127 5689 1212 5735 est
1251 5679 1436 5735 illicita
1479 5682 1666 5738 carnis
1701 5674 1949 5738 incendia
1994 5682 2156 5738 decli-

585 5785 746 5836 nare;
776 5770 1004 5828 altitudo
1033 5786 1159 5826 vero
1183 5780 1266 5829 cst
1290 5773 1552 5828 montium
1579 5775 1843 5832 munditia
1873 5775 2155 5836 continen-

2260 4679 2519 4749 innuptis,
2549 4687 2608 4734 ut
2629 4679 2740 4743 sint
2771 4679 2911 4734 sicut
2933 4686 2990 4735 et
3009 4694 3130 4748 ego,
3163 4679 3208 4736 si
3242 4695 3349 4734 non
3377 4679 3757 4750 esset-integer
3781 4678 3842 4738 in

2257 4785 2507 4838 corpore,
2529 4785 2628 4825 nec
2648 4770 2852 4834 diceret
2880 4789 2893 4824 :
2926 4769 3166 4827 c.0mnes
3187 4771 3432 4826 honiines
3455 4771 3699 4826 volebam
3714 4787 3839 4836 esse

2255 4862 2396 4916 sicut
2419 4861 2680 4930 meipsum
2699 4878 2713 4926 ;
2729 4881 2746 4913 ι
2778 4861 2822 4916 si
2848 4861 2993 4918 enim
3019 4860 3203 4924 habuit
3230 4875 3450 4922 uxorem
3467 4870 3521 4917 et
3549 4861 3652 4916 hoc
3673 4860 3836 4928 dixit,

2254 4950 2492 5021 virgines
2516 4965 2634 5006 esse
2682 4950 2875 5006 noluit.
2924 4949 3032 5006 Sed
3069 4951 3233 5014 absit,
3265 4951 3348 5006 sic
3367 4951 3509 5014 enim
3542 4967 3573 5006 a
3602 4954 3840 5022 pueritia,

2260 5038 2463 5110 Spiritu
2505 5039 2766 5112 fervebat,
2821 5049 2881 5095 ut
2920 5039 3079 5108 huius
3121 5041 3198 5096 rei
3242 5041 3481 5100 studium
3525 5058 3628 5103 non
3673 5042 3838 5098 hahe-

2258 5143 2362 5200 ret,
2405 5133 2600 5203 quippe
2631 5150 2753 5189 cum
2787 5133 3109 5205 iuvenculus
3136 5134 3460 5204 anticipatus
3487 5137 3558 5189 sit
3597 5149 3628 5188 a
3658 5134 3831 5206 gratia

2257 5223 2376 5278 Dei.
2407 5223 2698 5293 Postquam
2748 5224 2884 5278 dixit
2932 5240 3372 5295 unumquemque
3407 5224 3683 5294 proprium
3730 5227 3831 5280 do-

2259 5331 2387 5369 num
2415 5314 2612 5370 habere
2632 5332 2662 5369 a
2685 5315 2812 5378 Deo,
2833 5315 3068 5371 ostendit
3093 5315 3148 5370 in
3173 5330 3278 5386 qua
3303 5330 3364 5370 re
3383 5313 3579 5372 melius
3601 5324 3686 5370 est
3710 5331 3834 5374 esse

2255 5399 2679 5470 propensiorem,
2708 5404 2831 5472 quia
2857 5405 2910 5460 in
2933 5424 2997 5464 eo
3032 5409 3316 5479 adiuvatur
3336 5415 3475 5483 quis,
3505 5417 3649 5484 quod
3681 5417 3834 5472 vidc-

2258 5499 2347 5544 tur
2368 5491 2623 5546 aviditate
2649 5496 2844 5552 mentis
2868 5509 3140 5569 appetere.
3175 5501 3329 5567 Quod
3358 5505 3403 5558 si
3439 5521 3494 5558 se
3528 5522 3631 5560 non
3657 5509 3832 5561 conti-

2255 5580 2608 5646 nent,nubant
2629 5596 2646 5634 :
2667 5583 2849 5642 melius
2868 5598 2940 5641 est
2955 5589 3088 5642 enim
3111 5591 3300 5646 nubere
3319 5609 3474 5663 quam
3497 5595 3582 5648 uri
3605 5593 3828 5666 (Cnss.).

2254 5667 2554 5726 Notandum
2582 5676 2725 5743 quod
2755 5676 3121 5734 fornicationis
3149 5696 3345 5751 genera
3381 5694 3505 5738 sunt
3545 5685 3666 5739 tria.
3711 5685 3830 5740 Pri.

2255 5775 2402 5817 mum
2425 5762 2564 5834 quod
2593 5779 2688 5834 per
2712 5767 3146 5838 coniunctionem
3171 5785 3334 5833 sexus
3356 5774 3640 5834 utriusque
3664 5776 3828 5832 uerti-
