4082 6332
247 349 312 405 65
754 345 1299 406 ENARRATIDNUM
1336 347 1405 406 IN
1443 347 1593 406 EPP.
1633 347 1840 406 PAULI
1876 348 2004 406 LIB.
2045 347 2114 405 Χ.
2151 378 2222 392 -
2258 348 2328 406 IN
2366 349 2584 410 EPIST.
2624 351 2645 407 I
2681 351 2775 409 AD
2809 351 2963 410 COR.
3093 393 3110 404 .
3434 353 3503 411 66

251 459 732 520 eitur.Secundum
745 460 887 528 quod
901 458 1589 532 absquefemineotantum,
1605 474 1704 529 pro
1724 473 1832 528 quo
1857 466 1906 524 Α
1933 460 2262 529 permittitur
2291 451 2499 516 mulieri
2545 469 2605 516 ut
2647 464 2816 518 nubat
2863 464 2906 518 si
2933 464 3109 520 virum
3143 479 3296 520 suum
3337 482 3502 524 causa

252 553 705 626 lier,patriarch-.e
717 551 744 606 J
751 553 866 608 uda:
880 553 1038 617 illius,
1053 569 1082 606 a
1094 553 1319 609 Domino
1332 568 1617 622 percussus
1626 553 1824 622 legitur

254 647 407 719 (Gen.
434 645 688 715 xxxviii),
711 644 854 714 quod
873 644 927 697 in
953 642 1246 713 Scripturis
1269 645 1471 699 sanctis
1493 645 1828 700 immunditia

260 747 620 809 nuncupatur,
657 751 820 805 super
853 749 962 804 quo
1006 735 1294 805 Apostolus
1323 751 1336 790 :
1367 735 1495 790 Dico
1518 737 1655 789 enim
1679 737 1832 790 innu-

249 830 346 899 ptis
370 840 420 883 et
453 828 620 884 riduis
639 841 657 878 :
689 824 894 880 Bonum
920 835 994 880 est
1029 825 1137 880 illis
1171 827 1312 880 sisic
1332 827 1708 896 permanserint
1727 826 1831 879 sic-

253 929 307 972 ut
349 928 397 972 et
445 934 557 988 ego.
617 915 770 982 Quod
794 917 839 970 si
880 933 985 970 non
1029 915 1314 981 continent,
1361 916 1552 968 nubant
1588 928 1606 966 :
1645 913 1829 968 melius

249 1013 382 1066 enim
419 1021 496 1065 est
538 1011 729 1064 nubere
767 1025 924 1079 quant
961 1009 1066 1062 uri.
1105 1007 1347 1062 Tertium
1375 1007 1514 1076 quod
1546 1006 1728 1060 animo
1765 1021 1830 1061 ac

249 1108 429 1154 mente
470 1099 794 1168 concipitur,
840 1097 907 1152 de
945 1110 1051 1166 quo
1082 1095 1339 1151 Dominus
1385 1095 1438 1150 in
1481 1093 1772 1166 Evangelio
1810 1111 1824 1148 :

253 1191 357 1256 Qui
404 1190 589 1244 viderit
636 1187 904 1242 mulierem
955 1187 1024 1240 ad
1065 1185 1529 1256 concupiscendum
1555 1199 1693 1250 eam,
1710 1185 1828 1254 jam

245 1280 530 1334 machatus
557 1287 632 1334 est
667 1294 784 1331 eam
812 1277 866 1331 in
899 1276 1055 1331 corde
1076 1292 1172 1331 suo
1212 1275 1429 1346 (Matth.
1456 1274 1532 1346 v).
1557 1274 1688 1341 Qua:
1728 1274 1830 1328 tria

244 1387 441 1443 genera
467 1371 654 1425 beatus
668 1369 953 1440 Apostolus
975 1369 1090 1440 pari
1111 1369 1270 1424 modo
1293 1368 1680 1439 exstinguenda
1703 1383 1830 1438 pro-

245 1459 478 1513 nuntiat.
511 1457 846 1526 Mortiﬁcate,
870 1455 1066 1525 inquit,
1094 1457 1323 1510 membra
1361 1465 1549 1519 vestra,
1575 1471 1692 1525 qua:
1705 1463 1826 1510 sunt

242 1565 400 1618 super
443 1557 662 1610 terram,
713 1545 1138 1615 fornicationem,
1187 1544 1596 1610 immunditiam,
1646 1542 1824 1598 libidio

242 1654 377 1700 nem,
408 1646 518 1703 etc.
545 1633 746 1706 (Amb.)
772 1633 830 1688 In
857 1634 959 1689 ista
985 1649 1042 1688 re
1061 1633 1179 1689 illos
1207 1633 1322 1688 vult
1341 1633 1666 1689 contendere
1689 1641 1748 1688 ut
1766 1648 1826 1690 se

240 1726 580 1790 contineant,
611 1725 753 1794 quod
774 1725 818 1779 si
845 1723 1073 1794 impulsu
1098 1724 1280 1780 carnis
1298 1737 1644 1794 perseverare
1664 1739 1723 1780 se
1743 1725 1824 1779 vi-

1932 545 2308 604 fornicationis
2333 549 2614 616 dimiserit,
2653 559 2747 605 aut
2786 552 3088 621 apostasia,
3116 561 3209 607 aut
3233 555 3278 608 si
3321 554 3504 626 impel-

1930 635 2075 692 lente
2100 637 2317 694 lascivia
2345 656 2500 695 usum
2523 652 2731 710 qurerat
2755 643 2960 708 uxoris,
2983 643 3109 713 quia
3139 643 3362 702 inferior
3392 664 3500 705 non
3591 701 3604 714 κ

1929 729 2149 784 omnino
2176 731 2278 785 hac
2310 730 2426 802 lege
2445 731 2616 787 utitur
2639 748 2744 803 qua
2768 735 2966 804 potior.
2996 733 3052 790 Si
3081 744 3258 792 tamen
3285 748 3501 810 aposta-

1930 824 2166 878 veritvir
2191 832 2284 878 aut
2315 840 2470 879 usum
2499 834 2708 896 quaerat
2726 827 2912 881 uxoris
2941 827 3231 893 invertere,
3270 844 3372 885 nec
3411 830 3500 886 alii

1928 923 2104 984 potest
2131 915 2333 968 nubere
2354 915 2546 970 mulier
2568 932 2665 970 nec
2678 917 2872 971 reverti
2897 918 2962 972 ad
2978 918 3144 972 illum.
3174 918 3240 973 Et
3263 921 3345 974 uir
3371 937 3500 974 uxo-

1931 1019 2036 1056 rem
2061 1020 2163 1056 non
2191 1004 2436 1058 dimittat.
2466 1004 2792 1062 Subauditur
2827 1018 3028 1074 autem,
3049 985 3288 1080 'exccpta
3327 1009 3498 1067 forni-

1931 1095 2158 1149 cationis
2185 1110 2369 1160 causa,
2397 1105 2450 1150 et
2480 1097 2598 1152 ideo
2623 1115 2729 1154 non
2755 1097 3000 1167 subjecit,
3031 1100 3168 1155 sicut
3190 1102 3254 1156 de
3276 1101 3500 1158 muliere

1929 1185 2132 1239 dicens.
2163 1184 2314 1252 Quod
2343 1186 2386 1240 si
2417 1186 2725 1242 discesserit
2751 1204 2970 1244 manere
2993 1189 3092 1255 sic,
3131 1191 3255 1259 quia
3280 1192 3398 1246 viro
3435 1192 3500 1246 li-

1929 1283 2015 1330 cet
2039 1276 2236 1330 ducere
2262 1290 2502 1334 uxorem.
2547 1277 2589 1330 si
2619 1276 2883 1332 dimiserit
2911 1293 3130 1333 uxorem
3157 1291 3494 1348 peccantem,

1927 1366 2051 1434 quia
2078 1380 2183 1420 non
2211 1365 2284 1420 ita
2315 1365 2430 1434 lege
2468 1367 2857 1436 constringitur
2894 1367 3034 1422 sicut
3069 1368 3281 1424 mulier.
3325 1370 3495 1441 Caput

1927 1453 2064 1505 enim
2111 1451 2346 1506 mulieris
2372 1453 2451 1506 vir
2475 1463 2569 1507 est.
2603 1453 2785 1524 (Aug.)
2821 1455 3078 1511 Dominus
3101 1473 3230 1528 ergo
3258 1459 3325 1513 ad
3367 1460 3497 1514 illud

1927 1542 2380 1607 confirmandum,
2409 1553 2468 1596 ut
2514 1558 2618 1597 non
2648 1543 2802 1599 facile
2831 1561 2968 1601 uxor
3005 1547 3307 1603 dimittatur
3329 1549 3496 1605 solam

1925 1630 2786 1702 eausam’fornicationisexcepit.
2815 1633 3048 1690 Centoras
3070 1650 3198 1691 vero
3217 1637 3496 1694 universas

1925 1716 2220 1783 molestias,
2245 1717 2290 1773 si
2317 1731 2436 1787 qua:
2459 1720 2597 1775 forte
2619 1721 2939 1787 exstiterint,
2959 1720 3113 1790 jubet
3132 1740 3232 1794 pro
3251 1725 3354 1782 fide
3375 1742 3499 1781 con-

240 1818 420 1871 derint
461 1832 570 1871 non
601 1830 779 1885 posse,
817 1814 941 1884 quia
973 1831 1075 1871 nec
1104 1825 1232 1871 sunt
1267 1817 1626 1888 promptiores
1666 1817 1720 1872 in
1760 1833 1826 1874 eo
1852 1811 1901 1870 B
1921 1807 2088 1881 jugali
2109 1817 2164 1864 et
2183 1824 2284 1880 pro
2307 1810 2556 1866 castitate
2579 1802 2786 1867 fortiter
2812 1813 3097 1868 sustinere.
3135 1814 3201 1869 Et
3226 1817 3494 1872 moechum

240 1906 357 1976 ipso
387 1916 448 1962 ut
472 1907 800 1978 adjuventur
825 1923 857 1962 a
886 1905 999 1962 Deo
1023 1925 1037 1961 :
1070 1907 1218 1962 illum
1239 1908 1383 1963 enim
1413 1909 1556 1964 Deus
1583 1908 1820 1980 adjuvat,

237 2012 396 2065 quem
427 1996 570 2052 videt
600 2006 711 2051 tota
741 1997 940 2052 virtute
959 1997 1316 2064 contendere;
1346 1999 1550 2054 nubant
1571 1999 1755 2069 utique
1774 2001 1818 2055 si

239 2087 318 2140 uri
349 2087 578 2158 timent,
616 2087 758 2142 forte
784 2088 927 2141 enim
956 2094 1212 2157 poterunt
1234 2096 1420 2156 postea
1448 2088 1550 2142 hoc
1574 2087 1816 2159 adipisci.

237 2178 459 2249 Digesto
499 2181 645 2234 enim
693 2179 1074 2250 impedimento
1111 2189 1330 2252 reparat
1353 2196 1413 2237 se
1441 2181 1687 2238 voluntas
1728 2198 1818 2237 ro-

239 2270 484 2325 bustiore
536 2269 742 2325 virtute
785 2288 798 2324 :
847 2270 926 2326 sic
976 2270 1124 2325 enim
1168 2270 1428 2342 scriptum
1474 2281 1558 2326 est
1600 2271 1816 2343 (Matth.

236 2361 347 2430 xix)
375 2376 390 2414 :
427 2360 533 2426 Qui
557 2371 723 2430 potest
758 2377 965 2430 capere,
992 2361 1186 2431 capiat.
1212 2360 1397 2433 (Δίῳ.)
1425 2361 1534 2417 Sed
1555 2377 1661 2418 non
1691 2377 1817 2432 pos-

233 2466 373 2516 sum,
404 2451 613 2522 inquis;
649 2466 757 2506 non
784 2452 970 2522 potes?
1007 2467 1112 2506 non
1141 2467 1358 2522 possum
1390 2453 1613 2521 suscipit
1637 2466 1697 2507 re
1719 2468 1820 2507 nu-

232 2545 512 2599 tricatoria
541 2545 790 2616 quaedam
826 2545 1070 2614 Apostoli
1115 2546 1430 2613 auctoritas,
1463 2555 1520 2601 ut
1554 2548 1600 2602 si
1627 2561 1684 2602 se
1710 2562 1817 2602 non

229 2640 514 2694 continent
564 2639 789 2694 nubant.
826 2639 944 2695 Fiat
989 2639 1191 2710 aliquid
1215 2639 1356 2694 unde
1384 2639 1727 2709 perveniatur
1750 2641 1818 2696 ad

230 2731 476 2794 veniam,
500 2731 766 2800 pertineat
793 2733 862 2786 ad
890 2731 1103 2786 veniam
1130 2745 1198 2785 ne
1222 2730 1458 2784 irruatur
1483 2729 1536 2783 in
1560 2736 1816 2783 aeternam

228 2833 471 2889 pennam.
497 2818 614 2873 Fiat
639 2819 781 2888 quod
812 2819 967 2886 licet,
1014 2819 1155 2874 unde
1183 2825 1504 2888 agnoscatur
1529 2815 1673 2886 quod
1711 2831 1818 2871 non

228 2909 369 2974 licet,
403 2910 509 2965 hoc
529 2909 735 2965 indicat
756 2911 900 2980 quod
922 2909 1185 2980 sequitur,
1209 2927 1227 2960 ι
1251 2907 1463 2963 mallem
1487 2922 1581 2964 eos
1609 2908 1818 2964 nubere

233 3019 390 3072 quam
425 3004 530 3057 uri.
555 3023 575 3055 s
611 3003 914 3068 Concessit,
940 3003 1132 3072 inquit,
1159 3000 1360 3072 aliquid
1391 2999 1813 3066 incontinentiae,

228 3094 347 3163 quia
367 3095 548 3149 malus
565 3094 946 3166 timuitpteuas
966 3104 1214 3158 aeternas,
1234 3091 1567 3162 timuitquod
1591 3105 1814 3163 exspec-

1923 1900 2054 1955 dicit
2080 1899 2243 1955 etiam
2282 1899 2483 1966 virum,
2511 1901 2603 1970 qui
2641 1917 2762 1956 eam
2797 1902 3030 1969 duxerit,
3058 1919 3176 1973 quas
3214 1905 3386 1960 soluta
3411 1914 3496 1963 est

1920 2005 1951 2045 a
1989 1991 2122 2046 viro.
2155 1990 2318 2060 Cujus
2345 1992 2422 2047 rei
2451 1991 2725 2062 apostolus
2760 1992 2961 2048 Paulus
2987 1995 3276 2049 terminum
3317 2007 3496 2050 osten-

1920 2086 2021 2152 dit,
2049 2085 2173 2156 quia
2197 2085 2390 2141 tandiu
2415 2086 2810 2140 observandum
2833 2085 2984 2152 dicit,
3011 2087 3244 2155 quandiu
3275 2088 3356 2142 vir
3378 2088 3494 2159 ejus

1919 2173 2074 2228 vivit.
2098 2174 2194 2229 lllo
2221 2183 2397 2229 autem
2423 2183 2636 2229 mortuo
2662 2174 2752 2230 dat
2779 2174 3010 2230 nubendi
3032 2174 3322 2231 licentiam.
3344 2175 3496 2233 Hanc

1919 2266 2062 2321 enim
2090 2267 2255 2321 etiam
2296 2265 2409 2335 ipse
2439 2264 2680 2336 regulam
2721 2265 2910 2330 tenuit,
2939 2273 2994 2320 et
3035 2265 3090 2320 in
3129 2280 3190 2320 ea
3214 2282 3316 2322 non
3338 2283 3494 2324 suum

1916 2355 2201 2410 consilium
2234 2354 2370 2409 sicut
2397 2354 2450 2408 in
2495 2353 2764 2410 nonnullis
2791 2351 3027 2420 monitis,
3052 2355 3144 2410 sed
3168 2367 3495 2428 praceptqu

1919 2445 2128 2501 Domini
2170 2446 2410 2517 jubentis
2453 2447 2704 2510 ostendit,
2735 2462 2854 2504 cum
2901 2449 3008 2504 ait:
3041 2449 3135 2504 Eis
3173 2460 3346 2506 autem
3377 2468 3495 2522 quae

1917 2543 2092 2604 nupta:
2133 2543 2274 2600 sunt,
2301 2529 2568 2604 prtecipio,
2599 2549 2842 2606 nontego,
2886 2537 2976 2590 sed
2995 2533 3274 2605 Dominus,
3304 2541 3492 2596 mulie-

1916 2639 2022 2678 rem
2049 2641 2082 2677 a
2119 2623 2232 2676 viro
2261 2639 2363 2676 non
2393 2622 2674 2689 discedere,
2715 2625 2852 2696 quod
2896 2626 2943 2680 si
2969 2627 3258 2682 discesserit
3286 2647 3495 2686 manere

1915 2716 2209 2785 innuptam,
2239 2724 2328 2767 aut
2357 2715 2468 2767 viro
2504 2730 2600 2767 suo
2631 2715 2981 2780 reconciliari,
3007 2726 3055 2771 et
3082 2719 3159 2772 vir
3191 2735 3403 2776 uxorem
3432 2739 3495 2777 ne

1915 2803 2165 2870 dimittat,
2192 2803 2353 2858 credo
2375 2801 2535 2858 simili
2571 2802 2763 2870 forma,
2798 2813 2856 2860 ut
2880 2805 2924 2861 si
2951 2807 3236 2874 dimiserit,
3266 2825 3369 2864 non
3396 2812 3496 2865 du-

1915 2903 2004 2950 cat
2027 2894 2207 2960 aliam,
2235 2903 2329 2948 aut
2372 2895 2748 2950 reconcilietur
2776 2897 2964 2963 uxori;
3002 2899 3116 2953 fieri
3145 2899 3286 2953 enim
3319 2910 3496 2970 potest

1915 2993 1976 3041 ut
2000 2985 2238 3040 dimittat
2279 3000 2501 3040 uxorem
2525 3000 2689 3039 causa
2721 2984 3090 3042 fornicationis
3116 3004 3278 3057 quam
3309 2991 3492 3045 Domi-

1915 3095 2018 3136 nus
2058 3087 2337 3149 exceptam
2367 3094 2486 3134 esse
2514 3077 2705 3144 voluit,
2747 3076 2859 3150 jam
2890 3093 3019 3135 vero
3050 3081 3096 3135 si
3140 3096 3241 3138 nec
3270 3082 3342 3136 illi
3389 3099 3488 3137 ειυς-

229 3159 298 3237 in
323 3193 377 3238 οι
391 3193 582 3239 manet
609 3159 902 3248 πρηέως,
927 3183 1091 3239 etiam
1108 3183 1210 3238 hoc
1236 3181 1378 3252 quod
1401 3159 1814 3252 οδηίυεειιίῆίειί
1841 3159 1885 3221 C
1916 3170 2043 3226 bere
2068 3169 2382 3225 conceditur
2408 3169 2528 3224 vivo
2557 3170 2674 3224 viro
2699 3185 2729 3223 a
2759 3185 2866 3239 quo
2892 3171 3134 3237 recessit,
3167 3187 3340 3242 neque
3369 3173 3494 3227 huic

225 3276 666 3346 concupiscentia
705 3275 1174 3330 utunturinvicem
1193 3274 1330 3328 ultra
1359 3273 1732 3329 necessitatem
1754 3273 1817 3327 li-

223 3367 724 3440 berosprocreandi
758 3381 972 3437 poenam
1013 3365 1066 3420 in
1105 3365 1189 3420 his
1223 3380 1322 3436 pro
1351 3365 1547 3436 quibus
1575 3363 1815 3434 quotidie

232 3459 422 3515 [icitur
451 3477 464 3512 :
494 3458 711 3512 Dimitte
733 3458 878 3512 nobis
895 3457 1068 3512 debita
1085 3469 1284 3521 nostra,
1305 3457 1438 3510 sicut
1465 3466 1512 3508 et
1530 3472 1624 3510 nos
1638 3454 1816 3508 dimit-

222 3552 378 3605 timus
395 3549 722 3604 debitoribus
737 3550 946 3604 nostris.
968 3544 1032 3621 (G
1040 3547 1169 3619 reg.)
1195 3547 1467 3616 Scriptum
1483 3546 1680 3616 quippe
1694 3553 1810 3600 est:

221 3638 415 3693 Helius
463 3651 538 3694 est
587 3639 774 3693 nubere
817 3654 974 3709 quam
1012 3639 1113 3691 uri.
1144 3637 1274 3692 Siue
1315 3636 1470 3705 culpa
1514 3636 1720 3690 scilicet
1747 3635 1814 3690 ad

225 3728 543 3800 conjugium
572 3729 811 3783 veniunt.
845 3728 890 3782 si
941 3737 1117 3782 tamen
1147 3729 1375 3782 necdum
1404 3726 1625 3782 meliora
1655 3727 1816 3780 devo-

218 3827 445 3873 vet-unt.
497 3817 634 3872 Nam
657 3818 904 3888 quisquis
944 3817 1147 3872 bonum
1195 3815 1369 3885 majus
1411 3816 1592 3870 subire
1619 3831 1816 3886 propo-

219 3908 357 3974 suit,
389 3908 590 3962 bonum
639 3909 818 3964 minus
846 3909 990 3978 quod
1016 3907 1169 3964 licuit
1209 3908 1454 3963 illicitum
1480 3905 1626 3962 fecit.
1659 3905 1811 3962 Scri-

217 4009 374 4072 ptum
398 4001 601 4072 quippe
626 4008 710 4055 est
738 4019 750 4054 :
784 3999 954 4056 Nemo
1000 4001 1206 4055 mittens
1237 4015 1451 4054 manum
1487 4014 1638 4052 suam
1661 4013 1816 4068 super

219 4073 494 4156 aratrum,
523 4101 571 4144 et
601 4091 876 4161 respiciens
902 4100 1060 4156 retro,
1091 4101 1244 4162 aptus
1269 4100 1344 4145 est
1389 4106 1544 4162 regno
1569 4089 1816 4144 calorum

221 4178 376 4248 (Luc.
405 4179 511 4250 is).
531 4178 633 4246 Qui
663 4179 826 4250 igitur
846 4178 1056 4234 fortiori
1092 4179 1268 4234 studio
1314 4179 1640 4243 intenderat,
1665 4185 1813 4234 retro

220 4269 547 4339 conspicere
570 4269 931 4336 conviLcitur,
959 4271 1005 4326 si
1038 4271 1315 4326 derelictis
1338 4270 1495 4326 bonis
1535 4269 1812 4342 ampliori-

217 4359 324 4415 bus
358 4359 430 4413 ad
476 4360 701 4414 minima
730 4368 1094 4430 retorquetur.
1125 4359 1326 4433 (Amb.)
1354 4359 1469 4415 Non
1500 4361 1620 4416 ideo
1640 4359 1811 4414 dixit:

220 4450 421 4505 Helius
453 4450 648 4506 nubere
671 4467 830 4521 quam
871 4451 976 4516 uri,
1004 4450 1158 4521 quasi
1206 4451 1406 4506 bonum
1448 4451 1519 4506 sit
1544 4450 1650 4515 uri,
1692 4445 1816 4505 ideo

220 4542 434 4596 nubere
479 4540 706 4606 melius,
746 4542 841 4596 sed
869 4540 1312 4596 consuetudinem
1356 4549 1576 4596 secutus
1601 4547 1702 4605 est,
1729 4554 1816 4595 so-

218 4630 399 4685 lemus
431 4631 577 4685 enim
599 4630 804 4697 dicere,
830 4631 1022 4686 melius
1049 4639 1130 4686 est
1179 4632 1387 4686 lucrum
1425 4629 1624 4697 facere,
1653 4646 1816 4701 quam

219 4721 506 4774 damnum.
553 4718 648 4774 Uri
673 4733 803 4789 ergo
829 4727 911 4774 est
940 4719 1222 4774 desideriis
1247 4719 1332 4789 agi
1363 4719 1443 4773 vel
1478 4719 1643 4783 vinci,
1693 4734 1817 4772 cum

217 4811 372 4865 enim
419 4809 677 4865 voluntas
708 4809 874 4865 ealori
918 4811 1098 4865 carnis
1148 4813 1417 4866 consentit
1462 4814 1656 4877 uritur,
1691 4829 1815 4868 nam

221 4901 496 4956 desideria
512 4899 644 4972 pati,
663 4907 718 4954 et
737 4915 842 4954 non
869 4901 1033 4966 vinci,
1049 4899 1276 4957 illustris
1287 4903 1388 4956 viri
1405 4912 1489 4958 est
1501 4913 1555 4958 et
1569 4903 1813 4974 perfecti.

295 4991 400 5045 llis
423 5001 596 5045 autem
610 4993 698 5062 qui
723 4991 1055 5045 matrimonio
1072 4993 1249 5060 juncti
1275 5003 1394 5046 sunt
1419 4995 1686 5064 pra’cipio,
1711 5012 1815 5050 non

223 5099 340 5152 ego,
369 5081 462 5136 sed
493 5081 772 5135 Dominus.
805 5081 1094 5151 Postquam
1125 5083 1364 5152 innuptis
1385 5093 1440 5138 et
1466 5085 1642 5139 viduis
1669 5085 1814 5140 locu-

227 5181 316 5227 tus
341 5181 448 5236 est,
503 5173 602 5226 hos
641 5171 930 5240 alloquitur
955 5172 1046 5242 qui
1096 5173 1441 5229 matrimonio
1475 5175 1648 5244 juncti
1691 5183 1818 5230 sunt

225 5280 325 5318 ore
350 5264 655 5318 Dominico.
683 5259 912 5316 Uxorem
938 5280 970 5316 a
996 5264 1108 5316 viro
1134 5280 1236 5317 non
1257 5264 1522 5318 discedere
1545 5281 1563 5319 :
1589 5265 1730 5336 quod
1768 5267 1814 5318 si

226 5353 548 5417 discesserit,
575 5368 785 5405 manere
807 5351 1097 5422 innuptam.
1129 5352 1241 5408 lloc
1269 5354 1509 5423 Apostoli
1530 5355 1816 5410 consilium

227 5453 336 5510 est,
359 5453 422 5499 ut
446 5445 495 5500 si
519 5443 832 5499 discesserit
863 5453 1085 5514 propter
1111 5445 1307 5499 malam
1350 5447 1818 5502 conversationem

227 5536 334 5592 viri
351 5536 468 5608 jam
504 5537 728 5607 innupta
757 5545 960 5592 manet.
991 5535 1094 5590 Aut
1138 5538 1246 5590 viro
1292 5539 1638 5594 reconciliari.
1667 5541 1821 5607 Quod

231 5628 280 5684 si
311 5631 596 5685 continere
621 5645 678 5685 se
704 5629 877 5700 inquit
905 5647 1012 5685 non
1049 5638 1246 5702 potest,
1281 5631 1406 5699 quia
1448 5647 1688 5702 pugnare
1713 5648 1821 5689 non

233 5723 346 5792 vult
390 5734 586 5781 contra
629 5739 872 5788 carnem,
923 5724 1039 5779 viro
1081 5724 1460 5778 reconcilietur
1511 5723 1626 5780 Non
1675 5727 1820 5780 enim

1918 3259 2144 3314 alteram
2178 3258 2374 3313 ducere
2401 3261 2524 3312 viva
2549 3272 2719 3313 uxore
2744 3274 2906 3328 quam
2929 3258 3150 3324 dimisit,
3198 3261 3363 3317 multo
3393 3263 3493 3317 mi-

1915 3366 2018 3405 nus
2058 3348 2142 3404 fas
2170 3357 2251 3405 est
2295 3349 2480 3404 illicita
2505 3365 2627 3404 cum
2655 3349 2894 3421 quolibet
2918 3359 3102 3421 stupra
3131 3353 3489 3412 committere.

1917 3439 2058 3494 Nam
2104 3440 2304 3494 ceteris
2333 3455 2426 3510 ego
2456 3440 2594 3504 dico,
2638 3456 2750 3494 non
2794 3439 3046 3495 Dominus
3087 3439 3316 3513 (Ambr.)
3381 3443 3493 3498 Hoc

1915 3529 2067 3595 dicit,
2096 3539 2153 3584 ut
2181 3531 2452 3595 ostendat,
2480 3530 2606 3600 quid
2636 3531 2852 3601 proprio
2878 3546 2974 3586 ore
3018 3531 3276 3588 Dominus
3295 3533 3490 3604 jussit,

1913 3628 1968 3675 et
1990 3619 2121 3690 quid
2143 3619 2299 3688 hujus
2325 3620 2634 3676 auctoritati
2661 3621 2960 3687 concessit,
2985 3623 3111 3692 quia
3139 3633 3193 3678 et
3213 3639 3308 3696 per
3329 3625 3490 3680 istum

1914 3709 2174 3767 Dominus
2200 3713 2457 3782 loquitur,
2483 3714 2559 3766 ait
2587 3713 2729 3767 enim
2759 3731 2772 3767 :
2803 3715 2883 3768 An
2908 3717 3314 3786 experimentum
3343 3735 3489 3788 qua:-

1913 3805 2028 3858 ritis
2056 3805 2193 3874 ejus,
2238 3806 2328 3875 qui
2362 3806 2414 3858 in
2461 3822 2541 3858 me
2570 3804 2799 3875 loquitur
2839 3805 3112 3862 Christus?
3151 3808 3334 3881 (Δίες.)
3395 3810 3492 3866 Hic

1914 3895 2090 3965 primo
2115 3895 2402 3952 videndum
2451 3906 2554 3961 est,
2603 3897 2797 3966 quibus
2825 3899 3058 3965 caeteris,
3100 3898 3317 3955 dicebat
3348 3903 3493 3957 enim

1915 3988 2164 4056 superius
2196 4003 2263 4043 ex
2308 3988 2519 4044 Domini
2549 4004 2779 4060 persona
2826 3992 2910 4046 his
2933 3992 3024 4061 qui
3059 4001 3182 4046 sunt
3223 3993 3278 4048 in
3307 3993 3494 4063 conju-

1917 4078 2035 4149 gio;
2069 4093 2213 4133 nunc
2240 4091 2368 4134 vero
2407 4094 2477 4134 ex
2519 4094 2615 4135 sua
2658 4095 2888 4152 persona
2927 4081 3138 4136 caeteris
3168 4082 3315 4136 dicit.
3352 4083 3492 4156 Ergo

1916 4171 2148 4227 fortasse
2178 4171 2283 4238 bis,
2307 4171 2400 4240 qui
2429 4186 2536 4226 non
2579 4179 2706 4226 sunt
2738 4171 2795 4225 in
2837 4171 3106 4242 conjugio,
3135 4173 3229 4228 sed
3253 4189 3359 4228 non
3404 4190 3492 4230 se-

1916 4265 2121 4336 quitur.
2162 4265 2241 4320 Ita
2287 4266 2431 4321 enim
2460 4264 2733 4338 subiungit
2771 4283 2785 4319 :
2819 4264 2876 4320 Si
2915 4267 3052 4338 quis,
3085 4268 3297 4338 fratres,
3339 4270 3490 4326 habet

1916 4372 2134 4410 uxorem
2176 4354 2438 4423 infidelem
2465 4363 2513 4409 et
2548 4355 2659 4408 hare
2682 4357 2931 4409 consentit
2961 4356 3196 4412 habitare
3221 4373 3339 4412 cum
3379 4359 3491 4427 illo,

1918 4464 2022 4502 non
2059 4447 2288 4500 dimittat
2319 4445 2486 4500 illam.
2532 4445 2672 4517 Ergo
2699 4447 2862 4501 etiam
2903 4462 3046 4502 nunc
3102 4447 3187 4502 his
3215 4449 3375 4515 dicit,
3402 4451 3494 4520 qui

1919 4549 2047 4596 sunt
2082 4539 2136 4594 in
2165 4539 2436 4611 conjugio.
2470 4537 2608 4606 Quid
2639 4539 2741 4593 sibi
2771 4553 2898 4608 ergo
2921 4539 3038 4594 vult
3063 4541 3204 4610 quod
3232 4542 3307 4596 ait
3337 4552 3492 4597 σαντε-

1920 4633 2014 4696 ris,
2044 4632 2146 4686 nisi
2189 4631 2314 4702 quia
2341 4631 2587 4701 superius
2613 4631 2692 4684 eis
2736 4630 3076 4700 loquebatur,
3109 4632 3200 4700 qui
3231 4632 3308 4687 sic
3332 4648 3492 4702 copu-

1920 4723 2012 4778 lati
2042 4731 2190 4788 sunt,
2237 4731 2294 4776 ut
2341 4723 2500 4776 ambo
2529 4721 2582 4774 in
2630 4720 2735 4776 fide
2776 4721 2976 4776 Christi
3031 4731 3235 4788 essent,
3284 4723 3496 4778 caeteris

1917 4828 2049 4869 vero
2083 4828 2226 4868 nunc
2249 4813 2399 4876 dicit,
2433 4812 2488 4866 id
2515 4819 2616 4876 est,
2644 4811 2725 4866 eis
2766 4811 2856 4880 qui
2887 4811 2965 4866 sic
2991 4811 3223 4882 c0pulati
3253 4822 3397 4876 sunt,
3436 4823 3496 4868 ut

1917 4917 2025 4958 non
2049 4905 2208 4958 ambo
2237 4902 2421 4958 fideles
2449 4903 2577 4957 sint.
2607 4900 2664 4956 Si
2688 4902 2827 4973 quis,
2860 4903 3069 4970 fratres,
3101 4919 3315 4956 uxorem
3343 4903 3495 4957 habet

1918 4995 2182 5063 inﬁdelem
2233 5004 2280 5050 et
2322 4995 2433 5049 hwc
2487 4993 2740 5047 consentit
2784 4992 3020 5046 habitare
3067 5008 3185 5046 cum
3240 4991 3351 5060 illo,
3391 5011 3493 5049 non

1920 5086 2149 5140 dimittat
2189 5083 2358 5138 illam.
2395 5083 2461 5136 Et
2490 5084 2534 5136 si
2561 5099 2666 5153 qua
2701 5080 2888 5136 mulier
2914 5084 3066 5136 habet
3104 5083 3268 5136 virum
3302 5082 3494 5151 inﬁde—

1919 5177 2021 5231 lem
2049 5218 2064 5243 ,
2126 5187 2173 5230 et
2199 5177 2282 5231 hic
2313 5174 2568 5229 consentit
2613 5173 2849 5228 habitare
2879 5191 2996 5227 cum
3040 5174 3156 5240 illa,
3201 5191 3300 5229 non
3345 5175 3498 5229 relin-

1919 5276 2045 5340 quat
2097 5269 2266 5321 virum
2310 5265 2540 5338 (Am'br.)
2585 5263 2698 5320 Hoc
2745 5265 2884 5320 dixit
2916 5267 3042 5336 quia
3099 5265 3343 5320 interilla
3383 5268 3498 5338 pri-

1918 5361 2130 5416 mordia
2171 5376 2294 5416 cum
2335 5360 2493 5414 ambo
2546 5359 2734 5428 utique
2773 5368 2956 5414 essent
3008 5357 3281 5424 Gentiles,
3333 5359 3497 5415 fiebat

1921 5461 1982 5506 ut
2045 5467 2185 5506 unus
2243 5465 2311 5504 ex
2378 5450 2462 5505 his
2526 5451 2814 5514 crederet,
2886 5457 2938 5503 et
3007 5449 3134 5519 quia
3202 5447 3495 5504 horrebant

1920 5540 2112 5613 perfidi
2154 5540 2420 5595 culturam
2452 5540 2591 5604 Dei,
2643 5539 2892 5616 similiter
2941 5548 2996 5594 et
3045 5539 3329 5596 credentes
3363 5555 3496 5594 con-

1923 5635 2329 5689 taminationem
2387 5633 2647 5704 praeteriti
2718 5632 2921 5686 erroris
2965 5673 2981 5697 ,
3064 5631 3184 5686 ideo
3244 5629 3498 5701 praecepit

1924 5733 1978 5778 ut
2009 5725 2054 5780 si
2077 5726 2312 5781 contenti
2357 5731 2537 5779 essent
2586 5721 2828 5778 habitare
2869 5737 2989 5776 cum
3018 5719 3334 5782 immutatis,
3361 5733 3494 5774 cou-
