4082 6332
531 319 596 373 67
1171 320 1236 375 ε.
1273 319 1529 377 uanam
1565 319 1788 378 unum
1823 272 2162 377 lincunt-:9.
2185 317 2496 377 uocum.
2537 318 2823 377 ornnuu
2859 319 3042 377 rans
3076 320 3165 376 ιη.
3755 315 3825 373 ss

538 425 674 486 t'enti
700 436 880 484 essent
903 436 960 484 et
981 426 1167 484 lideles
1199 443 1323 484 esse
1348 445 1471 484 cum
1501 429 1626 485 illis.
1655 428 1840 500 (Aug.)
1870 428 2030 484 Aliud
2050 436 2136 484 est
2161 435 2211 496 Α
2239 444 2344 483 non
2385 429 2608 484 debetur
2646 430 2999 486 irreverentia
3030 429 3262 501 coniugii
3287 429 3360 496 ei,
3388 431 3480 500 qui
3507 430 3697 486 horret
3726 443 3827 484 aud

538 523 688 593 quod
710 522 952 590 iubetur,
986 521 1134 578 aliud
1159 523 1301 592 quod
1337 531 1606 585 monetur.
1639 522 1784 576 aliud
1805 521 1948 592 quod
1978 523 2132 592 igno-

541 614 750 679 scitur;
779 611 1004 683 iubetur
1029 612 1225 668 mulier
1255 629 1286 667 a
1313 614 1432 668 viro
1457 629 1563 669 non
1595 615 1892 680 discedere,
1920 615 2064 684 quod
2083 615 2130 670 si

539 706 834 762 recesserit
854 719 1074 760 manere
1100 706 1346 777 innupta,
1375 716 1472 762 aut
1499 723 1618 762 viro
1640 723 1738 763 suo
1767 706 2130 775 reconciliari,

542 795 704 850 aliter
725 809 856 865 ergo
882 810 991 851 non
1019 793 1147 850 licet
1174 795 1374 850 facere.
1405 795 1655 852 Morietur
1677 804 1858 852 autem
1889 797 1974 852 vir
1999 797 2132 853 ﬁde-

540 885 611 942 lis
645 887 691 940 si
715 885 879 940 habet
921 899 1144 940 uxorem
1189 886 1458 941 inﬁdelem
1498 887 1921 943 consentientem
1949 903 2133 944 secum

542 973 810 1038 habitare,
845 988 953 1028 non
1001 988 1122 1029 eam
1167 974 1462 1030 dimittere.
1497 976 1650 1031 Licet
1691 992 1822 1048 ergo
1860 987 1914 1033 et
1954 979 2136 1033 dimit-

546 1072 663 1119 tere
697 1062 824 1132 quia
867 1078 974 1117 uon
1013 1072 1098 1118 est
1137 1073 1464 1135 praeceptum
1511 1065 1726 1121 Domini
1767 1083 1834 1122 ne
1875 1067 2132 1135 dimittat,

543 1156 640 1212 sed
676 1154 962 1210 consilium
999 1154 1286 1226 Apostoli:
1323 1157 1464 1211 sicut
1512 1167 1764 1212 monetur
1829 1159 1980 1229 virgo
2027 1176 2135 1216 non

544 1245 772 1312 nubere,
793 1245 889 1302 sed
907 1247 953 1302 si
977 1248 1220 1317 nupserit
1241 1248 1525 1304 consilium
1546 1250 1763 1320 quidem
1785 1265 1891 1306 non
1911 1252 2135 1320 tenebit,

547 1335 642 1392 sed
693 1347 883 1393 contra
939 1349 1268 1410 praeceptum
1317 1356 1420 1396 non
1451 1341 1630 1397 faciet.
1664 1343 1968 1414 lgnoscitur
2012 1361 2135 1400 cum

547 1427 783 1484 dicitur:
817 1427 934 1482 Hoc
971 1439 1147 1484 autem
1187 1430 1304 1483 dico
1339 1431 1625 1485 secundum
1656 1434 1882 1499 veniam,
1921 1449 2026 1489 non
2058 1451 2140 1489 se-

550 1515 783 1570 cundum
819 1517 1115 1587 imperium.
1145 1518 1488 1592 Quapropter
1539 1521 1667 1576 licet
1723 1531 1785 1577 ut
1837 1523 2142 1578 dimittatur

547 1606 746 1676 coniux
790 1607 1040 1672 inﬁdelis,
1067 1611 1315 1678 quamvis
1345 1612 1540 1668 melius
1579 1612 1652 1668 sit
1691 1627 1797 1667 non
1844 1613 2138 1681 dimittere,

548 1709 604 1757 et
631 1709 812 1756 tamen
845 1716 953 1757 non
992 1701 1118 1757 licet
1155 1704 1449 1760 secundum
1477 1714 1809 1776 praeceptum
1838 1705 2050 1761 Domini
2080 1713 2142 1762 ut

2230 531 2436 578 ctorem
2490 523 2772 594 coniugii:
2805 539 2913 579 non
2965 525 3110 580 enim
3173 535 3350 578 ratum
3403 531 3488 579 est
3541 523 3825 581 ntatrimo-

2230 615 2405 681 nium,
2433 616 2578 684 quod
2607 616 2724 670 sine
2755 617 2848 671 Dei
2874 617 3162 672 devotione
3195 623 3298 682 est,
3349 630 3414 670 ac
3446 632 3544 686 per
3570 617 3674 672 hoc
3712 631 3825 674 non

2231 717 2315 763 est
2339 715 2622 778 peccatum
2645 707 2696 763 ei
2726 707 2821 777 qui
2847 708 3141 763 dimittitur
3173 717 3395 778 propter
3427 707 3617 773 Deum,
3656 709 3703 764 si
3728 708 3822 765 alii

2233 812 2293 853 se
2334 797 2606 866 iunxerit,
2655 798 2982 855 contumelia
3035 799 3181 855 enim
3240 802 3503 856 creatoris
3530 802 3689 857 solvit
3732 803 3826 874 ius

2232 886 2564 941 matrimonii
2606 885 2752 942 circa
2797 903 2921 942 eum
2959 887 3053 957 qui
3085 889 3409 958 relinquitur
3440 907 3508 946 ne
3536 904 3827 949 accusetur

2235 975 2324 1030 alii
2359 975 2676 1046 copulatus:
2711 977 2944 1033 inﬁdelis
2973 986 3153 1034 autem
3185 980 3469 1037 discedens
3494 989 3547 1037 et
3572 983 3626 1037 in
3651 983 3827 1040 Deum

2235 1068 2370 1122 etin
2408 1068 2813 1122 matrimonium
2843 1085 3073 1140 peccare
3095 1070 3451 1142 dignoscitur,
3490 1074 3615 1143 quia
3655 1073 3829 1129 noluit

2236 1158 2337 1214 sub
2387 1158 2483 1213 Dei
2533 1159 2819 1214 devotione
2863 1160 3066 1216 habere
3111 1161 3441 1230 coniugium.
3482 1163 3670 1232 Itaque
3715 1181 3826 1220 non

2236 1259 2321 1305 est
2342 1250 2392 1304 ei
2423 1249 2558 1304 ﬁdes
2600 1250 2868 1306 servanda
2905 1251 3165 1322 coniugii,
3195 1253 3321 1321 quia
3354 1252 3474 1308 ideo
3505 1254 3731 1309 recessit
3758 1269 3830 1311 ne

2239 1341 2451 1396 audiret
2490 1350 2766 1396 auctorem
2800 1356 2920 1397 esse
2963 1341 3396 1397 Christianorum
3439 1344 3608 1399 Deum
3639 1346 3832 1415 coniu-

2239 1433 2331 1505 gii.
2357 1431 2492 1486 Nam
2530 1433 2576 1488 si
2614 1433 2814 1487 Esdras
2855 1431 3053 1487 dimitti
3107 1431 3234 1488 fecit
3282 1449 3500 1499 uxores,
3545 1444 3637 1490 aut
3682 1437 3830 1492 viros

2241 1522 2508 1588 inﬁdeles,
2533 1532 2594 1578 ut
2621 1524 2886 1594 propitius
2910 1523 3062 1578 ﬁeret
3079 1522 3246 1590 Deus,
3276 1540 3375 1580 nec
3404 1525 3594 1591 iratus,
3620 1527 3665 1581 si
3693 1526 3832 1583 alias

2241 1627 2309 1667 ex
2342 1629 2539 1684 genere
2566 1629 2665 1669 suo
2693 1614 3002 1685 acciperent
3029 1630 3044 1679 ;
3078 1628 3185 1669 non
3223 1614 3367 1669 enim
3400 1616 3471 1671 ita
3501 1625 3830 1686 praeceptum

2242 1703 2328 1758 his
2374 1711 2488 1768 est,
2537 1712 2600 1758 ut
2643 1703 2886 1758 remissis
2935 1703 3055 1759 istis
3110 1703 3242 1758 alias
3273 1705 3495 1761 minimc
3546 1707 3830 1774 ducerent,

553 1796 860 1852 dimiuaiur
888 1797 1084 1868 coniux
1111 1800 1214 1855 nisi
1243 1816 1406 1856 causa
1442 1802 1837 1859 fornicationis,
1875 1803 2136 1861 Fomica-
2167 1821 2216 1883 Β
2242 1803 2444 1863 quanto
2472 1793 2644 1864 magis
2671 1794 2716 1847 si
2749 1793 2979 1848 inﬁdelis
3012 1795 3324 1850 discesserit
3349 1794 3580 1851 liberum
3611 1798 3834 1853 habebit

549 1888 625 1946 tio
671 1900 754 1945 est
794 1888 958 1945 etiam
1003 1893 1117 1961 ipsa
1158 1893 1466 1950 inﬁdelitas.
1524 1894 1664 1962 Quid
1706 1897 1851 1952 enim
1887 1906 1944 1952 tu
1983 1899 2138 1966 dicis,

552 1978 828 2050 apostolo?
871 1979 1034 2036 Certe
1071 1990 1132 2038 ut
1176 1983 1260 2036 vir
1297 1984 1470 2040 ﬁdelis
1498 1987 1926 2043 consentientem
1953 2004 2141 2046 secum

550 2070 801 2127 habitare
839 2071 1120 2128 mulierem
1157 2074 1428 2131 inﬁdelem
1471 2092 1577 2132 non
1622 2078 1875 2133 dimittat.
1916 2079 2015 2147 ita,
2061 2082 2143 2136 in-

551 2163 688 2234 quit;
721 2178 847 2218 cum
875 2179 1005 2236 ergo
1034 2166 1136 2221 hoc
1167 2175 1221 2222 et
1247 2168 1506 2223 Dominus
1543 2170 1840 2240 praecipiat,
1874 2185 1942 2224 ne
1964 2171 2145 2226 dimit-

553 2263 637 2311 tat
675 2256 760 2311 vir
798 2271 1022 2312 uxorem
1061 2258 1164 2313 nisi
1205 2274 1366 2314 causa
1409 2261 1809 2326 fornicationis,
1849 2276 2018 2330 quare
2054 2261 2146 2316 hic

551 2347 718 2403 dicis:
745 2347 887 2418 «Ego
916 2347 1058 2414 dico,
1089 2366 1192 2404 non
1223 2350 1516 2405 Dominus?
1535 2373 1552 2401 ι
1585 2351 1721 2418 Quia
1748 2352 1954 2407 scilicet
1975 2353 2147 2408 idolo-

555 2437 716 2492 latria
771 2453 934 2507 quam
961 2449 1263 2509 sequuntur
1305 2440 1570 2506 inﬁdeles,
1595 2450 1649 2496 et
1683 2443 1937 2512 qumlibet
1985 2443 2145 2498 noxia

560 2533 878 2604 superstitio
908 2533 1192 2590 fornicatio
1231 2543 1334 2590 est.
1377 2535 1636 2591 Dominus
1675 2545 1854 2591 autem
1900 2537 2148 2608 permisit

560 2637 721 2680 causa
751 2623 1123 2680 fornicationis
1152 2639 1375 2680 uxorem
1417 2625 1637 2692 dimitti,
1670 2627 1762 2681 sed
1793 2626 1917 2696 quia
1944 2626 2146 2696 permi—

555 2714 648 2779 sit,
672 2730 780 2768 non
802 2713 986 2782 jussit,
1014 2715 1160 2771 dedit
1181 2715 1358 2771 locum
1387 2717 1630 2787 apostolo
1656 2717 1910 2772 monendi
1955 2727 2014 2772 ut
2055 2719 2146 2788 qui

553 2802 786 2858 voluerit
827 2819 934 2858 non
985 2805 1222 2860 dimittat
1269 2821 1492 2860 uxorem
1535 2807 1828 2874 inﬁdelem,
1883 2809 2027 2879 quod
2068 2810 2147 2865 sic

551 2893 786 2950 fortasse
819 2895 991 2965 possit
1027 2893 1200 2950 ﬁdelis
1238 2895 1375 2950 ﬁeri.
1406 2895 1776 2966 Sanctiﬁcatus
1805 2908 1881 2951 est
1909 2899 2047 2952 enim
2070 2898 2148 2952 vir

553 2984 782 3055 inﬁdelis
809 2987 863 3039 in
895 3003 1058 3040 uxore
1081 2985 1246 3055 ﬁdeli,
1279 2995 1327 3041 et
1355 2987 1685 3056 sanctiﬁcata
1704 2997 1779 3042 est
1807 2988 1998 3043 mulier
2025 2989 2147 3058 inﬁ-

557 3073 690 3128 delis
718 3074 772 3128 in
800 3075 909 3128 viro
936 3073 1103 3143 ﬁdeli.
1150 3074 1385 3146 (Ambr.)
1431 3075 1644 3130 Habere
1677 3075 1798 3131 illos
1822 3075 2146 3152 beneﬁcium

2243 1884 2548 1949 arbitrium,
2579 1885 2622 1940 si
2657 1885 2891 1940 voluerit
2936 1884 3140 1940 nubere
3184 1886 3318 1958 legis
3363 1903 3475 1942 sua:
3511 1889 3675 1944 viro?
3703 1889 3832 1944 illud

2242 1975 2385 2029 enim
2421 1990 2527 2029 non
2557 1975 2715 2029 debet
2753 1975 3006 2045 imputari
3045 1977 3469 2042 matrimonium,
3506 1981 3648 2050 quod
3676 1989 3835 2036 extra

2243 2069 2516 2124 decretum
2549 2068 2642 2122 Dei
2675 2067 2876 2124 factum
2911 2078 3017 2135 est,
3050 2070 3144 2124 sed
3173 2086 3296 2125 cum
3331 2079 3450 2140 post
3476 2072 3752 2144 cognoscit
3778 2081 3836 2128 et

2243 2160 2389 2216 dolet
2413 2159 2765 2230 dereliquisse
2792 2160 3105 2215 reemendat
3125 2176 3185 2216 se
3207 2171 3266 2216 ut
3296 2163 3506 2217 veniam
3537 2174 3830 2219 mereatur.

2245 2250 2303 2305 Si
2351 2259 2532 2304 autem
2584 2251 2744 2306 ambo
2793 2251 3123 2307 crediderint
3174 2267 3274 2322 per
3322 2253 3686 2324 cognitionem
3734 2254 3834 2310 Dei

2245 2340 2570 2396 Conﬁrmant
2623 2340 2952 2412 coniugium.
2995 2341 3063 2396 In
3109 2359 3235 2414 pace
3275 2353 3449 2398 autent
3491 2345 3691 2398 vocarit
3737 2361 3835 2400 nos

2245 2429 2408 2484 Deus.
2441 2430 2637 2486 Ve:um
2668 2443 2772 2497 est,
2805 2434 2930 2502 quia
2967 2449 3074 2488 non
3114 2441 3328 2504 oportet
3366 2434 3581 2506 litigare
3611 2451 3734 2490 cum
3765 2451 3836 2492 eo

2246 2524 2339 2594 qui
2369 2525 2616 2590 discedit,
2659 2527 2787 2596 quia
2818 2527 2943 2582 odio
2973 2526 3069 2582 Dei
3096 2527 3347 2592 discedit,
3384 2543 3447 2582 ac
3477 2543 3576 2598 per
3599 2530 3702 2583 hoc
3730 2544 3835 2584 nec

2247 2615 2442 2685 dignus
2465 2616 2740 2670 habendus
2769 2626 2872 2672 est.
2915 2617 3056 2684 Quid
3086 2619 3223 2673 enim
3259 2620 3381 2687 scis,
3422 2620 3629 2685 mulier,
3669 2622 3715 2675 si
3751 2622 3833 2676 ri-

2249 2722 2363 2760 rnm
2400 2705 2603 2761 salvum
2642 2708 2852 2777 facias?
2892 2711 2996 2764 Aut
3034 2711 3171 2764 unde
3218 2712 3343 2776 scis,
3385 2713 3486 2777 vir,
3532 2713 3578 2766 si
3615 2729 3834 2768 uxorem

2245 2797 2444 2852 saluam
2471 2799 2676 2868 facias?
2707 2799 2818 2855 lloc
2845 2801 2978 2854 dicit
3004 2802 3130 2871 quia
3161 2800 3300 2856 forte
3325 2811 3550 2872 possunt
3575 2804 3796 2858 credere
3814 2844 3830 2870 ,

2247 2889 2340 2958 qui
2369 2903 2474 2944 non
2501 2889 2725 2944 horrent
2755 2905 2950 2946 nomen
2982 2891 3205 2946 Christi.
3239 2892 3357 2946 Nisi
3389 2895 3668 2964 unicuique
3695 2895 3834 2948 sicut

2247 2980 2421 3034 divisit
2449 2980 2726 3036 Dominus.
2765 2982 2958 3038 Divisit
2992 2985 3252 3039 Domitius
3283 2985 3574 3055 unicuique
3614 2987 3834 3055 quando

2249 3073 2508 3138 salvetur,
2545 3075 2645 3129 hoc
2671 3084 2776 3140 est,
2807 3076 3024 3144 quando
3048 3084 3225 3146 potest
3249 3077 3490 3141 credere,
3523 3087 3575 3131 et
3603 3077 3836 3130 sustinet

559 3162 717 3217 honre
768 3162 1060 3218 voluntatis
1111 3165 1364 3228 ostendit,
1421 3180 1528 3235 qua
1588 3166 1849 3221 honorem
1910 3167 2145 3224 nominis
2171 3187 2216 3252 ρ
2250 3165 2420 3232 illum,
2446 3175 2502 3220 et
2529 3168 2616 3222 hic
2639 3168 3208 3238 docetexspectandos
3235 3184 3349 3234 eos,
3389 3183 3489 3223 nec
3516 3169 3831 3226 scandalum

557 3251 760 3308 Christi
788 3270 895 3308 non
921 3255 1122 3310 trahent
1147 3263 1204 3311 et
1231 3257 1299 3310 ad
1327 3257 1608 3313 tuitionem
1637 3259 1876 3328 pertinet
1898 3260 2139 3331 hospitii,

553 3341 610 3398 in
639 3358 749 3413 quo
786 3344 996 3416 signum
1055 3345 1116 3399 ﬁt
1161 3347 1506 3418 crucis,.quo
1536 3364 1682 3404 mors
1707 3349 1849 3405 victa
1881 3360 1986 3417 est,
2021 3366 2145 3406 san-

551 3436 810 3492 ctiﬁcatio
829 3437 970 3492 enim
993 3446 1095 3492 est.
1116 3439 1363 3510 Alioquin
1383 3439 1481 3510 ﬁlii
1499 3442 1653 3495 vestri
1672 3443 1931 3496 immundi
1953 3453 2139 3497 essent.

551 3528 818 3584 lmmundi
860 3538 1044 3584 essent
1069 3528 1166 3584 ﬁlii
1196 3544 1407 3598 eorum,
1441 3532 1487 3586 si
1519 3532 1857 3588 dimitterent
1897 3532 2144 3589 nolentes

551 3623 802 3679 habitare
836 3639 1043 3690 secum,
1085 3632 1140 3680 et
1167 3624 1287 3679 aliis
1315 3639 1374 3680 se
1411 3625 1728 3695 copularent
1757 3645 1769 3680 :
1797 3627 2142 3681 essentenim

553 3714 784 3768 adulteri
831 3729 1020 3768 eorum
1062 3730 1158 3785 per
1194 3716 1295 3769 hoc
1329 3723 1384 3769 et
1422 3714 1514 3768 ﬁlii
1557 3729 1745 3770 eorum
1791 3715 1980 3784 spurii,
2022 3715 2142 3771 ideo

554 3803 838 3858 immundi.
883 3803 1059 3858 Credo
1093 3802 1205 3871 iam
1259 3811 1581 3874 provenerat
1622 3812 1682 3858 ut
1742 3803 2012 3859 nonnulla:
2065 3803 2143 3859 fe-

554 3900 716 3955 minae
755 3912 852 3970 per
881 3899 1029 3954 viros
1070 3899 1275 3966 ﬁdeles,
1309 3909 1365 3954 ct
1393 3900 1494 3953 viri
1525 3915 1621 3970 per
1646 3915 1844 3954 uxores
1876 3899 2061 3955 ﬁdeles
2086 3901 2140 3954 in

552 3991 715 4046 ﬁdem
773 3991 1049 4057 venirent,
1096 3999 1151 4045 et
1205 3991 1452 4060 quamvis
1505 4005 1611 4044 non
1656 3991 1844 4046 dicens
1887 3991 2136 4055 nomina,

551 4081 814 4152 exemplis
845 4090 1024 4135 tamen
1056 4081 1303 4135 hertatus
1332 4089 1418 4135 est
1458 4079 1525 4134 ad
1558 4080 1986 4135 conﬁrmandum
2009 4095 2140 4135 con-

550 4170 728 4226 silium
772 4186 950 4226 suum.
999 4169 1204 4225 Deinde
1247 4170 1514 4239 sequitur,
1562 4170 1800 4240 alioquin
1845 4170 1945 4238 ﬁlii
1987 4171 2142 4226 vestri

551 4260 809 4314 immundi
844 4267 1033 4324 essent,
1074 4275 1212 4312 nunc
1239 4269 1414 4313 autem
1453 4261 1622 4313 sancti
1657 4269 1798 4313 sunt.
1833 4259 1951 4314 Jam
1991 4261 2140 4315 enim

551 4349 764 4421 parvuli
791 4349 1087 4407 Christiani
1131 4359 1310 4417 erant,
1359 4350 1451 4419 qui
1488 4351 1602 4405 sive
1644 4358 1866 4406 auctore
1918 4366 2028 4406 uno
2069 4367 2138 4407 ex

550 4449 894 4521 parentibus,
955 4448 1072 4504 sive
1123 4457 1350 4518 utroque
1395 4449 1766 4506 consentiente
1816 4450 2136 4505 sanctiﬁcati

2250 3257 2413 3312 dehis
2441 3259 2550 3328 pati
2574 3259 2793 3323 debere,
2817 3260 2942 3329 quia
2971 3261 3320 3315 custodienda
3343 3271 3427 3317 est
3455 3262 3827 3332 spesillorum;

2249 3348 2295 3404 si
2345 3349 2489 3404 enim
2557 3350 2657 3420 ipsi
2713 3350 3059 3416 recesserint,
3124 3351 3566 3407 dissimulandum
3611 3353 3676 3408 ab
3720 3354 3829 3408 his.

2323 3436 2746 3511 Unumquemque
2773 3441 2904 3512 sicut
2947 3439 3142 3496 vocavit
3167 3443 3306 3497 Deus
3335 3454 3409 3496 ita
3435 3443 3682 3498 ambulet.
3715 3443 3831 3500 lloc

2249 3537 2354 3592 est,
2383 3541 2441 3583 ut
2483 3530 2528 3585 si
2575 3531 2921 3584 matrimonio
2958 3529 3180 3598 iunctus
3212 3540 3316 3597 εει,
3345 3533 3438 3602 qui
3489 3533 3660 3587 credit
3718 3549 3831 3588 non

2246 3619 2487 3684 deserat,
2529 3635 2705 3688 neque
2750 3620 2834 3673 vir
2875 3635 3052 3688 neque
3085 3621 3302 3686 mulier,
3349 3623 3442 3676 scd
3485 3624 3563 3678 sic
3612 3632 3834 3679 maneat

2247 3713 2360 3768 sive.
2385 3712 2624 3777 Judarus,
2654 3713 2768 3768 sive
2788 3712 3032 3769 Grzecus.
3065 3714 3214 3770 Sicut
3237 3716 3290 3769 in
3319 3718 3558 3771 omnibus
3581 3717 3833 3774 Ecclesiis

2246 3805 2425 3858 doceo.
2461 3803 2528 3859 Ut
2567 3805 2792 3860 suadeat
2840 3821 2945 3860 non
2998 3822 3056 3861 se
3100 3806 3256 3861 aliter
3298 3806 3382 3862 his
3427 3807 3641 3862 tradere
3665 3824 3833 3879 quam

2248 3896 2481 3959 caeteris,
2542 3904 2602 3950 ut
2648 3912 2770 3951 cum
2818 3907 3043 3952 cmteros
3077 3898 3237 3966 huius
3307 3898 3430 3953 ﬁdei
3487 3899 3591 3954 hoc
3645 3899 3835 3955 doceri

2245 3987 2491 4052 audiunt,
2547 3988 2851 4058 promptius
2903 3999 3284 4059 assequamur,
3343 3989 3499 4046 facile
3533 3991 3677 4046 enim
3707 3992 3833 4061 quis

2245 4079 2535 4134 inclinatur
2559 4081 2604 4134 si
2629 4081 2821 4134 viderit
2852 4082 3056 4136 socium
3079 4083 3444 4151 consensisse.
3476 4081 3832 4138 Circumcisus

2244 4172 2436 4240 aliquis
2469 4181 2679 4225 vocatus
2707 4171 2822 4226 est?
2846 4189 2948 4225 non
2978 4173 3206 4226 adducat
3237 4175 3552 4244 prwputium
3607 4173 3721 4229 Hoc
3746 4183 3833 4229 est

2243 4260 2385 4330 quod
2420 4259 2577 4324 dixit,
2607 4270 2664 4314 ut
2695 4261 2766 4313 ita
2803 4261 3060 4326 ambulet,
3099 4262 3240 4317 sicut
3264 4270 3488 4316 vocatus
3511 4272 3612 4318 est.
3641 4262 3711 4318 Ut
3735 4263 3825 4318 Ju-

2243 4353 2390 4408 dwus
2415 4352 2589 4406 factus
2614 4351 2954 4408 Christianus
2982 4368 3086 4407 non
3109 4362 3261 4424 putet
3280 4369 3339 4408 se
3362 4352 3501 4409 forte
3523 4354 3828 4425 indignum,

2241 4445 2366 4513 quia
2411 4445 2732 4514 pricputium
2763 4460 2867 4499 non
2902 4446 3064 4500 habet
3104 4446 3240 4501 dans
3271 4446 3498 4516 gloriam
3536 4446 3824 4516 praeputio.

551 4549 724 4597 erant.
764 4540 917 4608 Quod
955 4555 1063 4594 non
1101 4539 1272 4604 ﬁeret,
1311 4539 1358 4594 si
1396 4556 1504 4595 uno
1533 4542 1785 4596 credente
1815 4542 2136 4596 dissociare—
2161 4545 2214 4606 1)
2241 4535 2308 4590 In
2334 4535 2587 4606 prwputio
2611 4537 2727 4607 quis
2755 4547 2964 4590 vocatus
2990 4538 3104 4591 est?
3138 4554 3244 4592 non
3277 4538 3700 4591 circumcidatur.
3759 4537 3830 4592 Ut

553 4641 641 4688 tur
670 4631 976 4703 coniugium
1001 4641 1056 4686 ct
1081 4648 1186 4687 non
1220 4633 1546 4688 toleraretur
1572 4633 1860 4688 inﬁdelitas
1889 4633 2132 4704 coniugis

553 4741 726 4796 usque
774 4726 842 4780 ad
891 4726 1351 4796 opportunitatem
1411 4727 1685 4780 credendi.
1751 4726 1909 4780 Nunc
1958 4737 2132 4780 autem

550 4817 721 4872 sancti
745 4824 886 4869 sunt.
917 4814 1102 4870 Sancti
1130 4825 1276 4882 sunt,
1297 4817 1424 4886 quia
1451 4816 1518 4871 de
1542 4817 1806 4887 coniugiis
1831 4817 1994 4871 licitis
2021 4817 2135 4870 nati

551 4912 699 4969 sunt,
725 4912 781 4959 et
825 4904 951 4974 quia
1005 4905 1104 4959 sub
1132 4904 1407 4960 Creatoris
1455 4908 1798 4961 veneratione
1852 4908 1962 4960 nati
2013 4914 2138 4961 sunt

551 4995 904 5066 propensiore
958 5011 1026 5050 ex
1091 5005 1264 5065 parte.
1315 4997 1473 5064 Quia,
1529 4998 1668 5053 sicut
1715 4997 1976 5067 quidquid
2036 4997 2136 5051 sub

551 5087 934 5159 praedicatione
964 5088 1226 5144 idolorum
1245 5089 1677 5162 ﬁtqimmundum
1699 5097 1800 5152 est,
1817 5099 1871 5144 et
1898 5091 1968 5143 ita
1985 5088 2136 5158 quid-

552 5178 681 5247 quitl
711 5179 810 5233 sub
835 5178 929 5233 Dei
966 5181 1228 5236 creatoris
1256 5181 1316 5234 ﬁt
1342 5181 1699 5250 professione,
1745 5189 1989 5234 sanctum
2028 5188 2132 5246 est,

551 5269 705 5336 Quod
732 5271 776 5325 si
815 5271 1043 5340 inﬁdelis
1080 5273 1320 5339 discedit,
1361 5273 1613 5327 discedat.
1644 5272 2137 5342 Propositum'reli-

550 5360 725 5430 gionis
751 5363 985 5418 custodit
1013 5362 1396 5434 praecipiendo,
1423 5380 1489 5418 ne
1515 5363 1806 5418 Christiani
1833 5363 2137 5433 relinquant

549 5450 958 5524 conjugia:sed
1001 5456 1047 5510 si
1093 5455 1326 5510 inﬁdelis
1370 5455 1494 5510 odio
1546 5454 1637 5508 Dei
1673 5453 1921 5518 discedit,
1965 5453 2134 5508 ﬁdelis

550 5556 657 5600 non
701 5546 808 5600 erit
860 5561 982 5602 reus
1029 5546 1276 5602 dissoluti
1333 5544 1666 5600 matrimonii
1711 5563 1724 5598 :
1771 5545 1942 5614 maior
1985 5545 2131 5600 enim

548 5653 713 5693 causa
739 5638 832 5694 Dei
854 5649 956 5703 est,
982 5653 1143 5707 quam
1169 5636 1519 5692 matrimonii.
1554 5635 1674 5690 Non
1703 5646 1776 5689 est
1807 5639 1944 5690 enim
1969 5637 2135 5706 frater

551 5739 642 5782 aut
671 5747 821 5785 soror
855 5729 1092 5786 servituti
1139 5728 1401 5799 subjectus
1449 5729 1502 5783 in
1543 5728 1820 5798 eiusmodi.
1867 5728 1978 5783 lloc
2023 5737 2129 5792 est,

2237 4625 2465 4682 Gentilis
2502 4637 2726 4682 vocatus
2769 4643 2875 4682 non
2923 4629 3155 4682 aestimet
3205 4629 3401 4683 debere
3423 4644 3480 4683 se
3509 4629 3826 4684 circumcidi

2237 4733 2334 4787 per
2363 4717 2415 4772 id
2439 4718 2582 4788 quod
2617 4717 2756 4772 ﬁlios
2785 4717 3016 4773 Abraha:
3049 4720 3290 4788 prmponi
3326 4721 3496 4784 audit,
3543 4733 3645 4773 nec
3680 4718 3826 4772 enim

2237 4811 2361 4880 quia
2381 4809 2685 4864 circumcisi
2703 4818 2830 4864 sunt
2851 4819 3250 4880 praeponuntur,
3268 4812 3360 4865 sed
3384 4811 3577 4865 merito
3592 4810 3827 4865 Abraha:

2239 4900 2391 4969 cujus
2439 4901 2532 4956 ﬁlii
2575 4903 2777 4957 suntin
2803 4914 3053 4972 utroque,
3098 4904 3140 4958 si
3165 4903 3418 4968 credant;
3454 4903 3498 4957 si
3535 4902 3826 4973 quominus

2239 4991 2450 5063 peiores
2473 5003 2633 5048 erunt
2659 4993 2978 5048 Gentilibus.
3011 4993 3259 5049 Deterius
3285 5003 3367 5048 est
3395 4994 3539 5048 enim
3574 4992 3741 5048 fuisse
3771 5002 3829 5048 et

2240 5100 2346 5139 non
2367 5100 2508 5150 esse,
2541 5101 2702 5155 quam
2750 5101 3028 5154 nunquam
3073 5085 3260 5142 fuisse.
3313 5085 3658 5141 Circumcisio
3693 5085 3828 5140 nihil

2239 5185 2334 5242 est,
2365 5185 2412 5229 et
2434 5178 2750 5246 prazputium
2802 5177 2931 5230 nihil
2966 5187 3058 5231 est.
3097 5177 3437 5233 Manifestum
3469 5179 3698 5248 estquia
3724 5194 3826 5234 nec

2238 5270 2414 5335 obest,
2440 5285 2539 5324 nec
2564 5270 2800 5338 prodest.
2834 5268 2936 5325 Sed
2973 5271 3262 5327 observatio
3301 5273 3674 5327 mandatorum
3700 5271 3824 5338 Dei,

2239 5360 2292 5416 id
2314 5371 2419 5426 est,
2445 5359 2576 5415 ﬁdes
2600 5361 2892 5431 prepitium
2920 5362 3049 5419 facit
3075 5365 3266 5430 Deum,
3302 5366 3346 5418 si
3377 5364 3531 5419 bonis
3569 5363 3825 5434 operibus

2238 5451 2587 5522 approbetur.
2649 5450 3014 5526 Unusquisque
3077 5457 3132 5510 in
3188 5473 3250 5510 ea
3302 5458 3570 5511 vocatione
3619 5472 3674 5509 in
3715 5471 3822 5525 qua

2238 5553 2448 5596 vocatus
2473 5552 2568 5606 est,
2594 5543 2649 5596 in
2671 5561 2732 5597 ea
2763 5555 3084 5614 permaneat,
3137 5546 3239 5601 hoc
3286 5546 3466 5601 ﬁrmat
3491 5546 3632 5616 quod
3660 5561 3822 5616 supra

2237 5633 2390 5687 dixit.
2439 5633 2628 5688 Servus
2669 5645 2878 5689 vocatus
2921 5637 3023 5690 es?
3068 5654 3172 5691 non
3223 5640 3290 5692 sit
3323 5639 3414 5691 tibi
3448 5654 3610 5700 curat,
3645 5641 3736 5692 sed
3775 5631 3825 5690 si

2235 5735 2398 5796 potes,
2436 5725 2565 5780 liber
2593 5725 2730 5793 ﬁeri,
2766 5728 2934 5796 magis
2968 5737 3131 5780 utere.
3165 5726 3426 5783 Hortatur
3461 5737 3518 5781 ut
3546 5727 3683 5783 bene
3708 5740 3820 5781 scr-
