4082 6332
267 356 328 414 69
819 348 1326 410 NARRATIONUM
1364 349 1433 408 IN
1467 348 1618 408 EPP.
1659 347 1869 408 PAULI
1903 347 2032 406 LIB.
2075 348 2144 406 Χ.
2182 345 2254 391 ε·-
2292 347 2362 404 lN
2397 348 2613 408 EPIST.
2654 350 2676 405 Ι
2713 349 2804 406 AD
2841 349 2998 408 COIl.
3443 353 3532 410 ’70

266 471 414 526 vicus
439 468 510 524 de
535 465 633 524 Dei
670 467 862 522 timore
903 464 1108 522 carnali
1129 493 1135 500 ε
1155 465 1376 522 domino
1413 464 1633 534 dignum
1671 476 1730 518 se
1769 461 1848 515 l‘a-
1872 464 1924 528 Α
1949 461 2178 518 solutius
2216 462 2531 518 ostenderet
2573 470 2783 532 propter
2826 471 3132 531 praesentem
3179 475 3534 521 necessitatem

267 563 371 618 ciat
394 561 666 625 libertate,
696 573 765 614 ne
783 558 1007 614 audiens
1033 555 1196 623 forte,
1230 574 1250 608 ι
1282 555 1486 612 Servus
1511 561 1738 610 vocatus
1763 567 1846 618 es,

269 668 371 709 non
407 652 478 706 sit
517 649 615 706 tibi
640 663 807 714 cum,
840 667 859 700 ι
892 647 1254 718 negligentior
1299 653 1447 702 esset
1477 643 1625 701 circa
1674 643 1848 698 bonos

267 749 416 796 actus
440 737 676 794 carnalis
712 736 948 801 Domini,
995 744 1053 790 et
1096 735 1341 792 doctrina
1370 733 1572 798 Christi
1598 732 1851 803 blasphe-

272 836 531 893 maretur,
558 835 614 881 et
637 841 738 883 nec
777 826 868 880 ille
903 825 1075 881 Deum
1104 833 1532 896 promereretur,
1570 823 1664 893 qui
1683 823 1740 878 in
1763 821 1850 878 his

269 919 498 974 terrenis
539 919 677 973 bene
715 917 962 973 serviens
999 916 1253 972 meritum
1293 915 1395 970 sibi
1438 914 1668 970 collocat
1709 911 1850 984 apud

269 1010 460 1076 Deum,
494 1010 622 1079 quia
664 1009 800 1064 dixit
827 1007 1087 1064 Dominus
1117 1026 1130 1062 :
1165 1026 1184 1058 ε
1213 1007 1313 1075 Qui
1343 1006 1398 1062 in
1423 1007 1646 1062 minimo
1676 1004 1852 1061 ﬁdelis

266 1111 366 1167 εει,
395 1111 450 1156 et
479 1101 534 1154 in
551 1115 752 1171 magno
775 1099 934 1159 erit.»
953 1130 1018 1140 —-
1036 1097 1138 1165 Qui
1163 1099 1302 1154 enim
1315 1099 1372 1152 in
1393 1097 1620 1152 Domino
1641 1105 1852 1152 vocatus

267 1205 338 1249 est
364 1211 563 1259 servus,
593 1191 813 1248 libertus
843 1201 921 1248 est
961 1191 1195 1246 Domini.
1241 1191 1472 1262 Ereptus
1499 1192 1645 1246 enim
1669 1205 1701 1244 τι
1727 1203 1854 1259 pec-

267 1291 406 1347 catis
449 1306 570 1361 qute
611 1305 769 1346 veros
796 1304 985 1346 servos
1024 1289 1290 1359 probant,
1341 1287 1570 1342 libertus
1621 1285 1701 1340 ﬁt.
1751 1284 1855 1339 Hie

267 1383 412 1438 enim
435 1381 656 1436 omnino
686 1396 876 1437 servus
899 1388 1003 1446 est,
1033 1379 1126 1450 qui
1158 1379 1530 1448 imprudenter
1558 1376 1688 1448 agit,
1714 1374 1856 1431 sicut

267 1480 326 1528 et
379 1472 648 1526 veteribus
689 1469 924 1541 placuit,
973 1469 1063 1537 qui
1106 1482 1297 1523 omnes
1342 1467 1612 1538 sapientes
1654 1463 1855 1519 liberos

267 1563 630 1635 appellarunt,
653 1563 1026 1633 imprudentes
1047 1569 1228 1616 autem
1250 1575 1439 1616 omnes
1466 1573 1678 1623 servos,
1710 1557 1854 1612 unde

268 1652 547 1718 Salomon,
589 1651 775 1719 Servo,
811 1651 1005 1723 inquit,
1047 1651 1271 1722 sapienti
1300 1649 1450 1706 liberi
1477 1649 1698 1704 servient
1725 1645 1854 1718 (Ec-

266 1743 353 1798 cli.
396 1743 476 1815 x).
513 1741 615 1798 Hic
651 1758 783 1813 ergo
817 1742 910 1813 qui
944 1741 1116 1797 credit
1139 1748 1196 1796 et
1221 1741 1266 1797 si
1305 1755 1498 1796 servus
1521 1739 1592 1795 sit
1619 1739 1688 1793 ad
1718 1745 1854 1794 tem-

1950 551 2051 618 ait,
2077 552 2204 622 quia
2232 561 2497 622 optimam
2532 560 2641 618 est,
2685 559 2748 606 ut
2786 551 2926 606 inter
2961 551 3164 606 bonum
3189 561 3244 608 ει
3267 553 3534 626 optimum

1949 646 2085 701 nihil
2111 655 2218 702 tam
2246 647 2568 716 praclarum
2596 653 2760 716 atque
2787 644 2918 701 utile
2943 660 3066 701 esse
3086 656 3532 718 cognosceretur,

1950 750 2114 807 quam
2161 744 2247 793 est
2292 737 2594 808 virginitas.
2639 736 2788 804 Quia.
2820 751 2930 792 non
2974 737 3150 794 solum
3185 740 3331 810 apud
3363 740 3534 798 Deum

1950 827 2318 898 virginitatem
2365 828 2881 884 commendatiorem
2929 827 3116 894 docet,
3173 830 3268 884 sed
3315 837 3371 886 et
3389 832 3535 901 apud

1921 916 2118 971 vitam
2163 927 2508 986 praesentem,
2557 918 2684 972 dum
2733 918 3088 974 necessitates
3129 920 3390 990 temporis
3445 935 3538 976 ne-

1953 1008 2089 1074 scit,
2141 1024 2278 1078 quas
2305 1009 2510 1080 patitur
2555 1007 2880 1080 coniugatio,
2931 1018 2987 1064 et
3027 1023 3291 1066 maerores
3326 1018 3536 1082 partus,

1955 1099 2223 1170 simulque
2276 1100 2541 1156 orbitates
2591 1099 2826 1156 ﬁliorum
2879 1101 3112 1172 ignorat.
3170 1101 3241 1157 Ut
3290 1117 3421 1174 ergo
3469 1102 3540 1159 ad

1953 1191 2096 1246 hanc
2139 1188 2500 1246 aﬁ'ectandam
2527 1191 2862 1257 hortaretur,
2887 1193 3175 1261 prasentis
3197 1193 3540 1248 necessitatis

1954 1280 2124 1336 exitia
2152 1279 2355 1335 lucrari
2397 1281 2558 1337 docet
2596 1281 2718 1348 has,
2762 1296 2884 1351 quae
2930 1281 3080 1337 illam
3125 1281 3428 1338 dilexerint.
3474 1283 3545 1340 Ut

1954 1387 2076 1427 cum
2123 1387 2232 1427 non
2311 1371 2484 1428 solum
2551 1371 2693 1441 apud
2759 1372 2926 1428 Deum
2998 1372 3176 1429 locum
3262 1372 3541 1428 meliorem

1954 1464 2157 1520 habere
2203 1464 2440 1528 discunt,
2483 1479 2671 1520 verum
2696 1464 2860 1520 etiam
2903 1465 2958 1520 in
2995 1465 3253 1536 praesenti
3279 1465 3426 1520 omni
3459 1466 3541 1521 in-

1954 1554 2162 1611 dustria
2193 1555 2336 1611 hanc
2356 1565 2692 1627 appeterent.
2722 1555 2900 1612 Unum
2927 1557 3072 1613 enim
3103 1565 3187 1614 est
3213 1558 3357 1627 quod
3385 1555 3540 1613 labo-

1955 1656 2043 1702 rat
2085 1656 2145 1703 ut
2181 1630 2655 1705 affectum'carnis
2692 1649 2896 1715 vincat,
2938 1648 2995 1706 in
3040 1649 3250 1706 caeteris
3290 1649 3544 1706 omnibus

1960 1735 2158 1801 libera,
2188 1737 2315 1808 quia
2339 1738 2485 1793 enim
2505 1753 2637 1794 caro
2659 1739 2714 1795 in
2747 1739 2958 1810 origine
2984 1754 3082 1796 sua
3115 1746 3220 1806 est,
3244 1747 3302 1796 et
3324 1749 3540 1806 natura,

265 1843 386 1898 Ρυδι
419 1828 552 1899 (illia
601 1843 718 1883 rem
761 1826 893 1882 fac“
933 1825 1272 1896 Prudentem.
1302 1833 1363 1880 ιιι
1388 1824 1580 1880 credat
1604 1823 1660 1878 in
1689 1821 1850 1878 Chri-
1884 1817 1931 1877 Β
1959 1843 2087 1886 usus
2115 1828 2233 1898 ejus
2258 1829 2464 1895 suavis,
2499 1830 2672 1896 videt,
2709 1838 2766 1884 et
2792 1830 2964 1886 dulcis
2988 1829 3236 1899 aﬁ'ectus,
3273 1832 3396 1887 ideo
3424 1833 3546 1888 haec

269 1929 435 1986 sum,
481 1919 710 1974 libertus
757 1918 818 1972 ﬁt
873 1916 1104 1972 Domini.
1148 1915 1204 1972 Si
1239 1931 1372 1988 ergo
1407 1923 1630 1988 peccata
1670 1929 1859 1971 servos

267 2007 490 2072 faciunt,
515 2008 658 2063 sicut
680 2006 850 2063 Cham
864 2007 1008 2063 ﬁlius
1035 2005 1147 2063 Noe
1172 2007 1381 2078 peccati
1400 2016 1456 2063 et
1481 2006 1860 2078 imprudentia

268 2115 436 2159 causa
480 2101 657 2157 factus
693 2109 779 2157 est
821 2115 1010 2157 servus
1037 2098 1190 2173 (Gen.
1221 2099 1320 2172 nt),
1370 2115 1494 2156 cum
1525 2099 1647 2171 quis
1662 2099 1860 2169 accipit

265 2193 643 2248 remissionem
671 2200 1021 2264 peccatorum
1049 2191 1279 2248 libertus
1306 2189 1556 2246 edicitur.
1601 2189 1860 2247 Similiter

263 2285 354 2355 qui
387 2283 521 2338 liber
551 2293 760 2339 vocatus
787 2294 886 2350 est,
923 2300 1100 2340 servus
1125 2293 1200 2338 est
1226 2281 1439 2339 Christi.
1470 2281 1751 2338 Profectus
1775 2289 1862 2337 εει

264 2391 331 2431 ex
371 2375 546 2431 libero
579 2390 798 2431 servum
847 2375 963 2436 ﬁeri
985 2374 1207 2431 Christi.
1263 2373 1426 2430 Liber
1474 2373 1620 2428 enim
1661 2381 1782 2427 erat
1827 2385 1861 2427 a

265 2469 401 2533 Deo,
427 2467 574 2536 quod
606 2467 900 2521 maximum
922 2466 1130 2522 crimen
1157 2475 1261 2522 est.
1294 2466 1418 2522 Ideo
1443 2465 1644 2521 amissa
1671 2477 1858 2519 amata

264 2572 321 2615 et
345 2560 624 2616 contraria
664 2559 917 2616 libertate
955 2559 1320 2614 conditionem
1352 2558 1578 2613 sortitus
1604 2565 1708 2620 est,
1739 2570 1860 2626 quae

264 2651 574 2722 prodesset,
603 2650 746 2705 sicut
778 2649 910 2705 dicit
938 2649 1197 2704 Dominus
1221 2666 1235 2704 :
1261 2647 1445 2704 Tollite
1471 2647 1660 2718 jugum
1685 2662 1862 2717 meum

264 2759 430 2812 super
451 2758 538 2796 vos
563 2741 682 2812 quia
699 2757 866 2795 suave
893 2750 1002 2805 est;
1026 2749 1073 2792 et
1105 2756 1236 2794 onus
1271 2754 1466 2802 meum,
1506 2740 1632 2808 quia
1656 2738 1766 2791 leve
1785 2743 1860 2790 est

266 2831 490 2903 (Matth.
522 2837 615 2903 in).
649 2830 970 2900 Superbiam
1012 2829 1196 2899 itaque
1235 2827 1466 2884 abscidit
1507 2837 1564 2882 ει
1587 2827 1642 2882 in
1684 2828 1862 2881 unita-

266 2933 379 2980 tem
409 2923 560 2990 fecit,
592 2931 651 2978 ut
676 2938 856 2994 neque
875 2937 1064 2978 servus
1086 2921 1294 2991 pudore
1321 2919 1648 2976 conditionis
1669 2919 1863 2989 despe-

265 3028 410 3071 ctum
445 3031 506 3071 sc
543 3023 716 3084 putet,
749 3027 924 3084 neque
949 3013 1088 3069 liber
1123 3011 1358 3068 elatione
1385 3009 1589 3066 mentis
1635 3007 1854 3064 inﬂatus

266 3123 426 3163 servo
469 3123 530 3162 se
570 3115 924 3177 superponat.
965 3103 1150 3159 Pretio
1191 3104 1348 3175 empti
1385 3105 1531 3170 estis,
1560 3103 1722 3158 nolite
1743 3102 1860 3171 ﬁeri

267 3201 398 3255 servi
437 3201 737 3254 hominum.
781 3197 980 3266 Verum
1017 3199 1125 3263 εει,
1173 3197 1301 3267 quia
1347 3204 1458 3250 tam
1513 3211 1642 3252 caro
1682 3195 1858 3264 pretio
1885 3183 1930 3246 C

266 3291 434 3362 empti
473 3305 682 3354 sumus,
712 3297 830 3343 uta
862 3288 1006 3344 nullo
1046 3287 1236 3344 redimi
1267 3287 1654 3358 potuissemus,
1695 3286 1801 3342 nisi
1829 3301 1860 3341 a

266 3381 508 3444 Christo,
539 3381 632 3451 qui
661 3380 902 3436 omnium
939 3381 1091 3436 dives
1116 3387 1218 3434 est.
1247 3379 1350 3448 Qui
1376 3394 1505 3450 ergo
1529 3379 1703 3448 pretio
1728 3377 1862 3432 emi-

269 3481 380 3538 tur,
415 3472 590 3543 magis
609 3471 824 3526 servire
849 3471 1028 3536 debet,
1070 3478 1132 3526 ut
1171 3469 1514 3539 aliquatenus
1538 3469 1711 3524 vicem
1743 3467 1863 3523 red—

267 3564 359 3618 dat
388 3563 644 3634 emptori.
671 3563 715 3616 A
752 3562 863 3616 Deo
913 3576 1044 3631 ergo
1087 3560 1278 3631 empti,
1317 3560 1374 3616 id
1403 3567 1508 3624 est,
1549 3574 1581 3614 a
1613 3558 1861 3623 Christo;

266 3655 412 3710 servi
467 3656 749 3709 hominum
794 3669 917 3708 esse
961 3667 1070 3707 non
1104 3653 1323 3708 debent.
1359 3651 1514 3707 Servi
1553 3658 1731 3705 autem
1770 3650 1867 3704 ho—

266 3747 478 3801 minqu
511 3745 564 3801 hi
597 3754 743 3810 sunt,
773 3743 868 3814 qui
896 3742 1149 3800 humanis
1177 3757 1236 3797 se
1259 3739 1556 3810 subjiciunt
1596 3739 1864 3810 supersti—

269 3837 540 3892 tionibus.
569 3835 862 3905 Apostolus
889 3843 1072 3888 tamen
1121 3832 1253 3887 illud
1303 3839 1590 3896 memorat,
1630 3829 1775 3900 quod
1814 3828 1868 3882 in

269 3927 456 3998 capite
486 3927 742 3996 Epistolas
783 3924 1154 3996 reprehendit,
1184 3937 1252 3979 eo
1275 3921 1420 3993 quod
1449 3921 1714 3984 dicerent,
1755 3919 1869 3990 Ego

265 4026 385 4072 sum
429 4015 609 4081 Pauli,
661 4014 800 4069 alius
844 4023 1042 4080 autent,
1093 4012 1208 4084 Ego
1239 4010 1468 4083 Apollo:
1502 4008 1652 4064 dedit
1687 4015 1870 4062 tamen

267 4107 567 4163 articulum
594 4106 872 4162 Christum
912 4103 1190 4161 fatendum
1217 4101 1410 4168 Deum,
1441 4099 1659 4171 quando
1685 4112 1873 4154 servos

263 4203 480 4259 Christi
537 4217 644 4256 non
698 4188 1172 4274 hominis'servos
1227 4195 1571 4267 appellandos
1613 4192 1871 4249 ostendit.

269 4291 644 4363 Unusquisque
661 4291 826 4361 frater
843 4292 897 4345 in
915 4307 1018 4361 quo
1035 4297 1247 4344 vocatus
1261 4296 1354 4353 est,
1369 4287 1424 4340 in
1438 4302 1497 4340 eo
1511 4294 1717 4340 maneat
1733 4281 1873 4353 apud

265 4383 464 4437 Deum.
494 4379 608 4436 Hoc
629 4389 734 4445 est,
763 4380 908 4451 quod
926 4394 1088 4450 supra
1112 4378 1270 4445 dixit,
1299 4377 1444 4448 quod
1469 4384 1529 4430 ut
1554 4373 1714 4446 plene
1735 4387 1877 4430 com-

265 4475 490 4532 mendet
524 4474 768 4529 reiterat.
1845 4523 1849 4526 .

341 4565 424 4619 De
448 4564 734 4633 virginibus
768 4572 944 4618 autem
967 4569 1284 4633 prwceptum
1323 4559 1536 4614 Domini
1564 4574 1668 4612 non
1686 4556 1872 4612 habeo.

267 4655 386 4710 lloc
415 4653 485 4708 ad
515 4654 717 4724 scripta
752 4653 967 4708 illorum
995 4652 1294 4722 respondit,
1334 4651 1476 4706 sicut
1504 4665 1666 4720 supra
1692 4649 1829 4704 dixit
1853 4666 1868 4702 :

267 4747 350 4802 De
380 4747 574 4818 quibus
613 4747 896 4818 scripsistis
942 4746 1093 4810 mihi,
1124 4754 1230 4800 etc.
1263 4742 1554 4798 Consilium
1590 4751 1765 4814 autem
1803 4740 1872 4795 do

267 4846 528 4908 tanquam
569 4836 984 4892 misericordiam
1019 4845 1327 4890 consecutus
1355 4850 1387 4887 a
1416 4831 1644 4886 Domino
1681 4839 1738 4883 ut
1772 4830 1873 4884 sim

263 4931 470 5000 ﬁdelis.
497 4927 833 5000 Praeceptum
860 4943 919 4984 se
953 4928 1018 4983 de
1056 4925 1357 4999 virginibus
1383 4932 1544 4994 negat
1572 4922 1870 4994 accepisse,

264 5026 401 5094 quia
445 5038 553 5078 non
615 5031 830 5093 poterat
887 5030 1079 5076 auctor
1131 5017 1367 5090 coniugii
1413 5033 1528 5073 rem
1587 5017 1872 5072 adversam

267 5117 485 5188 nuptiis
527 5116 818 5185 imperare,
859 5129 927 5170 ne
966 5113 1166 5168 factum
1202 5126 1359 5167 suum
1390 5109 1680 5181 pristinum
1710 5123 1872 5163 accu-

266 5217 446 5266 saret.
481 5206 775 5262 Consilium
815 5216 990 5274 autem
1019 5205 1108 5272 do,
1140 5220 1245 5260 non
1274 5203 1417 5274 quod
1449 5201 1751 5271 displiceat,
1787 5213 1874 5254 ne-

268 5316 382 5372 que
411 5302 557 5370 quod
584 5299 893 5355 adulatione
917 5299 1116 5355 factum
1143 5299 1236 5366 sit,
1266 5299 1392 5368 quia
1423 5298 1490 5350 ad
1520 5297 1623 5352 hoc
1642 5294 1873 5365 gratiam

271 5404 607 5452 consecutus
633 5404 736 5462 est,
769 5403 827 5450 ut
851 5394 1079 5450 idoneus
1117 5392 1189 5448 sit
1218 5392 1273 5448 in
1299 5391 1494 5446 dandis
1519 5387 1764 5444 consiliis
1791 5403 1876 5443 sa-

270 5489 575 5544 lutaribus.

350 5588 618 5644 Existimo
648 5603 768 5658 ergo
799 5587 895 5642 hoc
923 5585 1115 5639 bonum
1165 5599 1274 5637 esse
1317 5591 1528 5653 propter
1567 5590 1876 5652 prtesentem

273 5682 678 5744 necessitatem;
705 5679 830 5750 quia
847 5679 1100 5749 Optimum
1132 5682 1207 5729 est
1243 5673 1446 5728 homini
1483 5673 1558 5727 sic
1595 5688 1725 5726 esse.
1769 5671 1876 5727 Bo-

278 5789 411 5828 num
447 5773 582 5842 dicit
615 5786 754 5838 esse,
801 5769 1061 5841 virginem
1090 5779 1432 5840 permanere.
1462 5772 1517 5822 et
1544 5766 1620 5820 uti
1647 5765 1750 5819 hoc
1784 5764 1879 5819 ab-

1961 1934 2220 1990 superare
2245 1936 2352 1978 non
2381 1921 2563 1980 brevis
2583 1921 2753 1991 gloria
2781 1932 2885 1977 est.
2919 1920 3136 1977 Vinctus
3167 1939 3223 1978 es
3255 1922 3452 1977 uxori!
3478 1937 3543 1977 ne

1959 2011 2225 2082 qutesieris
2247 2009 2578 2065 solutionem.
2605 2011 2730 2067 Haec
2749 2012 3111 2068 remediorum
3131 2012 3357 2071 consilia
3383 2021 3543 2069 sunt.

1960 2102 2095 2159 dicit
2136 2103 2280 2158 enim
2305 2117 2419 2160 non
2443 2103 2640 2158 debere
2667 2118 2994 2174 quemquam
3021 2103 3229 2160 absolvi
3260 2104 3327 2159 ab
3352 2118 3543 2170 uxore,

1962 2191 2067 2247 nisi
2097 2207 2261 2247 causa
2288 2189 2693 2258 fornicationis;
2721 2190 3036 2263 frequenter
3052 2193 3197 2250 enim
3219 2207 3346 2248 suas
3362 2193 3544 2250 dimit-

1962 2291 2138 2339 tentes
2163 2284 2264 2340 sub
2293 2283 2529 2354 tegmine
2568 2283 2936 2350 contincntize,
2979 2285 3116 2341 alias
3149 2284 3424 2355 decipiunt
3454 2298 3544 2339 re-

1961 2373 2284 2445 frigescente
2319 2374 2618 2444 preposito,
2651 2375 2746 2430 sed
2774 2375 2822 2430 si
2851 2375 3042 2432 melius
3072 2376 3186 2431 vult
3209 2375 3394 2432 vivere
3421 2389 3547 2430 eum

1962 2481 2132 2521 uxore
2156 2481 2254 2521 sua
2299 2466 2530 2537 positus,
2561 2466 2882 2523 exhortetur
2907 2466 3076 2533 illam,
3125 2476 3190 2522 ut
3229 2466 3346 2523 sine
3387 2483 3549 2524 scan-

1963 2555 2085 2612 dalo
2113 2555 2264 2628 prius
2311 2555 2476 2610 vivat.
2505 2554 2724 2610 Solutus
2751 2572 2806 2610 es
2837 2556 2902 2610 ab
2936 2557 3140 2610 uxore?
3167 2572 3232 2610 ne
3275 2557 3546 2628 quazsieris

1961 2662 2199 2701 uxorem.
2248 2645 2320 2702 Ut
2357 2646 2534 2700 sciens
2573 2645 2676 2700 hoc
2719 2646 2890 2716 magis
2931 2645 3044 2701 Deo
3087 2652 3390 2716 acceptum,
3436 2653 3490 2700 et
3517 2660 3550 2699 a

1963 2739 2288 2794 necessitate
2325 2737 2554 2793 liberum
2584 2751 2691 2794 non
2716 2743 2926 2806 quaarat
2953 2750 3178 2792 uxorem
3201 2723 3331 2802 ;'ita
3366 2743 3551 2792 tamen

1964 2838 2076 2885 uta
2104 2829 2315 2884 caeteris
2357 2837 2660 2901 temperet;
2689 2829 2736 2884 si
2772 2843 2882 2899 quo
2919 2830 3119 2896 minus,
3145 2830 3278 2900 quid
3323 2829 3546 2898 prodest

1964 2921 2296 2978 desiderium
2345 2921 2526 2976 carnis
2559 2935 2833 2991 premere,
2881 2921 2986 2976 hoc
3029 2929 3130 2984 est,
3182 2934 3299 2975 rem
3341 2919 3547 2974 licitam

1965 3032 2226 3089 spernere
2253 3025 2310 3071 et
2353 3015 2559 3070 illicitis
2599 3014 2920 3084 subjacere?
2964 3013 3027 3069 Si
3067 3022 3241 3068 autem
3291 3011 3550 3082 acceperis

1965 3125 2204 3174 uxorem,
2228 3123 2332 3162 non
2353 3107 2601 3178 peccasti.
2639 3105 2756 3160 Non
2791 3107 2978 3176 utique
3007 3114 3219 3176 peccat,
3254 3105 3381 3174 quia
3409 3103 3554 3174 quod

1968 3215 2288 3258 concessum
2310 3207 2395 3254 est
2423 3197 2574 3263 facit,
2617 3199 2662 3253 si
2699 3212 2828 3254 vero
2858 3197 3268 3268 contempserit,
3293 3195 3552 3250 meritum

1966 3292 2070 3348 sibi
2117 3291 2346 3348 collocat
2397 3300 2454 3345 et
2499 3305 2754 3345 coronam
2793 3307 2807 3344 :
2847 3304 3055 3360 magnae
3093 3288 3238 3344 enim
3285 3286 3560 3358 patientia:

1966 3395 2070 3450 est,
2113 3385 2217 3441 hoc
2261 3399 2368 3439 non
2415 3383 2752 3454 contingere,
2775 3382 2917 3452 quod
2947 3381 3278 3452 prohibitum
3311 3395 3418 3436 non
3446 3387 3550 3435 est.

1967 3476 2106 3530 Etsi
2147 3476 2379 3546 nupserit
2411 3475 2574 3545 virgo,
2604 3491 2708 3528 non
2735 3473 2986 3545 peccabit.
3016 3471 3153 3540 Quia
3199 3472 3340 3542 apud
3383 3471 3555 3526 Deum

1968 3585 2034 3626 ex
2066 3570 2168 3625 hac
2201 3584 2364 3624 causa
2404 3568 2572 3623 libera
2600 3577 2703 3622 est.
2737 3566 3124 3621 Tribulationes
3163 3574 3338 3619 tamen
3382 3563 3558 3618 carnis

1967 3657 2254 3714 habebunt'
2273 3659 2599 3729 hujusmodi.
2637 3658 2752 3713 Hoc
2783 3666 2886 3724 est,
2922 3657 3024 3713 etsi
3059 3665 3243 3726 aperte
3274 3669 3305 3709 a
3333 3663 3556 3725 peccato

1970 3754 2125 3810 liberi
2169 3761 2316 3815 sunt,
2365 3753 2419 3807 in
2460 3753 2565 3806 hac
2612 3759 2791 3806 tamen
2820 3750 2930 3804 vita
2963 3749 3336 3805 tribulationes
3383 3747 3554 3802 habe-

1970 3844 2128 3908 bunt,
2167 3841 2399 3913 gemitus
2432 3841 2662 3906 ventris,
2704 3839 3033 3895 nutrimenta
3060 3838 3316 3903 ﬁliorum,
3359 3841 3556 3902 victus,

1974 3943 2302 4004 tegumenta,
2341 3933 2516 3996 dotes,
2551 3931 2832 4002 aegritudo,
2865 3937 3156 4000 apparatus
3181 3930 3393 3989 domus,
3426 3943 3561 3982 uxo-

1974 4026 2052 4080 ris
2079 4025 2394 4086 necessitas,
2439 4022 2621 4076 mariti
2661 4021 2980 4076 dominatio.
3023 4017 3228 4089 ((n'reg.)
3253 4017 3360 4072 Sed
3383 4017 3550 4071 tribu-

1975 4117 2231 4171 lationem
2269 4114 2451 4170 carnis
2493 4114 2582 4168 hic
2615 4113 2726 4184 pati
2767 4121 2994 4183 possunt
3025 4113 3190 4166 etiam
3221 4111 3314 4180 qui
3340 4108 3560 4179 spiritao

1975 4207 2099 4262 liter
2126 4207 2342 4270 vivunt;
2367 4221 2464 4261 cur
2486 4219 2614 4276 ergo
2641 4206 2819 4259 inesse
2842 4197 3162 4274 coniugibus
3186 4201 3367 4256 carnis
3395 4199 3563 4253 tribu-

1977 4296 2108 4352 latio
2129 4296 2284 4366 quasi
2315 4295 2622 4365 specialiter
2650 4294 2870 4359 dicitur,
2899 4309 3020 4364 quae
3049 4293 3270 4349 etiama
3300 4292 3410 4346 vita
3445 4290 3559 4360 spi-

1979 4387 2217 4442 ritalium
2245 4387 2402 4459 longe
2429 4402 2534 4443 non
2561 4395 2664 4452 est,
2694 4385 2798 4441 nisi
2831 4385 2975 4456 quod
3004 4385 3059 4440 hi
3090 4383 3404 4454 frequenter
3447 4396 3561 4436 ina-

1974 4481 2124 4553 jores
2162 4479 2544 4536 tribulationes
2570 4493 2640 4532 ex
2667 4490 2833 4532 carne
2879 4475 3203 4546 suscipiunt,
3249 4474 3343 4543 qui
3381 4472 3564 4528 carnis

1979 4573 2346 4645 voluptatibus
2387 4571 2744 4628 delectantur.
2783 4571 2930 4625 Bene
2969 4577 3148 4624 autem
3174 4582 3272 4637 per
3307 4565 3408 4621 Job
3431 4565 3564 4620 dici-

1977 4671 2102 4719 tur:
2134 4663 2204 4718 Et
2227 4663 2406 4718 anima
2431 4663 2548 4733 ejus
2567 4679 2723 4732 super
2745 4662 3018 4731 semetipso
3045 4659 3239 4730 lugebit
3263 4656 3406 4727 (Job.
3429 4657 3562 4728 xw),

1976 4756 2103 4826 quia
2130 4754 2377 4826 quisquis
2405 4755 2460 4809 in
2489 4771 2549 4810 se
2577 4753 2818 4825 gaudere
2852 4751 3076 4822 appetit,
3115 4765 3182 4805 eo
3219 4750 3336 4820 ipso
3362 4747 3476 4816 jam
3509 4748 3565 4801 in

1975 4847 2122 4904 luctu
2170 4855 2273 4911 est,
2312 4861 2419 4916 quo
2446 4860 2476 4899 a
2505 4859 2630 4900 vera
2668 4844 2852 4898 laetitia
2901 4842 3169 4906 recessit;
3202 4856 3329 4896 vera
3364 4839 3564 4910 quippe

1973 4939 2164 4994 lmtitia
2203 4938 2403 4995 mentis
2431 4946 2650 4993 creator-
2683 4947 2784 4992 est.
2816 4936 3049 5007 Dignum
3081 4935 3265 5004 itaque
3291 4945 3394 4998 est,
3425 4941 3485 4987 ut
3505 4947 3565 4988 se

1975 5047 2191 5102 semper
2240 5031 2404 5086 homo
2449 5031 2504 5086 in
2555 5043 2791 5084 maerore
2843 5028 3114 5092 inveniat,
3163 5028 3255 5098 qui
3308 5026 3568 5082 derelicto

1977 5131 2224 5180 creatore
2253 5122 2307 5176 in
2337 5119 2686 5190 se'gaudium
2724 5119 3021 5188 quaerebat.
3055 5115 3168 5187 Ego
3210 5125 3384 5169 autem
3424 5116 3568 5169 vobis

1976 5233 2156 5289 parco.
2189 5215 2396 5289 (Amb.)
2422 5213 2602 5268 Parcit
2622 5214 2838 5282 quando
2863 5211 2928 5266 ad
2951 5212 3067 5266 ιιωο
3088 5209 3260 5280 magis
3284 5214 3566 5279 provocat,

1977 5323 2099 5378 qum
2131 5305 2508 5361 tribulationes
2545 5304 2728 5358 carnis
2763 5311 2819 5357 et
2868 5300 3261 5358 sollicitudines
3295 5311 3565 5353 memora-

1983 5407 2064 5453 tas
2107 5395 2402 5450 excludunt
2429 5408 2443 5447 :
2471 5400 2670 5463 potest
2702 5392 2782 5448 sic
2819 5391 2991 5446 videri
3030 5403 3260 5462 parcere
3283 5403 3406 5444 cum
3443 5402 3569 5457 per-

1897 5477 1906 5484 ’
1981 5485 2168 5550 mittit,
2193 5491 2248 5538 et
2280 5499 2384 5538 non
2414 5482 2740 5538 contradicit
2766 5480 3092 5544 volentibus,
3113 5479 3256 5550 quod
3278 5488 3566 5533 onerosum

1981 5577 2218 5634 ostendit
2244 5594 2257 5630 :
2295 5574 2410 5629 Hoc
2437 5576 2615 5645 itaque
2641 5573 2779 5638 dico,
2811 5572 3020 5642 fratres,
3055 5581 3254 5640 tempus
3282 5567 3565 5622 breviatum

1982 5681 2078 5727 est.
2127 5668 2402 5740 Reliquum
2441 5677 2537 5722 est.
2589 5666 2900 5720 Breviatum
2952 5671 3164 5732 tempus
3211 5669 3266 5716 et
3301 5659 3568 5724 reliquum

1981 5761 2190 5831 dicens,
2221 5760 2382 5816 ﬁnem
2414 5758 2917 5816 mundoimminerc
2947 5754 3294 5826 signiﬁcant;
3321 5746 3572 5819 quamvis
