4082 6332
491 373 558 430 ἠ
1131 365 1193 421 Β.
1236 363 1490 422 MBAN!
1527 358 1749 419 MAURI
1780 354 2102 414 ARCHIEP.
2140 343 2781 414 MOGUNTTOPER-UM
2818 346 3000 408 PARS
3035 345 3128 404 Ill.
3701 328 3774 395 72

489 483 660 542 sciret
683 481 864 539 adhuc
892 487 1137 551 tempora
1172 491 1482 547 superesse,
1511 474 1606 530 sed
1639 471 1798 527 aliter
1837 468 2078 526 scribere
2104 476 2160 537 Α
2181 467 2424 522 animum
2450 463 2719 530 attollere,
2740 467 2801 516 ut
2821 468 3002 551 tamen
3025 467 3298 551 nunquam
3320 451 3772 551 desinatﬁsumma

488 591 600 632 non
627 573 812 630 debuit
837 581 1058 643 propter
1099 569 1220 635 bos,
1256 568 1350 637 qui
1381 565 1575 622 lecturi
1621 563 1739 619 hac
1779 571 1906 618 sunt
1950 569 2080 615 tunc

492 682 616 723 cum
636 665 896 737 perbreve
915 659 1183 731 supererit
1201 666 1434 728 tempus,
1452 670 1520 712 ne
1542 652 1900 724 semper‘dum
1924 650 2082 721 longe

494 771 616 812 esse
657 762 943 827 putaretur
981 751 1098 806 dies
1135 746 1348 818 iudicii,
1377 753 1471 804 aut
1507 759 1616 801 non
1645 745 1948 807 timeretur,
1988 747 2082 795 aut

496 849 690 904 falsum
717 861 838 901 esse
864 843 1246 899 aestimaretur.
1294 837 1429 893 Illud
1445 845 1651 892 tantem
1691 833 1835 905 quod
1883 832 2082 888 dicitur

496 956 620 996 cum
663 939 840 994 adhuc
884 936 1042 1006 longe
1081 933 1177 998 sit,
1227 930 1512 986 imminere
1556 927 1786 984 multum
1823 924 2077 997 proﬁcit;

499 1039 762 1086 terrorem
803 1027 947 1082 enim
993 1023 1185 1078 incutit
1214 1021 1281 1076 ad
1309 1019 1586 1076 meliorem
1617 1018 1785 1072 vitam
1817 1015 2080 1085 agendam

497 1119 821 1174 hominibus.
862 1115 1102 1184 Denique
1137 1113 1228 1167 hic
1264 1112 1318 1166 in
1363 1109 1616 1180 prtesentl
1656 1122 1818 1178 quam
1866 1105 2080 1160 solliciti

500 1217 624 1264 sunt
669 1206 746 1272 hi,
789 1206 878 1276 qui
922 1203 1062 1273 apud
1101 1200 1312 1270 judices
1355 1199 1559 1253 habent
1591 1207 1710 1268 quae
1737 1204 1921 1266 agant,
1957 1208 2082 1248 cum

505 1306 749 1353 actorum
773 1295 890 1350 dies
915 1294 1116 1349 dicitur
1143 1288 1464 1346 imminere?
1486 1287 1601 1342 Huc
1623 1293 1780 1342 sonat
1802 1284 1910 1349 hic,
1937 1281 2081 1353 quod

501 1390 604 1444 alio
618 1390 671 1442 in
687 1387 805 1442 loco
821 1387 978 1441 dicit:
1001 1383 1067 1438 Ut
1080 1383 1394 1445 seductores,
1415 1380 1505 1434 sed
1520 1388 1724 1434 verades
1737 1375 1824 1448 (ΙΙ
1839 1375 1962 1430 Cor.
1979 1373 2079 1446 νε).

579 1479 650 1534 Ut
673 1488 719 1533 et
746 1478 838 1549 qui
878 1476 1064 1531 habent
1113 1484 1325 1540 uxores,
1360 1474 1435 1526 ita
1465 1473 1569 1526 sint
1601 1485 1666 1524 ac
1694 1473 1741 1524 si
1764 1485 1868 1522 non
1890 1466 2085 1521 haben-

503 1578 601 1624 tes.
630 1566 767 1635 Quia
793 1566 940 1622 enim
981 1563 1166 1619 mundi
1208 1562 1333 1617 ﬂuis
1360 1561 1412 1615 in
1443 1560 1692 1640 proximo
1719 1565 1822 1624 est,
1854 1572 1962 1612 non
1992 1555 2085 1610 de-

512 1675 632 1715 sere
659 1659 725 1714 ad
755 1655 1125 1728 generandum
1155 1667 1277 1710 esse
1305 1651 1590 1717 sollicitos,
1631 1663 1808 1718 neque
1832 1647 1902 1702 ad
1926 1660 2085 1702 usum

505 1749 682 1818 ipsum
702 1747 932 1810 deditos,
965 1753 1026 1799 ut
1049 1741 1430 1814 propensiores
1459 1747 1514 1796 et
1537 1739 1843 1809 vigilantes,
1874 1737 1928 1792 in
1953 1736 2089 1792 divi-

2179 555 2495 621 l'ormid-are,
2535 553 2628 609 ubi
2672 558 2798 622 apte
2840 547 3004 620 paulo
3048 552 3172 617 post
3216 541 3454 599 subdidit
3483 558 3496 595 :
3521 541 3770 599 Prwterit

2179 648 2318 704 enim
2343 647 2520 718 ﬁgura
2537 644 2699 715 hujus
2725 640 2933 705 mundi,
2953 652 3019 693 ac
3047 635 3094 692 si
3123 645 3309 706 aperte
3337 633 3566 698 diceret,
3591 631 3772 690 Nolite

2180 747 2495 796 constanter
2539 736 2800 792 mundum
2845 725 3361 802 diligere,‘quando
3400 733 3457 779 et
3501 722 3614 794 ipse
3656 739 3770 780 non

2179 840 2359 903 potest
2389 839 2534 886 stare
2573 842 2734 898 quem
2765 821 3010 894 diligitis,
3041 819 3315 875 incassum
3347 831 3443 872 cor
3463 815 3618 885 quasi
3645 831 3770 870 ma-

2179 923 2331 978 nenti
2387 919 2570 992 ﬁgitis,
2621 919 2746 973 dum
2795 914 2931 984 fugit
2968 909 3087 983 ipse
3124 923 3287 981 quem
3324 908 3538 963 amatis.
3571 907 3642 961 Et
3679 908 3772 979 qui

2179 1013 2304 1082 flent
2333 1019 2584 1079 tanquam
2619 1021 2724 1060 non
2753 1005 2956 1074 ﬂentes.
2985 996 3225 1072 (Ambr.)
3256 995 3506 1053 Scientes
3534 996 3678 1053 enim
3710 997 3770 1052 in

2179 1101 2432 1172 proximo
2477 1098 2642 1163 ﬁnem
2691 1092 2876 1149 mundi
2927 1105 3054 1146 mox
3101 1087 3528 1144 consolationem
3579 1101 3770 1142 eorum

2180 1190 2439 1255 futuram,
2476 1188 2570 1259 qui
2593 1201 2693 1257 pro
2719 1183 2814 1238 Dei
2835 1181 3046 1252 iustitia
3086 1179 3228 1234 forte
3275 1184 3616 1248 premuntur,
3667 1175 3774 1230 hac

2182 1296 2278 1354 spe
2308 1281 2451 1336 inter
2488 1293 2582 1334 eos
2627 1275 2978 1334 consolentur
3020 1289 3102 1340 se,
3151 1272 3222 1327 Et
3260 1275 3351 1344 qui
3383 1272 3613 1343 gaudent
3646 1280 3772 1325 tan-

2179 1385 2339 1442 quam
2375 1385 2480 1423 non
2499 1367 2804 1438 gaudentes.
2835 1366 2895 1421 In
2930 1363 3190 1435 praesenti
3225 1363 3370 1417 enim
3405 1362 3498 1432 q‘ui
3536 1362 3776 1434 gaudent

2183 1463 2358 1518 sciant
2409 1475 2534 1515 mox
2587 1459 2795 1514 luctum
2847 1464 3137 1514 venturum
3169 1496 3186 1523 ,
3238 1455 3319 1510 eis
3382 1453 3635 1510 videlicet
3679 1454 3774 1524 qui

2183 1551 2385 1607 mundo
2417 1551 2676 1622 gaudent,
2709 1547 3048 1619 ambigentes
3093 1546 3162 1602 de
3207 1546 3302 1600 Dei
3328 1545 3552 1615 judicio.
3586 1543 3655 1598 Et
3683 1544 3776 1616 qui

2184 1651 2361 1698 emunt
2391 1651 2642 1712 tanquam
2673 1657 2779 1694 non
2805 1639 3150 1711 possidentes.-
3179 1637 3476 1694 Credentes
3499 1635 3644 1692 enim
3680 1635 3779 1708 qui

2186 1740 2374 1788 emunt
2397 1745 2627 1801 parvum
2655 1738 2868 1800 tempus
2894 1743 3177 1800 superesse
3211 1729 3432 1795 mundo,
3473 1728 3552 1783 sic
3585 1736 3776 1800 agunt,

505 1841 590 1895 uis
615 1838 869 1910 operibus
897 1835 1180 1892 exercitati
1206 1833 1354 1890 circa
1381 1847 1568 1888 curam
1589 1829 1724 1902 legis
1765 1827 2083 1884 imminente
2110 1827 2158 1887 Β
2185 1830 2247 1877 ut
2270 1836 2377 1877 non
2413 1835 2630 1876 omnem
2655 1834 2843 1876 curam
2871 1819 2925 1874 in
2951 1834 3013 1875 re
3037 1819 3147 1875 cito
3172 1818 3412 1890 peritura
3439 1818 3777 1888 impendant,

501 1931 686 2002 praelio
716 1936 1032 2001 repugnent.
1056 1926 1330 1982 PrcsSurae
1349 1924 1502 1980 enim
1528 1929 1706 1988 erunt,
1735 1920 1923 1992 quales
1949 1933 2087 1974 nun-

501 2039 662 2093 quam
693 2021 926 2086 fuerunt,
957 2029 1012 2076 et
1036 2019 1190 2074 multi
1226 2019 1404 2074 casuri
1444 2024 1571 2072 sunt
1597 2016 1655 2072 in
1689 2007 1944 2087 laqueum
1971 2014 2088 2070 dia-

501 2113 630 2169 boli.
662 2113 904 2182 Denique
934 2111 1113 2166 nullus
1147 2119 1389 2165 nostrum
1415 2109 1530 2164 vult
1559 2117 1802 2180 tempore
1841 2119 1942 2163 suo
1971 2107 2090 2162 base

499 2203 819 2273 provenire,
865 2203 1062 2258 timens
1095 2202 1415 2271 praedicatus
1437 2217 1466 2255 a
1489 2199 1760 2256 salvatore
1785 2213 2088 2270 pressuras.

498 2293 624 2349 Ideo
665 2293 806 2349 sicut
858 2293 1012 2348 nobis
1047 2301 1311 2362 Optamus,
1343 2291 1688 2346 consulamus
1713 2297 1770 2345 et
1799 2289 1941 2355 aliis,
1966 2297 2026 2344 ut
2058 2303 2090 2344 a

503 2382 850 2452 generatione
873 2397 972 2436 nos
999 2381 1230 2436 ﬁliorum
1254 2380 1546 2435 multorum
1560 2379 1951 2444 abstineamus,
1971 2379 2092 2450 plus

501 2471 740 2526 orationi
763 2479 819 2526 et
847 2470 942 2525 Dei
982 2470 1232 2525 servituti
1279 2468 1528 2538 subjecti,
1560 2469 1919 2540 praevidentes
1948 2468 2093 2524 diem

497 2559 714 2632 judicii,
761 2573 829 2614 ne
893 2566 964 2613 et'
1019 2573 1119 2614 nos
1161 2557 1330 2613 simus
1376 2557 1649 2628 imparati,
1723 2571 1820 2626 per
1867 2559 2095 2629 impedi-

503 2659 687 2707 menta
727 2649 1065 2706 necessitatis
1090 2647 1390 2718 praesentis,
1423 2657 1478 2702 et
1507 2647 1582 2702 illi
1624 2647 1908 2703 incurrant
1951 2649 2095 2718 quod

503 2757 604 2796 nos
633 2725 901 2795 timemus.
946 2740 993 2793 A
1031 2739 1195 2794 licitis
1237 2753 1367 2808 ergo
1403 2738 1568 2793 etiam
1621 2745 1926 2807 temperare
1977 2737 2094 2792 vult

504 2833 711 2898 ﬁdeles,
740 2840 803 2886 ut
830 2847 937 2887 non
963 2830 1136 2886 solum
1169 2831 1505 2894 innocentes,
1546 2829 1641 2883 sed
1676 2836 1731 2884 et
1758 2827 1981 2899 gloriosi
2009 2828 2093 2882 vi-

506 2926 756 2990 deantur,
787 2939 1048 2980 concessa
1098 2924 1240 2978 enim
1283 2922 1563 2993 praeterire
1600 2921 1818 2976 virtutis
1855 2929 1940 2976 est
1987 2936 2097 2976 mae

507 3014 690 3078 ximae,
705 3020 760 3068 et
771 3013 1043 3083 prohibita
1059 3028 1168 3068 non
1181 3013 1424 3068 desidera
1433 3027 1490 3066 re
1502 3027 1608 3066 non
1621 3011 1778 3082 longe
1788 3020 1890 3066 est.
1910 3010 2094 3082 (Aug.)

506 3105 756 3162 Beatiora
784 3121 915 3162 sane
939 3104 1184 3176 conjugia
1206 3104 1498 3174 jndicanda
1523 3111 1670 3170 sunt,
1695 3118 1816 3172 quae
1838 3103 1950 3159 sive
1973 3103 2097 3158 ﬁliis

2189 1913 2362 1984 magis
2387 1919 2567 1967 autem
2596 1926 2782 1966 curam
2818 1910 3012 1965 animae
3047 1923 3158 1965 suae
3187 1918 3378 1981 gerant
3405 1923 3568 1979 quam
3597 1908 3783 1964 sciunt

2188 2013 2471 2062 aeternam.
2521 2003 2592 2059 Et
2627 2005 2720 2076 qui
2758 2011 2982 2058 utuntur
3007 2003 3106 2058 hoc
3133 2002 3347 2067 swculo,
3381 2012 3631 2072 tanquam
3673 2017 3783 2057 non

2189 2105 2428 2150 utantur.
2480 2092 2692 2167 (Greg.)
2735 2094 2791 2149 ld
2831 2101 2936 2160 est,
2989 2101 3046 2148 ut
3087 2107 3193 2148 non
3232 2099 3563 2164 praesumant
3589 2091 3656 2148 de
3675 2107 3783 2147 usu

2191 2187 2318 2254 hoc,
2354 2185 2448 2257 qui
2472 2186 2582 2241 cito
2607 2185 2805 2257 peribit
2837 2192 3124 2240 corruente
3150 2183 3386 2250 mundo;
3412 2183 3542 2239 emit
3575 2190 3778 2247 autem,

2195 2276 2291 2333 sed
2336 2277 2493 2348 quasi
2533 2291 2642 2334 non
2684 2274 2987 2348 possidens,
3031 2274 3124 2345 qui
3158 2281 3216 2330 et
3260 2275 3328 2329 ad
3368 2289 3526 2328 usum
3564 2280 3784 2328 terrena

2193 2376 2482 2440 praeparat,
2507 2378 2563 2424 et
2587 2377 2768 2424 tamen
2791 2374 2949 2422 cauta
2973 2364 3303 2436 cogitatione
3333 2363 3590 2436 praevidet
3637 2362 3785 2434 quod

2194 2463 2310 2516 haec
2329 2461 2491 2516 citius
2516 2460 2824 2530 relinquat;
2851 2459 3054 2514 mundo
3075 2473 3290 2528 quoque
3313 2457 3484 2511 utitur
3509 2455 3604 2511 sed
3626 2454 3785 2525 quasi

2194 2569 2304 2609 non
2321 2563 2528 2620 utatur,
2550 2555 2718 2626 quiet
2743 2555 3050 2611 necessaria
3073 2563 3265 2610 cuneta
3291 2552 3532 2609 exterius
3558 2553 3627 2608 ad
3654 2552 3786 2607 vitae

2195 2653 2306 2701 suae
2346 2645 2709 2702 ministerium
2746 2643 2962 2718 redigit,
3005 2652 3060 2701 et
3099 2652 3280 2700 tamen
3312 2644 3428 2699 haec
3459 2642 3646 2698 eadem
3672 2657 3786 2697 non

2196 2737 2328 2792 sinit
2349 2735 2517 2791 menti
2549 2751 2661 2792 sua:
2689 2736 2976 2800 dominari,
3007 2743 3067 2790 ut
3091 2734 3331 2804 subjecta
3364 2734 3495 2790 foris
3519 2733 3782 2800 serviant,

2196 2841 2255 2885 et
2290 2843 2569 2898 nunquam
2615 2827 2974 2884 intentionem
3014 2826 3180 2882 animi
3227 2826 3296 2882 ad
3349 2825 3460 2880 alta
3507 2824 3786 2881 tendentis

2198 2918 2468 2988 frangant.
2517 2917 2836 2987 Quicunque
2888 2918 3054 2989 igitur
3095 2917 3232 2972 tales
3273 2925 3399 2971 sunt
3431 2915 3511 2971 eis
3539 2913 3788 2986 profecto

2199 3017 2416 3063 terrena
2441 3007 2646 3073 omnia,
2670 3021 2776 3061 non
2803 3006 2872 3061 ad
2897 3005 3217 3060 desiderium
3243 3006 3340 3061 sed
3364 3005 3433 3060 ad
3454 3019 3608 3060 usum
3635 3012 3784 3060 sunt.

2199 3099 2301 3167 Qui
2330 3099 2493 3154 rebus
2516 3097 2732 3168 quidem
2767 3097 3092 3154 necessariis
3118 3105 3362 3162 utantur,
3391 3097 3486 3153 sed
3519 3094 3654 3151 nihil
3683 3095 3786 3150 ba-

505 3198 826 3268 procreatis,
877 3199 992 3253 sive
1017 3198 1181 3251 etiam
1213 3197 1314 3251 ista
1348 3206 1562 3251 terrena
1588 3196 1739 3267 prole
1762 3204 2092 3266 contempta,
2123 3178 2168 3242 C
2200 3192 2328 3248 bere
2368 3206 2492 3247 cum
2523 3199 2751 3262 peccato
2797 3190 3038 3260 cupiunt.
3075 3190 3152 3244 De
3189 3188 3319 3259 ipsis
3361 3203 3576 3259 quoque
3623 3187 3789 3243 rebus

505 3288 892 3344 continentiam
935 3287 1076 3342 inter
1104 3302 1163 3342 se
1189 3287 1307 3357 pari
1341 3301 1609 3342 consensu
1653 3301 1873 3342 servare
1905 3294 2098 3356 potue-

509 3383 654 3449 rint;
690 3383 812 3453 quia
845 3398 1021 3452 neque
1053 3392 1238 3437 contra
1283 3381 1412 3437 illud
1453 3390 1782 3452 praeceptum
1822 3381 1912 3446 sit,
1951 3380 2097 3450 quod

507 3473 770 3528 Dominus
789 3472 988 3527 dimitti
1015 3471 1298 3542 coniugem
1329 3481 1474 3529 vetat
1500 3491 1512 3526 :
1539 3489 1650 3528 non
1677 3473 1822 3528 enim
1849 3472 2095 3538 dimittit,

507 3563 748 3631 quicum
777 3577 841 3617 ea
869 3577 977 3616 non
1020 3562 1316 3618 carnaliter
1355 3562 1450 3618 sed
1498 3562 1817 3632 spiritaliter
1849 3563 2004 3626 vivit,
2043 3571 2098 3618 et

511 3651 644 3710 illud
689 3661 957 3717 servatur,
1005 3653 1147 3722 quod
1189 3669 1286 3723 per
1327 3653 1643 3722 Apostolum
1687 3653 1926 3708 dicitur:
1957 3652 2098 3708 Reli-

514 3761 676 3815 quum
717 3753 792 3797 est
828 3753 883 3797 ut
909 3745 997 3814 qui
1021 3745 1206 3798 habent
1238 3759 1427 3798 uxores
1447 3753 1696 3815 tanquam
1722 3761 1824 3797 non
1852 3743 2097 3796 habentes

511 3821 635 3891 sint.
668 3833 872 3906 (Greg.)
901 3836 1090 3905 Itaque
1113 3834 1540 3891 Christianorum
1571 3835 1784 3890 animus
1810 3832 2098 3904 eonjugum

511 3932 569 3980 et
599 3924 848 3980 inﬁrmus
877 3932 934 3980 et
959 3925 1156 3990 ﬁdelis,
1187 3926 1310 3996 quia
1341 3934 1396 3980 et
1421 3925 1580 3996 plene
1606 3934 1801 3982 cuncta
1829 3934 2099 3995 tempora-

511 4015 583 4071 lia
604 4017 880 4092 despicere
909 4032 1016 4072 non
1045 4016 1208 4079 valet,
1240 4025 1296 4072 et
1321 4025 1501 4071 tamen
1531 4016 1749 4072 aeternis
1781 4030 1840 4071 se
1875 4015 2100 4085 conjun-

517 4121 645 4179 gere
687 4123 785 4178 per
833 4107 1160 4164 desiderium
1209 4109 1372 4174 valet,
1417 4109 1666 4178 quamvis
1709 4107 1762 4162 in
1813 4107 2100 4164 dilectione

513 4198 697 4253 carnis
727 4197 1125 4266 interimjacet,
1149 4213 1396 4268 supernae
1419 4200 1532 4270 Spei
1573 4199 1866 4254 refectione
1899 4213 2099 4254 conva-

514 4289 692 4358 lescit,
730 4299 786 4345 et
827 4292 874 4345 si
917 4292 1080 4347 habet
1107 4307 1227 4360 quae
1267 4292 1451 4346 mundi
1482 4301 1607 4347 sunt
1645 4292 1700 4354 in
1731 4307 1832 4346 usu
1861 4292 2097 4357 itineris,

513 4389 700 4452 sperat
747 4396 867 4450 qum
917 4381 1012 4436 Dei
1056 4389 1182 4437 sunt
1230 4383 1283 4436 in
1334 4382 1514 4438 fructu
1556 4384 1941 4453 perventionis,
1997 4397 2100 4438 nec

515 4479 686 4525 totum
719 4485 778 4524 se
806 4470 874 4525 ad
901 4469 1025 4536 hoc,
1059 4471 1204 4540 quod
1230 4472 1340 4542 agit
1365 4471 1628 4536 conferat,
1662 4489 1730 4527 ne
1757 4474 1826 4527 ab
1854 4487 1920 4528 eo
1953 4473 2096 4542 quod

515 4561 738 4616 robuste
783 4575 1001 4630 sperare
1026 4561 1233 4626 debuit,
1271 4541 1512 4618 l'unditus
1542 4563 1720 4618 cadat.
1775 4563 1926 4630 Quod
1961 4541 2095 4619 bene
2122 4541 2174 4600 D

513 4667 579 4708 ac
607 4652 845 4706 breviter
868 4651 1064 4707 Paulus
1089 4653 1345 4722 exprimit
1367 4653 1550 4708 dicens
1583 4672 1596 4707 :
1631 4653 1734 4720 Qui
1752 4655 1941 4708 habent
1966 4671 2098 4708 uxo-

515 4759 597 4797 res
626 4753 876 4812 tanquam
908 4760 1010 4797 non
1035 4745 1279 4799 habentes
1307 4747 1436 4808 sint,
1471 4755 1520 4800 et
1557 4747 1646 4816 qui
1689 4747 1815 4816 ﬂent
1844 4757 2094 4816 tanquam

515 4845 621 4884 non
661 4831 862 4898 ﬂentes,
894 4839 941 4882 et
976 4831 1066 4900 qui
1093 4831 1322 4901 gaudent
1357 4842 1608 4902 tanquam
1649 4851 1754 4887 non
1787 4834 2093 4904 gaudentes.

519 4919 752 4974 Uxorem
807 4920 1004 4990 quippe
1039 4921 1194 4990 quasi
1234 4922 1481 4978 habendo
1521 4938 1626 4977 non
1666 4923 1852 4986 habet,
1901 4925 1992 4994 qui
2019 4925 2099 4978 sic

515 5023 615 5077 per
669 5008 813 5063 illam
860 5011 1062 5064 carnali
1111 5011 1478 5068 consolatione
1525 5013 1734 5079 utitur,
1793 5023 1853 5067 ut
1909 5023 2092 5068 tamen

516 5117 788 5170 nunquam
817 5103 884 5157 ad
921 5119 1087 5172 prava
1122 5119 1285 5174 opera
1319 5121 1348 5160 a
1379 5106 1618 5162 melioris
1654 5107 1967 5162 intentionis
2005 5122 2093 5162 re-

516 5191 776 5247 ctitudine
817 5192 932 5263 ejus
977 5209 1160 5249 amore
1201 5194 1469 5252 ﬂectatur.
1517 5196 1752 5253 Uxorem
1789 5199 1946 5268 quasi
1989 5215 2098 5255 non

516 5280 764 5338 habendo
794 5282 969 5347 habet,
1013 5285 1106 5354 qui
1149 5287 1463 5342 transitoria
1508 5303 1631 5343 esse
1661 5297 1854 5345 cuncta
1883 5290 2102 5360 conspio

517 5370 665 5427 ciens
689 5388 873 5428 curam
897 5374 1076 5430 carnis
1099 5390 1166 5429 ex
1192 5377 1519 5433 necessitate
1541 5378 1754 5443 tolerat,
1779 5381 1872 5436 sed
1893 5389 2099 5434 aeterna

517 5463 709 5533 gaudia
757 5463 988 5533 Spiritus
1020 5480 1088 5520 ex
1117 5466 1388 5522 desiderio
1425 5479 1722 5538 exspectat,
1773 5486 1880 5526 non
1920 5469 2100 5526 ﬂendo

517 5553 867 5615 autem,ﬂere
905 5567 1008 5624 est,
1041 5557 1120 5612 sic
1165 5559 1436 5614 exteriora
1467 5560 1694 5616 adversa
1724 5562 2000 5634 plangere,
2041 5571 2102 5618 ut

518 5649 697 5699 tamen
737 5647 946 5702 noverit
983 5655 1197 5702 aeterna:
1225 5649 1338 5719 spei
1367 5650 1737 5708 consolatione
1760 5655 2018 5723 gaudere,
2046 5664 2104 5711 et

519 5747 732 5789 rursum
771 5752 877 5794 non
922 5739 1203 5807 gaudendo
1246 5743 1478 5812 gaudere
1529 5755 1630 5812 est,
1684 5746 1762 5804 sic
1793 5748 1860 5805 de
1899 5750 2100 5807 inﬁmis

2200 3284 2399 3340 habitis
2427 3283 2682 3354 ,quotidie
2734 3283 3010 3338 mercedes
3053 3283 3362 3352 acquirunt,
3393 3291 3450 3338 et
3497 3281 3617 3354 plus
3653 3296 3790 3353 gau-

2199 3374 2329 3429 dent
2365 3374 2508 3429 bono
2535 3387 2702 3443 opere
2738 3387 2900 3442 quam
2944 3372 3084 3427 bona
3127 3371 3486 3442 possessione.
3520 3369 3790 3426 Praeteriit

2197 3466 2336 3518 enim
2363 3465 2538 3534 ﬁgura
2581 3464 2741 3531 huius
2787 3463 2968 3517 mundi
3003 3463 3231 3534 (Ambr.)
3271 3462 3406 3529 Quia
3445 3461 3585 3517 finiri
3624 3478 3788 3517 mun-

2199 3557 2326 3612 dum
2373 3557 2511 3612 dixit
2554 3555 2790 3612 ostendit
2831 3555 3057 3625 ﬁguram
3096 3552 3214 3626 ejus
3239 3553 3520 3628 praeterire
3545 3563 3602 3611 et
3641 3553 3789 3609 hunc

2197 3661 2319 3702 esse
2341 3647 2524 3713 ﬁnem,
2571 3645 2626 3704 id
2671 3657 2776 3713 eat,
2799 3660 2912 3702 non
2953 3647 3311 3703 substantiam
3343 3647 3458 3716 ejus
3484 3644 3787 3716 praeterire,

2200 3739 2294 3794 sed
2315 3738 2564 3793 formam.
2584 3738 2766 3811 (Aug.)
2781 3739 2967 3809 Itaque
2991 3738 3038 3794 si
3061 3736 3233 3792 forma
3261 3737 3443 3792 mundi
3461 3737 3677 3807 peribit,
3695 3735 3789 3792 dn—

2199 3831 2347 3886 bium
2373 3831 2559 3901 utique
2581 3845 2686 3886 non
2710 3838 2794 3886 est
2813 3830 2997 3885 omnia
3023 3845 3145 3900 quae
3164 3829 3222 3884 in
3246 3830 3448 3884 mundo
3464 3837 3590 3885 sunt
3619 3829 3789 3884 inter-

2200 3923 2299 3978 ire.
2330 3921 2456 3979 Ideo
2473 3923 2718 3995 praeterit
2736 3922 2863 3992 quia
2884 3921 3124 3992 quotidie
3145 3921 3380 3977 senescit
3400 3923 3651 3984 mundus;
3669 3935 3789 3989 per-

2201 4021 2322 4067 acto
2361 4012 2562 4083 quippe
2592 4011 2797 4081 judicio
2827 4019 2957 4066 tunc
2982 4026 3103 4066 esse
3129 4011 3340 4067 desinet
3374 4011 3478 4066 hoc
3504 4009 3700 4065 cmlum
3732 4019 3791 4064 et

2201 4107 2318 4160 haec
2357 4114 2526 4170 terra,
2560 4105 2775 4174 quando
2821 4104 3040 4174 incipiet
3089 4118 3208 4178 esse
3259 4104 3457 4159 coelum
3500 4119 3696 4158 novum
3732 4088 3790 4158 et

2201 4206 2347 4253 terra
2379 4213 2539 4253 nova.
2570 4197 2865 4252 Mutatione
2888 4186 3121 4268 nainque
3145 4212 3324 4253 rerum
3349 4212 3455 4252 non
3475 4196 3792 4252 omnimodo

2203 4291 2429 4345 interitu
2497 4290 2754 4346 transibit
2805 4291 2895 4345 hic
2946 4291 3196 4346 mundus.
3256 4290 3410 4346 Unde
3460 4297 3516 4344 et
3566 4300 3787 4360 aposto-

2200 4383 2285 4437 lus
2314 4383 2445 4438 dicit
2474 4399 2486 4436 :
2522 4382 2766 4438 Prwterit
2789 4383 2928 4438 enim
2950 4382 3121 4452 ﬁgura
3147 4382 3306 4452 hujus
3326 4383 3532 4448 mundi,
3555 4382 3671 4436 volo
3699 4398 3790 4436 vos

2200 4475 2314 4529 sine
2360 4473 2712 4528 sollicitudine
2751 4489 2880 4528 esse.
2930 4472 3128 4544 Figura
3173 4488 3303 4544 ergo
3353 4473 3624 4542 praeterit,
3679 4488 3790 4527 non

2199 4577 2393 4620 natura
2425 4583 2437 4618 :
2466 4563 2724 4632 judicatis
2749 4565 2947 4635 quippe
2982 4565 3068 4620 bis
3098 4565 3190 4635 qui
3215 4565 3402 4634 scripti
3431 4579 3535 4620 non
3576 4575 3702 4620 sunt
3733 4566 3790 4620 in

2199 4655 2337 4711 libro
2369 4656 2492 4710 vitae
2519 4663 2575 4711 et
2601 4656 2655 4710 in
2689 4666 2950 4711 aeternum
2979 4657 3158 4726 ignem
3200 4656 3412 4721 missis,
3444 4665 3570 4712 tunc
3618 4657 3791 4727 ﬁgura

2199 4751 2359 4820 hujus
2417 4751 2604 4806 mundi
2651 4753 3043 4807 mundanorum
3103 4752 3309 4823 ignium
3367 4753 3792 4824 conﬂagratione

2197 4843 2526 4914 prmteribit,
2556 4843 2697 4898 sicut
2740 4844 2942 4898 factum
2975 4852 3057 4899 est
3085 4845 3484 4900 mundanarum
3525 4861 3792 4915 aquarum

2199 4933 2549 4988 inundatione
2582 4935 2864 4989 diluvium.
2895 4933 2988 4988 llla
3013 4935 3214 5004 itaque,
3248 4945 3306 4989 ut
3326 4935 3459 5002 dixi,
3484 4935 3790 5007 conﬂagra-

2197 5027 2344 5082 tione
2359 5027 2631 5081 mundana
2650 5028 3042 5083 elementorum
3059 5028 3486 5096 corruptibilium
3502 5029 3792 5098 qualitates

2199 5134 2320 5190 qua:
2347 5119 2666 5188 corporibus
2694 5121 2894 5176 nostris
2919 5119 3358 5194 coquptibilibus
3397 5121 3788 5191 congruebant,

2203 5210 2441 5266 ardendo
2488 5211 2703 5280 penitus
2745 5211 3071 5276 interibunt;
3121 5218 3282 5280 atque
3332 5211 3447 5281 ipsa
3484 5212 3788 5269 substantia

2204 5315 2296 5358 cas
2320 5299 2607 5370 qualitates
2639 5301 2878 5368 habebit,
2905 5317 3024 5372 qua:
3051 5304 3366 5374 corporibus
3394 5303 3791 5362 immortalibus

2205 5389 2439 5445 mirabili
2474 5390 2770 5444 mutatione
2805 5393 3150 5448 conveniant.
3193 5393 3266 5448 Ut
3309 5393 3517 5462 scilicet
3559 5394 3790 5449 mundus

2205 5483 2261 5537 in
2304 5481 2495 5536 melius
2521 5481 2805 5537 innovatus
2829 5494 2954 5554 apte
2991 5487 3448 5549 accommodetur,
3481 5485 3790 5541 hominibus

2204 5574 2368 5630 etiam
2429 5589 2595 5629 carne
2646 5575 2702 5631 in
2758 5579 2951 5634 melius
3011 5579 3300 5634 innovatis.
3365 5577 3495 5633 Volo
3536 5596 3624 5633 vos
3677 5579 3790 5633 sine

2204 5664 2556 5720 sollicitudine
2596 5683 2725 5722 esse.
2767 5668 2994 5741 (Ambr.)
3039 5669 3314 5724 Diminuta
3351 5671 3495 5725 enim
3524 5670 3787 5726 sollicitu-

2207 5755 2333 5812 dine
2366 5757 2574 5825 saiculi,
2615 5760 2668 5814 in
2705 5759 2794 5814 Dei
2829 5761 2991 5817 rebus
3019 5761 3340 5832 pmpcnsius
3362 5761 3634 5834 vigilatur.
3683 5760 3788 5829 Qui
