4082 6332
287 362 358 418 75

797 359 1348 420 ENABRATIONUM
1383 360 1448 416 IN
1485 359 1633 417 EPP.
1671 355 1877 414 PAULI
1913 355 2042 412 ΜΒ.
2081 356 2148 412 Χ.
2191 388 2260 399 -
2297 356 2368 413 IN
2402 331 2620 413 EPlS'l'.
2659 356 2680 411 Ι
2716 356 2808 412 AD
2844 354 3001 412 COR.

3458 350 3528 406 74

283 480 396 531 sine
439 490 603 529 uxore
646 485 759 538 est,
789 473 981 542 cogitat
1008 488 1124 540 quin
1167 473 1377 528 Domini
1409 483 1528 528 sunt
1551 514 1566 538 ,
1601 467 1859 543 quomodo
1885 479 1939 535 Α
1963 471 2237 526 licitudine
2258 481 2607 541 occupantes,
2634 471 2815 541 pigros
2843 483 2902 524 se
2929 468 2995 523 ad
3019 467 3112 522 Dei
3139 481 3301 536 opera
3323 467 3530 537 agenda

281 569 485 638 placeat
507 564 637 618 Deo.
661 564 939 629 Quomodo
963 564 1080 618 sine
1103 563 1460 618 sollicitudine
1491 563 1658 617 simus
1681 569 1862 616 osten-

283 657 384 720 dit,
412 655 638 708 dicens:
673 650 776 717 Qui
799 652 911 704 sine
950 667 1114 704 uxore
1157 661 1255 716 est,
1284 653 1470 719 cogitat
1497 667 1614 721 qua:
1647 650 1862 705 Domini

279 755 426 800 sunt.
453 744 743 811 Amputata
777 740 923 795 enim
965 739 1326 795 sollicitudine
1377 741 1454 794 rei
1491 741 1715 806 uxoriae,
1744 755 1864 809 qua:

283 834 402 889 sola
433 833 486 886 in
514 831 714 886 mundo
743 829 952 883 caneris
981 831 1197 900 gravior
1216 841 1329 895 est,
1360 830 1429 885 ad
1455 830 1624 885 Deum
1652 845 1866 900 prome-

281 922 516 976 rendum
561 920 775 973 animus
799 917 1066 983 eruditur,
1094 917 1142 972 si
1195 926 1373 972 tamen
1397 918 1500 973 hac
1531 932 1627 987 spe
1655 917 1866 973 animus

281 1015 373 1071 his
425 1011 689 1068 molestiis
731 1025 791 1065 se
830 1017 1033 1074 exuat,
1073 1018 1136 1064 ut
1161 1010 1272 1064 Deo
1303 1010 1476 1080 magis
1507 1009 1724 1064 serviat.
1759 1009 1865 1074 Qui

283 1115 466 1160 autem
496 1120 616 1158 cum
643 1118 808 1156 uxore
832 1110 931 1166 est,
975 1099 1229 1155 sollicitus
1254 1110 1329 1154 est
1350 1117 1468 1170 qua:
1501 1108 1622 1154 sunt
1653 1099 1866 1164 mundi,

279 1196 550 1268 quomodo
573 1193 778 1265 placeat
803 1194 976 1248 uxori.
1016 1190 1156 1247 Cura
1179 1192 1325 1246 enim
1350 1191 1536 1247 uxoris
1558 1201 1612 1246 et
1636 1190 1869 1244 ﬁliorum

277 1288 548 1359 cegitatio
565 1283 749 1340 mundi
765 1292 867 1350 est,
883 1298 1006 1337 nam
1035 1283 1177 1337 inter
1190 1289 1381 1336 caetera
1395 1282 1570 1336 solent
1585 1279 1872 1350 aliquando

283 1401 384 1440 res
416 1381 716 1454 puniendas
759 1378 1076 1443 admittere,
1125 1391 1194 1431 ne
1247 1376 1364 1431 illas
1388 1375 1689 1440 oﬁ'endant,
1733 1375 1874 1428 sicut

287 1475 462 1530 refert
509 1469 807 1527 Zorobabel
850 1482 992 1523 unus
1038 1468 1105 1522 de
1156 1467 1326 1522 tribus
1378 1466 1721 1522 cubiculariis
1767 1465 1874 1518 Ar-

283 1564 536 1619 taxerxis
556 1562 699 1630 regis
725 1558 846 1630 (ΙΙΙ
869 1557 1029 1612 Esdr.
1057 1556 1162 1628 ιιι).
1193 1556 1382 1628 Magna
1407 1557 1552 1612 enim
1573 1553 1876 1610 amaritudo

278 1666 378 1710 est
418 1654 472 1707 in
499 1653 659 1707 domo
693 1663 830 1703 uxor
862 1647 1052 1702 tristis.
1077 1647 1258 1701 Divisa
1291 1658 1365 1700 est
1395 1645 1584 1699 mulier
1617 1653 1666 1699 et
1709 1644 1873 1714 uirgo.

283 1744 477 1799 Divisa
503 1757 611 1796 non
638 1739 825 1808 utique
852 1745 1067 1803 natura,
1097 1737 1191 1792 sed
1225 1744 1373 1790 actu.
1401 1734 1538 1800 Quia
1569 1733 1794 1802 legimus
1821 1733 1877 1786 in

1961 562 2228 626 fecerunt,
2263 563 2403 618 sicut
2423 562 2553 616 dicit
2576 559 2837 616 Jeremias
2865 560 3127 630 propheta
3159 576 3171 610 :
3223 557 3534 612 Maledictus

1959 654 2050 723 qui
2072 667 2228 722 opera
2256 652 2349 706 Dei
2375 653 2482 722 agit
2504 651 2818 722 negligenter
2835 649 2968 721 (Jer.
3000 649 3222 719 xum);
3247 649 3300 703 hi
3324 656 3448 703 sunt
3469 649 3537 704 de

1963 743 2157 812 quibus
2185 743 2240 796 in
2270 743 2374 796 alia
2396 741 2635 812 Epistoia
2663 742 2793 796 dicit
2834 759 2847 794 :
2886 739 3147 796 Habentes
3172 740 3391 810 speciem
3418 741 3540 809 qui-

1963 830 2082 886 dem
2127 833 2397 894 veritatis,
2443 832 2684 886 virtutem
2731 841 2904 884 autem
2939 832 3054 901 ejus
3097 831 3408 900 abnegantes
3447 829 3536 901 (II

1968 921 2104 976 Tim.
2153 922 2260 994 ιιι).
2309 922 2594 992 Apostolus
2641 930 2817 976 autem
2866 923 2950 977 his
2993 923 3230 992 loquitur
3255 923 3346 991 qui
3401 923 3540 976 mira

1969 1013 2255 1068 devotione
2303 1013 2524 1082 obsequi
2553 1013 2855 1068 desiderant
2885 1013 3191 1068 coelestibus
3227 1012 3540 1082 praeceptis,

1968 1103 2260 1158 ostendens
2308 1111 2362 1158 et
2387 1103 2584 1158 docens
2641 1118 2748 1172 quo
2797 1104 3114 1174 compendio
3143 1104 3301 1159 citius
3338 1105 3448 1160 itur
3476 1105 3544 1158 ad

1971 1191 2161 1255 Deum,
2191 1192 2314 1260 quia
2366 1191 2456 1260 qui
2487 1199 2703 1261 propter
2737 1192 2903 1247 Deum
2934 1193 3347 1263 promerendum
3387 1195 3543 1265 virgo

1973 1296 2197 1335 manere
2232 1279 2362 1344 vult,
2391 1280 2567 1334 sciens
2595 1281 2752 1349 quale
2779 1282 3057 1352 prtemium
3084 1283 3254 1352 possit
3279 1284 3546 1354 accipere,

1974 1371 2067 1441 qui
2093 1387 2124 1425 a
2164 1371 2310 1426 licito
2342 1379 2690 1440 temperatur,
2719 1381 2779 1426 ut
2807 1372 2995 1428 melior
3024 1372 3138 1439 ﬁat,
3169 1373 3328 1428 simul
3366 1375 3549 1429 omnia

1975 1460 2356 1530 impedimenta
2403 1461 2582 1516 carnis
2631 1463 2872 1531 spernit,
2903 1477 3008 1517 non
3033 1465 3244 1520 nescius
3266 1465 3384 1520 haec
3407 1481 3550 1528 esse.

1977 1567 2096 1621 quae
2145 1568 2389 1623 gressum
2433 1554 2700 1608 currentis
2731 1555 2875 1609 velut
2930 1557 3184 1611 oneribus
3235 1557 3554 1626 compcdum

1979 1645 2244 1700 detinent.
2284 1627 2621 1700 Admonendi
2663 1655 2786 1700 sunt
2811 1647 2903 1717 qui
2950 1648 3098 1718 ligati
3142 1647 3404 1720 coniugiis
3445 1665 3555 1704 non

1979 1743 2135 1799 sunt,
2187 1743 2244 1789 ut
2271 1737 2554 1805 praeceptis
2590 1735 2899 1792 caelestibus
2926 1751 2990 1792 eo
3023 1739 3220 1794 rectius
3274 1739 3556 1803 serviant,

279 1833 568 1899 ~Numeris,
599 1832 856 1887 mulieres
879 1829 1116 1900 virgines
1144 1826 1440 1896 appellatas
1480 1825 1670 1896 (Num.
1701 1822 1873 1894 XXXI).
1905 1843 1953 1902 Β
1981 1839 2088 1894 quo
2120 1839 2213 1878 eos
2260 1825 2327 1880 ad
2351 1839 2510 1880 curas
2535 1825 2722 1880 mundi
2749 1841 3088 1898 nequaquam
3123 1829 3312 1900 jugum
3353 1829 3559 1899 copulae

282 1925 414 1978 Alia
439 1937 569 1991 ergo
590 1919 892 1978 sollicitudo
906 1918 1172 1981 mulieris,
1197 1917 1302 1971 alia
1325 1917 1546 1987 virginis
1569 1924 1671 1982 est;
1698 1927 1878 1970 tamen

281 2031 420 2071 cum
467 2015 666 2068 dicitur
705 2013 930 2076 mulier,
981 2011 1248 2066 incertum
1278 2016 1362 2064 est
1397 2008 1536 2077 quid
1583 2007 1876 2077 signiﬁcet,

282 2107 398 2162 nisi
416 2105 741 2176 signiﬁcatio
755 2104 1116 2171 subsequatur
1131 2118 1144 2152 :
1160 2115 1282 2154 cum
1301 2107 1478 2153 autem
1492 2097 1656 2153 dieitu
1666 2114 1692 2152 r
1707 2097 1877 2167 virgo,

283 2196 587 2251 manifesta
612 2195 816 2250 locutio
835 2201 939 2249 est.
969 2191 1108 2246 Hinc
1127 2189 1414 2260 Apostolus
1433 2197 1554 2258 post
1575 2188 1876 2256 mulierem,

286 2285 564 2352 virginem
605 2284 805 2354 posuit,
835 2290 894 2336 ut
921 2281 1199 2336 mulierem
1218 2319 1234 2345 ,
1261 2294 1366 2334 non
1393 2279 1650 2349 virginem
1678 2277 1884 2347 signiﬁ-

281 2383 450 2431 caret
481 2393 494 2428 :
523 2389 624 2444 per
651 2375 756 2430 hoc
781 2371 927 2427 enim
952 2370 1120 2425 voluit
1151 2370 1437 2425 ostendere
1461 2369 1720 2439 virginem
1746 2370 1880 2425 libe-

235 2512 238 2514 η
287 2481 418 2522 tam
445 2481 478 2520 a
519 2465 689 2520 taediis
719 2473 774 2522 et
803 2462 1098 2527 laboribus,
1126 2477 1264 2532 quos
1291 2461 1494 2531 patitur
1526 2460 1720 2515 mulier
1766 2461 1884 2515 viro

285 2556 573 2627 copulata.
605 2554 736 2620 Qua:
778 2563 956 2608 autem
988 2568 1092 2606 non
1114 2561 1188 2606 est
1215 2560 1410 2622 nupta,
1455 2549 1682 2606 sollicita
1713 2558 1788 2603 est
1822 2550 1886 2602 de

287 2651 386 2704 his
443 2667 560 2720 quae
604 2648 814 2703 Domini
859 2655 1004 2713 sunt,
1042 2655 1098 2698 ut
1144 2645 1210 2699 sit
1261 2654 1446 2699 sancta
1496 2655 1544 2698 et
1585 2627 1800 2714 corpore
1839 2652 1887 2696 et

295 2742 520 2812 spiritu.
551 2739 684 2793 Dum
710 2738 856 2792 enim
879 2751 975 2807 spe
1023 2735 1324 2790 caelestium
1349 2733 1530 2788 mariti
1572 2742 1628 2788 et
1655 2733 1888 2788 ﬁliorum

297 2830 722 2889 sollicitudinem
747 2843 852 2883 non
881 2826 1128 2896 suscipit,
1155 2826 1221 2880 de
1251 2825 1480 2879 Domino
1507 2824 1729 2894 cogitat,
1757 2837 1889 2892 quo-

294 2924 454 2979 niam
482 2920 816 2991 propositum
842 2918 952 2974 Deo
977 2915 1230 2972 devotum
1275 2914 1544 2970 custodiat
1579 2931 1594 2968 :
1634 2913 1682 2968 si
1709 2921 1892 2968 tamen

293 3015 360 3069 in
387 3027 614 3081 corpore
642 3009 846 3065 mundo
872 3007 1086 3063 animus
1114 3015 1326 3062 terrena
1356 3003 1614 3074 abjieiens
1651 3002 1887 3059 ctelesti-

295 3103 406 3158 bus
449 3102 682 3156 studeat.
710 3100 936 3155 Animus
964 3106 1048 3154 est
1072 3097 1248 3163 enim,
1278 3096 1371 3166 qui
1417 3105 1511 3151 aut
1553 3095 1884 3158 sanctiﬁcat,

1981 1913 2216 1969 carnalis
2266 1914 2516 1978 inclinat,
2565 1921 2624 1971 ut
2666 1931 2802 1984 quos
2825 1931 2961 1972 onus
2999 1919 3132 1976 liciti
3188 1919 3420 1990 coniugii
3451 1937 3558 1978 non

1981 2013 2190 2073 gravat,
2219 2019 2560 2074 nequaquam
2594 2006 3074 2075 pondusillieitum
3107 2017 3336 2064 terrena:
3362 2011 3551 2066 solliei-

1981 2093 2182 2148 tudinis
2223 2104 2434 2163 premat
2474 2113 2486 2147 :
2515 2096 2608 2149 sed
2639 2103 2787 2150 tanto
2814 2111 2908 2151 eos
2942 2099 3243 2168 paratiores
3285 2099 3399 2155 dies
3437 2097 3564 2155 ulti-5

1984 2199 2124 2249 mus,
2158 2194 2360 2254 quanto
2389 2186 2751 2256 expeditiores
2779 2187 3052 2254 inveniat,
3097 2205 3164 2245 ne
3203 2207 3309 2260 quo
3341 2193 3560 2248 meliora

1985 2289 2146 2344 agerc
2173 2287 2429 2332 vacantes
2479 2286 2734 2346 possunt,
2787 2279 2882 2334 sed
2925 2288 3104 2336 tamen
3140 2283 3446 2354 negligant,
3498 2299 3564 2339 eo

1985 2367 2246 2436 supplicia
2277 2369 2544 2424 deteriora
2571 2381 2898 2427 mereantur.
2923 2374 3158 2430 Audiant
3180 2378 3320 2446 quod
3337 2377 3564 2448 Aposto-

1984 2456 2086 2522 lus,
2119 2473 2243 2512 cum
2267 2459 2526 2527 quosdam
2559 2462 2626 2514 ad
2656 2461 2933 2518 caelibatus
2975 2466 3208 2534 gratiam
3247 2470 3568 2534 instrueret,

1987 2565 2094 2605 non
2121 2548 2423 2620 coniugium
2467 2551 2695 2619 sprevit,
2733 2555 2824 2608 sed
2861 2569 3022 2610 curas
3066 2557 3249 2612 mundi
3279 2569 3567 2616 nascentes

1987 2653 2056 2692 ex
2087 2640 2337 2709 coniugio
2376 2641 2592 2710 repulit,
2625 2642 2807 2698 dicens
2837 2658 2851 2696 :
2895 2644 3010 2699 Hoc
3058 2647 3126 2700 ad
3171 2649 3444 2704 utilitatem
3480 2669 3566 2706 ve-

1988 2740 2152 2784 stram
2177 2731 2314 2796 dico,
2346 2748 2450 2785 non
2477 2742 2532 2785 ut
2571 2731 2810 2804 laqueum
2840 2735 2978 2790 vobis
3007 2737 3261 2806 iniiciam,
3294 2741 3384 2794 sed
3414 2742 3482 2795 ad
3513 2742 3568 2796 id

1988 2821 2126 2889 quod
2155 2821 2425 2875 honestum
2459 2833 2532 2876 est
2567 2840 2784 2892 provoco
2805 2865 2820 2890 ,
2850 2835 2898 2878 et
2928 2829 3066 2896 quod
3092 2828 3394 2896 facultatem
3433 2849 3571 2902 prat-

1992 2910 2106 2964 beat
2132 2911 2243 2964 sine
2272 2912 2634 2982 impedimento
2658 2914 2937 2971 Dominum
2959 2920 3262 2975 obsecrandi
3287 2936 3304 2972 :
3331 2939 3397 2977 ex
3439 2939 3570 2978 con-

1986 2997 2148 3070 iugiis
2176 3002 2371 3074 quippe
2398 3009 2623 3058 terrena:
2647 3004 3034 3062 sollicitudines
3070 3011 3334 3080 prodeunt
3353 3053 3368 3078 ,
3407 3023 3461 3067 et
3492 3015 3571 3068 id-

1991 3095 2140 3151 circo
2173 3095 2428 3166 Magister
2475 3099 2716 3169 gentium
2759 3101 3032 3159 auditores
3073 3120 3199 3160 suos
3229 3107 3298 3160 ad
3344 3109 3570 3164 meliora

293 3207 398 3250 aut
420 3194 614 3265 polluit
634 3208 849 3263 corpus.
902 3191 1040 3256 Quid
1068 3191 1213 3245 enim
1247 3189 1468 3260 prodest
1501 3203 1696 3258 corpus
1737 3203 1893 3242 mun—
1919 3177 1963 3254 (ξ
1995 3188 2281 3256 persuasit,
2319 3204 2386 3244 ne
2416 3188 2774 3245 sollicitudine
2803 3202 3012 3247 terrena
3053 3193 3367 3265 ligarentur.
3397 3197 3568 3264 Quem

297 3287 436 3342 dum
461 3287 683 3350 habere,
701 3292 756 3339 et
776 3283 1013 3338 animam
1028 3282 1310 3360 pollutam,
1331 3296 1454 3335 cum
1469 3280 1662 3335 merito
1675 3279 1890 3345 animm,

299 3388 402 3435 aut
457 3381 758 3434 honoratur
805 3390 1002 3446 corpus
1063 3383 1158 3428 aut
1209 3373 1532 3430 damnatur?
1587 3373 1730 3426 Nam
1775 3388 1892 3441 qua:

301 3479 474 3540 nupta
529 3479 603 3522 est
639 3467 832 3537 cogitat
881 3480 999 3535 qua!
1047 3472 1167 3518 sunt
1196 3463 1356 3532 hujus
1408 3461 1590 3516 mundi
1632 3459 1892 3530 quomodo

303 3561 513 3632 placeat
549 3561 680 3613 viro.
722 3558 865 3628 Lege
893 3557 1038 3612 enim
1065 3554 1300 3610 maritali
1330 3553 1618 3608 constricta
1666 3551 1894 3607 sollicita

301 3664 397 3709 est
445 3653 714 3724 quomodo
757 3651 979 3720 impleat
1012 3649 1102 3719 jus
1137 3647 1402 3704 marilalis
1447 3645 1640 3710 ofﬁcii,
1681 3643 1894 3700 subdita

307 3745 600 3801 mundanis
641 3741 1054 3797 necessitatibus
1109 3757 1122 3792 :
1172 3737 1286 3792 Hoc
1337 3747 1510 3790 autem
1557 3735 1624 3790 ad
1674 3744 1896 3789 vestram

311 3834 592 3887 utilitatem
610 3833 750 3898 dico,
776 3848 880 3885 non
903 3840 956 3884 ut
979 3829 1223 3900 laqueum
1252 3827 1392 3881 vobis
1417 3827 1672 3894 injiciam.
1698 3824 1804 3880 Sed
1827 3823 1895 3878 ad

317 3925 377 3976 id
402 3924 536 3993 quod
554 3925 828 3977 honestum
849 3930 922 3986 est
945 3934 1188 3989 provoco,
1205 3927 1253 3970 et
1271 3916 1409 3987 quod
1435 3915 1740 3985 facultatem
1763 3930 1897 3984 prat-

307 4017 433 4069 beat
458 4017 566 4068 sine
589 4013 954 4085 impedimento
977 4010 1259 4064 Dominum
1282 4007 1608 4062 obsecrandi.
1632 4005 1896 4073 Quoniam

304 4107 634 4176 quibusdam
680 4117 931 4172 asperum
971 4110 1025 4155 et
1068 4113 1232 4170 grave
1274 4098 1488 4153 videtur
1532 4097 1673 4167 quod
1715 4095 1899 4150 utilius

309 4207 411 4253 aut
462 4197 650 4252 melius
693 4204 778 4250 est
819 4199 1040 4264 prepter
1090 4189 1535 4244 consuetudinem
1589 4185 1899 4257 temporalis

309 4301 450 4342 usus
496 4305 508 4340 :
549 4286 668 4340 ideo
717 4294 839 4354 post
886 4283 1150 4337 rationem
1205 4280 1469 4335 redditam
1523 4279 1771 4333 hortatur
1819 4276 1900 4331 af-

309 4382 464 4435 fectu
515 4378 800 4432 cbaritatis
851 4373 1166 4443 simpliciter
1217 4373 1320 4427 hoc
1365 4370 1579 4436 utilius,
1637 4371 1741 4426 hoc
1803 4370 1900 4424 bo-

309 4469 527 4525 nestius
552 4483 671 4522 esse
699 4466 842 4537 quod
869 4465 1029 4529 dicit,
1062 4465 1345 4518 honestum
1373 4471 1458 4516 est
1483 4462 1609 4530 quia
1648 4468 1896 4514 sanctum

1993 3279 2159 3350 igitur
2179 3280 2418 3335 caelibem
2465 3297 2716 3336 curarum
2749 3282 3086 3338 sarcularium
3121 3286 3566 3356 impedimentum

1993 3371 2282 3439 praepedit;
2335 3380 2389 3426 ct
2436 3372 2682 3442 conjugio
2732 3389 2790 3428 sc
2819 3390 3158 3444 nequaquam
3205 3379 3475 3445 subdidit,
3516 3390 3576 3435 et

1997 3469 2174 3516 tamen
2203 3459 2435 3530 coniugii
2465 3479 2629 3519 onera
2653 3480 2757 3519 non
2785 3467 2975 3522 evasit.
3011 3467 3072 3522 Si
3099 3470 3214 3539 quis
3261 3481 3432 3526 autem
3460 3483 3575 3524 tar—

1993 3567 2107 3620 pem
2131 3568 2185 3605 se
2209 3553 2390 3606 viderit
2411 3570 2566 3624 super
2587 3556 2837 3622 virginem
2865 3575 3039 3622 suam,
3063 3561 3108 3612 si
3133 3561 3200 3614 sit
3225 3561 3364 3614 ultra
3387 3562 3575 3632 puber-

1995 3652 2174 3709 tatem,
2197 3653 2244 3698 et
2273 3645 2348 3698 sic
2372 3656 2571 3716 Oportet
2596 3646 2736 3714 ﬁeri,
2767 3649 2904 3718 quod
2928 3650 3036 3703 vult
3059 3651 3244 3720 faciat,
3271 3669 3373 3705 non
3399 3663 3578 3723 peccat

1995 3735 2041 3788 si
2073 3737 2250 3790 nubat.
2291 3736 2517 3806 Propter
2540 3741 2682 3808 quod
2715 3741 2960 3808 superius
2985 3743 3351 3812 virginitatem
3389 3753 3579 3799 tenen-

1997 3828 2122 3882 dam
2147 3835 2202 3882 et
2242 3829 2654 3896 continentiam,
2679 3832 2886 3886 reddita
2913 3834 3142 3898 ratione,
3179 3835 3426 3889 hortatus
3471 3844 3579 3901 est,

1998 3919 2072 3972 ita
2098 3928 2159 3972 ut
2183 3933 2319 3987 pene
2347 3919 2415 3974 ad
2441 3921 2898 3990 comparationem
2937 3938 3126 3977 carum
3167 3925 3413 3994 conjugia
3456 3925 3579 3979 inu-

1997 4007 2109 4061 tilia
2136 4015 2190 4061 et
2214 4007 2516 4076 abiicienda
2540 4009 2853 4068 vidcantur:
2883 4027 3022 4066 nunc
3045 4028 3113 4067 ue
3143 4014 3356 4082 nuptias
3382 4029 3582 4083 negare

1998 4109 2298 4170 putaretur,
2334 4117 2439 4156 non
2465 4116 2692 4170 peccare
2719 4103 3006 4171 virginem,
3036 4105 3080 4159 si
3106 4107 3294 4170 nubat,
3325 4108 3580 4172 ostendit,

1997 4191 2092 4245 sed
2104 4205 2218 4245 rem
2234 4191 2453 4248 maximi
2473 4191 2672 4246 laboris
2689 4195 2906 4263 aggredi
2922 4203 2970 4248 et
2987 4210 3104 4265 quae
3117 4197 3254 4266 apud
3269 4197 3436 4251 Deum
3451 4212 3583 4266 pran-

2000 4284 2166 4338 mium
2189 4298 2294 4338 non
2323 4285 2540 4347 habeat,
2573 4284 2712 4339 sicut
2742 4301 2845 4339 non
2868 4286 3031 4342 habet
3055 4303 3269 4358 pmnam
3291 4306 3303 4342 :
3328 4288 3584 4344 Christia-

1998 4393 2100 4433 nos
2125 4378 2268 4432 enim
2295 4377 2409 4431 vult
2429 4393 2526 4448 per
2541 4378 2721 4432 omnia
2737 4392 2857 4433 esse
2874 4379 3142 4435 meliores.
3172 4379 3227 4434 Si
3255 4397 3382 4451 ergo
3405 4381 3584 4450 aliqua

2000 4467 2052 4521 in
2080 4466 2345 4524 desiderio
2373 4469 2679 4537 nuptiarum
2703 4477 2805 4534 est,
2821 4469 2934 4538 jam
2964 4479 3174 4524 matura
3199 4473 3266 4524 ad
3287 4487 3439 4525 usum
3467 4487 3583 4526 me-

309 4571 402 4618 est
421 4603 440 4626 ,
481 4570 535 4614 et
561 4559 850 4622 mundum;
899 4555 1035 4611 utile
1060 4571 1208 4631 vero,
1231 4555 1356 4624 quia
1401 4553 1773 4624 dignissimum
1815 4560 1900 4606 est
1923 4533 1975 4592 D
2002 4557 2106 4612 lius
2118 4573 2238 4612 esse
2251 4557 2616 4613 utsecundum
2641 4573 2954 4614 concessam
2973 4559 3142 4630 legem
3163 4561 3373 4629 publice
3395 4561 3581 4627 nubat,

312 4653 463 4722 apud
492 4651 687 4715 Deum,
725 4659 782 4704 et
822 4649 940 4703 leve
967 4648 1022 4702 in
1062 4646 1278 4702 saeculo.
1317 4645 1454 4712 Quid
1479 4660 1609 4714 ergo
1634 4642 1898 4699 dicimus?

313 4745 381 4800 Si
437 4745 674 4815 virgines
721 4745 786 4798 de
831 4742 944 4796 Deo
992 4741 1260 4812 cogitant,
1320 4749 1376 4794 et
1415 4739 1618 4808 junctae
1662 4738 1792 4793 viris
1833 4737 1899 4792 de

316 4834 544 4899 mundo,
569 4849 690 4902 quae
715 4847 838 4902 spes
860 4831 1184 4902 relinquitur
1208 4830 1536 4886 nubentibus
1553 4830 1694 4899 apud
1709 4828 1900 4884 Deum?

316 4925 382 4980 Si
410 4925 554 4978 enim
601 4925 674 4978 ita
719 4930 823 4992 est,
855 4921 1078 4976 dubium
1118 4929 1203 4976 est
1233 4920 1300 4976 de
1326 4921 1499 4976 salute
1525 4935 1732 4975 eorum.
1764 4919 1900 4974 Nam

315 5018 568 5072 videmus
594 5015 832 5084 virgines
861 5014 930 5068 de
955 5011 1152 5067 saeculo
1201 5011 1439 5082 cogitare
1479 5021 1534 5066 et
1562 5011 1906 5068 matrimonio

312 5106 537 5176 iunctas
576 5102 874 5158 Dominicis
914 5102 1132 5158 studere
1179 5101 1432 5170 operibus
1457 5118 1470 5154 :
1495 5102 1580 5156 bis
1608 5101 1907 5172 virginibus

318 5215 430 5256 non
459 5197 812 5268 imputabitur
831 5194 1248 5253 sanctimoniam
1282 5210 1311 5248 a
1342 5196 1483 5257 Deo,
1513 5203 1568 5249 et
1598 5194 1684 5250 his
1715 5192 1905 5246 matri-

319 5289 520 5346 moniis
546 5289 654 5342 erit
691 5300 902 5342 merces
925 5285 1067 5353 apud
1099 5285 1264 5339 Deum
1295 5299 1310 5338 :
1355 5286 1481 5354 quia
1525 5299 1646 5340 cum
1681 5283 1905 5352 obligati

314 5389 503 5438 essent
563 5379 794 5434 terrenis
839 5377 1086 5441 nexibus,
1131 5391 1352 5446 operam
1393 5377 1680 5442 dederunt,
1734 5387 1793 5432 ut
1845 5379 1899 5432 in

317 5473 565 5531 futurum
617 5469 820 5540 aliquid
890 5468 1210 5524 immortalis
1278 5469 1484 5538 praemii
1537 5477 1896 5524 mererentur.

318 5564 428 5620 Illis
441 5573 624 5617 autem
652 5576 760 5615 non
783 5560 955 5616 solum
981 5573 1091 5614 non
1113 5558 1462 5628 imputabitur
1479 5559 1778 5629 virginitas,
1805 5559 1901 5614 sed

318 5663 373 5707 et
397 5667 576 5723 pmua:
599 5651 968 5721 subjicicntur,
998 5649 1092 5720 qui
1117 5647 1218 5704 sub
1244 5649 1478 5718 tegmine
1506 5649 1744 5704 melioris
1785 5649 1900 5720 spei

322 5745 485 5798 vitam
515 5752 571 5797 et
599 5741 1060 5796 conversationem
1084 5755 1238 5795 suam
1264 5739 1522 5795 mundiali
1551 5756 1680 5795 cura
1705 5749 1759 5795 et
1791 5741 1900 5796 sol-

604 5834 874 5893 Ρλτιιοι..
923 5831 1116 5894 CXII.

2001 4663 2162 4718 quam
2183 4648 2394 4704 occulte
2418 4648 2520 4704 ista
2545 4648 2775 4719 turpiter
2802 4658 2927 4719 agat
2945 4657 2998 4703 et
3020 4651 3370 4706 erubescatur
3391 4652 3443 4706 in
3471 4652 3580 4707 illa.

2005 4739 2107 4804 Qui
2123 4748 2296 4794 autem
2317 4740 2499 4793 statuit
2519 4741 2573 4792 in
2592 4739 2747 4794 corde
2767 4755 2968 4794 suonon
2991 4740 3182 4796 (iubens
3203 4755 3583 4805 necessitatem,

2001 4839 2308 4901 potestatem
2334 4831 2484 4885 habet
2514 4832 2578 4885 de
2612 4848 2710 4885 sua
2740 4829 3022 4896 voluntate,
3052 4841 3101 4885 et
3127 4831 3223 4886 hoc
3245 4831 3505 4901 judicabit
3527 4834 3586 4886 in

2004 4925 2160 4976 corde
2194 4939 2290 4977 suo
2317 4962 2332 4988 ,
2367 4937 2576 4976 servare
2613 4921 2864 4990 virginem
2889 4936 3073 4985 suam,
3122 4921 3250 4975 bene
3290 4921 3435 4990 facit.
3471 4921 3585 4976 Hoc

2005 5011 2159 5076 dicit,
2191 5021 2249 5066 ut
2269 5011 2361 5082 qui
2391 5011 2654 5081 virginem
2678 5011 2858 5075 habet,
2885 5012 2970 5065 cui
3013 5012 3224 5067 animus
3257 5013 3325 5067 ad
3369 5013 3585 5082 nuptias

2005 5115 2112 5155 non
2139 5110 2240 5167 est,
2268 5111 2449 5156 servet
2474 5102 2642 5167 illam,
2696 5115 2798 5156 nec
2826 5101 2900 5156 illi
2927 5103 3138 5172 ingerat
3172 5103 3414 5158 fomitem
3443 5119 3581 5174 nup—

2005 5190 2228 5257 tiaram,
2267 5208 2428 5262 quam
2477 5192 2622 5248 videt
2665 5193 2898 5252 nubendi
2937 5193 3264 5264 voluptatem
3315 5193 3586 5266 [volunta-

2004 5283 2135 5356 tem]
2163 5299 2268 5339 non
2293 5283 2513 5339 habere.
2544 5283 2812 5338 Beneﬁcia
2833 5285 2976 5340 enim
3009 5286 3050 5340 si
3085 5287 3388 5354 praestanda
3416 5294 3540 5341 sunt
3565 5326 3582 5349 ,

2005 5385 2206 5445 quanto
2229 5375 2400 5443 magis
2424 5374 2644 5431 minime
2670 5375 2989 5430 auferenda!
3020 5376 3196 5447 Igitur
3222 5387 3268 5430 et
3288 5380 3380 5448 qui
3401 5378 3584 5430 matri~

2005 5466 2178 5520 monia
2198 5465 2374 5534 jungit
2401 5466 2648 5536 virginem
2671 5482 2817 5519 suam
2842 5465 2965 5520 bene
2987 5467 3134 5535 facit.
3163 5467 3434 5522 Benefacit
3454 5467 3582 5535 quia

2004 5556 2131 5612 licet
2152 5557 2296 5625 quod
2325 5555 2474 5622 facit,
2514 5565 2568 5610 et
2595 5558 2686 5626 qui
2712 5573 2816 5612 non
2842 5558 3020 5629 jungit
3043 5559 3236 5613 melius
3257 5557 3416 5622 facit,
3456 5557 3582 5624 quia

2007 5648 2147 5718 apud
2174 5649 2342 5703 Deum
2369 5649 2446 5703 illi
2469 5650 2718 5705 meritum
2748 5649 2998 5714 collocat,
3019 5659 3075 5704 et
3101 5667 3131 5704 a
3159 5649 3339 5704 smeuli
3379 5645 3582 5702 sollici-

2008 5740 2191 5799 tudine
2221 5740 2366 5797 illam
2411 5741 2621 5798 libcrat.
2675 5739 2866 5796 Mulier
2887 5739 3102 5809 alligata
3131 5750 3203 5794 est
3249 5737 3354 5806 lege
3388 5744 3584 5806 quanto
