4082 6332
532 345 600 400 75
1181 345 1241 399 Bt
1284 343 1538 400 RABANI
1579 343 1795 402 MAURI
1835 345 2155 403 ARCHIEP.
2197 347 2504 405 MOGUNT.
2542 347 2826 406 OPERUM
2864 348 3044 406 PARS
3080 348 3165 404 ΙΙΙ.
3732 351 3803 408 76

529 477 757 537 tempore
809 463 888 518 vir
933 463 1050 533 ejus
1078 462 1218 517 vivit.
1261 459 1390 516 llzee
1431 459 1636 515 idcirco
1677 459 2027 530 prosequitur
2053 468 2114 514 ut
2139 466 2192 528 Α
2217 462 2537 518 charitatem
2575 478 2687 534 pra:
2714 463 2884 520 oculis
2913 476 3020 517 non
3049 461 3344 528 habentes,
3387 463 3513 531 quia
3539 462 3659 534 plus
3682 474 3808 522 erat

525 559 724 614 doceat
755 555 881 626 quia
906 553 1121 619 mulier,
1149 552 1364 608 etiamsi
1391 569 1422 607 a
1449 553 1566 606 viro
1603 551 1768 606 fuerit
1787 549 1982 620 ejecta,
2012 568 2116 606 nu-

529 648 694 704 bendi
721 646 992 702 licentiam
1015 659 1120 699 non
1141 644 1325 698 habet.
1352 642 1504 708 Quod
1528 641 1573 696 si
1589 641 1857 695 dormierit
1879 641 1960 694 vir
1980 627 2126 710 ejus;

531 739 752 793 liberata
781 745 855 791 est
877 741 1065 805 a‘.ege.
1102 734 1280 789 Etiam
1312 733 1427 802 hmc
1458 732 1526 786 ad
1553 745 1720 801 supra
1751 731 1923 786 dictas
1951 731 2119 801 perti-

528 837 662 885 nent
685 842 898 892 causas,
931 835 991 880 ut
1019 825 1269 880 ostendat
1294 837 1457 893 quam
1487 823 1644 877 beata
1687 822 1758 876 sit
1791 822 1964 892 virgo,
1994 837 2118 877 eum

523 919 665 973 nulli
694 917 798 973 nisi
827 917 926 972 soli
951 917 1062 971 Deo
1090 914 1331 983 subjecta
1352 915 1423 969 sit
1447 928 1462 967 :
1493 914 1710 968 vincere
1735 913 1881 968 enim
1909 911 2121 967 videtur

513 1009 830 1064 .naturalem
860 1006 1251 1078 subjectionem
1297 1005 1513 1076 quando
1553 1005 1698 1074 quod
1745 1019 1845 1074 per
1869 1013 2119 1059 naturam

511 1100 874 1156 -.humiliatum
928 1107 1013 1154 est
1055 1097 1235 1168 erigit.
1273 1095 1369 1150 Cui
1426 1095 1532 1150 vult
1581 1095 1778 1161 nubat,
1819 1104 2022 1149 tantum
2063 1093 2120 1145 in

527 1189 788 1254 Domino,
821 1189 872 1242 id
897 1196 1001 1252 est,
1033 1202 1195 1257 quem
1220 1185 1320 1240 sibi
1368 1193 1550 1255 aptum
1580 1183 2000 1254 putaverit,‘illi
2022 1199 2121 1237 nu-

505 1281 644 1346 .bat,
677 1281 804 1352 quia
843 1281 1026 1335 invita:
1051 1279 1248 1349 nuptias
1289 1277 1463 1332 solent
1493 1276 1666 1332 malos
1700 1285 1996 1346 proventus
2025 1277 2120 1332 ha-

507 1374 682 1429 bere.
709 1393 727 1424 (
768 1371 1001 1426 Tantum
1027 1378 1208 1424 autem
1242 1369 1297 1423 in
1326 1368 1586 1432 Domino,
1624 1386 1643 1420 ι
1675 1368 1778 1422 hoc
1805 1375 1890 1422 est
1916 1375 1978 1421 ut
2004 1367 2122 1422 sine

507 1463 839 1533 suspicione
868 1459 1216 1531 turpitudinis
1245 1459 1415 1513 nubat
1460 1465 1515 1512 et
1555 1456 1832 1525 religionis
1864 1472 1974 1512 suae
2004 1456 2121 1512 viro

531 1555 722 1620 nubat,
752 1555 855 1610 hoc
883 1563 964 1609 est
991 1553 1046 1608 in
1081 1551 1310 1606 Domino
1340 1550 1564 1604 nubere.
1598 1549 1813 1603 Beattor
1857 1559 2032 1602 autem
2075 1547 2121 1601 si

536 1647 608 1701 sic
631 1645 971 1716 permanserit
992 1642 1275 1698 secundum
1297 1657 1470 1694 meum
1490 1639 1786 1694 consilium.
1817 1637 1951 1694 Cum
1969 1637 2121 1703 dicit,

530 1738 729 1802 .iubat,
760 1737 878 1808 lege
906 1735 1143 1804 loquitur
1177 1732 1440 1797 naturali,
1471 1746 1781 1802 quanquam
1815 1745 1845 1783 a
1873 1729 1986 1784 Deo
2013 1728 2123 1798 pri-

2216 565 2436 606 earnem
2463 561 2838 616 contemnere,
2881 567 3043 621 quam
3067 550 3222 605 fratri
3249 552 3562 607 scandalum
3585 553 3807 624 facere;

2217 640 2444 698 scientia
2465 643 2605 697 enim
2630 643 2845 697 illorum
2866 641 3182 696 destruebat
3199 642 3407 698 animos
3431 643 3806 713 imperitorum

2217 729 2446 788 fratrum
2499 733 2806 802 putantium
2849 747 2970 787 esse
3012 732 3122 788 illic
3160 733 3302 802 apud
3330 732 3529 787 idolum
3569 735 3807 805 aliquam

2218 823 2449 892 gratiam
2479 863 2493 886 ,
2528 824 2746 894 quando
2789 823 3078 893 peritiores
3128 821 3330 878 fratres
3371 823 3637 880 interesse
3659 827 3803 890 illic,

2219 925 2392 971 etnon
2414 917 2637 971 horrere
2651 916 2920 971 videbant.
2945 915 3070 971 ideo
3091 915 3195 969 ait:
3211 913 3458 971 Charitas
3479 917 3732 986 aediﬁcat,
3749 926 3812 971 ut

2219 1008 2381 1063 saluti
2422 1008 2649 1064 fratrum
2689 1010 2968 1064 studentes
3014 1009 3257 1064 scientia:
3288 1009 3398 1065 illic
3445 1009 3656 1081 legibus
3698 1028 3808 1066 non

2219 1110 2519 1166 uterentur,
2551 1115 2621 1156 ne
2651 1101 2757 1156 illis
2791 1100 3107 1156 scandalum
3138 1100 3382 1157 facerent
3405 1101 3632 1174 (Greg.).
3670 1102 3809 1158 Cum

2189 1188 2348 1260 'ergo
2373 1191 2611 1246 charitas
2643 1190 2964 1246 aedificando
2990 1205 3090 1245 nos
3117 1191 3294 1260 erigit,
3321 1192 3546 1246 scientia
3569 1190 3811 1246 inﬂando

2218 1281 2504 1350 pervertit,
2535 1283 2850 1352 plerumque
2895 1295 2954 1336 se
2981 1281 3276 1351 hypocrita:
3303 1283 3442 1336 mira
3481 1282 3812 1336 abstinentia

2220 1370 2482 1442 allligunt,
2527 1387 2689 1428 omne
2735 1373 2900 1427 robur
2945 1372 3188 1440 corporis
3237 1381 3518 1439 atterunt,
3547 1383 3602 1429 et
3650 1375 3810 1443 quasi

2221 1461 2404 1516 carnis
2427 1462 2595 1516 vitam
2639 1462 2878 1517 funditus
2905 1463 2958 1516 in
2983 1477 3146 1517 carne
3171 1462 3414 1518 viventes
3432 1465 3809 1536 exstinguunt,

2222 1551 2406 1620 sicque
2447 1566 2544 1621 per
2568 1551 2951 1608 abstinentiam
2986 1551 3145 1606 morti
3179 1551 3521 1622 appropiant,
3564 1560 3624 1606 ut
3671 1567 3811 1622 pene

2222 1642 2461 1712 quntidie
2507 1644 2802 1698 morientes
2851 1643 3070 1708 vivant,
3117 1643 3212 1699 sed
3271 1646 3338 1700 ad
3383 1647 3502 1701 haec
3541 1646 3813 1701 humanos

2221 1735 2408 1790 oculos
2447 1731 2712 1804 quaerunt,
2739 1735 3114 1791 admirationis
3135 1736 3363 1807 gloriam
3395 1745 3678 1807 expetunt,
3706 1739 3814 1794 Ve-

534 1841 635 1882 ma‘.
663 1827 865 1897 nuptiae
892 1825 1019 1890 sint,
1051 1823 1303 1882 secunda:
1326 1837 1455 1878 vero
1477 1823 1757 1891 permissae
1782 1828 1927 1875 sunt.
1963 1819 2121 1875 Deni—
2149 1826 2197 1886 Β
2225 1827 2386 1882 ritate
2431 1835 2746 1890 attestante,
2779 1841 2902 1897 qua:
2927 1827 3004 1881 ait
3034 1845 3046 1880 ;
3085 1826 3455 1882 Extemu’nam
3486 1829 3647 1899 facie;
3683 1845 3812 1883 sua;

529 1935 636 1990 que
672 1919 861 1990 prima:
915 1918 1116 1990 nuptis:
1149 1916 1405 1987 quoniam
1451 1916 1550 1970 sub
1598 1913 1976 1970 benedictione
2021 1912 2117 1968 Dei

528 2011 906 2074 celebrantur,
960 2007 1320 2064 sublimantur
1374 2023 1387 2059 :
1439 2004 1704 2060 Secunda:
1747 2012 1928 2058 autem
1965 2009 2021 2056 et
2061 2001 2117 2056 in

526 2099 782 2171 praesenti
808 2111 996 2156 carent
1023 2098 1214 2168 gloria,
1236 2111 1509 2152 concessa:
1533 2105 1715 2149 autem
1753 2102 1880 2149 sunt
1898 2100 2121 2163 propter

526 2191 1006 2255 incontinentiam,
1061 2197 1116 2246 et
1157 2188 1283 2259 quia
1340 2186 1518 2242 solent
1555 2185 1834 2240 viduarum
1871 2182 2118 2251 iuniores

527 2286 813 2340 incurrere
843 2301 858 2338 :
898 2297 964 2337 ac
988 2297 1090 2351 per
1115 2281 1217 2336 hoc
1249 2279 1498 2334 concedit
1525 2277 1809 2332 secundas.
1843 2274 1950 2330 Sed
1991 2273 2119 2344 quia

519 2376 725 2431 .melius
744 2383 806 2429 ut
829 2389 888 2430 se
915 2372 1208 2437 contineat,
1240 2379 1299 2426 ut
1331 2369 1544 2441 dignior
1569 2368 1624 2422 in
1651 2367 1913 2431 futurum,
1941 2365 2121 2421 consi—

529 2465 664 2520 lium
687 2465 780 2520 dat
805 2461 1033 2534 spiritali
1061 2461 1269 2515 ratione
1297 2460 1629 2530 praecipuum
1655 2465 1714 2512 ut
1742 2469 1801 2512 se
1823 2455 2117 2510 contineat.

528 2555 674 2612 Puto
703 2566 878 2610 autem
919 2563 968 2608 et
996 2570 1089 2624 ego
1117 2553 1358 2623 spiritum
1385 2551 1482 2606 Dei
1513 2549 1676 2605 habeo
1694 2589 1710 2615 ,
1757 2557 1818 2603 ut
1859 2555 2039 2602 ratum
2065 2552 2122 2600 et

526 2651 814 2722 providum
845 2647 1126 2704 consilium
1148 2661 1304 2701 suum
1329 2643 1604 2710 ostendat,
1636 2641 1940 2697 humilitate
1967 2637 2119 2694 verbi

508 2711 635 2800 'J-toc
661 2741 1003 2800 commendat
1034 2739 1144 2796 alto
1185 2752 1369 2793 sensu.

1117 2868 1349 2926 CAPUT
1379 2866 1512 2924 Vill.

525 2970 769 3026 Ostendit
792 2966 1072 3041 Apostolus
1091 2966 1364 3041 scientiam
1394 2978 1496 3041 non
1513 2959 1685 3041 valere
1697 2957 1813 3041 nisi
1833 2955 2116 3041 secundum

599 3026 908 3096 charitatem
955 3038 1020 3092 sit
1074 3036 1350 3098 ordinata;
1383 3033 1530 3085 docet
1579 3031 1849 3098 veritatem
1897 3026 1964 3079 de
1989 3026 2119 3078 escis

597 3111 754 3166 idolis
793 3108 1105 3171 immolatis,
1133 3096 1409 3175 arguitque
1437 3096 1916 3155 scandalizantium
1954 3104 2116 3149 teme-

599 3183 828 3234 ritatem.

599 3296 680 3351 De
707 3296 788 3349 Itis
815 3304 992 3349 autem
1025 3309 1142 3365 quia
1176 3291 1331 3346 idolis
1372 3288 1734 3351 immolantur,
1768 3285 1963 3340 scimus
1989 3283 2115 3353 quia

526 3405 706 3443 omnes
754 3387 1024 3442 scientiam
1071 3385 1342 3440 habemus.
1381 3380 1580 3452 (Amb.)
1603 3379 1758 3435 Nunc
1783 3378 1852 3434 de
1889 3375 2117 3433 scientia

528 3479 807 3534 locuturus
828 3483 932 3541 est,
947 3483 1002 3530 et
1021 3489 1142 3544 qua:
1161 3473 1231 3528 sit
1250 3471 1478 3528 scientia
1503 3485 1610 3524 non
1632 3469 1818 3524 statim
1847 3467 2000 3531 dicit,
2023 3466 2116 3521 sed

532 3572 590 3624 in
616 3566 876 3637 subjectis
901 3565 1158 3630 ostendit,
1201 3564 1412 3626 dicens,
1444 3561 1569 3631 quia
1595 3559 1730 3615 nihil
1776 3567 1862 3614 est
1889 3557 2112 3613 idolum.

525 3657 761 3718 Scientia
785 3657 956 3726 inﬂat.
985 3654 1328 3710 Manifestum
1358 3661 1462 3718 est,
1509 3651 1798 3706 habentem
1830 3648 2116 3705 scientiam

529 3750 586 3803 in
607 3763 673 3802 eo
695 3749 814 3818 ipso
834 3746 1074 3819 gloriari,
1107 3745 1154 3800 si
1181 3759 1288 3799 non
1318 3743 1472 3808 foris,
1499 3741 1624 3812 quia
1647 3739 1888 3811 prudens
1907 3747 2008 3801 est,
2036 3736 2118 3793 vel

529 3840 671 3909 apud
699 3854 780 3904 se,
807 3853 977 3910 genus
996 3838 1138 3892 enim
1166 3837 1272 3891 hoc
1291 3845 1376 3891 est
1403 3833 1646 3890 scientia:
1676 3841 1734 3886 ut
1770 3831 2029 3902 glorietur
2061 3829 2116 3882 in

532 3947 672 3996 sese,
703 3931 822 3986 ideo
853 3929 1023 3984 inﬂat.
1059 3928 1302 3983 Charitas
1325 3942 1441 3981 vero
1460 3924 1709 3993 trdilicat.
1744 3921 1928 4004 (Αιισ.)
1962 3919 2117 3988 Quod

531 4030 683 4078 recte
735 4022 891 4077 aliter
951 4036 1056 4075 non
1106 4018 1453 4090 intelligitur,
1505 4016 1610 4071 nisi
1653 4015 1938 4070 scientiam
1987 4020 2117 4067 tunc

528 4116 786 4185 prodesse
809 4114 854 4169 si
885 4113 936 4168 ei
967 4111 1206 4168 eharitas
1235 4109 1398 4174 inest,
1425 4108 1544 4163 sine
1567 4107 1668 4162 hac
1699 4113 1880 4162 autem
1904 4103 2113 4167 inﬂare,

530 4211 585 4265 id
625 4218 731 4273 est,
771 4210 824 4263 in
871 4207 1124 4278 superbia
1181 4203 1513 4259 inanissima:
1565 4202 1722 4272 quasi
1774 4199 2116 4256 ventositatis

525 4299 810 4354 extollere.
847 4295 1042 4367 (Amb.)
1085 4294 1270 4364 Itaque
1295 4303 1422 4348 tunc
1447 4291 1676 4347 scientia
1701 4303 1896 4359 magna
1929 4295 2030 4352 est,
2061 4293 2119 4341 ει

529 4391 633 4447 sibi
655 4390 823 4452 utilis,
839 4389 883 4443 si
907 4387 1174 4443 eharitate
1196 4384 1531 4448 humilietur,
1548 4391 1606 4436 ut
1621 4381 1850 4452 amplius
1872 4387 2113 4444 crescat;

533 4491 867 4552 temperatur
889 4478 1034 4536 enim
1062 4493 1092 4532 a
1120 4477 1427 4541 dilectione,
1458 4487 1518 4530 ut
1547 4491 1652 4530 non
1699 4475 1834 4530 satis
1869 4488 2018 4528 mera
2046 4473 2117 4528 sit

2221 1927 2277 1971 ut
2304 1928 2588 1987 appareant
2619 1918 2914 1972 hominibus
2945 1913 3252 1989 jejunantes
3280 1918 3499 1990 (Matth.
3542 1918 3642 1992 vr).

2291 2009 2445 2077 Quod
2459 2011 2503 2064 si
2515 2010 2631 2079 quis
2652 2009 2914 2064 existimat
2929 2026 2983 2064 se
2993 2009 3360 2082 scire'aliquid,
3375 2011 3605 2065 nondum
3619 2027 3816 2081 cogno—

2218 2109 2290 2154 vtt
2301 2100 2736 2170 quemadmodum
2755 2109 2988 2171 oporteat
3002 2116 3118 2155 eum
3142 2101 3275 2155 scire
3295 2101 3521 2172 (Amb.).
3547 2101 3816 2171 Eosipsos

2219 2195 2312 2266 qui
2339 2197 2394 2250 in
2424 2195 2650 2250 scientia
2679 2195 2982 2267 gloriantur
3002 2195 3237 2251 ostendit
3261 2213 3368 2252 non
3400 2197 3473 2252 ita
3498 2199 3818 2270 cogn0visse

2219 2287 2363 2342 sicut
2385 2287 2817 2358 cognoscendum
2843 2296 2946 2342 est.
2971 2286 3108 2341 Dum
3146 2288 3291 2343 enim
3315 2289 3660 2355 cbaritatem,
3689 2305 3818 2360 quae

2219 2385 2398 2434 mater
2441 2378 2680 2433 omnium
2733 2379 2996 2434 bonorum
3047 2389 3163 2446 est,
3204 2396 3312 2436 non
3357 2364 3656 2448 sectantur,
3700 2398 3815 2440 non

2220 2467 2401 2523 sciunt
2424 2467 2564 2523 sicut
2589 2476 2801 2538 oportet
2825 2487 2838 2523 :
2868 2479 2927 2525 ut
2947 2486 3078 2541 ergo
3102 2471 3327 2527 scientia
3349 2473 3587 2529 fructum
3611 2474 3817 2529 habere

2219 2558 2415 2628 possit,
2442 2559 2697 2616 charitati
2721 2575 2781 2615 se
2796 2560 2955 2616 debet
2977 2561 3267 2630 subjicere.
3286 2563 3344 2619 Si
3369 2567 3484 2636 quis
3509 2582 3626 2620 vero
3641 2565 3815 2636 diligit

2220 2649 2414 2717 Deum,
2442 2651 2527 2704 hic
2555 2653 2792 2722 cognitus
2818 2661 2894 2708 est
2929 2653 2994 2707 ab
3025 2670 3107 2708 eo.
3139 2653 3237 2710 l‘lic
3272 2655 3447 2727 diligit
3487 2656 3688 2719 Deum,
3717 2656 3816 2728 qui

2221 2739 2506 2796 charitatis
2533 2755 2699 2796 causa
2753 2741 3038 2797 scientiam
3067 2743 3300 2815 mitigat,
3343 2753 3404 2798 ut
3431 2745 3608 2814 prosit
3651 2743 3815 2800 fratri

2221 2843 2325 2900 pro
2351 2845 2459 2900 quo
2479 2828 2729 2887 Christus
2755 2839 3001 2888 mortuus
3025 2841 3127 2888 est.
3156 2833 3234 2888 De
3253 2835 3380 2889 cibis
3413 2836 3578 2905 igitur
3601 2835 3820 2890 simula-

2222 2922 2330 2978 cris
2369 2923 2772 2979 immolatorum
2821 2941 2966 2981 nunc
3015 2941 3236 2982 causam
3276 2927 3447 2998 ipsam
3482 2935 3814 2997 pertractat,

2221 3020 2282 3068 ut
2307 3016 2562 3071 ostendat
2610 3030 2708 3086 per
2735 3018 3002 3073 rationem
3029 3019 3310 3074 scientiam
3355 3035 3461 3076 non
3492 3020 3665 3076 solum
3707 3036 3820 3075 non

2224 3103 2510 3174 proﬁcere,
2529 3106 2796 3162 eharitate
2819 3115 3150 3180 contempta,
3172 3109 3265 3164 sed
3291 3117 3346 3165 et
3370 3111 3579 3166 obesse.
3608 3109 3818 3166 Scimus

2143 3197 2188 3261 ί]
2222 3193 2348 3264 quia
2386 3193 2519 3248 nihil
2562 3204 2637 3250 est
2668 3195 3046 3264 simulacrum,
3100 3209 3148 3253 et
3185 3199 3310 3270 quia
3342 3215 3491 3254 nemo
3535 3200 3676 3255 Deus
3716 3199 3819 3254 nisi

2219 3300 2388 3352 unus,
2438 3299 2625 3342 verum
2657 3295 2771 3352 est;
2826 3287 2970 3358 apud
3009 3287 3349 3344 Christianos
3375 3291 3520 3345 enim
3565 3306 3706 3346 unus
3733 3298 3822 3346 est

2221 3377 2387 3442 Deus,
2415 3376 2533 3432 licet
2559 3379 2663 3433 sint
2687 3379 2777 3448 qui
2792 3377 3040 3432 dicantur
3064 3378 3140 3432 dii
3164 3389 3212 3434 et
3234 3381 3434 3436 domini
3454 3383 3562 3436 sive
3587 3383 3642 3435 in
3663 3381 3816 3446 caelo,

2219 3468 2326 3522 sive
2350 3469 2406 3522 in
2436 3477 2595 3523 terra.
2622 3468 2668 3523 A
2691 3469 2914 3540 paganis
2933 3469 3081 3524 enim
3107 3469 3190 3526 sol
3216 3480 3271 3526 et
3317 3471 3466 3538 luna,
3519 3481 3575 3527 et
3617 3480 3816 3527 caetera

2221 3559 2402 3615 sidera
2454 3560 2527 3616 dii
2577 3559 2828 3617 caelestes
2853 3561 3126 3616 dicuntur.
3171 3562 3228 3617 ln
3280 3571 3426 3618 terra
3480 3564 3816 3634 Apollinem,

2220 3649 2625 3722 Eseulapium,
2659 3651 2964 3718 Herculem,
3006 3652 3324 3720 Minervam,
3375 3657 3505 3712 deos
3528 3656 3716 3711 dicunt
3758 3664 3815 3710 et

2220 3743 2484 3799 dominos.
2522 3743 2688 3798 Nobis
2708 3753 2882 3799 tamen
2905 3762 3041 3800 unus
3060 3745 3200 3802 Deus
3228 3745 3412 3813 Pater,
3429 3764 3494 3802 ex
3515 3763 3615 3818 quo
3638 3746 3817 3801 omnia

2220 3844 2266 3887 et
2292 3849 2384 3888 nos
2412 3834 2466 3888 in
2495 3834 2606 3889 illo.
2639 3833 2829 3891 Omnia
2854 3837 2997 3891 enim
3027 3852 3093 3892 ex
3128 3837 3220 3893 illo
3250 3854 3491 3907 quaequa:
3520 3847 3668 3902 sunt,
3697 3837 3818 3892 ubi-

2221 3939 2434 3995 cunque
2461 3933 2616 3992 sunt;
2643 3942 2766 3981 cum
2791 3936 2970 3981 autem
3010 3928 3142 3982 dicit
3177 3946 3190 3982 :
3234 3928 3304 3982 Et
3334 3946 3428 3984 nos
3463 3929 3518 3982 in
3548 3928 3673 3993 illo,
3701 3929 3815 3984 dis-

2220 4017 2395 4072 crevit
2422 4032 2521 4072 nos
2551 4032 2578 4070 a
2605 4017 2816 4071 caeteris
2843 4017 2934 4086 qui
2969 4033 3091 4072 cum
3128 4033 3196 4073 ex
3230 4019 3320 4073 illo
3343 4019 3474 4082 sint,
3503 4027 3815 4073 nontamen

2221 4115 2346 4161 sunt
2368 4108 2421 4160 in
2450 4107 2540 4161 illo
2566 4107 2692 4161 dum
2721 4107 2896 4162 adhuc
2918 4123 3023 4163 non
3045 4109 3294 4162 credunt.
3314 4109 3383 4161 Et
3403 4125 3539 4162 unus
3559 4107 3815 4161 Dominus

2220 4195 2377 4250 Jesus
2411 4213 2504 4266 per
2534 4213 2685 4266 quem
2735 4197 2912 4250 omnia
2938 4237 2952 4262 ,
2996 4208 3042 4252 et
3091 4215 3184 4253 nos
3233 4215 3326 4269 per
3369 4199 3559 4268 ipsum.
3619 4196 3814 4253 Omnia

2222 4286 2366 4342 enim
2403 4302 2470 4341 ex
2520 4285 2701 4352 Patre,
2733 4287 2826 4342 sed
2873 4302 2971 4357 per
3027 4288 3216 4342 Filium
3264 4297 3448 4344 creata
3495 4296 3662 4351 sunt,
3721 4289 3815 4342 sed

2222 4391 2344 4431 cum
2377 4377 2532 4443 dicit,
2567 4398 2586 4429 ‹
2621 4385 2676 4432 ει
2729 4392 2827 4432 nos
2873 4393 2970 4448 per
3014 4380 3209 4448 ipsum,
3248 4399 3267 4430 ι
3315 4393 3414 4448 per
3453 4393 3613 4448 quem
3642 4378 3816 4432 creati

2224 4466 2522 4534 fueramus,
2552 4469 2821 4540 significat
2851 4469 2905 4524 in
2930 4470 3024 4525 Dei
3047 4470 3375 4540 cognitione,
3401 4469 3526 4538 quia
3558 4468 3686 4521 facti
3715 4482 3815 4536 per

529 4583 588 4630 et
633 4550 866 4628 inebriet
917 4571 1180 4626 scientem
1230 4577 1290 4622 ut
1339 4583 1398 4623 se
1455 4565 1695 4621 extollat.
1753 4563 1902 4620 Sicut
1969 4561 2115 4616 enim
2143 4550 2195 4612 D
2222 4560 2399 4630 ipsum
2442 4577 2566 4614 eum
2603 4562 2837 4626 caeteris,
2881 4576 2977 4630 per
3015 4571 3286 4632 stuporem
3327 4561 3524 4616 mentis
3552 4568 3609 4612 et
3659 4559 3815 4630 igno-

531 4664 720 4717 vinum
772 4675 878 4715 non
923 4667 1284 4730 temperatum
1330 4657 1661 4712 admixtione
1695 4670 1848 4725 aquae
1877 4662 2114 4709 mentem

535 4755 759 4818 alienat,
795 4753 868 4807 ita
899 4761 954 4807 et
993 4751 1221 4806 scientia
1270 4749 1559 4819 superbum
1605 4747 1756 4812 facit,
1799 4745 1904 4801 nisi
1955 4744 2116 4799 fuerit

533 4850 857 4913 temperata,
879 4841 1059 4896 omnia
1085 4840 1228 4895 enim
1251 4838 1364 4894 sola
1397 4838 1634 4892 insuavia
1665 4846 1792 4893 sunt
1815 4846 1871 4891 et
1900 4835 2112 4898 nociva,

533 4935 664 5006 quia
680 4947 779 4989 nec
800 4933 954 5002 panis
968 4930 1115 5018 solus
1137 4931 1273 4985 bene
1299 4929 1480 4985 editur
1507 4944 1607 4984 nec
1637 4927 1832 4998 reliqui
1867 4925 1974 4982 cibi
1997 4925 2114 4980 sine

533 5023 869 5078 admixtione
892 5021 1031 5092 grati
1068 5015 1220 5084 Sunt,
1250 5019 1345 5074 sed
1368 5019 1549 5074 nocui.
1573 5018 1696 5073 Ideo
1727 5017 1965 5072 eharitas
1989 5015 2117 5070 sedi-

537 5114 684 5178 ﬁcat,
729 5113 845 5182 ipsa
894 5110 1156 5174 eharitas,
1189 5108 1314 5163 licet
1341 5123 1449 5163 uno
1491 5107 1750 5163 vocabulo
1799 5105 2112 5176 appelletur,

535 5203 725 5258 multis
775 5211 954 5256 tamen
1000 5199 1272 5263 consistit,
1326 5199 1442 5252 sine
1491 5197 1755 5268 patientia
1802 5196 1948 5249 enim
2010 5209 2117 5248 non

535 5301 747 5366 potest,
797 5307 974 5363 neque
1021 5293 1138 5346 sine
1184 5289 1519 5353 humilitate,
1566 5304 1738 5358 neque
1782 5288 1898 5341 sine
1939 5287 2118 5341 cordis

536 5384 910 5456 simplicitate;
936 5383 990 5438 hi
1015 5398 1145 5453 ergo
1171 5380 1336 5435 inﬂati
1365 5388 1520 5435 erant
1546 5394 1642 5448 per
1663 5379 1967 5442 scientiam,
1991 5379 2115 5447 quia

538 5476 671 5532 nihil
693 5485 776 5532 est
807 5476 1038 5540 idolum,
1076 5475 1169 5546 qui
1203 5480 1390 5528 contra
1426 5471 1652 5525 salutem
1681 5470 1908 5524 fratrum
1953 5470 2119 5538 impe-

538 5569 766 5622 ritorum
784 5581 975 5622 carnes
987 5565 1410 5622 sacrificaturum
1424 5561 1678 5625 edebant,
1702 5561 1934 5616 scientes
1956 5560 2118 5616 licere

537 5673 758 5713 carnem
803 5659 964 5713 edere
988 5698 1002 5723 ,
1045 5667 1100 5712 et
1139 5656 1262 5725 quia
1291 5653 1425 5709 nihil
1451 5662 1536 5708 est
1574 5652 1807 5718 idolum,
1850 5653 1969 5708 ideo
2011 5668 2115 5708 non

533 5749 892 5803 contaminari
921 5747 1164 5803 edentem
1194 5765 1205 5800 :
1233 5747 1283 5801 hi
1315 5746 1628 5802 scandalum
1659 5747 1916 5804 fratribus
1936 5757 2114 5812 erant,

2225 4651 2414 4706 rantis:
2459 4667 2558 4708 nos
2600 4667 2698 4723 per
2735 4653 2910 4722 ipsum
2949 4655 3268 4724 agnovimus
3308 4653 3625 4724 mysterium
3652 4653 3816 4707 unius

2224 4746 2353 4811 Dei;
2386 4762 2550 4800 unum
2593 4762 2724 4816 ergo
2767 4747 2934 4801 Deum
2980 4747 3195 4802 Patrem
3242 4749 3379 4803 dixit
3419 4757 3474 4803 et
3519 4765 3683 4802 unum
3712 4748 3817 4803 Do—

2224 4836 2429 4890 minum
2476 4836 2659 4892 Jesum
2699 4837 2894 4891 Filium
2937 4837 3077 4904 ejus,
3126 4847 3185 4893 ut
3227 4839 3355 4909 quia
3400 4840 3542 4895 Deus
3579 4855 3684 4893 non
3717 4855 3814 4910 pu-

2225 4935 2330 4982 tcst
2387 4941 2493 4981 non
2568 4942 2688 4982 esse
2754 4927 3052 4993 Dominus,
3131 4928 3382 4983 similiter
3439 4937 3495 4982 et
3552 4929 3814 4984 Dominus

2223 5016 2551 5087 intelligatur
2591 5033 2712 5072 esse
2760 5018 2919 5083 Deus,
2949 5033 3112 5093 unum
3157 5032 3278 5073 esse
3322 5019 3490 5074 Deum
3533 5025 3589 5074 et
3631 5017 3814 5072 Domi-

2223 5123 2354 5162 num
2394 5109 2833 5173 demonstraret,
2895 5109 3114 5164 modum
3169 5111 3332 5166 unius
3379 5111 3630 5180 principii
3675 5125 3810 5165 con-

2224 5201 2507 5254 servando.
2561 5199 2664 5255 Sed
2705 5217 2808 5254 non
2846 5201 2901 5253 in
2942 5202 3182 5256 omnibus
3221 5213 3295 5257 est
3331 5203 3567 5258 scientia.
3613 5202 3667 5257 ld
3702 5211 3810 5268 est,

2223 5304 2332 5343 non
2372 5303 2561 5344 omnes
2602 5298 2799 5344 norunt
2833 5292 3118 5349 credentes
3153 5296 3468 5365 mysterium
3498 5295 3590 5349 Dei
3624 5294 3812 5360 unius,

2223 5379 2346 5433 ideo
2379 5381 2595 5448 quidam
2634 5390 2826 5450 putant
2865 5398 2930 5436 ex
2975 5383 3058 5439 his
3101 5386 3190 5454 qui
3223 5385 3451 5440 credunt
3483 5385 3684 5454 aliquid
3714 5401 3813 5438 nu-

2225 5470 2388 5526 minis
2429 5472 2484 5526 in
2547 5473 2870 5529 simulacris.
2925 5474 3101 5546 Aliqui
3164 5485 3338 5530 autem
3379 5476 3551 5530 adhuc
3591 5474 3810 5528 scientia

2223 5563 2494 5618 simulacri
2538 5568 2691 5637 quasi
2751 5567 3034 5622 simulacro
3089 5569 3418 5623 immolatum
3463 5569 3806 5624 manducent.

2225 5654 2300 5710 De
2332 5655 2485 5725 plebe
2523 5657 2664 5711 enim
2704 5658 2866 5728 aliqui
2894 5674 3014 5713 eum
3039 5661 3386 5715 veneratione
3424 5659 3601 5714 adhuc
3642 5657 3812 5712 simu-

2228 5747 2359 5801 lacri
2406 5748 2923 5809 manducabantdc
2997 5751 3354 5817 sacrilieatis,
3406 5751 3560 5820 quasi
3628 5747 3812 5817 aliqua
