4082 6332
369 349 440 400 τ7
884 345 1431 402 ENARRATIONUM
1468 345 1535 401 IN
1575 345 1718 400 EPP.
1759 345 1932 400 PAUL

2030 346 2126 400 ΑΒ.
2171 347 2235 402 x.
2277 347 2446 402 —-‘1N
2481 328 2700 403 Ertsr.
2742 349 2885 402 [AD
2923 347 3077 403 con.
3556 346 3623 399 73

365 466 517 514 esset
553 457 663 512 illic
703 457 976 511 divinitas.
1025 456 1092 510 Et
1133 459 1448 512 conscientia
1489 457 1700 512 illorum
1739 476 1856 513 cum
1879 461 1948 514 sit
1975 463 2028 523 Α

365 547 581 616 inﬁrma
623 547 1007 616 coinquinatur.
1062 546 1362 602 Maculatur
1403 549 1732 603 conscientia
1775 549 1820 603 si
1868 549 1949 604 in-

364 637 526 692 firma
569 645 654 693 est
691 638 836 692 circa
881 636 1070 690 Deum.
1131 637 1266 692 Esca
1305 648 1479 692 autem
1523 656 1617 692 nos
1664 656 1766 693 non
1807 657 1947 693 cont-

363 729 579 783 mendat
603 728 734 783 Deo.
779 727 980 784 Verum
1019 738 1122 794 est,
1149 731 1274 801 quia
1319 747 1421 786 non
1469 732 1589 788 ideo
1630 732 1742 787 Deo
1771 732 1947 802 place-

360 820 548 874 bimus
573 819 618 874 si
659 821 839 874 oumia
886 821 1178 886 ederimus,
1203 831 1295 876 aut
1329 822 1662 878 olfendemus
1693 823 1738 878 si
1767 824 1946 894 aliqua

362 909 850 978 contempserimus
875 950 890 975 ,
939 927 1099 979 neque
1139 913 1277 964 enim
1319 913 1365 965 si
1401 913 1682 978 ederimus,
1710 914 1946 969 abunda-

275 1071 278 1075 _
363 997 571 1063 bimus,
630 1016 791 1068 neque
830 1001 876 1052 si
922 1016 1025 1053 non
1065 1001 1346 1068 ederimus,
1387 1003 1550 1056 deerit
1590 1005 1756 1057 nobis.
1800 1004 1943 1059 Con-

363 1097 569 1158 tempta
607 1089 753 1143 enim
796 1088 1182 1144 sacrificiorum
1221 1105 1367 1157 esca,
1410 1107 1514 1145 non
1555 1091 1740 1161 utique
1775 1093 1948 1147 deerit

361 1179 509 1246 quod
552 1179 746 1233 edatur
785 1191 800 1231 :
849 1179 892 1233 si
934 1189 1115 1234 autem
1161 1190 1374 1252 sumpta
1417 1181 1600 1249 fuerit,
1649 1199 1754 1238 non
1777 1186 1946 1240 abun-

363 1271 536 1335 dabit,
565 1270 639 1323 ita
668 1279 727 1324 ut
751 1269 886 1324 nihil
922 1271 1244 1340 requiratur,
1272 1287 1336 1327 ac
1375 1288 1474 1342 per
1498 1274 1600 1328 hoc
1623 1273 1942 1344 abjicienda,

364 1362 492 1430 quia
531 1376 705 1432 neque
748 1362 865 1415 sine
903 1361 991 1414 illa
1031 1376 1136 1416 non
1168 1363 1369 1418 vivitur
1403 1372 1458 1420 et
1497 1365 1806 1420 scandalum
1837 1365 1944 1421 fra-

365 1453 538 1507 tribus
600 1462 706 1508 est.
763 1451 944 1506 Videte
988 1460 1163 1506 tamen
1211 1470 1275 1507 ne
1322 1453 1456 1522 forte
1517 1453 1730 1509 licentia
1774 1464 1942 1509 vestra

358 1543 582 1611 offensio
623 1543 721 1612 fiat
759 1542 1004 1611 infirmis.
1048 1541 1160 1597 lloc
1198 1551 1282 1598 est
1320 1556 1388 1597 ne
1415 1543 1539 1612 quia
1584 1543 1748 1598 licere
1788 1545 1940 1599 vobis

354 1634 525 1689 edere
555 1650 773 1688 carnem
803 1632 870 1688 de
904 1632 1171 1688 sacrificio
1199 1632 1402 1698 dicitis,
1428 1648 1526 1703 per
1551 1633 1605 1688 id
1635 1634 1778 1703 quod
1808 1632 1941 1687 nihil

352 1740 480 1779 esse
511 1725 714 1779 idolum
757 1724 930 1790 scitis,
969 1722 1321 1779 offensionem
1357 1710 1627 1795 generetis
1655 1723 1936 1790 fratribus,

2663 461 2889 518 CAPUT
2921 461 3014 516 IX.

2049 552 2260 608 Inducit
2292 554 2570 623 Apostolus
2597 553 2892 610 Corinthios
2920 554 2989 607 ad
3017 555 3220 606 virtutis
3256 557 3622 675 pegfecttonem

2245 626 2329 675 sui
2353 623 2608 675 exenmlo.
2640 634 2792 675 atoue
2819 624 3137 675 currentium
3158 623 3212 675 in
3231 633 3312 675 sta
3353 623 3423 675 io.

2245 626 2329 678 sui
2353 623 2608 694 exemplo,
2640 634 2792 693 atque
2819 624 3137 678 currentium
3158 623 3212 676 in
3231 623 3423 676 stadio.

2117 735 2242 790 Non
2280 751 2394 789 sum
2422 734 2726 805 apostolus?
2755 752 2856 789 non
2892 733 3062 789 liber?
3089 751 3258 788 nonne
3297 733 3478 788 Jesum
3515 734 3626 788 Do-

2043 826 2244 880 minum
2296 835 2530 880 nostrum
2577 826 2722 880 vidi?
2747 823 2946 896 (.4mb.)
2988 824 3122 880 Cum
3151 839 3350 896 negare
3387 823 3622 890 videtur,

2043 917 2328 972 confirmat
2358 935 2370 970 :
2405 918 2577 972 iratus
2599 917 2742 972 enim
2763 917 3022 988 loquitur.
3047 916 3361 988 Apostolum
3385 917 3529 971 enim
3563 932 3624 972 se

2042 1009 2255 1079 probat,
2275 1008 2398 1078 quia
2415 1009 2609 1064 missus
2634 1016 2717 1062 est
2740 1009 2807 1061 ad
2828 1016 3038 1078 gentes,
3063 1007 3274 1062 dicente
3305 1007 3531 1064 Domino
3553 1007 3624 1061 ad

2043 1112 2164 1152 eum
2201 1115 2214 1150 :
2254 1097 2366 1166 Ego
2401 1097 2470 1150 ad
2508 1106 2679 1167 gentes
2707 1098 2910 1150 mittam
2933 1106 2981 1150 te
3011 1098 3149 1169 (Act.
3184 1095 3318 1168 xxii)
3345 1114 3360 1162 ;
3391 1096 3621 1151 liberum

2043 1197 2223 1243 autem
2252 1203 2310 1243 se
2352 1190 2610 1253 ristendit,
2640 1188 2761 1258 quia
2800 1187 2996 1242 nullius
3042 1187 3243 1258 aliquid
3293 1185 3618 1256 concupivit,

2042 1294 2218 1348 neque
2243 1280 2296 1334 in
2325 1279 2631 1334 adulatione
2660 1279 2840 1334 docuit
2866 1297 2878 1308 ο
2906 1278 3090 1334 Jesum
3129 1287 3308 1333 autem
3334 1279 3621 1335 Dominum

2041 1379 2284 1424 nostrum
2325 1370 2479 1435 vidit,
2523 1370 2648 1424 dum
2679 1379 2860 1425 oraret
2895 1369 2948 1424 in
2979 1369 3176 1440 templo
3211 1369 3617 1441 Hierosolymis.

2043 1458 2231 1512 Nonne
2278 1475 2406 1529 opus
2456 1475 2626 1512 meum
2661 1474 2750 1512 vos
2787 1459 2910 1512 estis
2939 1459 2994 1511 in
3031 1457 3439 1513 Domino?ldco
3484 1475 3620 1530 opus
3697 1455 3712 1469 ’

2039 1547 2155 1618 ejus
2193 1558 2338 1614 sunt,
2371 1549 2496 1619 quia
2538 1550 2652 1620 ipse
2689 1549 2809 1604 illos
2851 1549 3116 1620 plantavit
3143 1549 3196 1602 in
3243 1548 3490 1614 Domino,
3522 1564 3620 1620 per

2038 1656 2237 1695 annum
2265 1650 2320 1695 et
2343 1655 2438 1694 sex
2479 1631 2692 1695 men‘scs
2717 1639 3104 1711 evangelizans
3141 1639 3220 1694 eis
3256 1641 3479 1695 verbum
3511 1641 3620 1696 Do-

2039 1732 2170 1785 mini
2197 1731 2332 1802 (Act.
2363 1729 2536 1802 xvm).
2566 1730 2634 1784 Et
2672 1731 2718 1786 si
2757 1731 2877 1785 aliis
2916 1747 3020 1785 non
3060 1747 3174 1786 sum
3216 1730 3502 1801 apostolus,
3526 1749 3616 1785 ve-

352 1817 449 1886 qui
488 1817 735 1871 nesciunt
761 1816 936 1870 adhuc
963 1815 1087 1884 quia
1128 1815 1261 1870 nihil
1301 1823 1385 1870 est
1424 1815 1645 1870 idolum.
1697 1815 1759 1872 Si
1801 1815 1939 1869 enim
1967 1807 2014 1866 Β
2043 1829 2334 1874 rumtamen
2356 1820 2495 1874 vobis
2517 1836 2654 1874 sum.
2684 1819 2817 1887 Quia
2841 1819 3040 1876 Judaais
3079 1821 3420 1876 credentibus
3449 1829 3501 1877 et
3530 1823 3616 1876 ni-

347 1909 471 1979 quis
500 1909 682 1962 viderit
711 1924 828 1962 eum
855 1908 944 1978 qui
971 1907 1121 1962 habet
1151 1909 1423 1962 scientiam
1451 1909 1507 1962 in
1531 1907 1694 1963 idolio
1736 1924 1937 1962 recum-

351 2001 580 2066 bentem,
612 2015 781 2054 nonne
811 1999 1122 2054 conscientia
1143 2000 1278 2070 ejus,
1308 2016 1427 2054 cum
1454 2000 1520 2054 sit
1545 1999 1779 2070 inﬁrma,
1808 1999 1937 2053 ωαξ-

347 2093 601 2162 ﬁeabitur
629 2093 700 2147 ad
729 2092 1156 2147 manducandum
1182 2093 1246 2146 de
1297 2090 1594 2146 simulacris
1619 2091 1644 2144 ?
1671 2089 1784 2146 Hoc
1813 2091 1934 2146 ideo

350 2185 491 2238 dixit
517 2185 643 2254 quia
671 2184 859 2240 videns
886 2184 1008 2254 quis
1047 2183 1268 2239 fratrem
1297 2184 1532 2255 peritum
1567 2183 1622 2237 in
1657 2183 1821 2238 idolio
1849 2183 1934 2238 in-

347 2277 600 2341 vitatum,
633 2274 1036 2330 recumbentcm
1078 2275 1242 2330 edere
1279 2289 1471 2329 carnes
1499 2272 1890 2328 sacrificiorum
1913 2313 1930 2340 ,

347 2376 502 2438 putat
529 2383 650 2422 esse
680 2367 788 2422 illic
814 2366 1012 2438 aliquid
1040 2367 1258 2438 gratiae,
1287 2375 1342 2421 et
1375 2365 1597 2436 incipiet
1624 2365 1740 2436 ipse
1770 2365 1931 2420 cdere

346 2472 544 2512 carnes
583 2455 1002 2522 sacrificiormn,
1042 2472 1148 2511 non
1183 2456 1271 2510 illa
1304 2456 1664 2521 conscientia,
1701 2470 1807 2525 qua
1843 2454 1931 2510 ille

346 2547 558 2618 peritia:
584 2563 779 2611 causa,
811 2546 988 2602 sciens
1014 2547 1146 2601 nihil
1176 2561 1296 2602 esse
1327 2547 1557 2612 idolum,
1595 2547 1690 2602 sed
1717 2561 1836 2602 esse
1865 2546 1930 2600 il-

346 2635 419 2691 lic
447 2644 599 2705 putat
626 2652 855 2702 numen,
898 2635 1113 2706 quando
1144 2635 1364 2690 fratrem
1393 2636 1623 2706 peritum
1652 2635 1786 2689 vidit
1820 2634 1929 2690 illic

349 2729 534 2791 edere,
563 2743 658 2783 nec
687 2728 926 2782 horrere.
956 2726 1025 2780 Et
1054 2727 1239 2797 peribit
1265 2727 1354 2797 qui
1383 2725 1624 2794 infirmus
1652 2733 1724 2778 est
1747 2725 1802 2777 in
1837 2733 1928 2778 tua

343 2819 568 2872 scientia
592 2819 757 2889 frater
780 2834 873 2888 pro
899 2835 1000 2888 quo
1029 2815 1271 2871 Christus
1300 2827 1537 2870 mortuus
1577 2825 1673 2870 est.
1725 2814 1930 2869 Peribit

341 2905 592 2961 infirmus
635 2907 681 2961 si
713 2906 837 2961 edat
864 2913 1050 2962 contra
1090 2906 1250 2961 unius
1289 2905 1383 2960 Dei
1427 2905 1588 2959 fidem
1619 2905 1685 2958 de
1715 2903 1924 2958 sacrifi-

337 2997 500 3060 catis,
522 3012 663 3067 qum,
688 2996 830 3066 quod
856 2996 1069 3064 quidem
1102 2995 1254 3064 quasi
1288 2993 1572 3048 irascentis
1593 2993 1755 3047 verba
1779 3001 1921 3058 sunt,

334 3093 394 3142 et
427 3085 764 3140 ostendentis
793 3085 922 3154 quid
961 3084 1086 3139 mali
1132 3084 1302 3155 possit
1339 3099 1531 3154 parere
1573 3083 1832 3149 scientia,
1875 3083 1921 3138 si

2040 1910 2328 1966 hilominus
2353 1909 2524 1982 legem
2559 1912 2899 1966 servantibus
2927 1910 3200 1980 apostolus
3223 1926 3340 1966 esse
3376 1912 3617 1982 negaba-

2040 2008 2146 2055 tur.
2190 1999 2307 2054 Jam
2338 2001 2482 2056 enim
2510 2000 2824 2056 circumcidi
2863 2017 2970 2055 non
3011 2001 3208 2056 debere
3239 2001 3484 2066 docebat,
3519 2017 3617 2057 ne-

2019 2107 2143 2161 .que
2191 2090 2474 2146 sabbatum
2524 2092 2804 2156 custodiri,
2851 2092 3063 2146 caateris
3110 2099 3288 2146 autem
3343 2092 3618 2162 Apostolis

2034 2189 2256 2250 propter
2276 2180 2590 2236 scandalum
2616 2183 2684 2236 ab
2707 2182 2810 2236 hac
2833 2197 2890 2237 re
2911 2181 3393 2248 dissimulantibus,
3413 2182 3500 2237 hic
3519 2181 3619 2236 ali-

2037 2281 2120 2326 ter
2167 2271 2452 2327 videbatur
2513 2273 2726 2327 docere.
2794 2271 2916 2328 Ideo
2966 2272 3237 2342 apostolus
3275 2272 3343 2326 ab
3385 2272 3471 2327 his
3524 2287 3619 2326 ne-

2033 2364 2284 2434 gabatur,
2324 2363 2409 2418 his
2455 2363 2597 2418 enim
2653 2373 2773 2418 erat
2817 2363 3088 2433 apostolus
3134 2378 3224 2432 qui
3264 2363 3510 2418 viderant
3559 2363 3618 2418 in

2032 2467 2098 2507 eo
2122 2452 2335 2506 virtutis
2367 2452 2614 2522 insignia.
2646 2452 2788 2506 Nam
2813 2451 3138 2522 signaculum
3169 2452 3492 2523 apostolatus
3513 2454 3617 2507 mei

2031 2556 2119 2594 vos
2143 2540 2264 2594 estis
2295 2540 2349 2594 in
2393 2539 2635 2594 Domino.
2667 2540 2780 2596 lloc
2805 2541 2948 2595 enim
2987 2542 3330 2610 prmdicante,
3369 2551 3618 2606 conversi

2031 2638 2158 2684 sunt
2199 2629 2268 2683 ab
2290 2629 2446 2685 idolis
2473 2629 2540 2683 ad
2571 2630 2732 2685 fidem
2758 2630 2852 2685 Dei
2899 2631 3076 2685 unius.
3111 2629 3232 2684 Mea
3283 2632 3516 2701 defensio
3546 2632 3617 2686 ad

2029 2737 2116 2774 eos
2140 2722 2230 2790 qui
2259 2738 2339 2775 me
2381 2721 2699 2792 interrogant
2744 2723 2854 2776 htrc
2899 2731 2994 2776 est.
3028 2721 3181 2776 Nunc
3227 2723 3414 2792 incipit
3456 2739 3618 2793 agere

2029 2829 2249 2869 causam
2273 2829 2433 2883 quam
2460 2815 2706 2884 superius
2734 2815 2996 2884 prtemisit
3017 2815 3202 2868 dicens
3231 2833 3244 2867 :
3271 2812 3462 2868 Omnia
3487 2817 3615 2870 mihi

2030 2903 2206 2968 licent,
2235 2903 2324 2956 sed
2345 2920 2436 2973 ego
2457 2903 2552 2956 sub
2577 2903 2773 2956 nullius
2801 2904 3008 2973 redigar
3033 2912 3302 2973 potestate.
3331 2900 3466 2956 Esca
3497 2920 3616 2958 ven-

2029 2993 2098 3046 tri
2125 3002 2172 3046 et
2213 3002 2388 3046 venter
2415 2992 2545 3046 escis
2594 2991 2787 3063 (Supra
2836 2991 2934 3061 vi).
2957 3022 3025 3030 —
3049 2990 3168 3044 Mea
3203 2991 3433 3060 defensio
3471 2993 3613 3062 apud

2029 3100 2116 3140 eos
2136 3083 2225 3156 qui
2259 3099 2338 3136 me
2360 3083 2683 3153 interrogant
2711 3084 2822 3138 htrc
2841 3093 2937 3149 est,
2961 3093 3016 3138 et
3053 3099 3173 3154 quae
3221 3085 3292 3139 sit
3321 3083 3612 3154 subiiciens

339 3195 451 3235 non
479 3177 645 3232 fuerit
672 3153 970 3246 temperata
1001 3191 1031 3229 a
1061 3153 1352 3230 charitate.
1385 3173 1452 3228 In
1479 3184 1570 3228 tua
1598 3174 1837 3240 scientia,
1869 3175 1924 3228 id
1953 3153 1997 3216 (δ
2032 3153 2163 3232 dicit
2193 3195 2204 3230 :
2235 3174 2490 3247 Nunquid
2514 3192 2616 3229 non
2645 3175 2894 3230 habemus
2928 3153 3229 3246 potestatem
3258 3153 3616 3232 manducandi

335 3279 438 3336 est,
472 3277 562 3323 tua
593 3267 786 3338 peritia
815 3266 963 3320 illum
994 3266 1223 3330 occidit,
1265 3265 1479 3336 quando
1507 3280 1537 3318 a
1568 3273 1617 3318 te
1648 3254 1760 3318 fieri
1791 3264 1924 3318 vidit

338 3359 482 3429 quod
515 3358 606 3412 ille
636 3357 794 3412 aliter
822 3356 1073 3427 intelligit
1103 3375 1116 3410 :
1143 3365 1198 3411 et
1228 3365 1282 3410 tu
1331 3358 1441 3410 eris
1486 3356 1704 3411 occasio
1735 3356 1926 3410 mortis

339 3450 518 3514 fratri,
547 3465 709 3522 quem
737 3448 984 3504 Christus
1014 3457 1072 3502 ut
1103 3449 1393 3504 redimeret
1439 3447 1682 3518 cruciligi
1715 3461 1772 3502 se
1803 3463 1925 3518 per-

337 3543 519 3608 misit,
553 3557 616 3596 ac
645 3557 741 3610 per
770 3541 874 3596 hoc
908 3540 1195 3609 aliquando
1225 3539 1292 3594 ab
1321 3540 1546 3595 scientia
1577 3537 1922 3593 dissimulan-

339 3636 468 3690 dum
497 3634 656 3687 docet
683 3631 964 3687 charitatis
998 3646 1183 3695 causa,
1205 3630 1332 3700 quia
1358 3629 1474 3684 sine
1507 3628 1670 3683 dubio
1697 3627 1818 3698 plus
1842 3637 1926 3682 est

340 3725 488 3779 salus
517 3722 704 3778 fratris
733 3737 893 3792 quam
922 3721 1098 3785 cibus,
1121 3721 1247 3790 quia
1274 3720 1401 3775 licet
1429 3719 1662 3789 quidem,
1689 3719 1783 3773 sed
1817 3732 1924 3772 non

341 3813 558 3883 expedit
586 3830 598 3864 :
628 3813 733 3866 hoc
761 3810 866 3865 erit
891 3809 1206 3880 cognovisse
1235 3809 1372 3862 sicut
1401 3815 1616 3876 oportet
1661 3813 1716 3860 et
1761 3805 1920 3859 scire.

346 3902 437 3958 Sic
462 3912 633 3956 autem
649 3909 918 3972 peccantes
941 3901 994 3954 in
1018 3899 1206 3954 fratres
1229 3908 1275 3952 et
1296 3898 1636 3969 percutientes
1654 3895 1922 3948 conscien-

339 3998 472 4049 tiam
500 3994 713 4048 illorum
744 3992 1044 4061 inﬁrmam,
1083 3992 1138 4044 in
1168 3990 1377 4045 Christo
1405 3987 1650 4059 peccatis.
1699 3984 1924 4052 Quando

339 4087 486 4142 enim
514 4083 797 4140 charitatis
823 4098 929 4136 non
960 4081 1136 4137 remuli
1185 4089 1345 4145 sunt,
1391 4095 1495 4149 qua
1535 4078 1783 4134 Christus
1825 4093 1924 4131 nos

339 4175 614 4240 liberavit,
643 4181 871 4244 peccant
896 4173 948 4226 in
978 4171 1223 4234 Christo;
1259 4186 1366 4225 non
1396 4172 1449 4224 in
1479 4169 1772 4233 Christum,
1797 4169 1922 4238 quia

340 4267 393 4320 in
416 4265 696 4320 Christum
721 4278 946 4333 peccare
969 4277 1166 4332 negare
1187 4261 1458 4316 Christum
1483 4268 1602 4316 est:
1633 4261 1685 4313 in
1709 4260 1924 4315 Christo

339 4361 547 4417 autem,
580 4353 636 4407 in
681 4352 797 4407 haec
834 4367 954 4421 qua:
993 4359 1118 4406 sunt
1147 4350 1386 4414 Christi,
1441 4349 1584 4403 sicut
1621 4357 1676 4403 et
1713 4349 1800 4403 hic
1830 4350 1922 4418 qui

340 4445 443 4499 sub
471 4444 588 4514 lege
617 4452 736 4508 est,
777 4443 830 4496 in
862 4441 976 4513 lege
1004 4441 1201 4496 dicitur
1227 4456 1470 4510 peccare,
1513 4439 1587 4493 ita
1617 4449 1671 4494 et
1699 4440 1788 4505 hi,
1831 4440 1922 4510 qui

339 4537 440 4590 sub
460 4535 679 4591 Christo
700 4543 844 4599 sunt,
869 4534 922 4588 in
940 4533 1154 4588 Christo
1170 4547 1396 4602 peccare
1417 4531 1684 4586 dicuntur.
1705 4530 1927 4601 Propter

335 4625 479 4695 quod
507 4625 554 4678 si
576 4641 695 4678 esca
715 4623 1040 4678 scandalizat
1068 4622 1304 4692 fratrem,
1335 4639 1436 4676 non
1457 4608 1608 4675 edam
1633 4637 1841 4674 carnem
1869 4619 1922 4674 in

340 4727 620 4780 ceternum,
640 4732 703 4770 ne
722 4715 935 4785 fratrem
959 4713 1330 4769 scandalizem.
1359 4713 1417 4767 ln
1441 4722 1645 4767 tantum
1671 4713 1924 4768 charitati

341 4806 667 4862 studendum
710 4807 888 4872 docet,
937 4817 996 4861 ut
1037 4807 1183 4861 licita
1225 4823 1325 4876 pro
1362 4805 1562 4862 illicitis
1599 4806 1920 4871 habeantur,

337 4913 408 4952 ne
451 4897 636 4951 obsint
679 4895 874 4950 fratri:
921 4904 1182 4965 quantum
1224 4897 1370 4950 enim
1420 4895 1545 4950 mali
1590 4905 1674 4951 est
1713 4910 1811 4965 per
1854 4895 1921 4949 il-

333 4988 484 5042 licita
523 5003 632 5043 non
670 4987 1003 5057 delinquere,
1031 4995 1086 5042 et
1123 5002 1218 5058 per
1253 5003 1318 5042 ea
1360 5003 1477 5057 qua:
1515 5001 1770 5042 concessa
1800 4995 1925 5041 sunt

331 5076 631 5142 offendere,
677 5084 739 5131 ut
779 5076 865 5131 lex
911 5085 1156 5132 servetur
1200 5078 1254 5131 in
1301 5077 1484 5143 licitis,
1532 5085 1586 5131 et
1630 5077 1683 5132 in
1722 5077 1926 5133 illicitis

335 5185 446 5222 non
495 5170 852 5236 custodiatur,
901 5171 1029 5226 dum
1085 5172 1482 5228 inconsiderate
1505 5173 1776 5227 eduntur?
1811 5173 1922 5228 Lex

330 5259 482 5314 enim
527 5260 605 5315 sic
645 5261 914 5330 permisit,
941 5277 1062 5331 quae
1100 5262 1389 5328 concessit,
1417 5269 1477 5316 ut
1517 5262 1707 5317 modus
1741 5270 1922 5318 tamen

331 5348 406 5402 sit
441 5364 603 5422 quem
631 5351 937 5408 custodiant
964 5368 1219 5408 :uxorem
1243 5363 1390 5411 certe
1423 5355 1548 5410 licet
1575 5357 1796 5422 habere,
1824 5360 1922 5414 sed

333 5440 382 5495 si
432 5441 696 5497 fornicata
726 5443 909 5510 fuerit,
955 5443 1253 5513 abiicienda
1300 5455 1420 5512 est,
1475 5449 1548 5503 ita
1598 5459 1653 5506 et
1701 5467 1921 5508 carnem

335 5530 465 5588 licet
508 5533 709 5594 cdere.
757 5537 853 5592 sed
877 5538 924 5592 si
971 5537 1127 5594 idolis
1167 5539 1344 5596 oblata
1391 5540 1575 5609 fuerit,
1620 5544 1920 5614 respuenda

337 5630 441 5676 est.

2026 3281 2074 3324 et
2106 3270 2332 3324 bibendi.
2358 3268 2471 3324 Hoc
2497 3278 2582 3324 est
2608 3271 2750 3339 quod
2777 3271 2987 3326 dixerat
3018 3289 3032 3326 :
3068 3270 3259 3325 Omnia
3283 3271 3410 3324 mihi
3435 3271 3613 3326 licent.

2030 3361 2285 3431 Nunquid
2325 3377 2427 3414 non
2463 3359 2710 3414 habemus
2745 3352 3049 3430 potestatem
3081 3360 3346 3416 mulierem
3383 3363 3612 3415 circum-

2026 3451 2274 3515 ducendi,
2315 3453 2448 3505 sicut
2483 3461 2531 3506 et
2581 3452 2756 3506 cwteri
2796 3453 3038 3522 apostoli,
3069 3462 3118 3506 et
3159 3453 3346 3522 fratres
3377 3451 3610 3517 Domini,

2027 3550 2074 3594 et
2102 3539 2342 3612 Cephas?
2381 3541 2505 3596 ldeo
2535 3541 2740 3596 addidit
2761 3552 2806 3596 et
2839 3541 3064 3613 Ceph'as,
3105 3542 3229 3612 quia
3258 3558 3378 3597 cum
3407 3543 3615 3613 primus

2027 3640 2172 3687 esset
2195 3632 2336 3686 inter
2380 3631 2672 3702 apostolos,
2711 3649 2817 3687 non
2856 3629 3126 3689 reliitabat
3170 3642 3415 3702 sumptus
3457 3633 3614 3689 obla-

2031 3733 2129 3780 tos.
2159 3723 2372 3794 Cephas
2425 3724 2539 3794 ipse
2581 3731 2663 3779 est
2709 3723 2894 3779 Simon
2924 3724 3137 3780 Petrus.
3171 3724 3421 3780 Mulieres
3465 3726 3612 3781 enim

2026 3815 2294 3870 desiderio
2321 3813 2578 3869 doctrinm
2608 3815 2898 3870 Dominica:
2925 3823 2980 3870 et
3008 3815 3214 3886 cupida:
3241 3816 3497 3870 virtutum
3523 3832 3610 3871 se-

2027 3909 2331 3977 quebantur
2357 3905 2650 3976 apostolos,
2679 3905 3048 3960 ministrantes
3073 3906 3152 3960 eis
3193 3915 3247 3960 et
3273 3915 3516 3976 sumptus
3557 3916 3616 3961 et

2027 3999 2266 4064 servilia,
2302 3998 2442 4053 sicut
2468 4007 2524 4051 et
2553 3997 2885 4051 Salvatorem
2919 4005 3107 4052 secuta
3152 4006 3275 4051 sunt
3300 3998 3614 4052 ministran-

2027 4101 2108 4146 tes
2131 4091 2180 4145 ei
2204 4091 2270 4144 de
2299 4089 2642 4144 facultatibus
2670 4089 2800 4143 suis.
2835 4090 2938 4142 Aut
2966 4088 3108 4143 solus
3135 4106 3228 4159 ego
3263 4099 3310 4143 et
3333 4089 3610 4144 Barnabas

2027 4201 2133 4238 non
2154 4182 2401 4236 habemus
2422 4190 2724 4252 potestatem
2751 4182 2847 4234 hoc
2877 4181 3170 4251 operandi?
3195 4181 3307 4236 Hoc
3336 4190 3419 4237 est
3446 4182 3612 4237 habe-

2025 4292 2146 4330 mus
2185 4283 2506 4346 potestatem
2557 4276 2838 4345 operandi,
2871 4276 2963 4330 sed
3009 4275 3294 4339 nolumus;
3327 4292 3425 4347 pro
3462 4278 3610 4332 acci-

2023 4367 2203 4437 piendi
2223 4375 2402 4422 tamen
2423 4385 2441 4415 ‹
2465 4367 2719 4436 operandi
2746 4387 2763 4417 ι
2791 4367 2888 4432 ait,
2911 4367 3260 4423 uthonestius
3277 4369 3608 4438 loqueretur,

1950 4499 2004 4558 Β
2029 4469 2085 4516 et
2120 4471 2181 4515 ut
2205 4462 2308 4515 hoc
2333 4460 2648 4523 confirmet,
2681 4459 2925 4528 exempla
2965 4459 3178 4527 subiicit
3210 4461 3395 4515 dicens
3430 4479 3442 4514 :
3481 4462 3612 4527 Quis

2030 4549 2221 4604 militat
2246 4549 2355 4603 suis
2379 4549 2649 4619 stipendiis
2671 4549 2938 4620 unquam?
2963 4548 3091 4614 Quis
3113 4548 3316 4619 plantat
3340 4551 3538 4604 vineam
3563 4560 3612 4604 et

2029 4641 2095 4693 de
2134 4639 2308 4709 fructu
2345 4640 2457 4709 ejus
2494 4657 2596 4693 non
2622 4640 2769 4694 edit?
2810 4639 2940 4705 Quis
2979 4641 3146 4711 pascit
3184 4657 3386 4710 gregem
3415 4642 3610 4702 crium,

2029 4741 2078 4786 et
2115 4732 2180 4786 de
2221 4731 2353 4785 lacte
2377 4747 2556 4786 earum
2601 4748 2704 4796 non
2743 4731 2997 4801 percipit?
3027 4730 3280 4802 Nunquid
3326 4731 3613 4786 secundum

2029 4822 2288 4876 hominem
2335 4821 2445 4875 lucc
2489 4820 2710 4891 loquor?
2758 4821 2815 4874 Id
2868 4829 2985 4885 est,
3032 4823 3273 4892 nunquid
3318 4821 3614 4875 humanam

2031 4913 2312 4968 scientiam
2343 4913 2576 4982 sequor?
2603 4912 2684 4966 An
2735 4922 2782 4966 et
2829 4911 2912 4966 lea:
2947 4922 3057 4966 ha’c
3107 4913 3287 4967 eadem
3333 4929 3436 4965 non
3462 4912 3611 4965 dicit.

2030 5005 2372 5061 Concordare
2409 5005 2592 5060 docuit
2619 5019 2778 5074 supra
2809 5005 2949 5059 dicta
2979 5003 3286 5058 testimonia
3316 5003 3613 5057 documen-

2027 5099 2099 5153 tis
2128 5097 2346 5163 divinis,
2386 5105 2446 5151 ut
2477 5096 2726 5151 ostendat
2754 5112 2861 5151 non
2893 5096 3009 5152 sine
3039 5111 3205 5150 causa
3243 5095 3428 5164 utique
3473 5094 3616 5148 nolle

2029 5206 2087 5246 se
2120 5193 2188 5246 ab
2216 5190 2320 5246 illis
2372 5198 2618 5259 sumptus
2664 5190 2930 5260 accipere,
2979 5187 3192 5258 quando
3229 5196 3310 5243 tot
3355 5186 3616 5256 exemplis

2027 5283 2263 5338 ostendit
2313 5289 2368 5336 et
2409 5281 2644 5335 dandum
2693 5290 2748 5336 et
2796 5281 3165 5350 accipiendum
3211 5294 3351 5333 esse.
3387 5277 3453 5332 In
3505 5277 3614 5347 lege

2029 5373 2166 5428 enim
2189 5374 2439 5443 scriptum
2477 5383 2552 5428 est
2581 5371 2756 5444 (Deut.
2784 5372 2911 5444 xxv)
2947 5390 2960 5425 :
2987 5368 3110 5424 Non
3135 5369 3376 5441 alligabis
3413 5387 3470 5424 os
3495 5369 3610 5421 bovi

2025 5463 2315 5516 m’turami.
2344 5459 2546 5533 (ϐπ-89.)
2588 5461 2642 5516 ln
2673 5462 2844 5518 bobus
2881 5477 3008 5531 ergo
3038 5460 3324 5531 aliquando
3368 5459 3611 5514 luxurio-

2025 5568 2208 5609 sorum
2235 5553 2526 5619 dementia,
2555 5554 2844 5624 aliquando
2877 5553 3142 5608 laboriosa
3185 5551 3440 5607 fortitudo
3465 5564 3607 5619 pra:-

2027 5645 2344 5709 dicantium,
2373 5644 2660 5714 aliquando
2705 5645 2982 5700 humilitas
3027 5643 3348 5714 exprimitur
3397 5637 3610 5693 Israeli-

2028 5743 2228 5800 tarum,
2255 5735 2380 5804 quia
2416 5735 2558 5790 enim
2585 5735 2739 5791 bovis
2781 5735 2996 5789 nomine
3026 5745 3080 5788 et
3117 5748 3212 5803 per
3243 5727 3607 5800 comparatio-
