4082 6332
459 386 529 446 79
1104 395 1167 451 Β.
1212 393 1460 452 RABANI
1502 393 1716 454 MAUltl
1757 394 2077 454 ARCIIIEP.
2122 396 2428 456 MOGUNT.
2470 399 2755 461 OPERUM
2790 403 2969 462 PARS
3006 402 3091 461 Ill.
3651 409 3723 465 80

454 520 577 562 nem
601 504 998 562 luxuriosorum
1018 509 1289 565 dementia
1316 509 1652 582 designatur,
1675 508 1931 566 Salomon
1950 508 2037 578 ju-
2064 516 2116 573 Α
2141 510 2266 566 inde
2291 512 2436 567 vivat
2458 513 2549 569 ubi
2580 514 2789 571 laborat
2821 535 2835 572 :
2868 517 3010 573 hanc
3033 531 3162 587 ergo
3194 520 3456 573 rationem
3495 522 3597 591 ipsi
3619 535 3723 575 na-

452 594 620 661 tlicat,
649 595 742 666 qui
776 611 903 650 cum
951 596 1371 655 malesuadentis
1411 596 1654 653 mulieris
1688 598 2038 668 petulantiam

451 684 823 756 praemisisset,
848 679 1096 754 adiunxit
1120 705 1133 742 :
1160 685 1450 759 Statimque
1470 698 1585 743 eam
1608 689 1861 759 sequitur,
1888 689 2041 759 quasi

455 776 545 831 bos
584 777 771 830 ductus
794 776 864 830 ad
886 777 1149 832 victimam
1179 776 1362 850 (Prov.
1386 778 1506 850 vn).
1539 777 1747 833 Rursus
1769 778 1896 848 quia
1938 776 2039 834 bo-

452 866 536 921 vis
567 866 785 922 nomine
813 865 965 921 labor
982 868 1353 937 przedicatoris
1379 869 1700 939 exprimitur
1720 864 1854 941 legis
1874 869 2038 925 verba

455 965 746 1024 testantur,
778 957 867 1012 ubi
908 957 1104 1031 legitur
1133 976 1147 1014 :
1176 958 1302 1014 Non
1349 961 1614 1015 obturabis
1640 976 1697 1016 os
1732 961 1848 1016 bovi
1887 962 2039 1016 tritu-

455 1057 618 1123 rami;
642 1072 707 1112 ac
751 1057 796 1113 si
841 1065 1023 1128 aperte
1048 1058 1292 1114 diceret:
1321 1057 1737 1114 Praedicatorem
1786 1057 1936 1113 verbi
1973 1056 2042 1113 ab

455 1147 845 1218 stipendiorum
903 1150 1123 1206 suorum
1177 1150 1523 1222 perceptione
1572 1166 1681 1206 non
1729 1138 2037 1221 prohibeas.

455 1237 696 1294 Rursum
723 1239 847 1309 quia
894 1239 1048 1296 bovis
1087 1240 1302 1296 nomine
1328 1240 1480 1312 plebs
1520 1239 1812 1296 Israelitica
1841 1239 2040 1312 ligura-

452 1334 581 1398 tur,
626 1332 887 1402 propheta
939 1332 1135 1389 asserit
1189 1333 1283 1404 qui
1326 1331 1703 1403 Redemptoris
1750 1332 2040 1388 adventum

370 1468 381 1477 .
457 1423 783 1480 denuntians
816 1423 985 1480 dicit:
1009 1422 1259 1497 Cognovit
1292 1426 1382 1480 bos
1405 1442 1752 1496 possessorem
1788 1441 1963 1491 suum,
1992 1432 2043 1478 ct

456 1516 638 1570 asinus
666 1531 892 1586 prtesepe
915 1516 1117 1570 domini
1142 1517 1225 1571 sui
1254 1516 1390 1590 (lsa.
1428 1515 1487 1588 I).
1513 1514 1620 1571 Per
1656 1515 1849 1572 bovem
1893 1515 2042 1572 scili-

455 1614 543 1660 cet
589 1604 942 1660 lsraeliticum
970 1606 1220 1677 populum
1258 1608 1388 1678 jugo
1452 1607 1585 1678 legis
1632 1607 1925 1662 edomitum
1974 1607 2045 1661 si-

452 1710 645 1764 gnans,
674 1709 772 1764 per
798 1694 1010 1750 asinum
1035 1710 1164 1751 vero
1208 1694 1461 1766 gentilem
1501 1694 1755 1765 populum
1801 1693 2045 1749 indicans

452 1783 820 1855 voluptatibus
862 1783 1101 1839 deditum
1146 1792 1201 1840 et
1244 1785 1464 1857 gravius
1511 1785 1755 1839 brutum.
1788 1782 2043 1854 Nunquid

2140 612 2276 657 tum:
2298 611 2355 658 et
2390 607 2786 662 conversationi
2815 609 3065 663 humanae
3095 608 3335 663 decrevit
3367 626 3381 664 ε
3410 607 3515 665 hoc
3544 619 3724 665 tamen

2140 692 2209 748 ad
2232 690 2503 749 cumulum
2533 696 2710 752 adhuc
2743 697 2950 754 addens
2993 706 3184 769 gravat
3226 713 3468 767 causam,
3507 708 3568 755 ut
3613 717 3727 759 non

2139 780 2257 843 leve
2301 786 2466 844 faciat
2491 803 2666 860 neque
2704 790 2975 859 odiosum,
3023 791 3167 862 quod
3196 793 3365 847 tantis
3402 793 3730 853 testimoniis

2140 879 2504 944 commendat,
2530 887 2587 933 et
2614 895 2722 935 non
2770 887 2948 936 tamen
2986 880 3088 936 sibi
3119 881 3383 951 prolicere
3409 883 3524 937 vult
3546 900 3614 940 ne
3655 885 3726 940 li-

2138 966 2405 1025 bertatem
2433 969 2695 1040 arguendi
2722 970 2990 1027 humiliet.
3024 970 3138 1044 Ego
3164 982 3339 1027 autem
3366 972 3510 1028 nullo
3537 975 3727 1029 harant

2142 1078 2268 1116 usus
2294 1078 2430 1117 sum.
2455 1061 2749 1132 Postquam
2774 1062 2958 1118 multis
2985 1062 3160 1118 modis
3185 1062 3422 1119 ostendit
3444 1063 3607 1120 licere
3636 1079 3730 1121 ac-

2142 1154 2344 1224 cipere,
2370 1153 2473 1210 sibi
2496 1163 2678 1211 tamen
2716 1171 2826 1211 non
2852 1170 2989 1227 opus
3011 1170 3155 1221 esse,
3206 1154 3364 1212 obest
3406 1156 3556 1214 enim
3578 1158 3726 1213 acci-

2139 1259 2270 1315 pere
2317 1261 2349 1299 a
2396 1246 2764 1316 peccantibus,
2814 1246 2955 1302 sicut
3014 1260 3178 1316 supra
3231 1247 3544 1303 memoravi.
3600 1246 3728 1301 Non

2141 1336 2327 1406 scripsi
2365 1345 2539 1391 autem
2564 1337 2676 1391 hwc
2701 1345 2757 1390 ut
2778 1337 2854 1391 ita
2879 1336 3012 1406 fiant
3041 1337 3094 1391 in
3130 1351 3231 1390 me.
3262 1334 3470 1391 Bonum
3494 1346 3569 1391 est
3587 1336 3729 1391 enim

2143 1424 2270 1479 mihi
2293 1426 2459 1496 magis
2482 1426 2797 1497 mori-quam
2826 1434 2881 1480 ut
2903 1425 3127 1496 gloriam
3158 1442 3329 1480 meam
3355 1426 3471 1497 quis
3495 1434 3726 1481 evacuet.

2143 1515 2383 1572 Gloriam
2424 1532 2576 1572 suam
2604 1515 2735 1572 dicit
2767 1517 2820 1571 in
2848 1532 2937 1583 eo,
2965 1517 3009 1571 si
3037 1514 3302 1587 evangelii
3328 1500 3590 1571 severitas
3614 1531 3729 1570 ma-

2146 1615 2293 1674 neat,
2320 1616 2377 1662 et
2404 1608 2578 1678 magis
2611 1608 2751 1664 mori
2778 1608 2949 1680 eligit,
2978 1622 3141 1678 quam
3178 1606 3441 1678 evangelii
3465 1606 3590 1678 jura
3616 1605 3731 1663 vio-

2144 1698 2279 1765 lare,
2306 1699 2484 1756 sciens
2512 1698 2617 1755 hoc
2640 1699 2812 1770 magis
2859 1698 2963 1755 sibi
2993 1697 3258 1768 prolicere
3280 1698 3349 1752 ad
3381 1697 3619 1752 futuram
3643 1712 3732 1753 sa-

2146 1788 2348 1858 lutem;
2379 1789 2618 1875 debitum
2643 1790 2789 1847 enim
2824 1789 3143 1860 obsequium
3185 1790 3374 1845 abnuit
3403 1789 3473 1845 ab
3503 1788 3590 1844 his
3624 1787 3732 1844 sibi

454 1864 519 1927 de
546 1872 706 1928 bobus
751 1890 881 1927 cura
924 1884 997 1928 est
1026 1872 1175 1929 Deo?
1216 1874 1415 1947 (Amb.)
1439 1873 1661 1928 Interim
1706 1874 1895 1945 paucis
1943 1874 2046 1929 hoc
2074 1865 2120 1925 Β
2148 1880 2406 1951 impendi,
2430 1864 2504 1934 ne
2532 1896 2629 1951 per
2653 1881 2757 1936 hoc
2785 1880 3054 1952 accipiant
3078 1879 3331 1935 ﬁduciam
3359 1877 3729 1949 delinquendi.

454 1964 817 2021 absolvamus.
846 1964 904 2019 In
950 1964 1086 2021 Jona
1127 1966 1271 2021 enim
1317 1966 1577 2037 propheta
1626 1966 1884 2036 scriptum
1911 1974 2038 2021 est:

457 2055 582 2111 Non
619 2073 835 2128 parcam
873 2056 1072 2111 civitati
1104 2057 1159 2111 in
1190 2075 1292 2129 qua
1319 2056 1556 2111 habitant
1597 2056 1713 2127 plus
1742 2073 1901 2127 quam
1925 2072 2046 2111 cen-

454 2154 565 2201 tum
591 2147 774 2220 viginti
796 2146 964 2202 millia
982 2148 1275 2212 hominum,
1296 2158 1343 2201 et
1365 2163 1551 2218 pecora
1573 2149 1737 2201 multa
1762 2146 1909 2218 (Jan.
1934 2145 2041 2219 tv);

454 2249 510 2296 et
528 2240 1004 2312 Psalmigraphus:
1038 2238 1312 2306 Homines,
1335 2239 1533 2311 inquit,
1561 2249 1610 2294 et
1646 2240 1891 2310 jumenta
1932 2238 2046 2294 sal-

455 2333 599 2387 vabis
620 2331 803 2405 (Psal.
825 2335 1019 2405 xxxv),
1044 2333 1316 2403 quomodo
1340 2346 1472 2402 ergo
1497 2331 1639 2386 Deus
1659 2346 1768 2386 non
1800 2338 1955 2386 curat
1979 2329 2047 2387 de

452 2423 633 2479 bobus
661 2432 715 2478 et
736 2421 1057 2493 pecoribus?
1083 2422 1179 2478 sed
1218 2437 1325 2478 non
1368 2428 1529 2477 curat
1566 2421 1632 2476 de
1673 2421 1847 2476 bobus
1871 2429 1927 2476 et
1955 2434 2048 2491 pe-

457 2514 675 2570 coribus
722 2523 943 2586 propter
967 2514 1085 2570 haec
1126 2514 1261 2584 ipsa,
1285 2512 1381 2568 sed
1423 2521 1645 2584 propter
1668 2527 1787 2577 nos,
1816 2527 2046 2582 quorum

454 2620 624 2662 causa
655 2614 782 2662 sunt
812 2604 955 2661 facta
988 2624 1000 2658 ε
1029 2605 1149 2662 ideo
1177 2605 1245 2661 de
1271 2602 1428 2660 nobis
1464 2611 1644 2670 curat,
1675 2619 1785 2660 non
1824 2604 1891 2660 de
1920 2603 2044 2659 illis.

460 2698 564 2751 Aut
584 2699 756 2768 potius
787 2698 965 2768 utique
992 2705 1202 2768 propter
1232 2712 1325 2751 nos
1354 2695 1504 2760 dicit,
1530 2704 1741 2766 propter
1779 2710 1872 2748 nos
1910 2692 2047 2748 enim

457 2790 707 2860 scriptum
741 2799 815 2843 est
859 2787 986 2860 (Per
1012 2788 1243 2857 ﬁguram
1280 2788 1429 2845 enim
1455 2786 1639 2843 omnia
1668 2784 1815 2842 dicta
1843 2784 1914 2841 ad
1949 2800 2048 2842 nos

462 2880 766 2952 transeunt)
793 2897 805 2933 :
835 2878 1098 2946 Quoniam
1139 2880 1229 2951 qui
1272 2878 1328 2934 in
1356 2895 1445 2949 spe
1473 2887 1591 2933 arat
1618 2885 1666 2934 et
1689 2876 1923 2942 triturat,
1952 2876 2046 2932 de-

459 2972 540 3026 bet
562 2972 672 3041 spei
695 2986 808 3026 sute
828 2970 1060 3040 fructum
1099 2969 1379 3041 percipere.
1414 2967 1612 3024 Verum
1641 2974 1743 3033 est,
1789 2967 1915 3037 quia
1944 2967 2048 3021 hac

457 3077 554 3133 spe
580 3061 874 3124 laboratur,
906 3069 967 3116 ut
1006 3059 1215 3117 fructus
1243 3059 1507 3130 capiatur.
1536 3056 1595 3112 Si
1639 3073 1733 3111 nos
1774 3055 1914 3111 vobis
1941 3056 2048 3127 spi-

444 3151 640 3205 ritalia
678 3151 1069 3216 seminavimus,
1097 3165 1347 3223 magnum
1386 3149 1552 3214 est,si
1597 3155 1767 3201 vestra
1806 3144 2047 3201 carnalia

460 3253 740 3296 metamus.
769 3240 890 3297 Non
939 3240 1072 3296 dicit
1120 3255 1396 3312 magnum,
1434 3252 1609 3308 neque
1659 3252 1759 3308 par
1806 3249 1947 3302 esse,
2000 3216 2119 3292 siC

434 3330 897 3403 [evangelizantes
920 3346 1145 3403 regnum
1172 3330 1290 3396 Dei,
1316 3336 1372 3385 et
1390 3327 1599 3386 emlesti
1620 3326 1740 3383 cibo
1761 3326 2047 3383 ecclesiam

462 3425 802 3496 saginantes,
837 3424 1092 3479 alimenta
1122 3422 1366 3495 corporis
1411 3429 1710 3487 sumerent,
1740 3430 1800 3476 ut
1826 3421 2047 3477 traden-

461 3523 546 3571 tes
567 3524 793 3582 zeterna,
822 3524 1283 3585 consequerentur
1328 3512 1659 3584 temporalia.
1692 3512 1754 3569 Si
1780 3512 1873 3568 alii
1908 3523 2053 3584 pote-

462 3617 596 3664 state
634 3618 805 3664 vestra
849 3618 1095 3673 utuntur,
1126 3624 1298 3663 nonne
1341 3607 1508 3677 magis
1540 3606 1674 3660 nos?
1702 3603 1760 3661 Si
1806 3605 1950 3660 enim
1995 3604 2050 3659 hi

469 3698 557 3771 qui
588 3714 683 3770 per
697 3697 1029 3770 evangelium
1056 3698 1246 3755 Patres
1272 3699 1436 3754 vestri
1463 3713 1568 3752 non
1598 3705 1740 3761 sunt,
1771 3711 1870 3752 nec
1896 3710 2053 3751 eum‘

467 3790 589 3846 dem
631 3787 881 3846 allectum
913 3790 1113 3847 habent
1157 3805 1286 3862 erga
1332 3805 1452 3852 vos.
1500 3788 1809 3846 facultatem
1854 3788 2057 3843 habent

464 3887 790 3958 accipiendi,
818 3897 1023 3959 quanto
1051 3887 1224 3958 magis
1263 3886 1398 3942 nos?
1434 3894 1489 3941 et
1516 3884 1852 3948 subauditur,
1885 3880 2055 3937 vestri

466 3976 719 4049 apostoli,
748 3978 876 4048 quia
902 3977 1181 4034 Barnabas
1225 3975 1503 4048 apostolus
1522 3982 1658 4029 erat.
1687 3972 1791 4029 Sed
1820 3988 1924 4027 non
1959 3987 2053 4026 su-

432 4064 585 4124 'mus
616 4070 700 4125 usi
720 4068 818 4125 hac
857 4078 1132 4141 potestate,
1168 4068 1260 4124 sed
1293 4067 1469 4122 omnia
1496 4065 1781 4120 toleramus
1808 4079 1872 4118 ne
1913 4062 2054 4134 quod

466 4160 894 4232 impedimentum
919 4160 1099 4215 demus
1131 4158 1394 4230 evangelio
1428 4155 1643 4212 Christi.
1672 4156 1773 4211 Diu
1811 4154 2056 4210 occulta-

466 4259 582 4306 tum
605 4251 841 4321 prodidit
869 4265 1120 4316 sensum;
1149 4247 1384 4306 ostendit
1403 4246 1548 4303 enim
1575 4253 1822 4314 sumptus
1848 4243 1970 4300 ideo
1997 4257 2058 4299 se

470 4339 615 4395 nolle
634 4355 758 4395 cum
785 4339 976 4396 liceret
1003 4338 1270 4409 accipere,
1316 4350 1384 4391 ne
1422 4336 1575 4407 vigor
1607 4332 1931 4404 evangelica:
1956 4347 2054 4386 au-

470 4424 741 4486 ctoritatis
771 4436 1120 4500 torpesceret.
1164 4423 1603 4495 Pseudoapostoli
1634 4422 1780 4479 enim
1826 4436 2059 4493 peccan-

467 4523 619 4578 tibus
637 4520 1074 4587 blandiebantur,
1097 4518 1342 4575 volentes
1359 4515 1622 4585 accipere,
1649 4513 1723 4567 ita
1745 4518 1932 4567 utnon
1954 4511 2057 4566 sibi

471 4610 787 4666 viderentur
813 4624 1039 4682 peccare
1068 4607 1177 4664 illis
1215 4603 1442 4675 subjecti
1467 4620 1482 4670 ;
1512 4603 1607 4659 sed
1649 4602 1904 4672 quoniam
1940 4600 2059 4656 haec

475 4717 569 4758 res
605 4710 793 4757 contra
832 4701 1201 4774 evangelicam
1243 4706 1362 4754 erat
1402 4695 1765 4768 disciplinam,
1817 4694 1906 4750 hic
1948 4709 2057 4749 non

473 4793 590 4851 vult
634 4793 901 4863 accipere,
943 4802 1005 4848 ut
1044 4792 1215 4847 libere
1248 4797 1460 4860 arguat,
1488 4801 1555 4842 ne
1602 4786 1658 4841 in
1688 4784 1906 4841 illorum
1955 4799 2059 4839 nu-

471 4897 628 4938 mero
650 4882 987 4946 inveniatur;
1012 4889 1073 4936 ut
1096 4880 1240 4936 enim
1275 4878 1470 4951 regulae
1499 4877 1806 4932 christiana:
1836 4875 1920 4930 vis
1946 4889 2061 4929 ma-

472 4978 631 5027 neret
654 4970 821 5036 licita,
850 4968 1037 5026 illicita
1064 4968 1212 5036 fecit,
1229 4968 1356 5039 quia
1384 4968 1459 5023 illi
1482 4981 1579 5038 per
1600 4965 1872 5022 licentiam
1892 4962 2061 5021 oll‘en-

471 5061 694 5117 dcbant.
726 5060 952 5116 Nescitis
991 5062 1240 5133 quoniam
1272 5061 1362 5132 qui
1386 5060 1440 5114 in
1463 5058 1714 5114 sacrariis
1750 5065 2058 5128 operantur,

471 5157 541 5212 de
565 5157 798 5212 sacrario
820 5158 1013 5223 vivunt,
1046 5166 1095 5214 et
1113 5158 1204 5229 qui
1231 5157 1388 5212 altari
1410 5156 1726 5221 deserviunt,
1753 5153 1912 5208 altari
1930 5169 2058 5225 par-

473 5246 879 5318 ticipanlttr71n
903 5249 1157 5304 sacrariis
1182 5246 1352 5318 legem
1376 5247 1653 5319 gentilium
1684 5242 1974 5316 signiﬁcat,
2005 5242 2061 5297 in

473 5337 634 5393 altari
680 5351 810 5393 vero
844 5335 1151 5395 Judaaorum
1185 5356 1199 5392 :
1231 5338 1310 5394 sic
1337 5336 1483 5392 enim
1528 5333 1765 5391 decrevit
1804 5332 2063 5387 Dominus

473 5445 573 5500 per
600 5428 842 5502 Moysen,
876 5440 937 5487 ut
956 5431 1024 5488 de
1047 5430 1134 5487 his
1158 5446 1278 5501 quae
1306 5428 1486 5486 oblata
1520 5436 1697 5492 erant,
1730 5434 1937 5497 partem
1967 5442 2058 5483 su-

475 5528 691 5576 merent
749 5522 1076 5578 sacerdotes.
1128 5519 1216 5575 Ita
1267 5518 1524 5599 Dominus
1581 5517 1737 5573 Iesus
1794 5518 2056 5574 ordinavit

475 5628 563 5666 eos
605 5613 697 5683 qui
728 5612 1057 5683 euangelium
1101 5612 1417 5666 annuntiant
1454 5610 1520 5665 de
1563 5608 1829 5681 evangelio
1867 5611 2053 5665 vivere.

477 5701 596 5759 Non
619 5718 748 5774 ergo
773 5703 915 5758 Deus
940 5718 1035 5773 per
1063 5700 1281 5774 Moysen
1318 5700 1596 5773 gentilium
1640 5700 1869 5757 formam
1896 5715 2055 5757 secu-

460 5802 569 5883 Ktus
592 5804 695 5861 est,
722 5794 818 5850 sed
866 5793 978 5864 ipsa
1021 5793 1282 5849 naturalis
1309 5794 1449 5849 ratio
1473 5792 1575 5850 hoc
1602 5792 1786 5860 habet,
1827 5800 1887 5847 ut
1938 5790 2058 5863 quis

2088 4562 2136 4622 D

2148 1968 2292 2025 Nam
2318 1972 2364 2025 si
2391 1970 2759 2043 evangelizem,
2788 1987 2894 2024 non
2933 1979 3009 2024 est
3051 1969 3179 2023 mihi
3225 1970 3419 2040 gratia,
3451 1969 3731 2023 necessitas

2145 2063 2283 2117 enim
2308 2060 2438 2116 mihi
2463 2061 2737 2115 incumbit.
2772 2059 2927 2115 Sicut
2949 2059 3083 2115 dicit
3107 2058 3416 2123 Dominus;
3439 2072 3564 2113 eum
3588 2056 3733 2113 fece-

2146 2153 2268 2209 ritis
2309 2167 2430 2223 quze
2468 2152 2592 2208 dico
2624 2151 2801 2219 vobis,
2864 2152 3030 2207 dicite
3078 2149 3219 2206 servi
3264 2148 3478 2204 inutiles
3520 2164 3730 2214 sumus,

2146 2259 2268 2315 quae
2312 2242 2595 2299 debuimus
2634 2242 2837 2309 facere,
2876 2234 3264 2299 fecimusai’a:
3304 2242 3444 2296 enim
3477 2241 3604 2295 mihi
3633 2241 3735 2295 erit

2146 2337 2192 2389 si
2226 2350 2330 2389 non
2372 2333 2724 2404 praedicavero
2752 2330 3095 2404 evangelium.
3127 2328 3322 2387 Missus
3368 2331 3512 2387 enim
3542 2346 3735 2387 servus

2147 2438 2179 2478 a
2220 2423 2467 2490 Domino,
2501 2421 2627 2479 facit
2666 2422 2829 2478 etiam
2859 2421 3061 2478 invitus
3087 2421 3232 2494 quod
3271 2422 3376 2477 sibi
3403 2430 3733 2492 praeceptum

2147 2523 2248 2583 est,
2279 2515 2325 2571 si
2347 2517 2659 2586 quominus,
2689 2515 3020 2586 astringatur
3050 2514 3223 2586 plagis
3252 2528 3473 2569 necesse
3503 2522 3605 2569 est.
3632 2513 3734 2568 De-

2147 2607 2311 2676 nique
2340 2606 2551 2678 Moyses
2600 2607 2801 2662 invitus
2832 2606 3031 2662 missus
3059 2613 3139 2661 est
3167 2606 3237 2661 ad
3279 2604 3639 2672 Pharaonem,
3676 2612 3736 2661 et

2146 2695 2310 2755 Jonas
2334 2707 2557 2755 coactus
2588 2705 2674 2754 est
2698 2697 2996 2768 praedicare
3015 2695 3288 2751 Ninivitis.
3328 2695 3470 2750 Nam
3494 2696 3539 2750 si
3564 2695 3735 2751 volens

2146 2786 2244 2842 hoc
2265 2804 2384 2858 ago,
2410 2787 2697 2843 mercedem
2716 2786 2901 2841 habeo.
2932 2784 3274 2841 Manifestum
3293 2795 3396 2851 est,
3420 2786 3546 2855 quia
3572 2801 3734 2841 nemo

2147 2879 2344 2950 accipit
2371 2879 2865 2935 remunerationem
2890 2876 3007 2948 ejus
3046 2877 3125 2932 rei
3165 2892 3328 2948 quam
3370 2876 3572 2961 invitus
3600 2876 3735 2947 agit.

2149 2968 2208 3025 Si
2241 2970 2388 3024 enim
2415 2968 2771 3033 voluntarius,
2807 2968 2999 3041 dignus
3018 2968 3268 3024 mercede
3301 2975 3406 3033 est,
3445 2967 3570 3037 quia
3600 2981 3733 3022 eon-

2147 3061 2311 3117 sentit
2339 3059 2557 3115 domino
2602 3072 2657 3116 et
2705 3060 2851 3130 quod
2884 3058 3158 3113 voluntate
3204 3058 3268 3113 ﬁt
3314 3056 3504 3113 melius
3557 3057 3635 3112 ﬁt.
3676 3054 3736 3111 Si

2149 3162 2322 3207 autem
2368 3151 2582 3217 invitus,
2609 3151 2930 3221 dispensatio
2974 3151 3102 3205 mihi
3135 3150 3332 3205 credita
3358 3158 3451 3205 est.
3484 3146 3594 3205 Nec
3630 3149 3737 3204 hoc

2150 3248 2439 3302 obscurum
2468 3255 2573 3312 est,
2615 3245 2743 3316 quia
2769 3245 2861 3316 qui
2892 3246 3175 3301 indevotus
3208 3244 3411 3315 aliquid
3446 3241 3594 3310 facit,
3624 3254 3735 3296 non

2149 3338 2424 3395 voluntate
2452 3338 2598 3405 facit,
2630 3339 2727 3396 sed
2755 3339 3099 3404 necessitate,
3127 3337 3254 3408 quia
3279 3338 3425 3392 enim
3452 3334 3738 3406 potestatis

2151 3447 2262 3488 sua:
2290 3446 2396 3486 non
2426 3439 2533 3497 est,
2562 3429 2696 3487 facit
2722 3429 2925 3485 invitus
2967 3428 3114 3499 quod
3144 3427 3246 3483 sibi
3276 3434 3603 3497 praeceptum
3627 3433 3734 3480 est.

2153 3522 2284 3589 Qua:
2312 3538 2433 3594 ergo
2461 3523 2557 3577 erit
2583 3537 2774 3577 merces
2805 3537 2919 3574 mea
2939 3561 2954 3586 ,
2978 3519 3046 3574 Ut
3073 3516 3393 3589 evangelium
3415 3515 3737 3570 annuntians

2150 3614 2264 3668 sine
2285 3622 2495 3684 sumptu
2519 3629 2712 3684 ponam
2748 3611 3094 3683 euangelium,
3136 3619 3193 3664 ut
3236 3625 3340 3662 non
3368 3608 3557 3662 abutar
3594 3616 3740 3677 pote-

2153 3712 2288 3758 state
2316 3719 2433 3759 mea
2460 3703 2516 3758 in
2542 3704 2827 3775 euangelio.
2859 3702 3130 3774 Repressa
3162 3701 3451 3758 verborum
3476 3698 3741 3770 jactantia

2154 3794 2437 3866 gloriatur,
2477 3807 2534 3850 et
2573 3794 2688 3849 vult
2733 3793 2958 3866 intelligi
2998 3802 3201 3863 quanta
3246 3792 3440 3863 dignus
3491 3789 3743 3845 mercede

2155 3887 2248 3953 sit,
2282 3887 2407 3958 quia
2436 3894 2706 3957 potestate
2738 3900 2835 3942 sua
2866 3900 2973 3940 non
2999 3885 3171 3940 utitur
3198 3882 3258 3938 in
3287 3880 3586 3951 evangelio,
3611 3880 3744 3934 dum

2155 3977 2364 4048 respuit
2395 3976 2607 4033 oblatos
2642 3984 2911 4047 sumptus,
2954 3990 3023 4047 ne
3062 3973 3170 4028 vim
3212 3972 3611 4044 praedicationis
3642 3970 3745 4025 bu-

2156 4070 2331 4127 miliet
2348 4088 2362 4124 :
2380 4070 2483 4125 hoc
2500 4077 2585 4124 est
2611 4067 2797 4133 licere,
2822 4066 2917 4123 sed
2940 4081 3049 4121 non
3077 4064 3330 4136 expedire
3356 4072 3580 4134 propter
3600 4061 3745 4121 salu.-

2158 4170 2269 4218 tem
2302 4159 2556 4225 fratrum,
2579 4167 2642 4214 ut
2679 4157 3046 4228 corrigantur.
3075 4154 3270 4212 Forma
3311 4168 3441 4225 ergo
3466 4153 3583 4208 vult
3623 4166 3746 4209 esse

2159 4251 2368 4308 caneris
2392 4249 2567 4305 utubi
2594 4249 2782 4304 vident
2808 4263 2917 4304 non
2955 4247 3227 4317 expedire,
3251 4246 3415 4301 etiam
3444 4244 3610 4300 licitis
3634 4256 3744 4298 non

2159 4350 2401 4399 utantur.
2427 4341 2485 4397 Si
2514 4340 2803 4412 quominus
2826 4338 3025 4396 delicto
3050 4337 3179 4393 ﬁent
3204 4336 3284 4393 rei
3311 4354 3325 4391 :
3351 4334 3497 4405 quod
3524 4343 3747 4391 sumunt

2160 4449 2284 4491 cum
2313 4434 2380 4488 ad
2404 4432 2790 4488 detrimentum
2815 4445 2923 4486 non
2946 4424 3213 4499 proﬁciat.
3235 4426 3417 4499 (Aug.)
3441 4425 3578 4482 Dicit
3598 4424 3747 4480 enim

2160 4522 2449 4594 Apostolus
2478 4522 2644 4578 licere
2690 4521 2794 4577 sibi
2836 4519 3056 4590 quidem
3100 4526 3157 4574 et
3197 4518 3519 4588 permissum
3567 4529 3689 4571 esse
3713 4529 3746 4568 a

2161 4613 2409 4680 Domino,
2446 4621 2508 4669 ut
2537 4612 2627 4682 qui
2655 4610 2994 4683 evangelium
3029 4607 3374 4672 annuntiant,
3402 4606 3469 4662 de
3508 4619 3743 4677 evange-

2158 4704 2235 4761 lio
2260 4704 2465 4770 vivant,
2489 4703 2545 4758 id
2575 4709 2682 4767 est,
2704 4702 2771 4758 de
2804 4699 3083 4769 evangelio
3109 4698 3347 4753 habeant
3371 4710 3434 4752 ea
3473 4710 3595 4767 quae
3619 4694 3747 4750 huic

2161 4796 2288 4853 vita:
2313 4805 2472 4851 erant
2496 4794 2824 4850 necessaria.
2858 4790 2965 4847 Sed
2991 4800 3104 4844 tum
3143 4804 3202 4844 se
3236 4804 3342 4844 non
3375 4802 3495 4843 esse
3519 4788 3747 4842 abusum

2163 4892 2267 4947 hac
2313 4894 2580 4960 potestate
2614 4905 2628 4941 :
2658 4894 2815 4942 erant
2860 4882 3005 4939 enim
3056 4879 3211 4936 multi
3267 4880 3360 4950 qui
3403 4879 3746 4935 occasionem

2163 4984 2365 5040 habere
2407 4978 2696 5050 cupiebant
2740 4974 3057 5046 acquirendi
3099 4980 3156 5028 et
3202 4968 3469 5026 vendendi
3513 4983 3748 5038 evange-

2159 5075 2314 5140 lium,
2340 5071 2535 5143 quibus
2561 5084 2683 5124 eam
2702 5068 2890 5123 volens
2928 5073 3211 5136 amputare
3234 5061 3544 5133 Apostolus,
3572 5061 3750 5116 mani-

2161 5166 2263 5221 bus
2293 5163 2406 5219 suis
2432 5161 2635 5217 victum
2681 5173 2839 5214 suum
2890 5155 3159 5213 toleravit.
3210 5154 3286 5210 De
3329 5150 3414 5208 his
3457 5152 3603 5207 enim
3639 5150 3748 5207 alio

2160 5258 2281 5315 loco
2307 5254 2442 5311 dicit
2467 5251 2553 5326 (II
2597 5250 2720 5306 Cor.
2756 5249 2833 5322 ιι)
2861 5267 2873 5303 :
2904 5258 2960 5304 ut
2991 5254 3253 5318 amputem
3295 5244 3616 5299 occasionem
3666 5241 3748 5296 his

2160 5354 2250 5425 qui
2271 5359 2511 5424 quierunt
2530 5347 2874 5404 occasionem.
2906 5344 3227 5414 Quanquam
3265 5341 3431 5396 etiam
3466 5339 3607 5394 sicut
3642 5352 3751 5393 eaa-

2164 5442 2354 5500 teri'et
2392 5440 2520 5496 boni
2558 5436 2799 5509 Apostoli
2838 5436 3103 5508 permissu
3136 5430 3346 5488 Domini
3375 5429 3443 5485 de
3469 5427 3750 5498 evangelio

2166 5532 2390 5598 viveret,
2420 5538 2603 5586 etnon
2646 5528 2701 5583 in
2736 5542 2802 5582 eo
2829 5527 2973 5582 victu
3018 5521 3371 5579 constitueret
3398 5520 3559 5575 ﬁnem
3585 5532 3753 5598 evan:

2164 5623 2452 5698 gelizandi,
2480 5622 2575 5678 sed
2599 5620 2770 5691 magis
2800 5620 2970 5692 ipsius
2994 5617 3171 5673 victus
3199 5615 3281 5671 sui
3314 5614 3474 5669 tinem
3502 5612 3557 5666 in
3585 5626 3752 5666 evan-

2164 5717 2307 5788 gelio
2345 5714 2656 5780 collocaret,
2684 5713 2737 5769 id
2780 5720 2887 5779 est,
2932 5724 3039 5765 non
3081 5708 3201 5765 ideo
3245 5705 3656 5779 evangelizaret,
3689 5709 3751 5757 ut

2165 5809 2469 5877 perveniret
2510 5809 2576 5865 ad
2598 5806 2796 5872 cibum,
2827 5813 2880 5860 et
2909 5802 2952 5859 si
2975 5817 3081 5866 qua
3124 5808 3250 5856 sunt
3273 5798 3379 5853 alia
3420 5794 3748 5858 necessaria,
