4082 6332
345 368 408 429 8t
844 313 1408 421 suanaarionun
1438 354 1508 416 1N
1545 353 1696 414 EPP.
1736 351 1945 411 rsum

2079 358 2117 413 ι.
2155 354 2226 413 X.
2267 385 2338 400 -
2374 353 2445 413 IN
2479 350 2698 412 EPIST.
2742 350 2765 408 ι
2795 346 2889 407 AD
2924 344 3081 406 COR.
3550 337 3624 396 82

344 479 441 540 sed
470 476 596 535 ideo
624 474 731 533 ista
757 482 1018 543 sumeret,
1051 482 1113 529 ut
1150 472 1283 529 illud
1309 469 1580 542 impleret,
1608 483 1678 523 ne
1703 482 1812 523 non
1834 481 1932 522 vo-
1958 473 2012 535 Α
2034 467 2242 527 Iudaeis
2285 477 2537 541 tanquam
2593 466 2834 532 Indicus,
2867 474 2924 520 ut
2972 461 3190 518 Judwos
3214 458 3640 528 "lucrifacercnn.

345 574 465 631 lens
502 570 601 630 sed
621 568 945 631 necessitate
972 564 1372 637 evangelisaret
1395 580 1411 617 :
1439 562 1547 617 hoc
1565 560 1712 615 enim
1741 559 1944 629 impro-
2043 560 2180 617 Nam
2195 561 2351 641 quasi
2371 560 2585 616 videtur
2607 557 2890 615 simulasse
2907 563 2968 612 ut
2986 554 3238 610 omnibus
3252 550 3627 615 ﬁeretomnia,

345 666 439 722 bat
469 678 596 721 cum
620 662 782 718 dicit:
804 658 1272 729 Nescitis,;inquit,
1292 654 1538 729 quoniam
1557 653 1650 724 qui
1676 653 1732 706 in
1753 650 1945 722 templo
2044 654 2191 726 quod
2235 653 2411 709 solent
2432 650 2744 709 adulatores
2772 648 2977 714 facere,
3006 646 3101 703 sed
3142 644 3353 704 nonita
3386 652 3469 699 est
3500 661 3514 698 :
3545 643 3630 698 vir

346 766 656 829 operantur,
673 768 793 825 quae
819 753 884 809 de
908 749 1099 823 tanpla
1118 758 1241 806 sunt
1259 748 1417 804 edunt
1432 763 1453 812 ;
1466 745 1558 817 qui
1592 743 1750 799 altari
1772 743 1947 798 deser-

346 850 517 915 viunt,
548 847 705 901 altari
741 840 1199 914 compartiuntur?
1227 839 1319 895 Sic
1350 846 1408 894 et
1443 836 1705 892 Dominus
1731 834 1951 891 ordina-

346 941 429 996 vit
454 940 560 1002 his,
588 938 683 1009 qui
712 935 1051 1005 evangelium
1087 933 1432 998 annuntiant,
1458 930 1528 987 de
1556 929 1841 998 evangelio,
1864 927 1949 983 vi-

347 1046 503 1088 vere.
522 1029 637 1101 Ego
658 1036 838 1083 autem
862 1026 1060 1083 nullius
1086 1026 1282 1083 horum
1299 1039 1432 1080 usus
1459 1038 1601 1089 sum,
1624 1022 1751 1077 hinc
1772 1029 1952 1077 osten-

349 1124 435 1181 dit
489 1121 816 1194 permissum
869 1135 1011 1186 esse,
1059 1134 1168 1175 non
1218 1119 1449 1190 iussum,
1478 1115 1716 1185 alioquin
1764 1121 1955 1171 contra

351 1216 691 1286 praeceptum
718 1211 935 1267 Domini
984 1209 1182 1266 fecisse
1209 1207 1502 1264 tenebitur.
1532 1205 1738 1262 Deinde
1776 1204 1958 1277 sequi-

356 1314 453 1360 tur
478 1309 538 1360 et
560 1302 695 1359 dicit
724 1318 738 1354 :
766 1299 891 1354 Non
922 1308 1097 1357 autem
1124 1299 1200 1353 sic
1237 1296 1422 1369 scripsi
1448 1295 1581 1363 Iure,
1624 1305 1683 1350 ut
1712 1296 1789 1351 ita
1825 1296 1959 1365 fiant

358 1396 427 1449 in
452 1392 574 1449 me:
602 1392 796 1447 bonum
839 1399 916 1446 est
959 1391 1090 1444 mihi
1117 1390 1287 1460 magis
1324 1387 1482 1454 mori,
1531 1402 1690 1460 quam
1738 1385 1960 1459 gloriam

358 1501 535 1539 stream
561 1483 839 1554 quisquam
858 1480 1066 1537 inanem
1087 1480 1274 1552 faciat,
1303 1480 1409 1536 hoc
1429 1479 1570 1536 dixit
1597 1479 1723 1551 quia
1753 1487 1961 1535 statue-

361 1582 458 1630 rat
498 1579 723 1645 propter
754 1572 1020 1642 quosdam
1061 1571 1407 1628 occasionem
1440 1576 1757 1643 quaerentes
1784 1568 1962 1624 mani-

355 1665 467 1722 bus
493 1663 611 1720 suis
659 1663 863 1720 victum
887 1663 1187 1735 transigere
1215 1681 1230 1719 :
1257 1661 1317 1737 Si
1344 1663 1482 1719 enim
1521 1659 1965 1732 esangelizavero,

357 1771 475 1810 non
518 1763 595 1809 est
624 1754 752 1808 mihi
775 1752 966 1824 gloria.
992 1753 1051 1810 ld
1079 1762 1182 1820 est,
1214 1754 1261 1809 si
1304 1752 1775 1824 evangelizavero,
1795 1757 1857 1805 ut
1887 1749 1965 1805 ita

2046 747 2194 804 enim
2235 744 2449 801 divinus
2488 752 2544 800 et
2576 742 2819 799 medicus
2854 738 3113 812 spiritalis
3161 736 3342 794 sciens
3387 734 3630 791 omnium

2048 853 2242 897 causas
2264 847 2320 893 et
2342 836 2584 903 vulnera,
2610 850 2806 908 magna
2834 831 3098 890 industria
3141 828 3392 889 confovet
3418 827 3541 887 illos
3576 834 3634 882 et

2048 930 2409 1002 compatitur;
2436 943 2559 984 cum
2589 926 2840 984 omnibus
2868 924 3013 982 enim
3036 921 3347 978 hominibus
3384 919 3631 990 quaedam

2050 1021 2258 1078 habens
2295 1018 2624 1082 communia,
2654 1015 2831 1072 factus
2868 1022 2955 1071 est
2989 1027 3120 1084 ergo
3146 1010 3345 1067 Judaeis
3365 1008 3521 1080 quasi
3545 1005 3639 1062 Ju-

2054 1115 2225 1177 daeus,
2255 1112 2383 1183 quia
2408 1117 2632 1181 propter
2677 1105 2988 1165 scandalum
3042 1103 3254 1161 illorum
3299 1099 3641 1158 circumcidit

2057 1202 2429 1269 Timotheum,
2460 1206 2514 1255 et
2539 1196 2858 1270 puriﬁcatus
2888 1194 3131 1251 ascendit
3154 1193 3209 1249 in
3239 1192 3496 1264 templum
3518 1232 3534 1256 ,
3572 1204 3642 1247 ne

2055 1293 2399 1352 occasionem
2425 1306 2524 1362 per
2547 1304 2673 1346 eum
2707 1288 3020 1357 acciperent
3045 1283 3477 1355 blasphemandi.
3505 1282 3643 1338 Rem
3703 1298 3709 1304 λ

2057 1399 2188 1456 ergo
2205 1382 2334 1439 fecit
2360 1395 2482 1451 quae
2504 1379 2614 1450 jam
2642 1393 2860 1435 cessare
2889 1376 3134 1439 deberet,
3164 1374 3257 1430 sed
3292 1373 3423 1430 fecit
3455 1388 3646 1429 secun-

2060 1477 2189 1533 dum
2214 1474 2409 1546 legem,
2436 1487 2560 1528 nam
2589 1478 2644 1528 et
2664 1468 2941 1528 consensit
2970 1466 3078 1523 illis
3107 1465 3281 1537 legem
3310 1480 3430 1521 esse
3457 1479 3488 1519 a
3509 1464 3645 1529 Deo,

2062 1575 2118 1624 et
2142 1566 2456 1638 prophetas,
2483 1570 2539 1620 et
2582 1562 2779 1619 exinde
2804 1560 2912 1616 illis
2946 1559 3184 1615 ostendit
3207 1556 3481 1614 Christum
3503 1556 3648 1613 hunc

2063 1671 2206 1722 esse,
2232 1654 2326 1728 qui
2354 1652 2652 1727 promissus
2696 1660 2799 1718 est,
2843 1656 2904 1706 ut
2954 1663 3210 1705 assensus
3265 1647 3383 1719 ejus
3425 1648 3652 1704 haberet

2066 1748 2336 1805 eil'ectum.

358 1844 504 1899 ﬁant
544 1844 601 1899 in
627 1856 734 1909 me,
764 1843 819 1898 id
863 1852 971 1911 est,
1009 1843 1054 1899 si
1097 1851 1384 1915 propterea
1434 1840 1875 1914 evangelizavero
1904 1847 1965 1896 ut
1989 1842 2038 1902 B
2137 1839 2239 1895 His
2257 1839 2346 1911 qui
2367 1839 2462 1894 sub
2487 1836 2597 1910 lege
2616 1847 2761 1905 sunt,
2785 1837 2938 1909 quasi
2958 1836 3052 1892 sub
3074 1835 3183 1909 lege
3202 1852 3383 1899 essem,
3400 1852 3519 1895 cum
3542 1835 3655 1906 ipse

361 1935 439 1992 ad
476 1934 568 1991 illa
587 1935 902 2005 perveniam
927 1943 984 1995 et
1006 1935 1170 1991 ﬁnem
1192 1934 1453 2006 evangelii
1478 1936 1531 1990 in
1561 1933 1711 1999 cibo,
1730 1942 1785 1988 et
1809 1941 1962 2004 potu,
2066 1950 2170 1989 non
2192 1933 2293 1989 sim
2326 1932 2422 1988 sub
2447 1931 2576 2003 lege,
2619 1941 2675 1986 ut
2727 1948 2813 1987 eos
2840 1932 2928 2002 qui
2954 1930 3050 1986 sub
3092 1929 3202 2002 lege
3233 1940 3354 1985 sunt
3383 1927 3658 1999 lucriface-

367 2037 428 2085 et
448 2029 651 2084 vestitu
676 2029 962 2094 locavero;
988 2027 1084 2084 sed
1107 2044 1279 2098 quare
1302 2044 1419 2084 non
1436 2034 1521 2083 est
1543 2026 1595 2083 ei
1625 2024 1967 2098 glorialNeo
2068 2041 2194 2082 rem.
2226 2023 2291 2080 lli
2316 2024 2409 2094 qui
2438 2024 2540 2080 sub
2567 2024 2686 2096 lege
2711 2032 2837 2079 sunt
2864 2022 3190 2078 Samaritani
3232 2028 3552 2085 noscuntur,
3582 2019 3658 2073 lc-

372 2121 594 2177 cessitas
617 2121 779 2187 enim,
818 2121 1012 2191 inquit,
1056 2121 1185 2175 mihi
1226 2118 1577 2186 incumbit,id
1605 2127 1710 2185 est,
1753 2126 1816 2173 ut
1847 2116 1968 2172 ideo
2068 2136 2190 2193 gem
2217 2120 2364 2177 enim
2416 2114 2585 2176 solam
2637 2118 2930 2189 accipiunt,
2970 2117 3026 2173 id
3074 2124 3176 2182 est,
3213 2114 3450 2184 quinque
3487 2111 3658 2166 libros

372 2210 767 2282 evangelistam,
816 2211 943 2281 quia
988 2211 1133 2267 unde
1172 2211 1352 2265 vivam
1400 2224 1509 2265 non
1541 2208 1741 2275 habeo,
1777 2215 1871 2262 aut
1909 2212 1972 2261 ut

2079 2213 2261 2286 Moysi.
2291 2211 2431 2268 Sunt
2451 2219 2630 2267 autem
2652 2225 2718 2266 ex
2746 2210 2956 2281 origine
2980 2209 3270 2264 Persarum
3314 2213 3372 2260 et
3407 2203 3658 2276 Assyrio—

377 2304 662 2374 aequiram
717 2302 1103 2373 temporarium
1162 2301 1396 2357 fructum
1461 2300 1529 2355 de
1591 2297 1972 2371 praedicatione

2079 2322 2214 2371 rum,
2244 2320 2381 2376 quos
2429 2319 2524 2359 rex
2558 2302 2927 2374 Assyriorum,
2976 2299 3203 2356 sublatis
3245 2297 3370 2353 ﬁliis
3413 2294 3578 2351 Israel
3606 2295 3659 2349 in

375 2403 730 2459 aeternorum,
755 2393 838 2449 sic
873 2393 1020 2450 enim
1062 2393 1171 2449 erit
1192 2390 1489 2448 necessitas
1524 2391 1641 2462 jam
1665 2390 1723 2445 in
1749 2403 1976 2460 evange-

2079 2395 2657 2470 captivitatem,posuit
2678 2394 2746 2449 ad
2766 2391 3050 2448 ineolenda
3082 2389 3199 2445 loca
3225 2386 3506 2443 Samariae.
3538 2384 3663 2440 Ideo

377 2484 447 2541 is:
501 2502 609 2542 non
638 2484 907 2541 voluntas.
956 2481 1043 2539 Vae
1079 2485 1217 2539 enim
1259 2483 1387 2540 milii
1426 2482 1542 2550 erit,
1575 2481 1773 2552 inquit,
1794 2481 1975 2549 si‘non

380 2575 828 2645 esangelizaeera.
884 2572 991 2630 Sed
1033 2575 1305 2645 quomodo
1359 2574 1519 2630 debet
1567 2572 1976 2645 evangelizare?

383 2666 596 2724 scilicet
617 2672 680 2721 ut
724 2666 780 2721 in
826 2666 944 2738 ipso
970 2667 1265 2738 Evangelio
1288 2675 1344 2723 et
1373 2666 1428 2722 in
1471 2681 1640 2737 regno
1676 2667 1769 2723 Dei
1812 2676 1980 2739 ponat

388 2757 693 2815 mercedem
723 2774 738 2810 :
766 2757 843 2812 ita
889 2758 1037 2813 enim
1075 2765 1256 2827 potest
1296 2772 1404 2813 non
1440 2766 1663 2813 coactus
1705 2757 1979 2829 evangeli-

386 2863 538 2915 zare,
562 2849 658 2905 sed
703 2848 909 2905 v’olens.
941 2847 1004 2905 Si
1050 2849 1190 2904 enim
1225 2848 1419 2915 uolens,
1465 2849 1657 2920 inquit,
1691 2849 1788 2903 hoc
1816 2849 1978 2919 facio,

383 2939 676 2993 mercedem
716 2939 902 2994 habeo.
931 2938 994 2995 Si
1036 2949 1213 2995 autem
1257 2941 1474 3006 invitus,
1508 2940 1827 3011 dispensatio
1852 2939 1980 2994 mihi

384 3030 586 3084 credita
612 3039 710 3094 est,
741 3030 796 3085 id
839 3041 943 3097 est,
974 3030 1020 3087 si
1058 3040 1279 3089 coactus
1316 3031 1497 3102 inopia
1540 3046 1733 3087 earum
1775 3044 1978 3097 rerum,

2073 2499 2130 2548 et
2152 2490 2329 2562 ignem
2357 2486 2543 2544 colunt
2572 2499 2723 2541 more
2735 2484 3022 2540 Persarum
3042 2500 3063 2536 τε
3086 2481 3172 2537 his
3197 2492 3327 2549 ergo
3346 2476 3662 2549 Apostolus,

2076 2584 2205 2641 dum
2226 2596 2334 2637 non
2361 2580 2594 2652 negabat
2622 2579 2796 2649 legem
2820 2591 2943 2633 esse
2966 2591 2996 2631 a
3020 2575 3154 2641 Deo,
3183 2573 3347 2629 ﬁebat
3380 2571 3537 2642 quasi
3562 2570 3665 2625 sub

2075 2672 2214 2744 lege.
2243 2668 2352 2726 Sed
2374 2685 2442 2726 ex
2467 2684 2534 2725 ea
2562 2668 2667 2724 illis
2712 2668 2831 2723 miti
2859 2667 3027 2722 verbo
3048 2664 3326 2734 Christum
3362 2661 3667 2733 intelligen-

2076 2763 2207 2819 dum
2232 2760 2499 2826 tradebat,
2543 2759 2624 2815 sic
2651 2766 2707 2815 et
2737 2757 3078 2814 Samaritana
3124 2755 3237 2822 illa,
3263 2769 3383 2826 quae
3423 2753 3567 2810 dixit
3601 2753 3668 2808 ad

2077 2853 2401 2910 Dominum:
2437 2851 2560 2906 Scio
2581 2851 2706 2923 quia
2734 2849 2957 2905 Messias
2987 2848 3123 2903 venit
3149 2847 3331 2919 (Joan.
3370 2845 3470 2917 iv),
3511 2844 3670 2900 docta

2077 2958 2176 3015 per
2203 2942 2398 3013 legem.
2436 2939 2535 2994 llis
2570 2940 2660 3010 qui
2684 2939 2796 2993 sine
2818 2937 2931 3010 lege
2957 2946 3101 3003 sunt,
3130 2935 3282 3007 quasi
3317 2935 3429 2989 sine
3454 2933 3563 3004 lege
3589 2948 3671 2986 esu

2062 3048 2210 3099 'sem,
2234 3047 2350 3087 cum
2377 3030 2489 3085 sine
2509 3028 2619 3101 lege
2652 3044 2943 3084 nonessem
2980 3026 3100 3093 Dei,
3144 3025 3234 3080 sed
3275 3025 3330 3079 in
3359 3023 3469 3095 lege
3508 3038 3671 3078 essent

383 3133 508 3189 qua:
538 3118 825 3190 temporali
859 3120 986 3177 vita:
1011 3129 1138 3176 sunt
1176 3122 1504 3187 necessaria,
1544 3120 1783 3191 praedico
1803 3120 1980 3176 Evan—
2080 3122 2297 3180 Christi.
2346 3121 2465 3179 Hoc
2488 3121 2620 3178 dicit
2647 3121 2775 3191 quia
2806 3135 2927 3176 cum
2980 3120 3035 3175 in
3080 3119 3199 3195 lege
3240 3116 3443 3174 Christi
3483 3124 3586 3183 est,
3606 3116 3669 3173 in

385 3205 612 3278 gelium.
644 3207 737 3262 alii
761 3223 863 3278 per
889 3223 977 3264 me
1018 3208 1296 3265 habebunt
1339 3210 1645 3265 mercedem
1677 3207 1973 3279 Evangelii,
2003 3206 2048 3270 C
2079 3216 2196 3288 lege
2220 3215 2319 3271 Dei
2360 3222 2464 3281 est,
2486 3214 2612 3285 quia
2635 3213 2779 3284 quod
2804 3211 3007 3268 Christi
3033 3219 3149 3276 est,
3181 3207 3277 3265 Dei
3301 3217 3409 3275 est,
3449 3208 3670 3280 etquod

387 3297 481 3366 qui
506 3296 859 3370 Evangelium
893 3300 1068 3370 ipsum
1103 3314 1191 3355 me
1212 3300 1541 3372 praedicante
1576 3299 1807 3369 diligunt
1835 3318 1848 3354 :
1879 3314 1981 3371 ego
2080 3308 2196 3376 Dei,
2229 3307 2429 3364 Christi
2458 3314 2564 3373 est,
2600 3305 2738 3362 sicut
2767 3305 2901 3361 dicit
2930 3322 2943 3357 :
2975 3301 3177 3359 Omnia
3195 3318 3312 3356 mea
3334 3311 3426 3356 tua
3454 3308 3599 3367 sunt,
3622 3309 3671 3354 et

386 3398 574 3445 autem
609 3405 720 3445 non
744 3391 974 3456 habebo,
1006 3392 1132 3463 quia
1159 3407 1270 3449 non
1314 3393 1490 3464 ipsum
1520 3392 1870 3464 Evangelium
1900 3392 1981 3448 di-

386 3479 519 3553 ligo,
551 3480 651 3537 sed
683 3480 801 3550 ejus
827 3482 1061 3553 pretium
1107 3484 1162 3538 in
1208 3482 1315 3539 illis
1352 3484 1739 3553 temporalibus
1780 3485 1983 3540 consti-

391 3581 590 3637 tutum,
622 3574 768 3643 quod
796 3573 950 3629 nefas
992 3582 1077 3631 est
1114 3575 1251 3640 ﬁeri,
1299 3582 1362 3630 ut
1407 3590 1516 3630 non
1556 3583 1812 3646 tanquam
1840 3576 1983 3634 ﬁlius

391 3663 673 3720 ministret
691 3662 924 3735 quisque
956 3664 1322 3737 Evangelium,
1351 3665 1448 3721 sed
1477 3672 1734 3736 tanquam
1769 3681 1980 3735 servus,

393 3753 483 3809 cui
510 3754 844 3824 dispensatio
868 3755 1072 3811 credita
1097 3763 1203 3820 est,
1233 3764 1295 3811 ut
1319 3764 1579 3825 tanquam
1605 3755 1839 3812 alienum
1862 3772 1984 3813 ero-

396 3856 508 3919 get,
536 3848 674 3905 nihil
704 3847 829 3903 inde
857 3847 972 3918 ipse
996 3848 1196 3920 capiat,
1225 3856 1423 3920 praeter
1461 3848 1689 3915 cibaria,
1725 3864 1846 3920 qua:
1875 3862 1981 3905 non

395 3938 465 3994 de
491 3936 908 4010 participatione
947 3939 1123 4011 regni,
1164 3939 1261 3995 sed
1299 3937 1727 3995 sustentaculum
1773 3934 1986 3996 miserae

392 4028 677 4086 sanitatis
721 4027 919 4083 dantur
944 4029 1301 4085 extrinswus.
1347 4029 1669 4101 Quanquam
1703 4029 1811 4086 alio
1864 4028 1984 4085 loco

392 4128 451 4176 et
479 4119 909 4191 dispensatorem
931 4133 991 4175 se
1015 4119 1179 4184 dicat,
1221 4129 1399 4190 potest
1440 4119 1586 4176 enim
1612 4128 1679 4175 et
1710 4134 1902 4176 servus
1930 4120 1987 4175 in

392 4208 636 4266 ﬁliorum
663 4223 951 4265 numerum
973 4210 1260 4281 adoptatus
1292 4225 1411 4267 eam
1443 4224 1578 4278 rem,
1606 4209 1661 4265 in
1681 4226 1788 4282 qua
1814 4211 1988 4268 cohae-

394 4300 547 4357 redis
574 4308 777 4356 sortem
801 4300 999 4354 meruit
1024 4299 1255 4355 ﬁdeliter
1290 4300 1604 4370 dispensare
1631 4299 1987 4371 participibus

394 4392 533 4458 suis,
577 4392 674 4447 sed
702 4406 870 4459 nunc,
895 4392 987 4447 ubi
1039 4392 1155 4448 ait:
1183 4390 1245 4448 Si
1290 4401 1477 4448 autem
1519 4392 1740 4460 invitus,
1774 4393 1986 4463 dispen-

394 4483 703 4540 satiomihi
749 4483 957 4539 credita
998 4492 1102 4551 est,
1142 4484 1309 4540 talem
1352 4484 1779 4555 dispensatorem
1821 4486 1984 4542 intel-

2081 3408 2175 3454 tua
2202 3414 2319 3454 mea
2339 3398 2520 3471 (Joan.
2552 3396 2707 3469 xvu).
2738 3395 2806 3451 Ut
2835 3412 2921 3452 eos
2948 3396 3041 3466 qui
3068 3395 3180 3449 sine
3208 3393 3318 3465 lege
3353 3401 3473 3449 sunt
3510 3391 3673 3447 lucri-

2083 3491 2330 3562 facerem.
2357 3491 2496 3546 Dum
2522 3490 2669 3547 enim
2708 3489 2938 3546 assentit
2966 3488 3093 3554 illis,
3123 3488 3177 3543 id
3210 3496 3314 3552 est,
3351 3486 3669 3558 gentilibus,

2078 3580 2230 3651 juxta
2251 3581 2534 3653 physicam
2562 3581 2827 3637 rationem
2878 3579 3137 3635 mundum
3173 3578 3374 3633 factum
3402 3593 3435 3633 a
3460 3578 3591 3643 Deo,
3620 3585 3678 3632 et

2084 3685 2204 3742 quae
2226 3669 2281 3724 in
2307 3685 2374 3726 eo
2396 3678 2544 3737 sunt,
2572 3677 2629 3725 et
2669 3670 2905 3725 animam
2944 3682 3065 3725 esse
3097 3668 3484 3735 immortalem,
3522 3675 3577 3724 et
3606 3668 3677 3724 ab

2083 3758 2202 3829 ipso
2230 3772 2331 3814 nos
2354 3757 2618 3830 originem
2663 3758 2887 3824 habere,
2915 3758 2991 3813 ita
3020 3759 3164 3813 enim
3196 3758 3251 3811 in
3278 3755 3505 3813 Actibus
3546 3770 3677 3827 apo-

2085 3849 2345 3907 stolorum
2390 3850 2513 3907 ait:
2543 3848 2612 3905 Et
2657 3850 2795 3907 sicut
2837 3849 3053 3923 quidam
3091 3865 3157 3905 ea;
3198 3849 3343 3905 vobis
3383 3850 3631 3905 diaerrmt
3655 3865 3676 3903 :

2087 3938 2265 4013 Ipsius
2290 3938 2429 3994 enim
2465 3948 2514 3994 et
2561 3955 2725 4011 genus
2766 3957 2949 3996 sumus
2984 3941 3120 4013 (Act.
3172 3940 3346 4013 xm),
3386 3941 3466 3997 sic
3513 3940 3681 3997 ﬁebat

2086 4031 2245 4101 quasi
2296 4031 2416 4085 sine
2465 4030 2612 4100 lege,
2680 4047 2777 4103 per
2823 4031 2967 4102 quod
3026 4032 3505 4089 subintroducebat
3568 4034 3679 4090 illis

2087 4120 2365 4178 Christum
2420 4119 2597 4190 ipsum
2652 4134 2773 4177 esse
2821 4137 2984 4192 quem
3018 4123 3170 4177 Deus
3210 4121 3277 4176 ad
3325 4122 3679 4192 judicandum
3746 4106 3755 4125 ’

2088 4210 2350 4267 mundum
2393 4209 2688 4283 praeelegit,
2717 4219 2774 4268 et
2808 4212 2981 4282 ipsum
3009 4227 3131 4268 esse
3169 4227 3268 4284 per
3294 4226 3461 4283 quem
3497 4216 3681 4270 omnia

2088 4304 2238 4361 fecit.
2263 4304 2445 4378 (Aug.)
2488 4303 2745 4376 Utrisque
2794 4306 2940 4362 enim
2983 4304 3213 4362 debebat
3268 4306 3590 4364 charitatem
3615 4309 3682 4363 de

2090 4395 2245 4451 corde
2290 4410 2443 4466 puro,
2473 4404 2523 4450 et
2565 4396 2880 4451 conscientia
2914 4396 3049 4453 bona
3076 4407 3124 4465 et
3170 4397 3277 4468 ﬁde
3322 4414 3427 4453 non
3475 4397 3599 4468 ﬁcta
3627 4397 3681 4470 (Ι

2094 4488 2230 4543 Tim.
2259 4488 2411 4561 i),ae
2431 4504 2531 4561 per
2581 4488 2685 4544 hoc
2732 4489 2985 4545 omnibus
3022 4491 3205 4547 omnia
3255 4489 3432 4547 factus
3476 4500 3581 4555 est,
3623 4499 3685 4545 ut

393 4574 499 4645 ligi
514 4573 709 4642 voluit,
737 4575 832 4645 qui
857 4574 1094 4632 alienum
1123 4575 1413 4647 dispensat.
1428 4575 1570 4633 unde
1595 4576 1711 4648 ipse
1734 4576 1871 4632 nihil
1898 4592 1990 4634 ae-
2014 4573 2068 4634 D
2092 4596 2285 4641 omnes
2309 4580 2670 4649 lucrifaceret,
2700 4597 2806 4637 non
2835 4583 3147 4639 mentientis
3169 4591 3307 4650 astu,
3331 4584 3425 4640 sed
3457 4599 3678 4656 compa-

320 4726 331 4735 ,
397 4664 586 4736 cipiat.

472 4756 616 4811 Nam
645 4772 765 4811 cum
791 4755 923 4811 liber
939 4759 1039 4813 sint
1058 4774 1124 4814 ea:
1147 4757 1654 4826 omnibus,ommum
1677 4775 1759 4816 me
1783 4776 1986 4816 servum

398 4846 524 4917 feci,
546 4858 603 4902 ut
630 4847 807 4919 plures
845 4846 1197 4919 lucrifaciam.
1223 4849 1425 4923 (Δηώ.)
1440 4850 1602 4906 Liber
1639 4866 1707 4907 ex
1738 4852 1989 4908 omnibus

398 4949 506 5005 est,
538 4954 663 4995 eum
687 4936 819 4994 nulli
848 4953 949 5010 per
972 4941 1333 5003 adulationem
1368 4942 1590 4997 tradidit
1612 4941 1985 5014 Evangelium,

400 5046 578 5103 neque
618 5030 940 5102 cujusquam
995 5042 1195 5105 praeter
1233 5033 1460 5091 salutem
1490 5033 1692 5103 aliquid
1734 5034 1989 5104 concupi-

399 5123 502 5190 vit,
521 5138 701 5193 neque
732 5123 801 5179 ad
839 5123 1062 5181 delicias
1087 5125 1362 5183 habendas
1409 5127 1477 5182 ab
1514 5125 1695 5197 aliquo
1740 5134 1986 5197 sumptus

400 5215 668 5287 largiores
702 5216 953 5271 mercede
1002 5217 1304 5289 hypocrisis
1353 5218 1579 5289 accepit.
1621 5216 1848 5274 Servum
1895 5232 1991 5272 au-

403 5314 514 5361 tem
561 5307 643 5363 sic
686 5321 747 5362 se
799 5307 1041 5362 omnium
1072 5308 1272 5363 factum
1310 5308 1462 5375 dicit,
1506 5308 1632 5364 dum
1678 5323 1737 5364 se
1770 5323 1866 5379 per
1893 5308 1995 5363 liu-

405 5396 693 5452 militatem
731 5396 961 5453 similem
1000 5399 1240 5454 omnium
1290 5407 1473 5455 mente
1522 5399 1868 5455 imbecillium
1898 5416 1993 5456 ex-

406 5488 606 5556 hibuit,
651 5497 715 5545 ut
757 5505 852 5546 eos
890 5507 989 5563 per
1017 5492 1331 5562 patientiam
1382 5491 1624 5547 ﬁrmaret
1650 5493 1717 5548 ad
1763 5492 1991 5548 salutem

408 5579 669 5647 futuram,
698 5581 992 5639 confovens
1019 5584 1231 5640 animos
1264 5584 1500 5651 illorum,
1533 5585 1659 5656 quia
1685 5594 1779 5641 aut
1800 5601 1993 5656 pecca-

412 5671 563 5736 bant,
592 5679 690 5725 aut
724 5685 814 5729 res
864 5674 1076 5731 divinas
1129 5673 1337 5729 tardius
1384 5676 1770 5745 sequebantur,
1799 5683 1859 5730 ut
1888 5692 1993 5731 non

415 5777 608 5834 aspere
636 5762 839 5822 ωτι-ενι
879 5766 1051 5825 lenius
1072 5767 1516 5838 reprehendebat.
1558 5765 1625 5823 Et
1671 5769 1841 5838 [actus
1879 5785 1994 5825 sum

2098 4672 2284 4728 tientis
2330 4671 2523 4728 all‘ectu
2559 4673 2655 4729 :id
2687 4684 2794 4741 est,
2826 4689 2933 4729 non
2977 4674 3160 4731 omnia
3210 4676 3350 4731 mala
3401 4676 3679 4731 hominum

2094 4763 2364 4820 fallaciter
2389 4764 2615 4836 agendo,
2653 4766 2747 4821 sed
2782 4764 3012 4821 aliorum
3039 4766 3279 4823 omnium
3320 4766 3476 4823 malis
3502 4767 3681 4822 omni-

2093 4856 2218 4922 bus,
2268 4866 2524 4925 tanquam
2569 4854 2616 4911 si
2653 4869 2757 4910 sua
2793 4864 3014 4911 essent:
3044 4856 3412 4912 misericordis
3456 4856 3684 4912 medici-

2095 4961 2180 5001 nae
2208 4945 2544 5017 diligentiam
2589 4946 2951 5015 procurando.
2991 4945 3124 5002 Cum
3157 4947 3337 5017 itaque
3380 4945 3471 5001 illa
3517 4955 3683 5002 testa-

2097 5038 2265 5093 menti
2286 5037 2490 5093 veteris
2513 5047 2852 5092 sacramenta
2878 5038 3039 5093 etiam
3081 5038 3181 5094 sibi
3220 5038 3427 5110 agenda
3456 5039 3679 5094 minime

2097 5130 2406 5195 recusabat,
2427 5144 2536 5184 non
2582 5130 3008 5186 misericorditer
3051 5131 3287 5197 fallebat,
3320 5132 3418 5189 sed
3461 5134 3683 5189 omnino

2079 5237 2206 5276 non
2249 5221 2464 5287 fallens,
2516 5231 2679 5291 atque
2712 5223 2817 5277 hoc
2871 5223 3031 5278 modo
3081 5238 3112 5277 a
3156 5222 3385 5280 Domino
3432 5224 3542 5281 Deo
3593 5225 3683 5281 illa

2098 5329 2271 5383 usque
2307 5315 2374 5370 ad
2401 5313 2534 5369 certi
2574 5313 2832 5384 temporis
2876 5314 3331 5385 dispensationem
3375 5313 3524 5385 iussa
3562 5331 3684 5370 esse

2098 5403 2507 5470 commendans,
2536 5420 2567 5459 a
2595 5404 2892 5476 sacrilegiis
2926 5404 3100 5460 sacris
3126 5406 3365 5477 gentium
3394 5407 3687 5477 distingue-

2098 5497 2230 5552 bat:
2264 5505 2393 5553 tunc
2421 5505 2599 5553 autem
2650 5511 2757 5552 non
2799 5497 3111 5553 mentientis
3155 5506 3296 5564 astu,
3337 5500 3430 5556 sed
3464 5513 3685 5565 compa-

2102 5587 2284 5642 tientis
2312 5585 2505 5643 affectu
2531 5586 2732 5644 ludatis
2758 5597 3015 5659 tanquam
3040 5588 3255 5647 Iudaeus
3282 5590 3443 5645 ﬁebat
3467 5593 3684 5661 quando

2100 5694 2194 5736 eos
2242 5680 2312 5735 ab
2352 5680 2444 5737 illo
2491 5697 2694 5748 errore,
2731 5696 2873 5753 quoa
2924 5683 2977 5738 in
3026 5681 3245 5739 Christo
3295 5683 3691 5739 credereno.c-

2100 5770 2248 5839 bant,
2281 5772 2376 5827 sed
2415 5787 2512 5842 per
2558 5781 2737 5828 vetera
2776 5774 3041 5831 sacriﬁcia
3075 5790 3171 5831 sua
3213 5775 3697 5834 crcremoniarmua
