4082 6332
417 345 488 400 8‘5
1072 343 1133 400 Β.
1151 343 1428 399 -ΒΑΒΑΝΙ
1465 343 1686 401 MAURI
1720 341 1992 399 ARCHIE]

2091 342 2389 401 iIOGUN'l‘.
2429 343 2714 405 OPERUM
2746 349 2925 408 PARS
2963 350 3048 408 Ill.
3613 353 3689 413 84

417 478 523 534 que
549 462 954 532 observationes
981 477 1042 517 se
1083 477 1113 516 a
1143 462 1379 532 peccatis
1406 475 1566 532 posse
1592 460 1859 526 mundari,
1899 459 2001 514 ﬁe-
2028 463 2082 521 A
2104 477 2210 532 que
2235 463 2477 520 seniores
2499 464 2756 521 Ecclesiae
2800 465 3156 522 formidantes
3208 479 3277 521 ne
3312 464 3366 519 in
3415 479 3539 521 eum
3593 465 3693 527 illa

417 554 573 624 rique
601 555 779 610 salvos
807 553 1212 620 existimabant,
1240 555 1319 608 sic
1345 554 1579 610 liberare
1605 553 1860 623 cupiebat
1883 562 2002 608 tan-

2105 554 2337 610 irrueret
2364 554 2674 611 Judmorum
2711 557 3044 612 credentium
3091 557 3200 612 imo
3250 555 3684 614 Christianorum

414 659 578 714 quam
633 644 748 714 ipse
797 658 985 698 errore
1041 643 1132 698 illo
1175 651 1479 707 teneretur,
1537 643 1764 715 diligens
1817 644 2006 713 utique
2098 645 2492 716 judaizantium
2533 647 2817 704 multitudo
2861 665 2981 720 quae
3017 651 3092 704 ita
3119 648 3278 704 ﬁdem
3303 647 3505 704 Christi
3537 664 3686 706 rece-

412 735 720 804 proximum
769 743 1026 803 tanquam
1063 735 1327 804 seipsum,
1361 744 1417 789 et
1462 735 1576 790 haec
1611 735 1734 789 aliis
1775 733 1999 800 faciens,

413 841 535 895 quae
565 825 667 880 sibi
713 827 781 880 ab
812 825 934 880 aliis
980 824 1094 879 ﬁeri
1124 825 1286 880 vellet
1326 826 1371 880 si
1401 826 1503 881 hoc
1548 825 1628 879 illi
1655 839 1792 894 opus
1816 833 1998 880 esset:

413 916 558 986 quod
607 931 730 971 cum
771 915 1031 971 Dominus
1077 917 1393 982 monuisset,
1443 915 1686 983 adjunxit
1715 933 1727 969 :
1753 913 1883 970 Htec
1927 925 2002 971 est

411 1008 552 1062 enim
573 1007 658 1061 lea:
683 1016 732 1061 et
769 1007 1032 1077 propheta:
1066 1005 1281 1077 (Matth.
1312 1006 1434 1078 vn).
1469 1005 1624 1060 llunc
1665 1005 2001 1076 compatien-

412 1097 484 1151 tis
531 1096 783 1152 allectum
828 1097 883 1151 in
933 1097 1122 1152 eadem
1152 1097 1378 1166 cpistola
1405 1098 1472 1152 ad
1501 1097 1720 1152 Galatas
1746 1097 2003 1167 praecepit

335 1171 340 1182 ’
413 1188 600 1244 dicens
631 1203 646 1242 :
675 1187 735 1243 Si
770 1197 1164 1258 prwoccupatus
1209 1189 1367 1258 fuerit
1396 1190 1549 1243 homo
1572 1189 1627 1242 in
1665 1187 1841 1259 aliqua
1869 1189 2002 1242 deli-

412 1287 517 1344 cto,
564 1295 650 1334 eos
683 1280 773 1347 qui
811 1278 1070 1350 spiritales
1113 1281 1235 1334 estis
1259 1321 1273 1345 ,
1321 1281 1562 1336 instruite
1593 1263 1898 1351 hujusmodi
1943 1283 2000 1336 in

409 1371 598 1439 spiritu
623 1370 870 1436 lenitatis,
896 1371 1164 1426 intendens
1209 1382 1260 1426 te
1307 1373 1498 1442 ipsum,
1527 1390 1590 1428 ne
1618 1383 1666 1428 et
1692 1383 1750 1426 tu
1788 1374 1999 1428 tenteris

411 1459 558 1532 (Gal.
593 1462 693 1533 γι).
728 1463 863 1517 Vide
887 1463 933 1518 si
971 1479 1078 1518 non
1103 1465 1238 1519 dixit
1265 1464 1381 1520 ﬁeri
1415 1475 1670 1537 tanquam
1717 1466 1826 1533 ille,
1849 1477 1911 1522 ut
1935 1468 1999 1522 il-

409 1552 522 1608 lum
550 1553 882 1620 lucrifacias,
919 1571 1026 1610 non
1047 1557 1235 1626 utique
1263 1564 1322 1610 ut
1362 1557 1538 1626 ipsum
1569 1557 1821 1612 delictum
1843 1557 1998 1613 falla-

411 1643 550 1698 citer
577 1654 784 1714 ageret,
813 1653 906 1699 aut
948 1660 1008 1701 se
1053 1643 1107 1699 id
1137 1645 1337 1701 habere
1363 1646 1640 1702 simularet
1666 1664 1680 1700 :
1707 1649 1801 1701 sed
1850 1656 1912 1702 ut
1939 1649 1996 1703 in

411 1735 636 1790 alterius
663 1736 861 1791 delicto
887 1737 1018 1806 quid
1061 1737 1225 1792 etiam
1253 1737 1355 1792 sibi
1387 1737 1633 1793 accidere
1667 1745 1868 1806 posset,
1909 1745 1993 1793 at-

2101 744 2289 806 perat,
2319 744 2378 790 ut
2421 738 2597 794 adhuc
2622 740 2676 794 in
2719 739 2992 808 judaismo
3038 747 3345 805 teneretur,
3385 740 3684 797 discrimini

2101 825 2220 895 ejus
2264 828 2367 882 hoc
2396 830 2624 888 consilio
2653 845 2718 886 ac
2744 831 3095 901 persuasione
3123 841 3470 896 succurrunt,
3502 833 3686 887 dicen-

2103 923 2185 970 tes
2217 934 2228 969 :
2273 914 2448 982 Vides,
2475 918 2643 987 frater
2665 957 2680 983 ,
2706 928 2830 988 quot
2871 918 3039 972 millia
3074 928 3197 973 sunt
3244 919 3554 974 Judteorunt
3596 921 3686 991 qui

2101 1005 2454 1070 crediderunt,
2481 1016 2530 1060 et
2555 1007 2610 1060 hi
2635 1023 2810 1062 omnes
2831 1007 3162 1062 aemulatores
3175 1019 3294 1063 sunt
3320 1008 3483 1079 legis;
3503 1013 3690 1066 audie-

2100 1107 2220 1150 runt
2250 1108 2424 1152 autem
2449 1099 2517 1153 de
2564 1110 2613 1153 te
2659 1101 2782 1171 quia
2833 1101 3198 1155 discessionem
3227 1101 3413 1156 doceas
3444 1119 3477 1155 a
3507 1102 3690 1172 Moyse

2099 1205 2302 1254 eorum,
2335 1193 2427 1261 qui
2453 1207 2547 1262 per
2587 1203 2761 1262 gentes
2809 1201 2929 1247 sunt
2976 1191 3310 1258 Judteorum,
3357 1194 3534 1249 dicens
3581 1213 3688 1250 non

2099 1281 2282 1336 debere
2325 1297 2412 1336 eos
2455 1283 2825 1338 circumcidere
2873 1284 3014 1353 ﬁlios
3053 1300 3209 1350 suos;
3254 1292 3309 1338 et
3357 1284 3496 1340 infra
3524 1301 3538 1338 ι
3571 1285 3688 1339 Hoc

2098 1389 2219 1444 ergo
2253 1375 2340 1444 {ac
2367 1374 2506 1444 quod
2537 1374 2630 1428 tibi
2680 1375 2904 1440 dicimus
2933 1389 2952 1428 :
2976 1386 3099 1431 sunt
3136 1357 3284 1432 nobis
3315 1377 3413 1430 viri
3457 1387 3688 1448 quatuor

2097 1474 2272 1518 votum
2301 1464 2545 1519 habentes
2567 1481 2724 1536 super
2746 1483 2803 1520 se
2828 1483 2848 1532 ;
2887 1467 2968 1520 his
3013 1467 3295 1537 assumptis
3335 1467 3607 1536 sanctiﬁca
3638 1477 3690 1521 te

2098 1569 2218 1606 cum
2266 1552 2394 1618 illis,
2444 1563 2493 1607 et
2545 1555 2784 1625 impende
2830 1556 2884 1610 in
2933 1555 3039 1610 illis
3072 1566 3130 1609 ut
3155 1556 3367 1609 tradant
3411 1557 3603 1626 capita,
3637 1568 3686 1610 et

2097 1644 2259 1698 scient
2285 1661 2462 1699 omnes
2487 1645 2749 1716 quomodo
2769 1663 2886 1718 qua:
2911 1647 2976 1700 de
2995 1656 3045 1702 te
3068 1647 3350 1701 audierunt
3372 1647 3511 1716 falsa
3537 1658 3684 1714 sunt,

2097 1735 2188 1788 sed
2218 1735 2493 1791 ambulem
2513 1746 2560 1791 et
2589 1737 2700 1806 ipse
2744 1739 3042 1792 custodiens
3086 1738 3250 1810 legem
3281 1737 3419 1809 (Act.
3451 1738 3596 1810 xxr);
3627 1747 3688 1793 et

407 1827 674 1882 tenderet.
700 1827 877 1897 Atque
909 1828 981 1881 ita
1013 1827 1170 1882 alteri
1189 1837 1446 1897 tanquam
1469 1828 1570 1883 sibi
1593 1830 1661 1883 ab
1683 1828 1852 1884 altero
1875 1828 1989 1883 vel-
2017 1826 2066 1888 B
2094 1826 2168 1881 ita
2193 1841 2292 1896 pro
2318 1826 2536 1883 illorqu
2575 1829 2668 1899 qui
2699 1831 2800 1885 sub
2833 1829 2950 1901 lege
2975 1839 3135 1886 erant
3159 1831 3334 1886 salute
3378 1831 3523 1886 illam
3551 1847 3688 1902 pau-

409 1913 487 1970 let
513 1915 937 1971 misericorditer
960 1916 1269 1982 sabvenire,
1295 1917 1399 1972 hoc
1423 1924 1525 1982 est,
1551 1932 1658 1972 non
1683 1918 1996 1974 mentientis

409 2012 558 2070 astu,
585 2004 680 2058 sed
701 2005 1079 2074 compatientis
1106 2003 1322 2071 affectu,
1350 2006 1430 2061 sic
1453 2005 1658 2070 Iudaeo,
1685 2007 1764 2061 sic
1787 2006 1992 2076 gentili,

407 2094 492 2150 sic
521 2095 743 2150 cuilibet
770 2094 976 2148 homini
1002 2093 1200 2150 Paulus
1235 2095 1290 2150 in
1316 2109 1502 2150 errore
1527 2094 1610 2149 vel
1645 2103 1871 2163 peccato
1898 2095 1997 2150 ali-

409 2200 520 2254 quo
565 2185 879 2249 constituto,
910 2200 1018 2240 non
1063 2183 1362 2240 simulando
1409 2186 1553 2254 quod
1598 2201 1706 2240 non
1735 2194 1872 2252 erat,
1901 2186 1997 2241 sed

409 2275 808 2345 compatiendo,
837 2275 963 2344 quia
989 2289 1109 2332 esse
1129 2283 1364 2344 poterat,
1395 2283 1651 2344 tanquam
1689 2276 1780 2346 qui
1815 2291 1874 2332 se
1900 2275 1996 2332 ho-

409 2365 615 2419 minem
649 2365 930 2436 cogitaret,
961 2366 1212 2421 omnibus
1252 2366 1436 2422 omnia
1465 2365 1638 2422 factus
1677 2376 1762 2422 est
1793 2377 1853 2422 ut
1881 2383 1997 2423 om-

408 2470 510 2510 nes
543 2453 892 2510 lucriﬁcaret.
919 2454 1103 2524 Neque
1132 2456 1277 2511 enim
1299 2458 1548 2528 egregius
1586 2459 1909 2528 praedicator
1936 2467 1996 2514 ut

408 2544 568 2614 quasi
606 2541 824 2599 Judaeus
867 2543 1024 2599 ﬁeret
1050 2546 1116 2602 ad
1160 2545 1440 2616 perﬁdiam
1485 2547 1686 2616 erupit,
1717 2564 1892 2619 neque
1939 2558 1998 2605 ut

409 2634 564 2703 quasi
589 2633 690 2689 sub
717 2634 833 2704 lege
877 2642 1038 2698 esset,
1071 2635 1138 2690 ad
1183 2635 1398 2692 carnale
1442 2636 1766 2692 sacriﬁcium
1815 2639 1993 2706 rediit,

406 2741 585 2796 neque
605 2733 665 2781 ut
688 2726 940 2780 omnibus
968 2727 1150 2781 omnia
1187 2726 1360 2795 ﬁeret,
1399 2728 1800 2797 simplicitatem
1843 2745 1998 2786 men-

409 2817 481 2874 tis
501 2818 555 2873 in
576 2818 780 2874 erroris
799 2819 1116 2876 varietatem
1139 2821 1520 2885 commodavit,
1551 2815 1646 2876 sed
1673 2823 1998 2878 condescen-

409 2909 586 2965 dendo
637 2911 1086 2980 appropinquavit
1127 2910 1435 2967 inﬁdelibus
1473 2927 1580 2968 non
1623 2913 1901 2978 cadendo,
1938 2923 2016 2970 ut.

405 3001 661 3056 videlicet
693 3001 931 3072 singulos
959 3001 1015 3056 in
1042 3017 1101 3057 se
1145 3002 1466 3072 suscipiens,
1496 3011 1552 3057 et
1576 3018 1636 3058 se
1667 3003 1723 3057 in
1772 3004 1997 3074 singulis

407 3091 801 3164 transﬁguratus
853 3094 1227 3164 compatiendo
1281 3094 1607 3165 colligeret:
1655 3095 1701 3150 si
1748 3096 1819 3150 ita
1879 3096 1997 3166 ipse

407 3189 472 3236 ut
504 3181 578 3236 illi
613 3191 778 3247 esset,
803 3182 931 3252 quid
962 3182 1197 3253 impendi
1225 3183 1328 3238 sibi
1369 3184 1438 3239 ab
1469 3183 1590 3238 aliis
1616 3192 1765 3240 recte
1794 3183 1994 3239 voluis-

408 3281 515 3340 set,
546 3281 604 3329 et
647 3280 799 3328 tanto
843 3275 1024 3328 verius
1063 3274 1352 3344 unicuique
1386 3274 1593 3330 erranti
1644 3283 1995 3330 concurreret

407 3371 612 3434 quanto
633 3363 820 3420 salutis
845 3362 962 3433 ejus
984 3363 1202 3419 modum
1230 3379 1297 3420 ex
1320 3364 1538 3439 propria
1562 3364 1994 3423 consideratione

411 3455 710 3512 didicisset.
1399 3471 1406 3475 ‘

478 3545 679 3602 Factus
703 3564 819 3602 sum
850 3547 1072 3616 inﬁrmis
1096 3548 1359 3617 inﬁrmus,
1380 3558 1438 3602 ut
1458 3549 1694 3617 inﬁrmos
1723 3547 1993 3618 lucriface-

407 3653 540 3695 rent.
587 3638 839 3694 Inﬁrmus
889 3638 1063 3695 factus
1091 3648 1176 3696 est
1202 3639 1330 3694 dum
1360 3650 1581 3710 propter
1606 3640 1804 3695 fratres
1842 3640 1993 3695 inﬁr-

406 3744 529 3786 mos
565 3731 632 3785 ab
658 3729 824 3784 licitis
853 3729 1087 3786 abstinet
1113 3747 1182 3786 ne
1228 3731 1335 3786 illis
1386 3731 1698 3786 scandalum
1747 3741 1988 3804 generet.

409 3821 666 3878 Omnibus
699 3822 870 3892 factus
891 3838 1006 3876 sum
1036 3824 1235 3889 omnia,
1267 3832 1322 3877 ut
1351 3839 1527 3878 omnes
1551 3822 1720 3878 salvos
1743 3823 1989 3893 facerem.

405 3911 524 3969 Hoc
542 3913 644 3970 fuit
661 3913 762 3968 viri
786 3913 1067 3984 prudentis
1094 3923 1148 3970 et
1169 3915 1427 3985 spiritalis
1446 3923 1506 3969 ut
1533 3915 1783 3971 omnibus
1809 3917 1993 3972 omnia

404 4004 602 4073 factus,
626 4005 961 4076 propositum
992 4014 1172 4061 tamen
1222 4005 1498 4077 religionis
1527 4021 1634 4060 non
1680 4007 1988 4063 excederet.

407 4094 546 4162 Quia
592 4095 684 4150 ubi
731 4095 916 4159 cessit,
947 4095 1015 4149 ad
1047 4096 1150 4152 hoc
1188 4095 1352 4152 cessit
1387 4106 1445 4150 ut
1473 4096 1781 4165 proﬁceret,
1810 4105 1991 4155 etnec

406 4185 552 4241 aliud
605 4186 735 4240 fecit
787 4201 952 4256 quam
984 4185 1069 4240 lex
1121 4187 1416 4242 mandavit.
1454 4185 1652 4257 (Cass.)
1683 4186 1822 4254 Quid
1845 4190 1991 4245 aliud

403 4279 644 4334 ostendit
693 4292 854 4348 quam
898 4277 1192 4332 secundum
1233 4278 1604 4333 inﬁrmitatem
1639 4287 1800 4348 atque
1841 4294 1992 4334 meno

403 4383 590 4424 suram
659 4383 846 4422 eorum
909 4367 1001 4436 qui
1069 4367 1486 4422 instituebantur
1545 4367 1990 4424 condescendisse

403 4475 643 4530 semper,
677 4467 732 4514 et
761 4475 792 4513 a
817 4458 1165 4529 perfectionis
1217 4460 1396 4528 rigore
1433 4459 1577 4515 aliud
1607 4460 1878 4517 relaxasse
1907 4478 1984 4529 se,

2097 1915 2261 1986 lisper
2292 1915 2689 1972 districtionem
2714 1920 2994 1974 sententiae
3026 1935 3137 1974 sua:
3159 1919 3374 1976 calcans
3399 1936 3507 1991 qua
3533 1921 3686 1976 dixe-

2096 2015 2182 2060 rat
2215 2023 2227 2058 :
2260 2003 2373 2075 Ego
2400 2008 2536 2060 enim
2577 2024 2671 2078 per
2716 2007 2877 2078 legem
2912 2008 3012 2080 legi
3033 2022 3268 2064 mortuus
3293 2027 3430 2074 sunt,
3462 2020 3516 2064 ut
3567 2011 3684 2066 Deo

2096 2095 2261 2149 vivam
2291 2092 2433 2165 (Gal.
2459 2097 2522 2166 ιι)
2558 2116 2570 2150 :
2603 2107 2764 2168 caput
2808 2101 3032 2167 radere,
3077 2100 3353 2172 puriﬁcari
3384 2102 3683 2157 secundum

2097 2183 2290 2255 legem,
2305 2195 2467 2255 atque
2491 2187 2544 2241 in
2569 2188 2767 2258 templo
2793 2187 3154 2246 Mosaicorum
3173 2199 3297 2246 vota
3317 2190 3514 2246 offerre
3536 2207 3684 2247 com-

2096 2275 2335 2345 pellitur,
2361 2293 2480 2346 qua:
2510 2293 2601 2333 res
2626 2279 2790 2333 etiam
2820 2294 2920 2350 pro
2953 2281 3128 2335 salute
3153 2295 3340 2336 eorum
3387 2284 3481 2352 qui
3507 2283 3682 2352 legem

2096 2363 2440 2437 Dét'penitus
2476 2369 2826 2438 ignorabant,
2871 2379 3124 2441 tanquam
3165 2379 3220 2426 et
3252 2372 3368 2442 ipse
3401 2374 3518 2428 sine
3561 2373 3681 2444 lege

2096 2465 2260 2523 esset,
2303 2456 2525 2513 ellectus
2567 2459 2658 2524 sit,
2704 2460 2824 2530 lege
2854 2460 2910 2514 in
2954 2461 3362 2516 Atheniensium
3409 2463 3542 2518 urbe
3586 2463 3680 2517 ubi

2096 2545 2375 2615 gentilium
2405 2546 2620 2616 vigebat
2648 2549 2916 2618 impietas,
2949 2563 3058 2618 quo
3085 2563 3218 2603 usus
3249 2549 3319 2604 sit
3341 2551 3680 2619 praedicatio-

2096 2636 2184 2692 nis
2223 2637 2465 2692 exordio.
2520 2634 2857 2704 Prteteriens,
2904 2639 3099 2708 inquit,
3141 2639 3248 2692 vidi
3294 2639 3600 2705 simulacra,
3628 2653 3681 2695 et

2095 2744 2269 2794 aram,
2311 2728 2365 2782 in
2392 2746 2496 2799 qua
2530 2730 2781 2799 scriptum
2827 2740 2940 2785 erat
2987 2747 3184 2787 sonoro
3205 2731 3318 2786 Deo
3349 2731 3486 2802 (Act.
3518 2734 3676 2804 xvn).

2097 2815 2340 2887 Cumque
2393 2819 2458 2872 de
2491 2834 2680 2874 eorum
2713 2820 3096 2890 superstitione
3141 2836 3450 2876 sermonem
3489 2821 3682 2878 fuiSset

2095 2908 2304 2962 orditus
2332 2916 2587 2978 tanquam
2613 2909 2660 2964 si
2687 2921 2742 2964 et
2765 2911 2880 2978 ipse
2921 2911 3036 2965 sine
3061 2911 3176 2982 lege
3206 2919 3352 2967 esset
3378 2913 3477 2967 sub
3519 2927 3682 2968 occa-

2097 2999 2248 3055 sione
2275 2999 2418 3055 illius
2443 3000 2652 3070 profani
2681 3001 2820 3056 tituli
2848 3001 3009 3058 ﬁdem
3033 3002 3232 3059 Christi
3255 3003 3437 3058 intulit
3453 3005 3676 3062 dicens:

2100 3087 2253 3154 Quod
2278 3106 2398 3160 ergo
2423 3092 2722 3161 ignorantes
2760 3109 2847 3146 vos
2881 3093 3070 3158 colitis,
3100 3095 3197 3148 hoc
3241 3105 3288 3148 et
3309 3112 3401 3165 ego
3424 3099 3680 3152 annuntio

2021 3179 2064 3244 C
2096 3179 2328 3244 vobis,et
2351 3188 2472 3251 post
2487 3197 2658 3252 pauca
2679 3183 2824 3238 velut
2839 3184 2883 3239 si
2904 3183 3101 3239 divina:
3133 3185 3268 3255 legis
3295 3187 3510 3256 penitus
3537 3188 3682 3259 igna-

2092 3285 2209 3335 rus,
2239 3271 2453 3342 gentilis
2477 3283 2651 3343 poetae
2682 3289 2898 3329 versum
2926 3275 3107 3345 potius
3154 3291 3315 3344 quam
3364 3276 3534 3348 Moysi
3586 3287 3680 3332 aut

2091 3362 2478 3433 prophetarum
2520 3365 2709 3420 maluit
2750 3364 2992 3436 proferre
3039 3367 3388 3423 sententiam.
3427 3369 3494 3424 Et
3540 3355 3682 3426 sicut

2091 3451 2312 3520 quidam
2343 3453 2590 3522 inquiens
2617 3464 2857 3511 vestrum
2878 3466 3157 3526 poetarum
3183 3459 3437 3514 dixerunt
3463 3479 3475 3516 :
3507 3463 3679 3531 ipsius

2092 3549 2148 3595 et
2172 3556 2338 3613 genus
2361 3559 2564 3599 sumus.
2596 3545 2732 3600 Cum
2764 3547 2948 3616 itaque
2985 3549 3110 3603 suis‘
3143 3563 3238 3604 eos
3267 3566 3388 3619 quae
3435 3550 3677 3607 refutare

2091 3648 2198 3687 non
2251 3635 2457 3702 possint
2501 3635 2824 3691 testimoniis
2873 3637 3063 3693 fuisset
3115 3654 3438 3709 aggressus,
3485 3641 3560 3695 ita
3608 3642 3676 3696 de

2091 3722 2243 3778 falsis
2276 3739 2400 3778 vera
2426 3725 2753 3782 conﬁrmans
2779 3725 3047 3796 subdidit,
3079 3729 3263 3786 dicens
3291 3748 3305 3785 :
3335 3730 3508 3785 Genus
3553 3749 3674 3802 ergo

2092 3831 2210 3869 cum
2234 3831 2414 3870 sumus
2437 3814 2553 3882 Dei,
2581 3833 2682 3870 non
2720 3816 2962 3872 debemus
2984 3820 3244 3874 wstimare
3264 3837 3395 3874 auro
3439 3830 3531 3874 aut
3580 3837 3671 3874 ar-

2090 3914 2266 3976 genta,
2281 3915 2371 3961 aut
2389 3906 2648 3977 lapidibus
2662 3908 2944 3980 scalpturae
2961 3911 3089 3964 artis
3110 3919 3156 3964 et
3173 3911 3499 3982 cogitationis
3511 3913 3675 3965 hami.

2093 3999 2172 4052 nis
2197 3999 2518 4054 divinitatem
2549 4016 2656 4053 esse
2684 3999 2907 4054 similem
2943 3999 3081 4072 (Act.
3112 4003 3264 4074 xvn).
3305 4003 3536 4059 lnﬁrmis
3577 4019 3673 4058 au-

2093 4095 2200 4144 tem
2237 4089 2484 4145 inﬁrmus
2511 4089 2735 4146 eﬁ‘ectus
2766 4107 2889 4147 cum
2924 4094 3219 4148 secundum
3259 4093 3665 4166 indulgentiam,

2091 4195 2199 4236 non
2239 4181 2531 4236 secundum
2584 4182 2892 4252 imperium,
2926 4184 3011 4238 his
3034 4185 3123 4254 qui
3153 4200 3210 4240 se
3238 4185 3520 4240 continere
3562 4202 3669 4242 non

2089 4283 2344 4345 poterant
2372 4276 2426 4330 iu
2461 4275 2690 4346 idipsum
2720 4277 2899 4333 redire
2920 4277 3212 4341 concessit,
3241 4278 3354 4333 sive
3381 4292 3505 4331 cum
3529 4277 3668 4334 lacte

2090 4381 2198 4430 non
2227 4381 2353 4422 esca
2386 4365 2695 4422 Corinthios
2723 4377 2946 4437 potans,
2975 4368 3291 4423 inﬁrmitate
3319 4375 3374 4422 et
3403 4368 3595 4422 timore
3614 4376 3668 4422 et

2091 4466 2328 4512 tremore
2357 4456 2525 4512 multo
2553 4458 2694 4527 apud
2714 4473 2808 4512 eos
2829 4458 2994 4514 fuisse
3021 4474 3078 4514 se
3103 4458 3252 4514 dicit.
3273 4458 3465 4514 Omnia
3486 4469 3666 4513 autem

404 4555 463 4610 id
513 4553 658 4624 quod
707 4553 1003 4608 destructio
1058 4567 1283 4622 poscere
1338 4551 1620 4606 videbatur
1648 4593 1662 4618 ,
1703 4554 1797 4608 sed
1858 4554 1986 4610 illud
2015 4530 2343 4606 Domnibus
2393 4549 2566 4605 factus
2610 4558 2725 4616 est,
2751 4560 2812 4606 ut
2839 4567 3028 4607 omnes
3067 4550 3272 4606 faceret
3315 4550 3490 4604 salvos
3543 4566 3666 4605 cum

403 4644 578 4716 magis
613 4643 1002 4714 prznposuissc,
1033 4643 1177 4712 quod
1207 4641 1595 4698 inﬁrmantium
1628 4642 1832 4698 utilitas
1868 4645 1986 4698 exi-

405 4739 600 4809 gebat,
627 4746 682 4791 et
709 4745 767 4791 ut
796 4735 911 4791 huic
933 4736 1122 4791 eadem
1155 4735 1414 4790 attentius
1456 4733 1772 4806 indagantes
1799 4737 1986 4808 singu-

404 4827 556 4882 latim
600 4826 1030 4896 Apostolicarum
1066 4825 1326 4880 virtutum
1361 4824 1590 4896 insignia
1643 4826 1986 4896 replicemus,

405 4929 614 4992 quierat
662 4920 856 4989 aliquis
883 4920 1152 4990 quomodo
1187 4919 1436 4976 omnibus
1463 4936 1560 4990 per
1587 4920 1767 4975 omnia
1799 4922 1988 4976 beatus

403 5009 693 5078 Apostolus
739 5024 894 5063 suam
947 5011 1201 5078 probetur
1251 5019 1466 5078 aptasse
1526 5025 1846 5080 personam,
1891 5011 1983 5066 ubi

403 5102 579 5156 factus
630 5101 700 5155 sit
749 5098 986 5165 Iudaeis,
1017 5101 1158 5156 sicut
1205 5100 1453 5156 Judmus?
1485 5101 1728 5170 profecto
1772 5102 1844 5156 ibi
1889 5103 1980 5157 ubi

401 5191 550 5246 illam
575 5190 892 5246 sententiam
922 5189 1112 5264 intimo
1142 5191 1303 5245 corde
1353 5191 1684 5254 custodiens,
1715 5191 1839 5259 quia
1869 5190 1978 5245 Ga-

402 5283 530 5337 latis
559 5282 966 5337 denuntiaverat
989 5282 1176 5338 dicens
1200 5297 1213 5336 :
1243 5281 1379 5338 Ecce
1403 5299 1495 5352 ego
1525 5280 1727 5337 Paulus
1755 5284 1872 5337 dico
1895 5301 1981 5338 uo-

403 5374 502 5440 bis,
527 5373 572 5427 si
607 5372 1073 5437 circumcidamini,
1097 5371 1334 5427 Christus
1380 5371 1519 5426 vobis
1567 5371 1696 5426 nihil
1748 5373 1982 5443 proderit

404 5464 548 5529 (Gal.
583 5465 659 5537 ν).
709 5464 765 5518 In
793 5463 1060 5519 Timothei
1092 5473 1270 5519 tamen
1316 5465 1747 5530 circumcisione,
1786 5466 1977 5536 imagi-

402 5573 528 5613 nem
555 5556 946 5626 quodammodo
969 5554 1202 5610 Judaiete
1222 5555 1621 5623 superstitionis
1650 5556 1938 5625 assumpsit
1965 5575 1978 5610 :

405 5659 461 5705 et
508 5665 692 5706 rursus
740 5650 828 5703 ubi
875 5648 1049 5702 factus
1074 5657 1157 5702 est
1182 5648 1262 5702 eis
1284 5649 1372 5716 qui
1404 5649 1504 5702 sub
1534 5647 1650 5718 lege
1676 5658 1831 5702 erant
1863 5658 1978 5702 tan-

387 5755 564 5815 quam
589 5741 686 5796 sub
711 5741 822 5810 lege
868 5747 1004 5795 esset
1027 5780 1038 5798 .
1065 5754 1255 5810 uctnpe
1286 5739 1353 5792 ibi
1389 5739 1476 5794 ubi
1503 5738 1733 5794 Jacobus
1763 5755 1975 5795 omnes-

2089 4641 2221 4697 dicit
2249 4657 2264 4695 :
2297 4641 2400 4706 Qui
2423 4641 2724 4708 manducat,
2751 4658 2852 4696 non
2875 4642 3274 4696 manducantem
3299 4659 3399 4695 non
3421 4651 3664 4712 spernat;

2089 4742 2136 4787 et
2161 4733 2249 4804 qui
2297 4749 2399 4786 non
2445 4733 2763 4799 manducat,
2793 4733 3195 4787 manducantem
3220 4749 3321 4786 non
3336 4733 3580 4802 judicet:
3615 4743 3664 4786 et

2088 4823 2178 4891 qui
2203 4820 2535 4875 matrimonio
2557 4820 2734 4892 jungit
2785 4820 3036 4890 virginem
3069 4839 3242 4887 suam,
3295 4821 3419 4875 bene
3442 4821 3594 4890 facit,
3615 4833 3665 4874 et

2089 4913 2178 4985 qui
2234 4929 2338 4966 non
2378 4913 2554 4982 jungit
2601 4913 2784 4968 melius
2826 4914 2954 4982 facit
2998 4913 3176 4984 (Rom.
3218 4913 3351 4986 Juv).
3388 4915 3454 4968 Et
3488 4915 3660 4968 alibi:

2089 5003 2237 5068 Quis,
2285 5003 2475 5071 inquit,
2521 5004 2820 5071 inﬁrmatur
2871 5013 2920 5057 et
2949 5020 3039 5074 ego
3085 5021 3189 5058 non
3229 5005 3665 5073 inﬁrmor?Quis

2085 5096 2476 5150 scandalizatur
2496 5105 2542 5149 et
2579 5112 2670 5166 ego
2699 5113 2802 5150 non
2829 5113 2953 5152 uror
2974 5097 2999 5150 .9
3021 5097 3196 5166 Atque
3223 5097 3326 5151 hoc
3349 5098 3507 5152 modo
3535 5097 3662 5152 illud

2085 5188 2226 5258 quod
2259 5187 2554 5242 Corinthiis
2587 5195 2915 5256 praeceperat
2965 5189 3277 5258 adimplevit
3307 5189 3493 5245 dicens
3524 5209 3537 5242 :
3573 5189 3653 5244 Si-

2085 5297 2146 5334 ne
2175 5280 2460 5348 o/fensione
2501 5289 2678 5343 estote,
2721 5278 2926 5334 Judteis
2969 5291 3016 5334 et
3058 5280 3278 5348 Grtecis,
3317 5291 3367 5336 et
3408 5281 3661 5336 Ecclesia:

2084 5369 2276 5424 Christi
2319 5369 2451 5424 sicut
2497 5379 2546 5423 et
2590 5385 2682 5439 ego
2709 5387 2801 5439 per
2831 5373 3005 5426 omnia
3045 5373 3280 5426 omnibus
3315 5374 3528 5442 placeo,
3555 5389 3660 5426 non

2081 5479 2317 5533 quiercns
2339 5460 2474 5532 quod
2504 5461 2628 5514 mihi
2667 5461 2792 5516 utile
2822 5473 2895 5517 est
2913 5504 2926 5526 ,
2954 5464 3042 5518 sed
3067 5463 3204 5533 quod
3223 5464 3421 5526 multis,
3451 5473 3507 5517 ut
3526 5462 3661 5517 salvi

2082 5559 2213 5626 ﬁant
2237 5556 2285 5626 (Ι
2307 5555 2428 5610 Cor.
2457 5554 2534 5626 ιι).
2569 5555 2709 5610 Utile
2733 5555 2850 5618 sine
2863 5557 3025 5611 dubio
3045 5558 3091 5609 ei
3119 5555 3295 5610 fuerat
3314 5556 3659 5610 Timotheum

2085 5663 2188 5700 non
2216 5644 2618 5709 circumcidere,
2651 5655 2810 5714 caput
2837 5660 2942 5698 non
2983 5643 3192 5709 radere,
3222 5644 3657 5713 puriﬁcationem

2083 5735 2355 5791 Judaieam
2407 5751 2512 5788 non
2561 5750 2856 5799 assmncrc,
2895 5735 3179 5808 nudipedia
3227 5751 3330 5790 non
3373 5747 3651 5806 exercere.
