4082 6332
297 381 366 441 85
819 377 1367 440 ENABRATIONUM
1399 383 1465 440 1N
1505 383 1652 439 EPP.
1695 382 1901 438 PAULI
1941 381 2065 438 LIB.
2109 382 2174 438 Χ.
2213 416 2286 427 -
2323 384 2389 440 1N
2428 384 2644 442 EPIST.
2685 387 2710 440 ῐ
2743 387 2844 442 AD
2871 386 3028 443 COR.
3487 392 3580 450 86~

296 505 422 554 vota
446 494 644 568 legalia
671 509 780 552 non
811 495 1032 562 offerre,
1072 497 1168 552 sed
1212 497 1341 552 facit
1371 499 1486 552 hzee
1519 499 1720 564 omnia,
1747 500 1871 567 quia
1898 503 1952 561 Α
1975 499 2212 555 victoria:
2241 500 2395 555 laude
2426 501 2762 570 conquirere.
2793 501 2978 570 Itaque
3016 503 3062 557 si
3096 505 3283 573 agonis
3311 507 3557 560 mundia-

296 608 404 648 non
435 591 630 661 quaerit
653 590 796 660 quod
816 591 918 644 sibi
937 589 1068 646 utile
1094 600 1196 656 est,
1217 593 1310 646 sed
1338 592 1480 661 quod
1508 593 1709 656 multis,
1735 595 1878 662 quod

296 684 548 756 quamvis
571 683 666 738 Dei
703 683 1150 751 contemplatione
1197 683 1269 738 sit
1311 683 1536 749 factum,
1569 693 1750 740 tamen
1804 686 1880 739 si-

293 772 594 831 mulatione
615 787 724 826 non
767 772 966 826 caruit.
1007 772 1108 840 Qui
1139 773 1285 827 enim
1315 788 1414 842 per
1455 774 1626 844 legem
1677 774 1880 830 Christi

295 864 403 937 legi
457 871 704 919 mortuus
731 861 926 928 fuerat,
965 871 1026 917 ut
1073 865 1183 918 Deo
1229 865 1454 930 viveret,
1486 867 1687 936 quique
1733 866 1881 922 illam

294 955 564 1028 justitiam
592 953 748 1023 legis,
772 952 826 1007 in
861 969 968 1024 qua
998 963 1348 1010 conversatus
1385 954 1564 1011 fuerat
1605 957 1722 1012 sine
1751 972 1882 1026 qne-

298 1048 436 1112 rela,
463 1047 844 1102 detrimentum
886 1045 1111 1113 fecerat,
1140 1056 1196 1102 et
1223 1049 1520 1104 arbitratur
1545 1057 1604 1104 ut
1641 1059 1880 1105 stercora

298 1149 360 1193 ut
385 1137 660 1193 Christum
719 1136 1058 1192 luerifaceret
1096 1135 1316 1208 (Philip.
1349 1140 1452 1211 ιιι),
1501 1155 1565 1194 ea
1594 1156 1713 1210 qua:
1750 1141 1882 1210 legis

296 1237 459 1283 erant
479 1243 609 1282 vero
646 1229 829 1283 cordis
851 1227 1045 1282 affectu
1075 1227 1269 1284 offerre
1291 1245 1398 1284 non
1426 1232 1621 1300 potuit.
1656 1230 1766 1286 Nec
1801 1230 1883 1286 fas

296 1331 387 1378 est
408 1323 556 1378 credi
591 1336 712 1376 eum
748 1323 840 1392 qui
889 1324 1099 1379 dixerat
1132 1342 1144 1377 :
1179 1323 1241 1380 Si
1282 1326 1419 1378 enim
1458 1342 1576 1396 qua:
1623 1326 1879 1392 destruxi,

298 1412 416 1465 lucc
470 1412 657 1464 iterum
715 1412 952 1480 wdiﬁco,
997 1416 1454 1482 prwuaricatorem
1499 1431 1580 1468 me
1623 1415 1881 1468 constituo

299 1503 448 1575 (Gal.
482 1503 569 1574 ιι),
599 1504 654 1558 in
677 1503 730 1558 id
749 1518 808 1558 se
851 1504 1102 1559 incidisse
1146 1505 1289 1574 quod
1315 1505 1428 1574 ipse
1455 1504 1806 1561 damnaverat
1829 1515 1886 1561 et.

298 1595 356 1650 in
405 1603 615 1649 tantum
667 1610 775 1648 non
828 1595 998 1666 magis
1045 1611 1131 1650 res
1175 1596 1289 1664 ipsa
1321 1611 1440 1664 quae
1468 1597 1689 1666 geritur,
1720 1613 1882 1668 quam

295 1685 541 1756 gerentis
586 1693 848 1754 pensatur
889 1684 1135 1740 affectus.
1189 1685 1368 1756 (.4ug.)
1399 1685 1512 1760 Hoc
1545 1702 1673 1758 ergo
1725 1688 1881 1742 exhi-

295 1777 528 1833 beamus
554 1776 603 1830 ei
630 1774 786 1845 cujus
816 1773 1185 1830 infirmitatem
1209 1785 1424 1846 portare
1449 1777 1720 1844 volumus,-
1740 1779 1883 1848 quod

1980 591 2415 662 lisintclligimus
2467 593 2834 664 disciplinam,
2887 594 3038 662 cujus
3090 596 3335 666 exemplo
3371 599 3586 653 beatus,

1978 682 2266 753 Apostolus
2294 697 2392 737 nos
2413 683 2580 738 voluit
2605 685 2838 748 erudire,
2861 685 3058 739 docens
3085 694 3284 755 quanta
3313 689 3561 742 custodia

1980 772 2109 841 quid
2151 787 2249 827 nos
2296 775 2578 828 conveniat
2620 773 2830 838 facere,
2866 791 2970 845 qua
3005 777 3244 845 puritate
3291 779 3566 847 oportebit

1982 861 2253 915 custodire
2289 863 2457 916 nostri
2489 863 2731 931 corporis
2772 873 2934 933 atque
2982 865 3175 920 anima:
3221 866 3555 930 castitatem,

1982 965 2118 1020 quos
2150 964 2371 1005 necesse
2411 960 2497 1006 est
2523 953 2762 1021 quotidie
2800 956 3161 1011 sacrosanctis
3207 957 3329 1026 agni
3372 959 3556 1012 carni-

1981 1042 2082 1097 bus
2129 1041 2293 1107 vesci,
2347 1057 2482 1111 quas
2534 1045 2804 1116 neminem
2865 1045 3200 1100 immundum
3245 1048 3561 1118 contingere

1982 1131 2147 1186 ctiam
2169 1131 2370 1187 veteris
2395 1133 2524 1202 legis
2546 1142 2808 1204 praecepta
2837 1136 3190 1204 permittunt?
3219 1137 3277 1192 in
3321 1137 3561 1193 Levitico

1984 1227 2216 1292 namque
2240 1221 2312 1275 ita
2349 1224 2698 1294 pnecipitur:
2730 1223 2913 1281 Omnis
2950 1230 3180 1283 mundus
3221 1230 3559 1285 manducabit

1984 1326 2190 1375 carnes,
2211 1320 2260 1363 et
2286 1313 2466 1365 anima
2491 1329 2812 1384 quazcunque
2833 1316 2994 1370 ederit
3028 1318 3091 1372 de
3121 1321 3366 1374 carnibus
3399 1323 3564 1376 sacri-

1983 1401 2090 1470 ﬁcii
2112 1400 2390 1464 salutaris,
2413 1404 2552 1472 quod
2590 1415 2664 1458 est
2693 1404 2933 1471 Domini,
2967 1409 3020 1461 in
3048 1426 3151 1478 qua
3179 1420 3252 1463 est
3282 1411 3563 1464 immundi-

1983 1492 2056 1544 tia
2091 1490 2274 1560 peribit
2304 1508 2480 1545 coram
2523 1492 2746 1548 Domino
2789 1495 2976 1566 (Leuit.
3021 1500 3137 1567 vn).
3181 1501 3452 1566 Quantum
3482 1510 3566 1554 est

1986 1579 2148 1650 igitur
2178 1581 2508 1651 integritatis
2556 1585 2913 1650 munus,’sine
2960 1601 3065 1656 qua
3097 1596 3152 1642 et
3189 1588 3265 1642 illi
3293 1589 3386 1659 qui
3411 1597 3569 1643 erant

1986 1669 2087 1724 sub
2134 1671 2304 1725 veteri
2332 1679 2654 1728 testamento
2701 1673 2984 1730 sacrificiis
3033 1677 3226 1747 typicis
3267 1693 3370 1733 non
3410 1687 3561 1748 pote-

1987 1769 2110 1814 rant
2159 1761 2442 1828 interesse,
2482 1772 2538 1818 et
2581 1765 2673 1834 qui
2730 1766 2914 1820 mundi
2951 1767 3109 1837 hujus
3156 1769 3564 1838 corruptibilem

295 1869 368 1922 ab
403 1867 495 1922 ίιιο
536 1867 691 1921 nobis
728 1866 986 1922 vellemus
1021 1867 1286 1933 exhiberi,
1309 1867 1353 1922 si
1395 1867 1532 1922 [οηο
1567 1885 1667 1924 nos
1714 1868 1767 1923 in
1821 1885 1882 1925 ea
1913 1848 1961 1908 B
1988 1867 2242 1908 coronam
2269 1855 2491 1925 cupiunt
2517 1857 2764 1926 adipisci,
2793 1868 3066 1929 nequeunt
3086 1862 3354 1916 coronari.
3381 1861 3569 1932 Itaque

297 1976 547 2015 essemus
576 1967 630 2014 et
651 1959 765 2028 ipse
789 1973 895 2012 non
925 1969 1088 2013 esset.
1111 1958 1192 2012 Ad
1219 1959 1322 2014 hoc
1341 1960 1579 2029 pertinet
1601 1960 1743 2030 Quod
1771 1960 1887 2030 ipse

295 2051 590 2122 Apostolus
618 2051 693 2104 ait
725 2065 741 2104 :
771 2050 1024 2105 Omnibus
1050 2051 1224 2105 omnia
1253 2052 1425 2120 factus
1451 2069 1591 2120 sum,
1619 2064 1674 2107 ut
1709 2070 1885 2108 omnes

297 2145 689 2214 lucrifacerem,
717 2143 1002 2214 cogitando
1038 2144 1244 2200 scilicet
1271 2145 1325 2199 in
1355 2160 1420 2201 eo
1449 2145 1580 2200 vitio
1616 2147 1779 2200 etiam
1825 2161 1888 2201 se

295 2252 423 2291 esse
445 2236 708 2308 potuisse,
738 2235 881 2290 unde
904 2234 1156 2304 cupiebat
1183 2235 1412 2290 alterum
1441 2236 1658 2292 liberari
1692 2251 1706 2291 :
1737 2251 1887 2292 com-

296 2327 555 2398 patiendo
604 2326 749 2380 enim
797 2327 974 2395 potius
1032 2326 1086 2380 id
1130 2328 1343 2399 agebat,
1395 2343 1500 2382 non
1553 2330 1884 2396 mentiendo,

297 2419 444 2474 sicut
468 2418 685 2488 quidam
721 2418 1092 2487 suspicantur,
1115 2426 1170 2473 et
1205 2419 1258 2474 hi
1289 2421 1522 2475 maxime
1548 2421 1639 2491 qui
1668 2422 1888 2476 menda-

297 2507 402 2562 ciis
445 2507 556 2560 suis
581 2505 948 2571 defendendis,
975 2522 1094 2577 quze
1122 2523 1319 2579 negare
1375 2524 1482 2563 non
1528 2519 1755 2580 possunt
1784 2512 1883 2566 ali-

296 2596 460 2665 cujus
489 2598 668 2668 magni
710 2597 940 2667 exempli
986 2599 1344 2668 patrocinium
1380 2611 1648 2671 quaerunt.
1695 2601 1886 2658 Omnia

299 2700 482 2743 autem
503 2690 636 2759 facio
663 2700 876 2760 propter
896 2689 1262 2761 Euangelium,
1284 2701 1339 2745 ut
1373 2695 1632 2764 particeps
1666 2693 1780 2764 ejus
1811 2694 1889 2764 ef-

297 2781 483 2849 ﬁciar.
516 2781 714 2852 (Amh.)
751 2779 864 2836 Hoc
893 2789 994 2847 est,
1023 2782 1208 2837 omnia
1235 2797 1397 2852 supra
1443 2784 1587 2839 dicta
1638 2784 1798 2850 facio,
1829 2794 1889 2840 ut

297 2869 597 2926 voluntatis
639 2871 976 2943 Evangelicaa
1021 2872 1290 2942 particeps
1335 2873 1496 2938 fiam,
1533 2890 1696 2944 quam
1726 2875 1890 2932 habet

299 2966 451 3019 circa
501 2964 730 3021 salutem
785 2966 1099 3020 humanam.
1154 2963 1382 3022 Nescitis
1409 2967 1656 3039 quoniam
1703 2969 1792 3040 qui
1831 2969 1889 3024 in

299 3054 476 3108 stadio
517 3066 765 3121 currunt,
795 3071 970 3109 omnes
1001 3055 1210 3126 quidem
1257 3068 1508 3122 currunt,
1545 3073 1679 3111 unus
1711 3065 1887 3112 autem

299 3145 493 3213 accipit
527 3143 777 3214 palmam.
815 3143 965 3200 Nunc
993 3145 1136 3200 aliud
1189 3147 1379 3216 incipit
1438 3162 1728 3218 exponere.
1781 3147 1890 3203 lta-

300 3201 793 3305 que'hoc'exemplo
817 3235 1051 3290 ostendit
1072 3243 1273 3304 quanta
1302 3201 1372 3291 sit
1399 3201 1604 3293 utilitas
1629 3237 1763 3308 legis
1787 3253 1885 3294 no-
1915 3201 1960 3266 Ε

299 3331 456 3386 strze,
475 3324 528 3377 in
547 3339 653 3394 qua
671 3339 774 3378 non
803 3325 914 3390 uni,
930 3325 1024 3380 sed
1043 3327 1292 3381 omnibus
1312 3327 1576 3396 promissa
1592 3337 1676 3382 est
1688 3327 1885 3397 palma.

377 3412 466 3468 Sic
495 3417 692 3470 currite
730 3425 788 3470 ut
825 3419 1291 3486 comprehendatis.
1326 3418 1622 3492 (Theolog.)
1649 3419 1890 3477 Sollicito

300 3507 418 3562 vult
468 3509 615 3563 curri
646 3509 714 3563 ad
753 3510 1186 3580 promissionem,
1236 3511 1361 3580 quia
1412 3527 1606 3584 magna
1635 3521 1740 3578 est,
1786 3529 1890 3569 nec

305 3606 530 3670 propter
577 3598 842 3653 lentorem
889 3609 943 3654 et
989 3601 1231 3672 segnium
1262 3617 1444 3657 moras
1481 3611 1699 3674 paratos
1727 3615 1890 3674 atque

307 3688 518 3744 alacres
545 3689 742 3744 debere
767 3689 1078 3756 subsistere,
1101 3707 1225 3746 cum
1252 3693 1452 3748 rectius
1479 3693 1568 3758 sit,
1593 3701 1654 3749 ut
1682 3694 1894 3750 desides

311 3795 344 3834 ιι
377 3781 830 3848 przecurrentibus
876 3780 1192 3846 incitentur,
1235 3798 1397 3852 quam
1447 3790 1507 3838 ut
1541 3793 1894 3855 properantes

315 3883 348 3924 ιι
378 3869 734 3924 residentibus
766 3871 1087 3942 obligentur.
1119 3870 1302 3928 Omnis
1328 3883 1502 3929 autem
1529 3876 1618 3946 qui
1647 3876 1703 3929 in
1729 3893 1894 3946 agone

311 3961 578 4016 contendit
609 3961 674 4015 ab
725 3962 964 4017 omnibus
1001 3980 1056 4018 se
1086 3963 1329 4018 abstinet.
1378 3964 1461 4019 Ab
1495 3965 1578 4020 his
1618 3966 1890 4032 omnibus,

309 4050 508 4120 inquit,
552 4068 672 4121 quce
715 4053 930 4108 vitanda
985 4055 1172 4109 eadem
1221 4055 1385 4110 tradit
1438 4056 1740 4126 disciplina,
1770 4072 1895 4112 cum

308 4143 488 4197 sciant
510 4159 674 4196 unum
693 4144 1079 4209 coronandum,
1096 4153 1296 4215 quanto
1313 4147 1484 4217 magis
1502 4147 1895 4202 observandum

309 4236 470 4290 nobis
508 4244 612 4298 est,
652 4235 778 4304 quia
821 4236 1071 4292 omnibus
1099 4237 1363 4307 promissa
1387 4246 1470 4294 est
1494 4238 1656 4294 salus.
1688 4239 1733 4292 Α
1775 4239 1896 4308 qui-

309 4329 413 4384 bus
439 4328 692 4383 omnibus
729 4328 956 4394 dixerit,
1004 4329 1364 4398 inquiramus,
1413 4337 1471 4383 ut
1513 4332 1684 4402 possit
1739 4331 1896 4386 nobis

312 4421 575 4491 spiritalis
628 4422 814 4491 agonis
873 4421 1152 4476 instructio
1212 4422 1611 4492 comparatione
1664 4423 1897 4478 carnalis

1986 1947 2133 2002 omni
2171 1949 2418 2002 custodia
2473 1949 2652 2004 cordis
2697 1951 2866 2005 nostri
2899 1961 3024 2006 sunt
3061 1951 3284 2009 latebra:
3317 1955 3569 2024 primitus

1987 2037 2318 2107 extirpandas
2343 2055 2357 2104 ;
2390 2040 2532 2110 quod
2561 2042 2707 2096 enim
2737 2042 2810 2096 illi
2858 2042 2913 2096 in
2947 2045 3190 2114 corporis
3215 2045 3448 2115 puritate
3475 2061 3570 2100 cn-

1987 2131 2140 2202 piunt
2168 2133 2401 2202 assequi,
2435 2148 2532 2188 nos
2575 2135 2829 2190 debemus
2875 2136 3039 2190 etiam
3098 2137 3154 2190 in
3205 2138 3383 2193 cordis
3433 2153 3566 2193 con-

1988 2223 2215 2278 scientia
2250 2225 2536 2293 'possidere
2558 2266 2572 2291 ,
2607 2225 2661 2280 in
2715 2241 2820 2296 qua
2869 2227 3130 2284 Dominus
3159 2230 3365 2285 arbiter
3404 2238 3567 2300 atque

1989 2315 2312 2384 agonotheta
2334 2315 2573 2371 residens
2593 2331 2823 2387 pugnam
2851 2332 3042 2373 cursus
3068 2328 3228 2390 atque
3251 2321 3568 2377 certaminis

1987 2405 2157 2460 nostri
2180 2403 2382 2477 jugiter
2403 2419 2702 2477 exspectat,
2732 2419 2792 2465 ut
2814 2425 2877 2466 ca
2905 2427 3023 2481 quae
3051 2415 3104 2468 in
3137 2415 3420 2486 propatulo
3438 2416 3570 2470 hor.

1991 2511 2171 2552 remus
2210 2499 2516 2566 admittere,
2543 2516 2609 2556 ne
2635 2502 2962 2559 intrinsecus
3004 2505 3222 2575 quidem
3265 2507 3573 2563 coalescere

1991 2589 2206 2644 incauta
2251 2593 2576 2662 cogitatione
2614 2595 2904 2663 patiamur,
2937 2606 2991 2652 et
3024 2598 3076 2652 in
3113 2598 3306 2668 quibus
3334 2601 3570 2655 humana

1989 2683 2295 2752 cognitione
2317 2685 2719 2753 confundimur,
2743 2703 2842 2742 nec
2866 2690 3079 2744 occulta
3119 2691 3334 2760 quidem
3371 2707 3572 2748 concu-

1989 2776 2247 2848 piscentia
2270 2777 2605 2848 polluamur:
2633 2795 2752 2849 qua:
2784 2781 2906 2836 licet
2929 2783 3100 2852 possit
3135 2784 3411 2838 hominum
3433 2800 3572 2854 prae-

1992 2865 2158 2920 terire
2185 2866 2455 2932 notitiam,
2480 2877 2790 2923 sanctorum
2820 2879 2998 2926 tamen
3021 2873 3348 2943 Angelorum
3381 2874 3571 2942 ipsius-

1991 2972 2097 3028 que
2121 2959 2503 3030 omnipotentis
2542 2960 2637 3015 Dei
2682 2965 2965 3018 scientiam
3011 2981 3171 3034 quam
3195 2967 3337 3020 nulla
3366 2969 3578 3021 subter-

1993 3048 2204 3120 fugiunt
2225 3061 2454 3117 secreta,
2486 3053 2652 3109 latere
2678 3070 2782 3109 non
2813 3057 3029 3126 poterit.
3064 3057 3131 3110 Et
3157 3057 3237 3112 illi
3269 3058 3476 3129 quidem
3516 3067 3576 3110 ut

1993 3141 2380 3212 corruptibilem
2409 3159 2656 3198 coronam
2682 3145 2964 3215 accipiant,
2999 3163 3092 3202 nos
3124 3155 3298 3201 autem
3332 3149 3574 3201 incorru-

1989 3239 2152 3300 ptam.
2199 3230 2404 3303 (Amb.)
2436 3233 2500 3288 Et
2524 3233 2577 3287 in
2606 3234 2707 3289 hoc
2750 3235 2978 3290 multum
3005 3237 3186 3310 dispar
3235 3239 3435 3293 donum
3469 3251 3572 3302 est,

1992 3335 2058 3375 ac
2077 3335 2173 3390 per
2201 3322 2305 3376 hoc
2327 3321 2692 3391 diligentiores
2718 3339 2816 3378 nos
2837 3339 2957 3380 esse
2991 3326 3206 3392 debere,
3245 3329 3441 3396 quibus
3465 3345 3573 3381 non

1991 3411 2221 3466 terrenis
2245 3419 2296 3465 et
2328 3413 2786 3468 marcescentibus
2803 3411 3046 3480 floribus,
3075 3416 3168 3470 sed
3196 3417 3414 3470 :cternis
3437 3433 3571 3471 eon-

1991 3509 2134 3556 serta
2151 3503 2400 3572 gemmis,
2419 3503 2470 3556 in
2495 3503 2710 3558 modum
2735 3504 2930 3576 regalis
2945 3505 3284 3574 diadematis,
3313 3507 3573 3577 spiritalis

1995 3607 2196 3648 corona
2225 3605 2495 3649 servatur.

2065 3683 2178 3754 Ego
2199 3685 2360 3754 igitur
2379 3687 2455 3740 sic
2479 3702 2655 3752 curro,
2681 3703 2783 3741 non
2809 3687 2962 3758 quasi
2990 3689 3044 3742 in
3072 3689 3347 3742 incertum.
3382 3686 3572 3757 Magna

1994 3792 2091 3848 spe
2117 3793 2338 3833 currere
2376 3778 2678 3848 profitetur,
2715 3789 2922 3834 certum
2951 3780 3157 3835 habens
3186 3779 3314 3850 quid
3353 3779 3424 3834 sit
3448 3795 3575 3849 pro-

1996 3869 2240 3923 missum.
2269 3867 2356 3924 Sic
2373 3885 2546 3939 pugno
2575 3887 2679 3924 non
2701 3871 2852 3940 quasi
2875 3886 3046 3924 aerem
3073 3870 3296 3924 credens.
3327 3869 3440 3925 Hoc
3464 3877 3571 3934 est,

1996 3975 2105 4015 non
2135 3961 2315 4016 verbis
2352 3961 2524 4030 magis
2566 3961 2659 4016 sed
2705 3962 2868 4015 rebus
2916 3961 3204 4016 contendo.
3239 3960 3344 4016 Sed
3383 3961 3579 4031 castigo

1996 4068 2181 4115 corpus
2232 4067 2404 4104 meum
2451 4061 2499 4104 et
2545 4051 2777 4106 servituti
2807 4051 3048 4120 subjicio.
3079 4051 3356 4121 Castigare
3382 4066 3580 4119 corpus
3647 4091 3652 4096 -

1997 4153 2080 4200 est
2097 4141 2316 4212 jejuniis
2344 4143 2470 4197 illud
2493 4158 2674 4213 agere,
2706 4149 2760 4195 et
2805 4142 2894 4196 illa
2917 4143 2966 4196 ei
2999 4143 3128 4197 dare
3147 4158 3268 4213 qua:
3297 4145 3364 4196 ad
3410 4143 3578 4196 vitam

1996 4231 2304 4303 proficiant,
2331 4249 2437 4288 non
2471 4234 2536 4289 ad
2562 4233 2778 4299 luxum;
2810 4235 3056 4288 servituti
3103 4249 3233 4289 vero
3272 4233 3577 4302 subjicitur,

1999 4328 2126 4381 dum
2177 4341 2284 4379 non
2329 4341 2480 4380 suam
2534 4326 2775 4396 perficit,
2817 4327 2908 4381 sed
2953 4327 3178 4396 spiritus
3225 4327 3577 4383 voluntatem.

2001 4421 2086 4475 Ne
2113 4421 2247 4490 forte
2289 4419 2407 4474 aliis
2449 4421 2741 4490 prwdicans
2787 4421 2898 4490 ipse
2944 4420 3188 4489 reprobus
3215 4421 3424 4490 efficiar.
3457 4421 3581 4474 ideo

314 4511 545 4581 acquiri.
576 4509 769 4583 (Cass.)
794 4511 873 4570 Illi
910 4513 1107 4567 etenim
1138 4513 1228 4582 qui
1259 4513 1313 4567 in
1353 4513 1454 4568 hoc
1488 4528 1659 4584 agone
1697 4514 1898 4568 visibili
1925 4551 1975 4610 Β
2001 4526 2060 4566 se
2087 4509 2366 4566 refrenare
2419 4525 2617 4579 corpus
2666 4525 2820 4565 suum
2851 4511 3123 4575 ostendit,
3161 4520 3222 4565 ut
3269 4526 3582 4566 remunera—

315 4603 534 4657 student
577 4602 815 4671 legitime
869 4601 1177 4668 decertare,
1223 4602 1408 4657 utendi
1464 4602 1715 4658 omnibus
1756 4602 1896 4657 escis

315 4711 452 4763 quas
477 4693 736 4749 desiderii
762 4693 924 4747 libido
951 4693 1274 4764 suggesserit
1310 4709 1416 4748 non
1441 4693 1644 4747 habent
1673 4693 1898 4748 faculta-

317 4796 447 4852 tem,
473 4785 566 4840 sed
592 4785 696 4840 illis
728 4786 1098 4840 tantummodo
1120 4801 1256 4856 quas
1289 4785 1602 4840 earumdem
1646 4785 1898 4840 certami-

317 4895 446 4933 num
497 4879 690 4932 statuit
745 4877 1064 4946 disciplina,
1113 4886 1170 4932 et
1224 4893 1330 4931 non
1380 4877 1554 4931 solum
1599 4875 1898 4930 interdictis

318 4971 479 5034 escis,
507 4977 562 5024 et
581 4969 871 5034 ebrietate,
899 4969 1154 5038 omnique
1175 4967 1412 5037 crapula,
1444 4982 1538 5022 cos
1568 4982 1788 5022 necesse
1815 4975 1898 5022 est

317 5062 613 5127 abstinere,
643 5063 996 5116 vcrumetiam
1028 5070 1219 5117 cuncta
1252 5063 1466 5128 inertia,
1503 5070 1557 5116 et
1590 5060 1704 5116 otio
1731 5067 1895 5129 atque

317 5152 525 5206 desidia
554 5161 613 5205 ut
639 5153 967 5222 quotidianis
987 5151 1259 5206 exercitiis
1285 5151 1507 5222 jugique
1551 5149 1898 5205 meditatione

317 5245 492 5299 virtus
517 5260 703 5299 eorum
730 5245 901 5313 possit
919 5259 1228 5300 accrescere
1245 5285 1260 5308 ,
1283 5252 1338 5298 et
1363 5245 1437 5296 ita
1467 5243 1611 5297 omni
1641 5241 1899 5298 sollicitu-

320 5337 444 5389 dine
465 5353 529 5390 ac
555 5336 770 5390 tristitia
793 5336 1127 5406 negotiisque
1151 5334 1499 5398 secularibus,
1525 5333 1716 5388 alfcctu
1737 5332 1910 5387 etiam.

319 5434 373 5477 et
395 5439 559 5492 opere
580 5409 844 5494 conjugali
874 5423 1178 5478 efficiuntur
1206 5423 1363 5477 alieni
1385 5465 1399 5487 ,
1427 5432 1484 5477 ut
1511 5431 1704 5492 prteter
1750 5437 1902 5476 exer-

321 5515 507 5568 citium
532 5514 825 5585 disciplinm
849 5515 979 5569 nihil
1003 5513 1144 5569 aliud
1177 5514 1451 5578 noverint,
1486 5529 1585 5567 nec
1612 5513 1718 5567 nlla
1745 5529 1902 5566 mun-

322 5605 448 5658 diali
505 5620 633 5659 cura
681 5606 891 5675 penitus
933 5605 1298 5676 implicentur,
1347 5605 1414 5658 ab
1453 5620 1519 5659 eo
1561 5613 1765 5658 tantum
1809 5603 1900 5672 qni

324 5697 609 5752 certamini
642 5698 908 5767 praesidet,
940 5706 1218 5766 sperantes
1246 5695 1545 5766 quotidiani
1579 5696 1751 5750 victus
1780 5695 1902 5750 sub-

327 5788 582 5845 stantiam
623 5797 676 5845 et
722 5805 932 5846 coronae
964 5788 1219 5864 gloriam,
1259 5785 1631 5858 condignaquc
1679 5786 1895 5856 prtcmia

2000 4603 2166 4666 tione,
2203 4617 2363 4672 quam
2410 4601 2530 4656 aliis
2557 4602 2836 4671 przedicat,
2890 4602 3052 4656 etiam
3089 4601 3202 4672 ipse
3240 4601 3433 4672 dignus
3478 4603 3579 4657 ha—

1999 4693 2191 4746 beatur
2231 4707 2299 4746 ne
2339 4692 2461 4746 aliis
2508 4691 2710 4746 curatis
2739 4691 2851 4759 ipse
2895 4700 3199 4746 remaneret
3247 4692 3301 4745 in
3332 4691 3576 4746 vuhrerc.

1999 4781 2194 4836 Butam
2216 4797 2344 4852 ergo
2366 4797 2514 4852 spem
2537 4781 2933 4850 prmdicationis
2958 4796 3068 4836 sum
3093 4779 3342 4844 afﬁrmat,
3367 4783 3580 4850 quando

2001 4873 2165 4943 gestis
2207 4871 2260 4925 id
2302 4886 2360 4926 se
2402 4870 2656 4941 prosequi
2703 4871 2846 4939 quod
2893 4870 3088 4934 docet,
3137 4871 3378 4925 ostendit
3410 4885 3424 4924 :
3453 4872 3580 4941 quia

2002 4961 2095 5031 qui
2145 4960 2301 5015 aliter
2331 4961 2441 5031 agit
2487 4975 2646 5029 quam
2695 4961 2969 5028 praedicat,
3003 4969 3283 5031 suspectos
3311 4961 3440 5016 facit
3482 4978 3580 5016 au-

2000 5053 2230 5118 dientes,
2255 5062 2316 5106 ut
2349 5053 2415 5107 de
2444 5051 2725 5122 promissis
2761 5051 3033 5117 dubitent;
3068 5068 3165 5107 suo
3193 5052 3377 5122 itaque
3401 5069 3585 5108 exeru-

2005 5144 2092 5214 plo
2130 5158 2234 5198 non
2266 5143 2440 5213 magis
2484 5143 2693 5207 verbis,
2724 5157 2886 5211 quam
2938 5144 3192 5212 operibus
3225 5144 3584 5198 exercendum

2006 5233 2271 5288 hortatur.
2304 5230 2502 5304 (Cass.)
2533 5231 2698 5286 Vides
2735 5232 2863 5302 quid
2894 5233 2946 5285 in
2979 5231 3288 5302 semetipso,
3315 5232 3366 5286 id
3399 5239 3502 5296 est,
3529 5231 3584 5286 in

2007 5340 2172 5379 carne
2205 5339 2334 5389 sua,
2384 5322 2826 5377 colluctationum
2877 5335 3142 5375 summam
3180 5321 3326 5375 velut
3361 5320 3415 5374 in
3457 5322 3586 5374 base

2007 5415 2236 5484 quadam
2285 5414 2592 5468 firmissima
2637 5412 2908 5471 statuerit,
2934 5421 2990 5466 et
3029 5421 3342 5482 proventum
3393 5423 3585 5479 puguze

2007 5508 2060 5561 in
2090 5507 2201 5561 sola
2241 5507 2592 5576 castigatione
2627 5504 2809 5560 carnis
2836 5513 2889 5558 et
2927 5503 3258 5571 subiectione
3292 5519 3372 5558 sui
3399 5515 3585 5568 corpo-

2010 5600 2084 5653 ris
2132 5599 2493 5653 collocaverit.
2539 5597 2670 5667 Ego,
2714 5595 2909 5666 inquit,
2936 5596 3012 5649 sic
3040 5612 3194 5649 curro
3224 5611 3327 5648 non
3354 5593 3503 5646 auasi
3531 5593 3585 5644 in

2006 5690 2284 5755 incertum,
2337 5705 2441 5743 non
2496 5688 2668 5741 currit
2713 5688 2764 5741 in
2814 5687 3080 5740 incertum
3125 5685 3250 5755 quia
3310 5683 3584 5737 cwlestem

2005 5779 2302 5837 Jerusalem
2380 5777 2715 5850 conspiciens
2801 5777 3034 5834 defixum
3098 5776 3256 5830 habet
3303 5788 3406 5842 quo
3483 5770 3584 5826 sibi
