4082 6332
518 378 585 431 87
1190 377 1250 437 Β.
1290 383 1540 441 RABANI
1579 385 1797 443 MAURI
1833 387 2150 446 ARCHIEP.
2191 389 2500 450 MOGUNT.
2526 393 2808 453 OPERUM
2843 391 3022 456 PARS
3058 394 3145 456 Ill.
3701 401 3772 464 88

515 493 696 553 cordis
739 499 820 553 sui
857 496 1231 554 indeﬁexibilis
1275 500 1345 554 sit
1367 501 1645 573 dirigenda
1668 504 2085 574 perSpicacitas;
2117 511 2166 571 Α
2192 523 2373 565 aerem
2420 527 2649 568 vacuum
2707 523 2763 570 et
2803 518 3038 583 inanem,
3094 516 3304 588 aliquos
3351 527 3534 575 tamen
3560 521 3614 576 in
3642 537 3776 580 aere

513 603 621 644 non
670 589 844 645 currit
897 589 949 643 in
1003 590 1286 654 incertum,
1317 592 1443 660 quia
1483 593 1804 649 obliviscens
1855 609 1921 650 ea
1970 611 2092 665 qua:

512 683 812 752 posteriora
841 691 989 748 sunt,
1028 683 1268 738 extendit
1312 700 1372 740 se
1413 686 1479 740 ad
1518 686 1868 756 destinatum,
1909 707 2092 760 perse-

512 788 685 841 quens
716 772 781 826 ad
803 772 1047 827 bravium
1078 789 1322 844 superate
1357 777 1652 832 vocationis
1683 777 1775 833 Dei
1801 779 1854 833 in
1875 779 2091 837 Christo

509 859 638 916 Jcsu
667 875 773 930 quo
797 875 1012 930 semper
1040 861 1279 931 dirigens
1307 877 1416 916 sua:
1437 864 1633 918 mentis
1657 865 1927 930 obtutum,
1948 875 2004 922 et
2021 867 2090 922 ad

509 967 633 1007 eum
655 951 801 1006 omni
822 951 1001 1006 cordis
1027 953 1406 1023 properatione
1432 953 1694 1009 festinans
1737 971 1860 1011 cum
1892 956 2088 1013 ﬁducia

507 1045 918 1115 proclamabat:
973 1045 1177 1099 Bonum
1211 1063 1427 1116 agonem
1473 1049 1682 1112 certari,
1707 1065 1917 1103 cursum
1961 1066 2087 1104 con-

507 1137 800 1201 summavi,
840 1137 998 1206 ﬁdem
1041 1138 1282 1200 servavi;
1312 1145 1366 1190 et
1412 1138 1537 1206 quia
1587 1153 1646 1192 se
1694 1148 1917 1193 noverat
1962 1147 2090 1208 post

506 1231 729 1284 odorem
788 1236 1180 1298 unguentorum
1233 1229 1431 1284 Christi
1475 1230 1683 1300 perpeti
1741 1231 2087 1286 conscientiae

507 1320 794 1376 devotione
831 1319 1232 1389 infatigabiliter
1259 1321 1564 1376 cucurrisse
1603 1331 1658 1376 et
1684 1322 1939 1390 spiritalis
1961 1339 2088 1394 ago-

507 1412 595 1467 nis
617 1421 914 1475 certamen,
941 1411 1119 1466 carnis
1151 1411 1503 1482 castigatione
1527 1412 1745 1478 vicisse,
1779 1429 1902 1468 cum
1945 1413 2082 1468 ﬁdu-

507 1501 596 1557 cia
637 1501 802 1556 infert
827 1518 840 1554 :
871 1502 937 1554 de
967 1510 1152 1554 ca’tero
1181 1501 1408 1570 reposita
1441 1510 1515 1555 est
1547 1502 1674 1554 mihi
1714 1519 1904 1556 corona
1923 1503 2084 1572 justi-

505 1595 610 1655 tire,
643 1608 801 1662 quam
845 1591 1019 1645 reddet
1065 1589 1191 1644 mihi
1240 1590 1496 1644 Dominus
1540 1593 1594 1645 in
1641 1591 1733 1645 illa
1779 1592 1862 1645 die
1901 1593 2083 1662 justus

498 1685 688 1754 judex,
718 1693 778 1739 ct
811 1693 866 1738 et
888 1683 1046 1738 nobis
1072 1697 1284 1752 quoque
1306 1683 1537 1738 similem
1579 1698 1726 1752 spem
1777 1685 2084 1740 retributio-

503 1776 592 1832 nis
639 1777 908 1846 aperiret,
937 1775 983 1830 si
1027 1776 1081 1830 in
1128 1790 1297 1845 agone
1327 1791 1518 1832 cursus
1543 1777 1696 1832 istius
1721 1755 1922 1832 imitari
1957 1793 2080 1833 eum

2193 603 2510 658 verberare:
2533 613 2587 659 et
2603 605 2729 676 quia
2745 606 2860 662 haec
2883 609 3241 664 certaminum
3263 625 3459 680 genera
3481 627 3773 682 superave-

2193 701 2297 756 rat,
2320 701 2375 747 et
2402 695 2604 750 ditatus
2630 696 2920 752 multarum
2969 715 3289 756 coronarum
3338 703 3626 773 stipendiis
3679 707 3770 763 in-

2192 781 2437 847 cedebat,
2469 799 2577 839 non
2608 785 2880 841 immerito
2900 788 3263 845 robustiorutn
3289 791 3529 847 hostium
3575 795 3772 866 incipit

2191 873 2374 928 subire
2414 874 2725 940 luctamina,
2768 891 2832 932 ac
2863 877 3136 946 prioribus
3179 879 3387 936 aemulis
3421 883 3770 953 triumphatis

2190 980 2312 1020 eum
2355 966 2549 1020 ﬁducia
2598 965 2896 1035 proclamat
2939 975 2994 1022 et
3019 968 3186 1023 dicit:
3217 969 3340 1022 1am
3372 987 3476 1024 non
3500 983 3574 1025 est
3619 974 3767 1028 nobis

2189 1053 2485 1116 colluctatio
2508 1056 2754 1110 adversus
2782 1073 3008 1122 carnem,
3038 1067 3085 1112 et
3111 1061 3440 1130 sanguinem,
3465 1061 3556 1115 sed
3581 1063 3767 1116 adver—

2187 1163 2278 1201 sus
2305 1147 2628 1217 principatus
2645 1188 2660 1214 ,
2707 1149 2956 1202 adversus
2985 1157 3281 1220 potestates,
3303 1150 3553 1205 adversus
3581 1152 3767 1206 mundi

2189 1245 2411 1290 rectores
2434 1236 2763 1290 tenebrarum
2789 1237 2976 1292 harum
2995 1277 3010 1304 ,
3031 1247 3212 1292 contra
3237 1239 3495 1308 spiritalia
3519 1240 3766 1309 nequitia

2185 1326 2242 1379 in
2263 1325 2550 1380 caelestibus
2577 1324 2792 1396 (Ep/tes.
2821 1325 2920 1398 vi).

2805 1455 3033 1513 CAPUT
3068 1455 3135 1513 X.

2186 1563 2449 1662 iicprobat
2492 1591 2769 1662 Apostolus
2815 1592 3185 1661 participanles
3227 1609 3292 1646 ea:
3321 1593 3498 1660 idolis,
3533 1605 3582 1648 et
3611 1595 3763 1651 docet

2255 1663 2512 1733 quomodo
2543 1663 2789 1716 utendum
2817 1663 2880 1716 sit
2905 1663 2970 1716 iis
2994 1679 3111 1732 qua:
3133 1663 3472 1716 immolantur
3509 1666 3686 1720 idolis.

2258 1776 2399 1832 Nolo
2421 1779 2558 1832 enim
2580 1793 2669 1830 vos
2691 1776 2958 1846 ignorare,
2988 1775 3200 1844 fratres,
3224 1776 3348 1846 quia
3377 1787 3550 1846 patres
3595 1780 3762 1832 nostri

501 1865 746 1928 velimus,
772 1873 827 1920 et
855 1865 1090 1935 adjecit:
1127 1864 1249 1918 Non
1295 1864 1465 1920 solum
1511 1876 1685 1919 autent
1729 1867 1878 1931 mihi,
1905 1871 1994 1921 sed
2028 1878 2079 1923 et
2108 1881 2156 1944 Β
2183 1883 2360 1922 omnes
2404 1869 2500 1923 sub
2535 1866 2668 1920 nube
2696 1866 2927 1936 fuerunt,
2951 1875 3000 1919 et
3043 1882 3218 1920 omnes
3247 1883 3339 1935 per
3369 1870 3760 1923 maretransie—

502 1955 740 2009 omnibus
767 1955 856 2026 qui
897 1953 1121 2024 diligunt
1165 1953 1442 2008 adventum
1469 1955 1604 2025 ejus,
1640 1956 1929 2027 participes
1979 1973 2079 2014 nos

500 2061 718 2102 coronat
753 2061 864 2101 sua:
896 2046 950 2100 in
995 2043 1289 2112 diejudicii
1327 2045 1444 2100 fore
1481 2048 1856 2117 pronuntians,
1889 2050 1932 2104 si
1960 2049 2080 2104 dili-

498 2145 685 2207 gentes
737 2137 1026 2192 adventum
1081 2135 1302 2200 Christi,
1353 2152 1459 2192 non
1506 2137 1653 2192 illum
1697 2146 1939 2205 tantum,
1985 2142 2078 2211 qui

496 2229 677 2287 etiam,
713 2229 1021 2284 nolentibus
1073 2228 1378 2300 apparebit,
1426 2229 1519 2284 sed
1541 2227 1702 2284 etiam
1758 2231 1935 2296 hunc,
1984 2232 2077 2302 qui

499 2322 742 2393 quotidie
791 2321 845 2374 in
875 2321 1080 2376 sanctis
1130 2321 1432 2376 committat
1475 2323 1757 2378 animabus
1795 2324 2077 2380 victoriam

497 2412 1202 2483 certaminis,castigatione
1222 2412 1464 2482 corporis
1489 2415 1848 2484 acquiramus.
1867 2415 1943 2470 De
1968 2430 2078 2484 quo

497 2506 733 2561 adventu
761 2503 1018 2558 Dominus
1040 2502 1092 2556 in
1113 2501 1400 2572 Evangelio
1434 2521 1446 2556 :
1470 2502 1603 2573 Ego,
1629 2502 1820 2572 inquit,
1843 2512 1891 2558 et
1916 2501 2078 2558 Pater

497 2612 644 2650 meus
699 2595 959 2650 veniemus
1009 2602 1058 2646 et
1104 2593 1427 2646 mansionem
1476 2592 1616 2661 apud
1663 2609 1781 2647 eum
1824 2593 2074 2663 faciemus

495 2685 681 2757 (Joan.
703 2684 850 2756 xw);
895 2692 950 2738 et
977 2683 1171 2738 iterum
1199 2700 1212 2734 :
1239 2680 1376 2734 Ecce
1410 2697 1502 2751 ego
1539 2689 1620 2735 sto
1663 2681 1731 2735 ad
1785 2683 1996 2746 ostium,
2027 2692 2076 2736 et

492 2775 666 2846 pulso.
701 2773 759 2831 Si
787 2776 900 2846 quis
943 2774 1167 2830 audierit
1212 2789 1384 2828 vocem
1410 2788 1578 2825 meam
1615 2781 1663 2826 et
1689 2774 1950 2843 aperuerit
1985 2773 2076 2843 ja-

496 2882 680 2930 nuam,
715 2865 937 2919 introibo
965 2863 1033 2917 ad
1056 2863 1234 2926 illum,
1257 2872 1306 2916 et
1333 2861 1541 2916 cmnabo
1581 2879 1698 2916 cum
1750 2861 1862 2929 illo,
1885 2872 1934 2917 et
1969 2863 2076 2932 ipse

493 2973 694 3010 mecum
725 2957 907 3026 (Apoc.
940 2954 1044 3027 ιιι).
1074 2953 1185 3008 Nec
1227 2963 1405 3008 tamen
1452 2969 1678 3024 agonem
1720 2969 1912 3009 cursus
1950 2963 2074 3009 tan-

494 3037 773 3100 tummodo
825 3060 1228 3101 consummasse
1280 3060 1339 3100 sc
1388 3045 1676 3110 describit,
1723 3060 1843 3098 cum
1899 3045 2068 3100 dicit:

497 3135 560 3192 Si
582 3151 758 3198 curro,
813 3151 915 3188 non
954 3135 1105 3205 quasi
1147 3135 1203 3187 in
1250 3135 1522 3198 incertum,
1577 3133 1718 3202 quod
1766 3133 2076 3202 specialiter

2177 1971 2318 2027 runt,
2351 1971 2399 2016 et
2419 1977 2596 2014 omnes
2623 1959 2678 2013 in
2703 1957 2882 2028 Moyse
2909 1956 3158 2028 baptizati
3181 1965 3332 2022 sunt,
3354 1958 3411 2011 in
3444 1958 3578 2012 nube
3628 1969 3677 2013 et
3703 1961 3759 2013 in

2177 2055 2332 2107 mari.
2357 2051 2666 2107 Judworum
2695 2047 2940 2118 exemplo
2983 2048 3070 2117 qui
3109 2047 3433 2119 negligentia
3461 2064 3559 2103 sua
3584 2049 3760 2105 οιῐριι-

2175 2141 2390 2206 derunt,
2433 2139 2693 2196 sollicitos
2721 2153 2822 2194 nos
2847 2139 2958 2193 vult
3006 2153 3147 2202 esse,
3195 2137 3422 2208 ideoque
3463 2140 3568 2193 sub.
3615 2140 3762 2195 nube

2176 2217 2308 2288 dicit
2332 2231 2450 2288 illos
2479 2231 2666 2296 fuisse,
2690 2232 2818 2302 quia
2837 2231 3018 2287 omnia
3041 2246 3160 2301 qua:
3179 2237 3331 2301 gesta
3352 2240 3478 2286 sunt
3508 2231 3562 2284 in
3586 2230 3758 2301 ﬁgura

2177 2324 2351 2379 nostri
2395 2321 2536 2378 facta
2575 2331 2701 2378 sunt
2737 2329 2798 2377 ut
2835 2321 3078 2377 veritatis
3118 2328 3320 2376 nostrae
3362 2319 3435 2375 illi
3470 2319 3763 2375 habuerint

2176 2417 2506 2486 imaginem:
2537 2415 2771 2471 contecti
2817 2413 2960 2470 enim
3017 2413 3158 2468 nube
3203 2420 3258 2467 et
3312 2411 3382 2466 ab
3429 2411 3761 2466 abversariis

2177 2507 2290 2562 suis
2313 2507 2412 2560 tuti
2435 2505 2664 2575 praestiti
2687 2505 2810 2560 dum
2841 2518 2872 2556 a
2897 2510 3072 2557 morte
3091 2500 3302 2556 liberati
3327 2508 3472 2564 sunt,
3497 2499 3759 2568 baptizati

2176 2596 2445 2653 dicuntur.
2477 2595 2585 2651 lllis
2609 2595 2773 2659 enim,
2804 2593 2858 2648 id
2891 2602 2991 2657 est,
3033 2593 3302 2665 Egyptiis
3332 2592 3384 2646 in
3414 2591 3551 2646 mari
3603 2606 3757 2645 moro-

2177 2688 2306 2754 tuis,
2334 2688 2462 2743 dam
2497 2687 2576 2752 hi,
2607 2687 2741 2742 duce
2765 2685 2966 2755 Moyse,
2993 2682 3224 2739 feliciter
3251 2689 3552 2745 transeunt,
3580 2681 3756 2750 erepti

2175 2788 2301 2836 sunt
2322 2793 2353 2834 a
2376 2787 2568 2843 morte,
2588 2777 2730 2848 quod
2751 2784 2971 2847 praestat
2990 2775 3345 2844 baptismum;
3363 2788 3470 2827 non
3490 2772 3632 2826 enim
3648 2769 3756 2824 illis

2175 2872 2447 2943 praeterita
2460 2870 2874 2939 malaimputata
2894 2876 3035 2931 sunt,
3061 2865 3153 2922 sed
3175 2882 3273 2936 per
3293 2881 3440 2921 mare
3464 2872 3520 2918 et
3545 2879 3645 2934 per
3660 2880 3758 2918 nu-

2174 2965 2298 3020 bem
2319 2963 2591 3034 puriﬁcati
2611 2961 2892 3032 praeparati
2923 2960 3126 3036 suntad
3152 2959 3519 3029 accipiendam
3553 2957 3752 3026 legem,

2175 3063 2230 3109 et
2251 3054 2478 3109 formam
2499 3052 2666 3108 futuri
2681 3051 3002 3108 sacramenti
3019 3051 3206 3106 nostri.
3225 3050 3293 3104 Et
3313 3066 3488 3104 omnes
3515 3047 3752 3103 eamdem

2175 3161 2348 3198 escam
2389 3144 2680 3216 spiritalem
2709 3143 2947 3209 ederunt,
2986 3152 3036 3198 et
3082 3159 3257 3197 omnes
3292 3142 3532 3196 eumdem
3568 3147 3750 3208 potum

494 3235 706 3281 tantum
738 3225 970 3280 refertur
1013 3224 1079 3276 ad
1117 3223 1468 3277 intentionem
1497 3224 1690 3277 mentis
1723 3231 1778 3277 et
1803 3222 2071 3278 fervorem
2101 3239 2145 3301 ρ
2175 3234 2459 3307 spiritalem
2491 3234 2745 3288 biberunt,
2782 3233 3033 3286 Βίθεοαηι
3071 3241 3241 3286 autem
3279 3232 3342 3285 de
3369 3227 3593 3300 spiritali
3632 3243 3752 3281 εοη-

497 3317 719 3386 spiritus
753 3316 867 3378 sui,
901 3313 993 3384 qui
1037 3323 1146 3368 toto
1185 3314 1462 3368 Christum
1504 3315 1830 3384 sequebatur
1875 3314 2071 3370 ardore

495 3421 620 3460 cum
647 3419 839 3475 sponsa
861 3404 1152 3458 decantans
1184 3420 1195 3454 :
1229 3399 1354 3456 Post
1392 3412 1442 3456 te
1478 3403 1533 3477 in
1577 3401 1787 3456 odorem
1839 3419 2072 3472 unguen-

498 3505 671 3548 torum
703 3505 910 3548 tuorum
941 3493 1234 3558 currimus;
1261 3500 1316 3547 et
1340 3493 1535 3547 iterum
1562 3510 1574 3546 :
1617 3493 1848 3547 Adlta'sit
1893 3494 2068 3546 anima

496 3600 613 3639 mea
642 3593 752 3654 post
782 3594 872 3637 te:
897 3584 990 3638 sed
1019 3583 1182 3638 etiam
1224 3581 1364 3638 aliud
1387 3582 1777 3638 colluctationis
1803 3597 1972 3652 genus
2013 3598 2073 3637 se

495 3677 692 3732 vicisse
744 3684 971 3731 testatur
1019 3675 1240 3730 dicens:
1275 3673 1362 3730 Sic
1389 3692 1561 3746 pugno
1598 3693 1701 3730 non
1723 3677 1875 3747 quasi
1899 3692 2072 3730 aerem

499 3769 790 3833 verberans,
818 3768 908 3823 sed
951 3769 1146 3838 castigo
1174 3784 1358 3837 corpus
1386 3784 1555 3821 meum
1580 3777 1628 3821 et
1652 3769 1885 3821 servituti
1909 3768 2074 3838 subji-

496 3859 601 3924 cio,
648 3858 790 3928 quod
835 3859 1050 3928 proprie
1093 3859 1158 3911 ad
1192 3857 1536 3912 continentia:
1569 3857 1781 3913 dolores
1805 3867 1857 3913 et
1880 3874 2072 3928 corpo-

498 3949 611 4004 rale
653 3947 943 4020 jejunium,
985 3957 1146 4018 atque
1193 3947 1531 4003 alllictionem
1581 3950 1760 4005 carnis
1813 3949 2068 4018 pertinet,

495 4055 596 4110 per
623 4041 764 4096 hanc
797 4056 855 4096 se
890 4040 1122 4112 pugilem
1148 4041 1430 4111 quemdam
1449 4050 1722 4096 strenuum
1753 4057 1864 4097 sua:
1893 4043 2072 4098 carnis

495 4148 618 4188 esse
640 4133 969 4199 descrlbens,
1008 4149 1107 4188 nec
1133 4133 1184 4188 in
1209 4147 1404 4187 vanum
1459 4134 1715 4190 adversus
1767 4151 1885 4190 eam
1933 4136 2072 4192 ictus

498 4223 844 4277 continentiae
887 4223 1197 4278 exercuisse
1243 4223 1689 4294 designansysed
1740 4225 2070 4293 triumphum

495 4325 687 4382 pugna:
737 4311 1152 4364 mortiﬁcatione
1201 4311 1281 4366 sui
1337 4313 1581 4382 corporis
1619 4313 1936 4382 acquisisse,
1963 4329 2071 4382 quo

495 4403 843 4466 verberibus,
901 4403 1241 4458 continentia:
1305 4404 1698 4473 castigatione,
1744 4403 2068 4472 jejuniorum

495 4493 771 4562 gressibus
797 4493 948 4558 eliso,
979 4493 1171 4547 victori
1211 4494 1424 4563 spiritui
1472 4495 1891 4550 immortalitatis
1918 4510 2070 4550 coro-

2173 3329 2403 3399 sequenti
2420 3343 2506 3380 eos
2530 3335 2718 3397 petra:
2744 3334 2890 3397 petra
2917 3334 3093 3379 autem
3117 3333 3228 3378 erat
3253 3322 3511 3377 Christus.
3541 3317 3748 3389 (Amb.)

2173 3415 2367 3470 Manna
2405 3424 2460 3470 et
2493 3429 2689 3485 aquam
2718 3429 2837 3484 quae
2867 3414 3019 3468 fluxit
3045 3414 3108 3468 de
3141 3421 3295 3483 petra
3324 3411 3440 3466 lucc
3475 3410 3606 3464 dicit
3640 3408 3752 3478 spi-

2171 3505 2370 3569 ritalia,
2395 3504 2520 3575 quia
2559 3518 2664 3556 non
2695 3501 2884 3556 mundi
2923 3501 3039 3571 lege
3066 3510 3254 3570 parata
3309 3509 3466 3563 sunt;
3499 3499 3592 3553 sed
3639 3497 3748 3550 vir-

2173 3602 2286 3649 tute
2312 3595 2406 3649 Dei
2435 3595 2550 3649 sine
2574 3592 2960 3646 elementorum
3005 3591 3389 3646 commixtione
3420 3589 3486 3643 ad
3533 3597 3748 3658 tempus

2171 3695 2370 3750 creata,
2402 3683 2652 3738 habentia
2681 3682 2734 3736 in
2762 3697 2820 3738 se
2848 3681 3072 3753 ﬁguram
3101 3681 3264 3734 futuri
3292 3679 3535 3750 mysterii
3562 3718 3577 3743 ,
3600 3678 3745 3746 quod

2173 3791 2316 3833 nunc
2363 3790 2460 3830 nos
2511 3773 2772 3829 sumimus
2819 3773 2873 3826 in
2921 3770 3487 3828 commemorationem
3541 3766 3746 3822 Christi

2169 3867 2404 3923 Domini.
2447 3866 2572 3921 ldeo
2613 3874 2668 3920 et
2705 3864 2859 3934 panis
2898 3863 3214 3933 angelorum
3255 3863 3431 3917 dictus
3472 3867 3574 3922 est,
3616 3858 3746 3928 quia

2171 3960 2371 4013 virtute
2399 3973 2502 4027 qua
2529 3956 2704 4027 angeli
2735 3956 3032 4010 subsistunt
3057 3963 3274 4009 creatus
3297 3961 3398 4017 est,
3436 3953 3540 4006 hoc
3579 3949 3748 4016 signi-

2173 4049 2361 4113 ﬁeans,
2391 4048 2514 4118 quia
2545 4046 2611 4101 de
2659 4045 2812 4100 caelis
2854 4055 3111 4099 venturus
3139 4053 3275 4110 erat,
3299 4043 3390 4113 qui
3433 4041 3752 4112 spiritaliter

2171 4146 2441 4211 pasceret.
2464 4137 2620 4192 Unde
2645 4144 2700 4191 et
2729 4151 2925 4191 manna
2945 4136 3177 4205 primum
3193 4135 3470 4190 Dominico
3491 4133 3577 4188 die
3602 4133 3750 4188 venit

2172 4230 2240 4284 de
2297 4227 2435 4283 caelo
2495 4228 2563 4282 ad
2611 4226 2952 4281 saturitatem
3007 4227 3186 4296 populi
3231 4245 3244 4280 :
3291 4240 3524 4295 sequens
3567 4233 3746 4278 tamen

2170 4329 2324 4392 petra
2371 4319 2513 4374 dicta
2557 4327 2661 4382 est,
2687 4333 2806 4387 qua:
2831 4316 3148 4387 intelligitur
3173 4315 3420 4371 Christus
3458 4329 3577 4369 esse
3607 4333 3620 4368 :
3655 4313 3748 4368 ubi

2170 4409 2312 4464 enim
2357 4406 2642 4463 deﬁciebat
2679 4406 2972 4460 humanum
3023 4405 3102 4460 eis
3153 4405 3466 4474 sull‘raginm
3496 4443 3511 4468 ,
3562 4403 3748 4458 aderat

2171 4497 2416 4553 Christus
2440 4516 2452 4551 :
2481 4498 2602 4552 ideo
2626 4497 2970 4566 sequebatur,
2999 4503 3058 4549 ut
3080 4495 3169 4549 ubi
3198 4493 3483 4549 defecisset
3507 4494 3594 4548 ille
3623 4494 3750 4548 sub-

494 4599 618 4640 nam
677 4591 732 4636 et
769 4582 1185 4652 incorruptionis
1218 4583 1445 4637 contulit
1487 4585 1739 4654 palmam.
1794 4584 1954 4638 Vides
1981 4583 2057 4637 le-
2087 4587 2140 4645 D
2165 4590 2387 4652 veniret,
2422 4605 2523 4644 nec
2559 4590 2700 4643 enim
2739 4587 2892 4658 petra
2929 4603 3121 4656 aquam
3150 4585 3317 4650 dedit,
3351 4587 3444 4641 sed
3475 4585 3744 4642 Christus.

494 4671 738 4742 gitimum
792 4670 1182 4726 colluctationis
1231 4672 1496 4736 ordinem,
1527 4682 1581 4727 et
1606 4674 1921 4744 spiritalium
1955 4689 2065 4728 cer-

493 4763 753 4830 taminum
805 4761 1193 4831 ‘contemplaris
1253 4773 1501 4817 eventum
1533 4803 1548 4828 ,
1612 4764 2062 4834 quemadmodum

492 4854 692 4910 athleta
733 4853 930 4908 Christi
961 4853 1186 4922 adeptus
1229 4854 1294 4907 de
1322 4853 1655 4910 rebellatrice
1695 4870 1858 4910 carne
1883 4856 2057 4910 victo-

491 4946 628 5000 riam
682 4944 952 5008 vitiorum,
979 4941 1066 4998 illa
1113 4941 1349 5011 subjecta
1391 4944 1782 5012 quodammodo
1834 4945 2060 5013 pedibus

493 5037 627 5097 suis,
656 5045 717 5088 ut
739 5035 982 5089 sublimis
1032 5034 1410 5104 triumphator,
1458 5035 1747 5098 invehitur,
1779 5045 1833 5089 et
1861 5037 2061 5091 idcirco

491 5144 598 5182 non
627 5127 796 5182 currit
817 5129 868 5184 in
900 5128 1187 5192 incertum,
1210 5127 1336 5197 quia
1380 5127 1683 5182 conﬁdebat
1722 5127 1910 5182 urbem
1940 5143 2062 5181 san-

491 5227 634 5272 ctam
675 5215 972 5272 Jerusalem
1007 5217 1280 5272 ctelestem
1302 5231 1360 5270 sc
1388 5217 1634 5286 protinus
1660 5217 2058 5286 ingressurum;

489 5312 570 5364 sic
620 5316 822 5380 pugnat
851 5306 1068 5377 jejuniis
1121 5308 1328 5363 scilicet
1370 5316 1426 5363 et
1479 5307 1765 5362 alﬁictione
1821 5307 2063 5372 carnali,

488 5416 597 5456 non
644 5400 797 5470 quasi
849 5415 1028 5454 aerem
1059 5399 1380 5466 verberans,
1411 5399 1464 5453 id
1511 5407 1614 5463 est,
1645 5414 1752 5452 non
1789 5398 1841 5452 in
1863 5413 2057 5450 vanum

487 5491 628 5546 ictus
669 5491 1011 5545 continentire
1049 5489 1351 5558 porrigens,
1391 5501 1485 5556 per
1537 5502 1671 5555 quos
1725 5503 1831 5542 non
1880 5500 2060 5540 aerem

486 5597 736 5649 vacuum,
770 5583 861 5637 sed
887 5581 1006 5636 illos
1026 5579 1248 5650 spiritus
1275 5579 1364 5648 qui
1398 5580 1448 5632 in
1478 5593 1541 5632 eo
1565 5585 1866 5643 versantur,
1899 5578 2061 5632 casti-

486 5673 702 5741 gatione
745 5672 826 5726 sui
881 5671 1122 5740 corporis
1169 5669 1488 5724 verberabat
1530 5687 1542 5721 :
1593 5669 1685 5738 qui
1715 5669 1859 5722 enim
1904 5669 2057 5734 dicit,

487 5779 590 5820 non
612 5765 762 5836 quasi
791 5778 961 5817 aerem
990 5761 1276 5824 rerberans,
1313 5760 1545 5815 ostendit
1573 5775 1629 5815 se
1685 5759 1896 5816 tametsi
1951 5775 2057 5813 non

2170 4677 2317 4734 Mare
2346 4679 2586 4734 Rubrum
2627 4677 2894 4748 signiﬁcat
2921 4676 3268 4746 baptismum,
3303 4675 3512 4746 Moyses
3556 4676 3748 4729 ductor

2169 4785 2264 4840 per
2277 4784 2425 4824 mare
2455 4769 2694 4823 Rubrum
2719 4766 2986 4837 signiﬁcat
3009 4765 3305 4830 Christum,
3321 4765 3547 4836 populus
3562 4775 3745 4819 trans-

2167 4861 2284 4915 iens
2335 4860 2604 4931 signiﬁcat
2646 4859 2849 4925 ﬁdeles,
2880 4873 3026 4912 mors
3059 4856 3433 4930 {Egyptiorum
3478 4857 3746 4926 signiﬁcat

2167 4945 2510 5001 abolitionem
2540 4954 2901 5016 peccatorum.
2933 4942 3180 5014 Nunquid
3211 4959 3312 4997 non
3338 4944 3522 4998 eadem
3560 4942 3747 4996 crede~

2163 5039 2294 5094 bant
2318 5053 2411 5108 per
2447 5053 2584 5107 quos
2617 5037 2732 5090 haec
2773 5036 2921 5105 signa
2966 5036 3434 5097 monstrabantur,
3470 5049 3567 5102 per
3609 5047 3745 5100 quos

2163 5143 2226 5183 ea
2259 5144 2378 5197 quae
2413 5127 2681 5181 credimus
2709 5125 3032 5196 prophetata
3066 5123 3596 5194 prmnuntiabantur?
3622 5121 3743 5176 Uti-

2166 5232 2270 5287 que
2294 5215 2601 5276 credebant,
2633 5216 2728 5270 sed
2759 5214 2830 5267 illi
2874 5221 3118 5276 ventura,
3147 5228 3243 5267 nos
3288 5221 3466 5265 autem
3507 5210 3739 5264 venisse.

2165 5306 2289 5361 Ideo
2317 5316 2371 5361 et
2399 5307 2477 5360 sic
2520 5305 2618 5370 ait,
2649 5303 2886 5360 eumdem
2933 5313 3111 5373 potum
3155 5301 3440 5374 spiritalem
3485 5301 3740 5362 biberunt,

2163 5396 2256 5453 sed
2287 5395 2580 5466 Spiritalem
2609 5395 2878 5460 eumdem,
2911 5409 3037 5448 nam
3073 5391 3403 5463 corporalem
3432 5407 3538 5444 non
3586 5405 3740 5443 eum-

2161 5489 2300 5546 dem.
2346 5487 2484 5554 Quid
2521 5487 2665 5545 enim
2719 5487 2791 5540 illi
2839 5487 3124 5548 biberunt,
3175 5485 3410 5538 bibebant
3455 5492 3628 5538 autem
3677 5483 3743 5534 de

2158 5578 2384 5648 spiritali
2414 5580 2740 5648 consl'quenti
2760 5595 2844 5632 cos
2885 5587 3052 5647 petra,
3075 5584 3219 5644 petra
3246 5585 3418 5627 autem
3449 5582 3559 5626 erat
3596 5571 3743 5626 Chri.

2161 5679 2291 5723 stus.
2317 5669 2504 5723 Videte
2523 5685 2650 5739 ergo
2666 5669 2766 5724 ﬁde
2801 5676 3051 5722 manente
3072 5666 3222 5735 signa
3245 5666 3471 5728 variata,
3492 5665 3562 5719 ibi
3583 5672 3740 5734 petra

2162 5761 2428 5826 Christus,
2457 5762 2610 5815 nobis
2643 5759 2888 5814 Christus
2913 5759 3054 5828 quod
3097 5757 3149 5811 in
3187 5758 3342 5811 altari
3375 5757 3468 5812 Dei
3497 5757 3739 5836 ponitur,

4067 1801 4069 1894 ὲ
