4082 6332
488 384 552 447 at
1163 385 1227 441 B.
1267 384 1521 442 unum
1556 382 1774 440 MAURI
1813 379 2137 438 ARCHIEP.
2176 348 2488 438 uocum;
2522 378 2808 440 opunuu
2844 378 3024 441 rans
3060 380 3150 440 ιιι.
3262 469 3267 473 ὶ
3686 384 3757 444 9s

488 513 547 563 ut
566 517 691 561 cum
720 517 809 558 res
838 502 981 573 ipsas
1000 498 1321 557 manifestas
1348 499 1579 571 agimus,
1605 497 1897 569 ﬁgurarum
1925 510 2066 567 ιιι-ω-
2093 496 2147 557 Α
2171 493 2315 563 quod
2334 493 2516 549 carnis
2542 494 2967 563 corruptibilitas
3000 492 3269 565 suggerit,
3301 508 3401 565 per
3430 508 3759 558 consensum

485 593 851 651 nuntiantium
879 589 1227 647 celebrationi
1252 588 1570 644 serviamus.

558 681 842 754 Propterea
885 689 933 734 et
969 678 1060 750 qui
1094 694 1150 733 se
1187 687 1334 749 putat
1362 688 1524 742 stare,
1568 675 1741 731 uideat
1783 691 1847 729 ne
1885 674 2077 728 cadatv

487 775 714 849 (Δηιὸν.)
759 773 873 829 Hoc
917 771 985 827 ad
1023 786 1119 827 eos
1157 770 1395 841 loquitur
1431 769 1523 838 qui
1567 772 1953 839 praesumentes
1999 769 2067 820 de

443 872 446 876 “
486 866 735 932 scientia,
763 879 870 936 qua
893 863 1098 919 licitum
1122 870 1206 918 est
1226 862 1409 918 omnia
1432 860 1612 924 edere,
1634 858 1862 913 inﬁmis
1880 856 2063 913 fratri-

486 961 590 1016 bus
620 955 871 1014 scandalo
897 960 1071 1016 erant,
1105 961 1163 1008 et
1204 960 1459 1022 putantes
1492 948 1694 1019 aliquid
1717 962 1775 1004 se
1802 947 2067 1017 proﬁcere

488 1047 729 1105 doctrina
748 1042 1336 1117 pseudoapostolorum,
1352 1038 1831 1101 delerioraverant,
1848 1044 1903 1091 et
1920 1035 2066 1106 judi-

487 1141 683 1197 cabant
704 1134 1051 1208 Apostolum,
1096 1147 1221 1188 cum
1266 1130 1367 1200 ipsi
1403 1135 1586 1184 essent
1612 1127 1710 1182 rei.
1742 1125 2064 1196 Superbiam

484 1245 616 1301 ergo
644 1232 887 1298 amputat
906 1238 975 1279 ne
996 1238 1092 1293 per
1115 1222 1255 1277 hanc
1276 1228 1569 1284 tentantur,
1592 1217 1732 1272 sicut
1757 1214 1927 1271 Judaei
1952 1223 2068 1271 ten-

488 1319 585 1374 tati
610 1323 736 1375 sunt
764 1324 818 1371 et
851 1313 1146 1385 perierunt.
1176 1307 1376 1383 (Greg.)
1406 1307 1511 1364 Per
1534 1308 1677 1363 hanc
1698 1320 1827 1377 ergo
1855 1314 2069 1361 senten-

488 1410 614 1466 tiam
644 1417 700 1464 et
727 1420 850 1478 spes
876 1403 1113 1459 nutritur
1145 1399 1429 1457 humilium
1452 1438 1468 1463 ,
1514 1405 1570 1453 et
1595 1397 1761 1453 elatio
1800 1394 2068 1466 premitur

485 1498 873 1570 superborum,
915 1494 1045 1550 dum
1085 1500 1140 1547 et
1168 1491 1243 1545 illi
1276 1489 1419 1545 bona
1445 1495 1671 1561 possunt
1699 1487 1972 1553 amittere,
2000 1487 2067 1543 de

485 1593 682 1663 quibus
704 1587 1039 1660 superbiant,
1065 1593 1122 1643 et
1145 1585 1234 1640 isti
1256 1599 1319 1639 ea
1345 1582 1645 1654 percipere,
1667 1595 1789 1650 quae
1809 1581 1935 1651 quia
1956 1596 2064 1636 non

483 1680 722 1737 habeant
750 1683 1204 1734 contemnuntur.
1250 1672 1627 1729 Formidemus
1676 1670 1842 1741 igitur
1880 1670 1935 1725 in
1980 1668 2067 1725 his

2164 600 2225 640 se
2252 585 2467 640 animus
2490 584 2763 654 astringit.

2236 696 2438 752 Fidelis
2462 707 2639 752 autem
2666 697 2808 752 Deus
2841 699 2932 768 qui
2968 714 3074 752 non
3108 699 3309 769 patitur
3333 714 3422 755 vos
3450 703 3643 757 tentari
3668 719 3760 758 stt-

2163 804 2256 859 per
2285 803 2444 859 quam
2491 787 2702 858 potestis
2736 804 2756 842 :
2791 788 2883 842 sed
2924 787 3084 857 faciet
3127 804 3245 842 cum
3287 790 3570 845 tentatione
3598 778 3757 848 etiam

2163 889 2465 948 proventum
2494 886 2553 931 ut
2578 878 2789 948 possitis
2823 876 3067 933 tolerare.
3111 877 3340 950 (Ambr.)
3382 878 3506 935 Ideo
3543 880 3757 938 ﬁdelem

2166 967 2297 1022 dicit
2316 966 2485 1021 Deum
2509 967 2603 1037 qui
2624 981 2733 1020 non
2764 967 2999 1036 patietur
3018 981 3115 1021 vos
3136 969 3331 1033 tentari
3355 984 3519 1039 super
3540 971 3592 1026 id
3614 973 3760 1043 quod

2163 1059 2408 1130 potestis,
2445 1059 2572 1128 quia
2595 1057 2849 1113 daturum
2877 1072 2938 1113 se
2961 1059 3215 1128 promisit
3240 1059 3382 1115 Deus
3409 1058 3761 1133 diligentibus

2165 1161 2224 1202 se
2247 1162 2413 1217 regna
2444 1146 2708 1211 caelestia,
2735 1154 2791 1201 et
2831 1154 2892 1203 ut
2930 1147 3024 1202 det
3043 1163 3265 1204 necesse
3287 1156 3391 1216 est,
3430 1152 3555 1221 quia
3584 1152 3761 1212 ﬁdelis

2165 1243 2267 1291 est.
2295 1234 2589 1306 Propterea
2616 1252 2749 1307 ergo
2776 1237 3047 1293 tribulatis
3075 1253 3175 1310 pro
3202 1253 3264 1294 se
3298 1239 3492 1307 aderit,
3522 1258 3625 1299 nec
3662 1260 3763 1316 pa-

2165 1329 2332 1384 tietur
2358 1338 2566 1383 tantum
2597 1329 2848 1400 irrogari,
2872 1332 3018 1401 quod
3048 1330 3268 1386 tolerari
3298 1348 3405 1388 non
3433 1335 3640 1405 possit,
3663 1338 3760 1393 sed

2166 1420 2349 1487 faciet,
2373 1429 2434 1475 ut
2452 1429 2547 1475 aut
2573 1420 2683 1476 cito
2712 1429 2891 1477 cesset
2922 1422 3180 1488 tentatio,
3211 1431 3305 1478 aut
3329 1423 3373 1478 si
3400 1424 3611 1494 prolixa
3641 1425 3762 1482 fue-

2167 1512 2259 1578 rit,
2282 1512 2372 1566 det
2402 1510 2666 1567 tolerandi
2690 1512 2976 1578 virtutem;
3001 1512 3240 1583 alioquin
3268 1528 3375 1569 non
3409 1513 3592 1580 dabit,
3615 1516 3761 1586 quod

2164 1602 2435 1672 promisit,
2467 1604 2589 1674 quia
2620 1604 2876 1672 vincitur,
2909 1606 3003 1676 qui
3047 1606 3288 1676 patitur:
3312 1607 3478 1664 homo
3502 1616 3587 1664 est
3610 1608 3760 1665 enim

2167 1688 2471 1747 inﬁrmitati
2500 1692 2814 1762 subjectus,
2850 1703 2905 1750 et
2952 1710 3059 1751 non
3086 1697 3193 1752 erit
3228 1698 3321 1767 qui
3351 1696 3605 1768 accipiat.
3650 1698 3763 1756 Sed

483 1786 605 1842 quae
626 1770 1035 1862 accipimus._ne
1065 1779 1160 1821 θοε
1188 1764 1537 1862 ῖξιειῇξιοοιὲιιω
1563 1770 1856 1862 θεεεοιξιοξ
1880 1762 1936 1817 in
1975 1764 2068 1862 ἀεῖ-
2092 1839 2139 1862 “
2166 1785 2292 1854 quia
2322 1784 2496 1843 ﬁdelis
2527 1797 2613 1844 est
2636 1789 2782 1845 Deus
2808 1790 2899 1860 qui
2925 1791 3208 1862 promisit,
3236 1762 3518 1858 subvenit,
3564 1803 3627 1849 ut
3658 1793 3764 1848 im-

483 1862 842 1954 Spel'auolll’fm
868 1858 1163 1914 ‘mhamus-
1193 1856 1333 1954 Quid
1352 1855 1498 1911 enim
1522 1869 1708 1954 sf‘mus
1732 1853 1891 1909 δοάίθ
1915 1854 2066 1954 ηονξ·
2092 1839 2145 1901 Β
2167 1839 2313 1946 pleat
2365 1881 2509 1951 quod
2551 1839 2840 1951 promisit:
2861 1839 3101 1954 bellique
3154 1839 3429 1939 breviatos
3467 1839 3586 1940 dies
3629 1884 3764 1941 dicit

482 1970 625 2020 tuus,
660 1952 789 2022 quid
825 1957 918 2006 aut
944 1959 1065 2021 post
1104 1947 1379 2018 paululum
1425 1946 1696 2017 possimus
1731 1959 1853 2002 esse
1898 1946 2070 2001 nesci-

483 2059 625 2101 mus.
652 2043 720 2098 lli
742 2056 869 2098 vero
886 2054 1027 2111 quos
1049 2038 1283 2094 fortasse
1309 2037 1657 2107 despicimus,
1685 2045 1740 2091 et
1764 2036 1917 2091 tarde
1940 2051 2068 2106 pos-

483 2142 612 2190 sunt
652 2132 914 2201 incipere,
945 2137 1000 2184 et
1025 2138 1208 2183 tamen
1236 2127 1405 2182 vitam
1444 2134 1687 2181 nostram
1725 2125 2066 2181 ferventiori-

481 2226 585 2282 bus
621 2223 814 2280 studiis
854 2221 1081 2277 anteire.
1121 2219 1441 2275 'l‘imendum
1470 2219 1653 2288 itaque
1680 2227 1783 2284 est,
1812 2233 1880 2272 ne
1897 2218 2065 2273 etiam

481 2315 638 2373 nobis
660 2313 980 2371 cadentibus
1006 2319 1213 2383 surgat,
1244 2312 1337 2382 qui
1377 2310 1532 2367 nobis
1562 2309 1836 2365 stantibus
1867 2308 2062 2366 irride-

481 2418 603 2476 tur,
628 2408 876 2481 quamvis
912 2414 1058 2463 stare
1088 2404 1203 2475 jam
1229 2421 1335 2463 non
1364 2406 1545 2473 novit,
1574 2405 1668 2474 qui
1689 2420 1799 2460 non
1829 2413 2063 2462 stantem

483 2501 635 2559 novit
659 2498 905 2557 irridere.
942 2496 1183 2553 Tentatio
1213 2513 1298 2552 vos
1329 2513 1435 2551 non
1459 2496 1814 2568 apprehendat
1837 2496 1939 2550 nisi
1965 2498 2066 2552 hu-

481 2612 643 2650 mana
667 2589 919 2666 (Διώνη).
940 2591 1020 2647 Ac
1041 2606 1138 2661 per
1160 2590 1267 2647 hoc
1287 2589 1632 2646 detrahentes
1653 2587 1930 2659 Apostolo,
1957 2588 2066 2645 Do—

480 2686 689 2742 minum
727 2690 937 2739 tentare
968 2683 1247 2749 videntur,
1290 2682 1417 2752 quia
1465 2688 1522 2735 et
1568 2688 1695 2735 tunc
1732 2695 1856 2737 cum
1894 2678 2065 2750 Lloysi

481 2774 851 2842 detraherent,
880 2782 935 2830 et
957 2774 1273 2831 dubitarent
1304 2774 1372 2830 de
1400 2788 1487 2837 eo,
1517 2773 1686 2829 Deum
1722 2781 1959 2829 tentasse
1983 2772 2066 2832 di-

480 2878 697 2926 cuntur.
742 2866 913 2923 Omne
953 2867 1101 2923 enim
1143 2867 1287 2936 quod
1330 2867 1618 2938 probatum
1658 2880 1767 2923 non
1812 2865 2060 2932 habetur,

480 2968 739 3017 tentatur.
781 2958 905 3015 Ideo
947 2966 1006 3014 ut
1050 2959 1169 3015 haec
1196 2958 1423 3013 tentatio
1456 2957 1790 3013 convellatur
1812 2959 2066 3014 admonet

479 3068 604 3111 cum
626 3062 870 3119 terrore;
904 3059 965 3106 ut
990 3060 1172 3107 autem
1199 3051 1437 3106 humana
1459 3049 1687 3107 tentatio
1712 3048 1831 3105 illos
1862 3065 2061 3121 appre-

2165 1970 2458 2039 Dominus,
2500 1981 2562 2028 ut
2604 1973 2880 2030 salventur
2921 1975 3116 2042 electi,
3149 1985 3203 2030 et
3248 1975 3459 2045 possint
3500 1975 3763 2047 consequi

2165 2076 2390 2135 regnum
2427 2062 2545 2119 Dei.
2583 2064 2866 2134 Quomodo
2902 2075 3081 2122 tanien
3123 2082 3152 2121 a
3184 2065 3296 2121 Deo
3340 2065 3663 2137 adiuvatur,
3712 2065 3762 2124 si

2163 2160 2375 2210 tantum
2419 2155 2770 2225 permittatur
2810 2159 3006 2214 tentari
3042 2166 3302 2230 quantum
3341 2158 3571 2229 potest?
3599 2157 3766 2232 Adju-

2164 2252 2323 2300 vatur
2353 2245 2537 2316 plane,
2578 2248 2705 2303 dum
2758 2265 2865 2305 non
2901 2249 3026 2319 plus
3081 2248 3417 2319 permittitur
3458 2249 3508 2304 ei
3552 2247 3760 2319 imponi

2164 2350 2326 2407 quam
2373 2337 2546 2392 scitur
2590 2336 2736 2395 ferre
2778 2356 2961 2411 posse,
3006 2348 3069 2396 ut
3113 2349 3306 2411 quarto
3357 2339 3447 2396 die
3492 2340 3605 2413 pati
3651 2356 3761 2395 non

2161 2426 2538 2497 permittatur,
2586 2430 2679 2500 qui
2718 2431 2889 2487 scitur
2926 2431 3068 2487 ultra
3112 2447 3221 2488 non
3264 2446 3424 2503 posse
3458 2446 3621 2502 quam
3664 2432 3763 2488 tri-

2165 2519 2273 2573 duo
2306 2518 2562 2575 tolerare.
2615 2519 2819 2593 (Greg.)
2864 2521 3065 2579 Contra
3111 2523 3256 2579 hanc
3292 2525 3613 2579 sententiam
3652 2538 3760 2594 qua

2164 2610 2427 2682 scriptum
2466 2620 2551 2668 est
2593 2631 2607 2667 :
2646 2613 2853 2670 Fidelis
2891 2625 3065 2670 autem
3103 2615 3240 2670 Deus
3279 2616 3370 2687 qui
3406 2632 3511 2669 non
3533 2615 3763 2687 patietur

2162 2719 2250 2759 uos
2305 2704 2497 2758 tentari
2541 2721 2703 2776 supra
2744 2706 2801 2760 id
2825 2706 2964 2779 quod
3016 2706 3229 2778 potestis
3252 2747 3268 2772 ,
3306 2706 3399 2760 sed
3438 2705 3596 2775 faciet
3640 2722 3759 2760 cum

2165 2794 2455 2849 tentatione
2508 2796 2666 2850 etiam
2720 2806 3055 2866 proventum,
3097 2805 3155 2850 ut
3203 2795 3414 2866 possitis
3464 2795 3757 2860 sustinere,

2160 2885 2376 2942 videtur
2416 2886 2563 2942 idem
2601 2886 2800 2942 Paulus
2841 2886 2970 2942 alibi
3015 2885 3161 2941 aliud
3209 2888 3278 2942 ad
3304 2885 3613 2942 Corinthios
3636 2900 3762 2941 sen-

2160 2977 2294 3044 tire,
2331 2977 2406 3032 ita
2434 2977 2624 3035 dicens
2652 2975 2739 3048 (II
2771 2974 2896 3032 Cor.
2923 2976 2982 3049 ιι)
3019 2994 3034 3030 :
3074 2974 3341 3030 Nolumus
3374 2975 3617 3047 ignorare
3646 2991 3758 3041 vos,

2165 3068 2387 3138 fratres,
2431 3068 2498 3122 de
2523 3084 2771 3139 pressura
2814 3077 3015 3134 nostra,
3061 3083 3179 3140 quis
3215 3067 3359 3136 facta
3399 3077 3473 3122 est
3517 3067 3665 3122 nobis
3701 3068 3763 3122 in

479 3146 682 3202 hendat
715 3146 967 3200 hortatur
1000 3162 1014 3196 :
1050 3144 1286 3198 humana
1316 3142 1460 3197 enim
1484 3141 1712 3197 tentatio
1731 3149 1817 3197 est
1840 3150 2063 3213 propter

484 3248 628 3256 ---Α
654 3232 750 3256 “-2
794 3230 1026 3256 anna---
1051 3232 1112 3256 .1-
1140 3231 1358 3256 ιιι-2....
1411 3231 1531 3256 -..2η
1562 3246 1698 3256 κη..-
1729 3246 1850 3256 ...υμ-
1874 3231 1938 3256 ‘—
1968 3233 2034 3256 ι.-

2166 3160 2328 3227 Asia,
2365 3163 2615 3231 quoniam
2643 3177 2804 3232 supra
2837 3161 3051 3217 modum
3086 3170 3139 3217 et
3165 3177 3329 3232 supra
3362 3162 3603 3217 uirtutem
3636 3178 3760 3232 gra-

479 3248 632 3308 spem
654 3232 753 3288 Dei
788 3230 1029 3288 dillidere
1047 3232 1116 3288 de
1140 3231 1380 3299 homine,
1408 3231 1534 3302 quia
1562 3246 1701 3285 vana
1728 3246 1852 3301 spes
1874 3231 1941 3286 ‘iu
1968 3233 2066 3289 ho-

480 3325 649 3391 mine,
681 3310 741 3379 ut
761 3324 818 3378 in
838 3324 1162 3381 necessitate
1187 3331 1282 3379 aut
1308 3338 1563 3395 pressura
1587 3339 1695 3379 non
1728 3324 1979 3395 desperet
1998 3326 2067 3384 de

482 3419 619 3484 Deo,
649 3419 946 3479 humanum
967 3417 1229 3471 auxilium
1257 3416 1603 3487 requirendo.
1635 3414 1789 3472 Sicut
1811 3426 1868 3475 et
1893 3417 2069 3475 Judzei

480 3509 574 3581 qui
604 3509 916 3564 dubitantes
943 3507 1010 3563 de
1033 3507 1144 3564 Deo
1167 3509 1433 3564 idolorum
1461 3508 1846 3565 adminiculum
1874 3524 2069 3565 exora-

478 3602 631 3668 bant,
660 3600 765 3656 hoc
792 3608 899 3665 est,
929 3600 1223 3656 humanum
1253 3600 1512 3656 auxilium
1530 3641 1546 3666 ,
1569 3600 1694 3670 quia
1722 3600 1798 3656 dii
1831 3615 2072 3673 pagano-

480 3708 602 3750 rum
632 3701 778 3748 terra
801 3698 944 3755 sunt,
971 3699 1026 3746 et
1044 3690 1311 3746 culturam
1342 3690 1604 3746 idolorum
1626 3691 1895 3748 humanus
1915 3708 2070 3749 error

481 3785 707 3843 invenit.
740 3785 968 3854 Propter
991 3783 1269 3841 Christum
1300 3798 1429 3854 ergo
1456 3784 1600 3855 pati,
1632 3785 1866 3841 humana
1895 3793 2070 3842 tenta-

482 3876 560 3937 tio
582 3883 696 3941 est,
724 3890 822 3945 per
848 3889 1010 3944 quam
1034 3874 1317 3946 proﬁcitur
1336 3873 1479 3944 apud
1502 3875 1689 3928 Deum.
1726 3873 1909 3946 (Aug.)
1932 3874 2073 3933 Sunt

482 3967 647 4022 etiam
669 3967 920 4021 human-ee
945 3965 1289 4028 tentationes,
1312 3965 1496 4028 credo,
1526 3980 1647 4019 cum
1674 3965 1816 4021 bono
1841 3966 2070 4039 quisque

486 4071 668 4112 animo
695 4056 987 4112 secundum
1008 4055 1297 4110 humanam
1329 4062 1508 4110 tamen
1529 4055 1873 4125 fragilitatem
1895 4057 1949 4112 in
1971 4060 2071 4115 ali-

483 4161 591 4221 quo
615 4146 840 4203 consilio
868 4145 1101 4211 labitur,
1136 4157 1236 4201 aut
1265 4146 1515 4201 irritatur
1544 4147 1596 4205 in
1627 4147 1849 4204 fratrem
1889 4150 2068 4209 studio

412 4234 415 4237 ’
483 4238 821 4309 corrigendi,
866 4238 1028 4308 paulo
1070 4247 1253 4292 tamen
1299 4239 1532 4309 amplius
1568 4254 1731 4310 quam
1759 4241 2068 4301 Christiana

485 4330 845 4399 tranquillitas
868 4328 1126 4399 postulat,
1150 4330 1215 4384 de
1235 4331 1432 4399 quibus
1456 4330 1741 4401 Apostolus
1761 4333 1893 4389 dicit
1910 4376 1923 4400 ,
1959 4346 2061 4392 ten-

483 4420 614 4472 tatio
642 4435 728 4473 ros
754 4434 857 4477 non
883 4419 1267 4490 apprehendat,
1294 4421 1394 4475 nisi
1419 4421 1670 4476 humana.
1700 4422 1830 4490 Quae
1854 4435 2071 4484 senten-

485 4511 557 4565 tia
589 4519 644 4566 et
670 4511 828 4567 aliter
854 4511 1075 4583 intelligi
1106 4522 1303 4582 potest.
1331 4512 1530 4585 (Cass.)
1556 4512 1806 4571 Tentatio
1843 4535 1933 4574 vos
1965 4534 2068 4578 non

484 4601 856 4671 apprehendat,
886 4603 988 4659 nisi
1012 4602 1264 4661 humana.
1296 4601 1410 4657 Non
1442 4603 1586 4659 enim
1621 4620 1893 4663 meremur
1920 4625 2069 4666 men-

483 4692 557 4745 tis
584 4692 778 4748 robore
812 4695 1116 4764 conquisita
1144 4695 1423 4766 graviores
1459 4712 1665 4768 pugnas
1703 4701 2064 4771 nequitiarum

482 4781 787 4840 cmleslium
815 4786 1069 4857 experiri,
1101 4788 1189 4859 qui
1217 4803 1435 4845 carnem
1456 4788 1698 4861 fragilem
1726 4795 2064 4853 resistentem

484 4873 697 4943 spiritui
728 4883 913 4929 nostro
949 4875 1239 4949 subjugare
1266 4896 1373 4936 non
1417 4881 1708 4951 quivimus.
1751 4883 1905 4952 Quod
1930 4885 2068 4957 Apo-

484 4965 607 5022 stoli
644 4968 1008 5024 testimonium
1052 4987 1159 5026 non
1203 4972 1591 5043 intelligentes,
1624 4976 1839 5046 quidam
1870 4994 2067 5048 posue-

484 5071 611 5121 runt
631 5078 730 5133 pro
764 5063 1075 5133 indicativo,
1101 5068 1399 5138 optativum
1427 5068 1668 5139 modum,
1692 5069 1746 5123 id
1765 5081 1868 5135 est,
1896 5081 2065 5125 tenta-

484 5154 555 5211 tio
582 5170 671 5209 uos
702 5172 804 5210 non
830 5159 1203 5228 apprehendat,
1234 5160 1335 5213 nisi
1359 5158 1611 5224 humana,
1651 5161 1794 5230 quod
1836 5162 1905 5216 ab
1948 5162 2066 5231 ipso

484 5243 589 5299 dici
615 5246 957 5302 manifestum
985 5258 1088 5313 est,
1112 5264 1217 5303 non
1239 5248 1495 5319 optantis,
1521 5249 1616 5303 sed
1642 5251 2064 5320 pronuntiantis,

483 5335 569 5390 vel
599 5338 974 5407 exprobrantis
1000 5338 1213 5395 aﬁ‘ectu.
1242 5337 1448 5411 (Greg.)
1471 5337 1716 5395 Humana
1736 5342 1934 5413 quippe
1956 5355 2069 5400 ten-

484 5426 620 5484 tatio
657 5437 760 5493 est,
808 5444 914 5498 qua
958 5429 1273 5499 plerumque
1319 5430 1373 5483 in
1417 5429 1746 5497 cogitatione
1793 5433 2067 5504 tangimur

484 5520 648 5576 etiam
678 5521 945 5587 nolentes,
971 5523 1063 5592 qui
1084 5530 1145 5576 ιιι
1164 5537 1547 5592 nonnunquam
1573 5531 1627 5577 et
1646 5521 1831 5579 illicita
1853 5527 1921 5581 ad
1950 5529 2069 5582 ani-

485 5630 632 5671 mum
664 5615 902 5669 veniant.
932 5615 1045 5670 Hoc
1084 5616 1266 5684 itaque
1291 5616 1345 5670 in
1374 5615 1775 5688 nobismetipsis
1795 5633 1861 5675 ex
1882 5620 2068 5677 huma-

483 5707 669 5763 nitatis
697 5707 1061 5776 corruptibilis
1084 5708 1319 5778 pondere
1348 5706 1630 5763 habemus.
1659 5707 1779 5765 Jam
1802 5726 1933 5767 vero
1960 5713 2070 5770 da:-

483 5798 727 5859 moniaca
768 5808 878 5864 est,
926 5807 977 5854 et
1021 5814 1125 5855 non
1157 5799 1388 5855 humana
1420 5800 1673 5870 tentatio,
1714 5817 1836 5859 cum
1868 5802 1935 5858 ad
1966 5805 2070 5862 hoc

2095 4568 2147 4629 D

2166 3254 2273 3309 uati
2301 3269 2516 3318 sumus;
2543 3260 2599 3309 et
2618 3253 2666 3308 si
2694 3269 2856 3324 supra
2876 3253 3136 3310 virtutem
3163 3268 3476 3326 gravamur,
3502 3255 3757 3325 quoniam

2167 3344 2381 3414 gravari
2406 3358 2506 3400 nos
2532 3344 2677 3400 Deus
2701 3345 2927 3414 patitur,
2953 3345 3081 3401 item
3106 3345 3151 3400 si
3179 3360 3343 3416 supra
3372 3344 3626 3400 virtutem
3650 3360 3758 3400 non

2167 3453 2458 3511 gravamur
2478 3438 2733 3508 quoniam
2757 3452 2919 3509 supra
2954 3438 3214 3494 virtutem
3248 3439 3467 3509 gravari
3501 3439 3754 3504 dicimur,

2166 3537 2228 3585 ut
2268 3528 2373 3585 ista
2408 3528 2745 3585 dissonantia
2788 3528 3022 3586 celerius
3061 3529 3420 3586 dissolvamus
3443 3571 3460 3597 ,
3508 3530 3576 3585 ad
3624 3528 3757 3583 illud

2166 3619 2541 3692 propheticum
2568 3621 2939 3676 testimonium
2968 3636 3336 3688 recurramus,
3372 3622 3463 3677 ubi
3493 3621 3602 3677 ait:
3630 3622 3757 3692 quia

2168 3725 2302 3764 uana
2336 3708 2483 3765 salus
2512 3710 2739 3767 hominis
2771 3713 2827 3767 in
2861 3710 2972 3767 Deo
3005 3712 3267 3783 faciamus
3292 3714 3535 3769 virtutem
3575 3710 3752 3785 (Psal.

2169 3800 2302 3872 us).
2328 3800 2665 3872 Frequenter
2690 3819 2822 3877 ergo
2851 3805 3062 3877 gravari
3095 3804 3329 3860 dicimur
3360 3818 3525 3876 supra
3561 3804 3762 3860 buma-

2166 3906 2293 3948 nam
2319 3890 2688 3964 fragilitatem,
2711 3896 2835 3967 quia
2866 3909 3005 3950 vana
3048 3894 3195 3951 salus
3239 3894 3474 3951 hominis
3512 3905 3627 3962 est,
3660 3894 3761 3951 sed

2167 4003 2441 4059 nunquam
2471 4005 2762 4060 gravamur
2786 4004 2951 4060 supra
2993 3990 3247 4045 virtutem
3267 4029 3283 4056 ,
3313 3990 3439 4061 quia
3470 3989 3558 4046 ille
3588 3990 3760 4047 medi-

2168 4094 2262 4134 cus
2290 4087 2392 4134 est.
2419 4077 2677 4149 Egrotus
2697 4093 2828 4149 ergo
2847 4079 2947 4134 sub
2970 4079 3220 4133 manibus
3243 4074 3437 4133 medici
3466 4079 3758 4150 aliquando

2166 4170 2359 4241 plorat,
2392 4172 2518 4241 quia
2559 4186 2667 4241 quo
2696 4180 2854 4241 pacto
2895 4170 2962 4226 ad
2992 4171 3222 4226 salutem
3254 4171 3567 4241 perveniat,
3609 4172 3761 4244 igno-

2168 4270 2255 4316 rat
2279 4278 2292 4314 :
2320 4261 2415 4317 sed
2443 4261 2661 4331 sapiens
2682 4262 2921 4318 medicus
2946 4261 3267 4332 plerumque
3289 4271 3474 4329 secat,
3501 4271 3562 4317 ut
3588 4277 3761 4332 aegro-

2171 4359 2283 4406 tum
2325 4368 2539 4422 quoque
2573 4352 2639 4408 ad
2676 4352 2903 4409 salutem
2934 4362 3215 4424 perducat.
3251 4352 3452 4409 Paulus
3474 4354 3647 4424 igitur
3682 4355 3764 4410 in—

2170 4441 2369 4498 tuendo
2397 4442 2744 4513 fragilitatem
2780 4443 2999 4516 gravari
3027 4458 3086 4499 se
3115 4443 3251 4498 dixit
3287 4458 3449 4513 supra
3477 4444 3754 4510 virtutem,
3811 4506 3819 4513 ,

2170 4531 2519 4589 nihilominus
2548 4534 2623 4588 ait
2649 4551 2663 4587 :
2691 4532 2881 4588 Omnia
2909 4549 3119 4602 possum
3151 4533 3206 4587 in
3238 4549 3298 4588 eo
3324 4533 3415 4605 qui
3443 4550 3525 4588 me
3547 4533 3760 4602 confor-

2169 4631 2245 4677 tat
2275 4621 2440 4695 (Phil.
2473 4623 2569 4695 tv).
2595 4623 2782 4694 Itaque
2808 4624 2862 4678 in
2900 4621 3000 4679 Job
3024 4623 3098 4678 ita
3136 4624 3396 4695 scriptum
3423 4632 3508 4679 est
3536 4643 3549 4679 :
3574 4623 3757 4679 Iratus

2169 4723 2245 4769 est
2265 4724 2447 4769 contra
2468 4731 2551 4769 me
2576 4715 2729 4785 furor
2747 4716 2885 4786 ejus,
2906 4726 2954 4770 et
2976 4717 3054 4772 sic
3073 4733 3154 4771 me
3180 4716 3364 4771 habuit
3381 4718 3533 4788 quasi
3556 4718 3755 4773 hostem

2167 4821 2322 4859 suum
2359 4803 2502 4876 (Job.
2546 4805 2682 4876 nx).
2728 4804 3092 4861 Prmdicatore
3130 4806 3327 4876 quippe
3365 4806 3582 4878 egregio
3619 4814 3757 4861 atte-

2167 4903 2349 4950 stante
2373 4895 2678 4963 didicimus,
2701 4896 2826 4966 quia
2853 4895 3026 4966 ﬁdelis
3052 4896 3194 4953 Deus
3222 4906 3272 4950 et
3298 4913 3403 4951 non
3433 4897 3634 4968 patitur
3662 4913 3757 4951 nos

2168 4986 2357 5040 tentari
2389 5002 2549 5057 supra
2587 4987 2642 5041 id
2680 4987 2819 5059 quod
2854 5004 3130 5058 possumus
3157 4987 3317 5058 ferre,
3346 4988 3436 5043 sed
3458 4986 3613 5055 faciet
3636 5004 3755 5042 cum

2169 5076 2453 5131 tentatione
2472 5077 2629 5132 etiam
2651 5088 2976 5149 prouentum,
2998 5087 3053 5133 ut
3071 5078 3329 5149 possimus
3350 5078 3624 5133 sustinere.
3653 5076 3759 5134 Per

2171 5167 2487 5237 prophetam
2514 5183 2729 5243 quoque
2754 5169 3015 5224 Dominus
3034 5168 3199 5225 dicit:
3225 5167 3395 5241 Plaga
3418 5169 3617 5225 inimici
3639 5187 3759 5241 per-

2170 5259 2309 5314 cussi
2347 5268 2394 5314 te
2431 5260 2770 5331 castigatione
2806 5259 3005 5315 crudeli
3031 5260 3165 5334 (Jer.
3196 5259 3337 5332 xm).
3371 5260 3470 5329 Qui
3514 5275 3644 5331 ergo
3683 5261 3754 5315 ita

2172 5349 2492 5418 pereutitur,
2535 5360 2596 5403 ut
2638 5350 2782 5405 vires
2806 5349 2953 5408 illius
2980 5366 3010 5405 a
3031 5350 3379 5421 percussione
3407 5356 3753 5420 superentur,

2172 5457 2279 5497 non
2311 5441 2453 5496 hunc
2479 5440 2739 5496 Dominus
2757 5440 2869 5511 jam
2894 5442 3048 5514 quasi
3076 5442 3243 5496 ﬁlium
3270 5457 3368 5512 per
3392 5440 3764 5511 disciplinam,

2172 5530 2265 5587 sed
2293 5532 2445 5602 quasi
2475 5530 2687 5588 hostem
2713 5548 2811 5603 per
2837 5534 2970 5589 iram
3006 5530 3155 5589 ferit.
3185 5530 3321 5587 Cum
3345 5544 3475 5600 ergo
3500 5530 3756 5585 virtutem

2171 5631 2367 5678 nostraa
2411 5622 2684 5693 patientiae
2712 5623 2919 5696 ﬂagella
2961 5631 3283 5688 transeunt,
3324 5622 3479 5677 valde
3507 5629 3767 5677 metuenc.

2172 5714 2297 5769 dum
2321 5723 2421 5780 est,
2459 5732 2526 5771 nc
2553 5717 2794 5787 peccatis
2822 5715 3022 5772 nostris
3054 5715 3394 5786 exigentibus
3413 5756 3426 5777 ,
3462 5728 3570 5768 non
3599 5710 3759 5782 quasi

2172 5805 2264 5863 ﬁlii
2293 5822 2323 5860 a
2350 5806 2531 5875 Patre,
2555 5808 2647 5864 scd
2669 5809 2821 5878 quasi
2852 5809 3035 5865 hostes
3069 5823 3097 5862 a
3127 5806 3356 5865 Domino
3384 5805 3661 5863 fcriamur.
3690 5801 3763 5859 Et
