4082 6332
238 343 310 403 93
763 344 1312 404 ENARRATIONUM
1347 347 1416 406 1N
1454 348 1603 406 EPP.
1639 348 1815 406 PAUL

1916 349 2016 405 .lB.
2056 348 2125 406 Χ.
2166 381 2235 391 --
2271 351 2340 407 ΙΝ
2374 351 2591 408 EPIST.
2631 354 2652 408 l
2687 355 2781 410 AD
2819 353 2975 412 (ΞΟΠ.
3444 355 3515 412 94

235 463 370 532 quia
396 462 460 518 ﬁt
483 463 818 533 plerumque,
844 471 904 518 ut
926 463 1090 518 etiam
1110 465 1330 534 maligni
1359 465 1581 536 spiritus
1601 462 1830 519 aﬂlicto-
1856 466 1908 526 Α
1934 480 1996 520 se
2037 465 2272 522 habeant
2298 449 2533 522 carnalia
2551 507 2566 532 ,
2605 469 2658 523 id
2692 477 2775 524 est
2793 509 2808 534 ,
2841 469 3162 524 idololatria.
3207 471 3394 527 Nonne
3421 475 3514 543 qui

236 568 363 608 rum
393 553 651 609 cordibus
679 554 846 608 multa
888 556 1188 621 suadeant,
1231 565 1392 626 atque
1439 557 1580 612 inter
1621 556 1830 626 llagella

235 663 362 718 quae
382 648 626 702 exterius
651 641 851 702 feriunt
879 649 1237 720 cogitationes
1265 651 1453 707 noxias
1477 653 1530 706 in
1559 646 1840 708 mentibus

234 737 472 792 fundant
497 777 512 800 ,
558 745 682 806 post
725 736 962 794 furorem
1002 741 1214 795 Domini
1257 749 1404 796 recte
1441 743 1825 813 subjungitur:

237 829 422 885 Simul
451 840 698 884 venerunt
729 829 958 886 latrones
979 835 1114 902 ejus,
1135 841 1184 886 et
1207 832 1436 887 fecerunt
1460 834 1560 888 sibi
1581 836 1717 889 viam
1737 851 1831 904 per

235 937 338 977 me.
369 921 640 977 Latrones
665 939 899 994 namque
922 923 1039 993 ejus
1063 925 1281 997 maligni
1308 936 1434 980 sunt
1457 928 1700 998 spiritus,
1735 929 1828 998 qui

236 1012 591 1082 exquirendis
619 1013 896 1068 hominum
927 1016 1160 1071 motibus
1185 1026 1537 1086 occupantur,
1565 1019 1655 1088 qui
1685 1019 1826 1073 viam

233 1104 341 1159 sibi
389 1105 446 1158 in
485 1103 808 1160 alﬂictorum
855 1108 1108 1163 cordibus
1151 1108 1388 1174 faciunt,
1429 1109 1644 1178 quando
1687 1111 1830 1166 inter

239 1195 469 1250 adversa
496 1211 616 1264 qua:
639 1197 878 1252 exterius
899 1197 1198 1252 tolerantur
1227 1200 1582 1270 cogitationes
1614 1217 1826 1271 quoque

232 1301 438 1355 pravas
477 1286 771 1341 immittere
817 1303 924 1342 non
964 1289 1248 1343 desistunt.
1301 1291 1376 1346 De
1422 1293 1618 1361 quibus
1651 1293 1827 1348 adhuc

235 1375 442 1430 dicitur
468 1395 481 1429 :
521 1373 591 1428 Et
622 1376 930 1431 obsederunt
959 1378 1013 1431 in
1043 1395 1168 1448 gyro
1200 1379 1597 1434 tabernaculum
1631 1399 1822 1436 meum.

233 1466 294 1520 In
319 1482 452 1537 gyro
473 1466 617 1520 enim
639 1467 1042 1522 tabernaculum
1065 1461 1330 1533 obsident,
1355 1471 1572 1540 quando
1593 1486 1658 1526 ex
1678 1473 1826 1526 omni

231 1566 409 1612 latere
431 1558 544 1612 suis
565 1557 953 1613 tentationibus
972 1567 1208 1614 mentem
1229 1560 1468 1631 cingunt,
1485 1577 1647 1632 quam
1668 1563 1827 1618 modo

233 1649 424 1718 lugere
446 1648 513 1702 de
544 1648 929 1719 temporalibus
948 1690 963 1716 ,
996 1650 1156 1706 modo
1182 1651 1469 1722 desperare
1496 1653 1562 1708 de
1585 1654 1823 1720 atternis,

233 1740 400 1794 modo
429 1738 482 1792 in
503 1737 897 1807 impatientiam
924 1755 1103 1805 ruere,
1129 1749 1288 1809 atque
1309 1740 1362 1795 in
1385 1740 1554 1796 Deum
1577 1741 1826 1811 blasphe-

1930 556 2088 610 edunt
2117 556 2313 611 hostias
2343 559 2621 628 participes
2652 569 2772 614 sunt
2799 558 3028 613 altaris?
3053 559 3203 615 Sicut
3240 561 3382 617 enim
3413 576 3515 616 nos

1930 645 1998 700 de
2019 661 2125 701 uno
2149 662 2288 716 pane
2316 657 2371 702 et
2399 647 2465 703 de
2489 665 2595 704 uno
2621 649 2787 704 calice
2811 651 3190 721 pereipientes,
3219 653 3512 721 participes

1910 747 1984 792 et
2014 746 2292 793 consortes
2318 754 2506 793 sumus
2527 741 2771 810 corporis
2791 740 3028 808 Domini,
3050 743 3124 796 ita
3145 751 3202 798 et
3225 744 3315 812 qui
3343 745 3512 800 edunt

1930 829 2156 892 hostias,
2204 829 2499 899 participes
2549 841 2676 885 sunt
2713 831 2902 885 altaris
2943 833 3166 887 erroris.
3207 831 3348 898 Quid
3389 849 3512 903 ergo

1928 917 2044 971 dico
2069 917 2206 988 quod
2227 916 2380 971 idolis
2404 918 2729 973 immolatum
2757 921 2825 974 sit
2850 919 3051 990 aliquid
3069 922 3094 974 ἱ)
3120 930 3210 976 aut
3233 929 3368 992 quod
3396 921 3514 975 ido-

1928 1009 2036 1062 lum
2064 1011 2130 1062 sit
2163 1008 2363 1080 aliquid
2385 1011 2410 1062 ἱ)
2439 1010 2528 1062 sed
2555 1027 2671 1080 quae
2701 1009 2973 1064 immolant
2995 1021 3168 1081 gentes
3186 1051 3202 1076 ,
3238 1011 3514 1065 dwmoniis

1926 1101 2228 1164 immolant,
2257 1112 2306 1154 et
2349 1118 2451 1156 non
2494 1102 2620 1157 Deo.
2654 1101 3014 1158 Simulacrum
3055 1119 3184 1159 vere
3231 1103 3363 1162 nihil
3403 1112 3508 1168 est,

1927 1192 2051 1261 quia
2082 1193 2258 1263 imago
2287 1193 2502 1248 videtur
2526 1193 2604 1247 rei
2639 1203 2864 1248 mortua:
2882 1234 2896 1259 ,
2923 1193 3015 1248 sed
3040 1195 3138 1248 sub
3167 1193 3400 1264 tegmine
3433 1192 3514 1247 si-

1926 1283 2289 1339 mulacrorum
2312 1285 2558 1341 diabolus
2592 1286 2804 1341 colitur.
2842 1285 2984 1341 Nolo
3016 1303 3103 1341 vos
3132 1297 3306 1341 autent
3341 1287 3513 1341 socios

1925 1374 2042 1442 ﬁeri
2067 1375 2468 1430 dmmoniorum.
2497 1375 2748 1432 Ostendit
2776 1377 2881 1433 illis
2903 1393 3008 1432 non
3033 1378 3136 1432 hoc
3157 1393 3279 1433 esse
3302 1387 3510 1432 tantum

1925 1465 2068 1534 quod
2097 1465 2308 1519 videtur
2327 1466 2380 1520 in
2405 1467 2601 1532 idolio,
2632 1467 2727 1522 sed
2761 1481 2882 1522 esse
2909 1466 3179 1522 occultum
3210 1467 3514 1537 iniquitatis

1926 1556 2264 1626 mysterium,
2307 1559 2452 1626 quod
2491 1566 2552 1612 ut
2579 1559 2736 1613 unius
2773 1558 2866 1612 Dei
2907 1558 3068 1614 ﬁdem
3111 1567 3510 1628 corrumperet,

1929 1646 2161 1703 Satanas
2186 1649 2482 1704 adiuvenit.
2512 1650 2663 1705 Unde
2690 1659 2744 1704 et
2771 1648 3006 1706 Joannes
3034 1651 3310 1720 apostolus
3336 1652 3388 1704 in
3413 1667 3512 1706 sua

1927 1734 2162 1805 Epistula
2205 1737 2375 1791 dicit:
2403 1739 2485 1791 Ad
2523 1739 2621 1792 hoc
2663 1740 2800 1792 venit
2833 1737 2881 1790 F
2885 1739 3005 1792 ilius
3048 1739 3146 1794 Dei
3192 1750 3250 1794 ut
3293 1739 3512 1794 solveret

232 1830 357 1885 mire
384 1829 551 1884 verba
582 1827 812 1897 iaculari
846 1831 1078 1900 pessima
1109 1833 1451 1901 suggestione
1477 1834 1821 1903 persuadent.
1853 1835 1901 1894 Β
1928 1841 2085 1896 opera
2118 1827 2314 1880 diaboli
2346 1826 2398 1898 (I
2419 1829 2714 1901 Joan.,ul).
2745 1829 2851 1887 Eos
2877 1831 3074 1904 quippe
3108 1833 3176 1888 ab
3209 1831 3512 1888 idololatria

234 1921 367 1989 Quae
399 1931 580 1979 tamen
610 1923 805 1986 verba,
841 1933 900 1978 ut
922 1922 1033 1992 jam
1058 1925 1434 1994 praediximus,
1475 1927 1692 1982 beatum
1727 1927 1827 1983 Job

239 2014 408 2069 etiam
435 2014 592 2084 juxta
619 2013 900 2068 historiam
921 2023 1242 2085 congruunt,
1271 2015 1364 2086 qui
1389 2015 1515 2070 dum
1541 2017 1678 2072 mala
1706 2034 1827 2088 qua:

231 2103 460 2173 pertulit
485 2112 615 2168 ante
643 2102 828 2158 oculos
853 2104 1156 2172 congessit,
1181 2119 1288 2159 non
1321 2106 1475 2175 quasi
1505 2107 1826 2178 corrigendo

231 2195 426 2257 lilium,
465 2194 562 2247 sed
593 2194 748 2264 quasi
776 2194 983 2250 hostem
1009 2211 1323 2266 percussum
1363 2212 1422 2252 se
1460 2213 1580 2253 esse
1614 2198 1827 2268 judica-

233 2285 334 2352 vit,
357 2299 460 2354 per
482 2299 644 2353 quem
675 2283 777 2338 sibi
802 2285 964 2339 etiam
992 2284 1232 2340 latrones
1251 2286 1369 2356 ejus
1391 2288 1533 2341 viam
1557 2287 1820 2354 fecerunt,

232 2377 360 2448 quia
389 2375 612 2446 maligni
654 2384 843 2430 contra
891 2392 1016 2430 eum
1055 2377 1276 2446 spiritus
1305 2377 1578 2434 licentiam
1605 2396 1826 2451 percus-

231 2467 406 2522 sionis
428 2476 782 2536 acceperunt,
818 2467 972 2536 cujus
1006 2467 1059 2520 in
1086 2482 1220 2538 gyro
1243 2469 1648 2524 tabernaculum
1669 2471 1826 2526 obse-

231 2556 452 2621 derunt,
497 2555 627 2625 quia
675 2556 906 2611 sublatis
949 2557 1112 2611 rebus
1145 2565 1200 2612 et
1229 2558 1386 2623 ﬁliis,
1417 2560 1582 2613 etiam
1627 2575 1828 2629 corpus

232 2646 351 2715 ejus
381 2660 541 2700 omne
565 2644 881 2701 vulneribus
917 2647 1257 2702 attriverunt.
1291 2648 1397 2704 Sed
1433 2649 1628 2704 mirum
1669 2650 1824 2706 valde

228 2744 337 2796 est,
367 2750 491 2789 cum
521 2734 758 2789 latrones
780 2735 1016 2803 diceret,
1051 2753 1149 2792 cur
1173 2737 1376 2792 addidit
1395 2738 1532 2807 ejus,
1557 2749 1616 2794 ut
1641 2739 1824 2794 videli-

226 2837 318 2884 cet
361 2829 578 2882 eosdem
618 2827 859 2882 latrones
887 2829 983 2884 Dei
1013 2843 1134 2884 esse
1157 2837 1517 2895 monstraret;
1546 2845 1652 2900 qua
1681 2831 1732 2884 in
1764 2844 1822 2886 re

227 2919 273 2974 si
295 2918 548 2973 voluntas
565 2933 630 2972 ac
660 2926 902 2988 potestas
936 2919 1293 2989 malignorum
1315 2920 1601 2989 spirituum
1624 2919 1823 2975 discer-

231 3019 410 3075 natur,
435 3026 536 3064 cur
578 3010 674 3066 Dei
721 3011 960 3088 latrones
987 3011 1236 3066 dicantur
1281 3011 1554 3082 aperitur,
1601 3012 1820 3082 maligni

227 3102 424 3172 quippe
445 3101 672 3170 spiritus
695 3093 772 3154 ad
792 3101 1096 3156 nocendum
1124 3113 1223 3155 nos
1243 3099 1632 3156 incessabiliter
1650 3099 1820 3156 anhe-
1839 3128 1856 3138 -

1926 1916 2264 1985 prohibebat,
2293 1928 2516 1990 propter
2544 1923 2687 1991 quod
2714 1923 2794 1977 eis
2815 1925 3102 1978 ostendere
3131 1924 3318 1989 voluit,
3347 1924 3421 1978 ita
3457 1923 3518 1976 il-

1927 2007 2006 2064 los
2029 2008 2143 2062 ﬁeri
2173 2011 2349 2067 socios
2381 2015 2768 2068 daemoniorum
2789 2056 2804 2079 ,
2837 2017 2882 2070 si
2917 2015 3212 2070 idolothitae
3245 2015 3513 2070 sacriﬁcia

1925 2101 2386 2157 manducaverint.
2419 2104 2698 2171 Quomodo
2729 2106 2893 2160 Israel
2922 2107 3155 2161 carnalis
3187 2107 3366 2162 socius
3394 2114 3516 2162 erat

1925 2191 2114 2248 altaris
2139 2193 2192 2248 in
2216 2195 2432 2264 templo,
2457 2195 2550 2265 qui
2578 2197 2644 2251 de
2663 2197 2947 2252 sacriﬁciis
2970 2199 3364 2262 manducabat;
3391 2199 3514 2252 ideo

1925 2281 2124 2352 quippe
2145 2284 2440 2338 carnaliter
2457 2293 2512 2339 et
2533 2285 2829 2340 secundum
2847 2301 3089 2353 carnem,
3107 2288 3232 2357 quia
3251 2298 3333 2342 est
3350 2287 3514 2342 Israel

1925 2373 2260 2442 spiritaliter,
2291 2375 2375 2430 vel
2404 2377 2701 2432 secundum
2728 2378 2978 2448 spiritum
2997 2420 3011 2445 ,
3041 2381 3132 2448 qui
3162 2390 3374 2436 veteres
3395 2397 3516 2436 um-

1923 2464 2051 2519 bras
2063 2463 2176 2532 jam
2213 2482 2320 2521 non
2348 2469 2616 2537 sequitur,
2654 2469 2750 2524 sed
2779 2484 2897 2524 eam
2924 2479 3366 2542 consequentem,
3391 2487 3515 2542 qua:

1923 2552 2031 2608 illis
2066 2556 2272 2610 umbris
2293 2558 2728 2626 praecedentibus
2751 2559 3057 2629 signiﬁcata
3077 2569 3180 2626 est,
3208 2563 3510 2618 veritatem.

1923 2643 2023 2700 Hic
2049 2647 2193 2701 enim
2224 2650 2422 2718 coepit,
2458 2658 2518 2703 ut
2545 2650 2650 2704 hoc
2689 2650 2895 2705 diceret
2923 2669 2935 2704 :
2963 2649 3188 2722 Propter
3219 2654 3360 2723 quod
3379 2693 3395 2719 ,
3425 2654 3510 2707 di-

1923 2735 2214 2804 lectissimi,
2243 2738 2407 2808 fugite
2433 2742 2497 2794 ab
2524 2739 2784 2794 idolorum
2812 2741 3042 2796 cultura.
3067 2741 3270 2798 Deinde
3294 2753 3512 2800 secutus

1921 2827 2161 2880 ostendit
2188 2828 2254 2880 ad
2293 2829 2434 2896 quod
2463 2829 2789 2884 sacrificium
2821 2830 3050 2886 debeant
3085 2831 3197 2900 jam
3240 2834 3512 2903 pertinere

1922 2916 2149 2972 dicens:
2185 2918 2352 2983 Quasi
2392 2919 2734 2988 prudentibus
2779 2922 2895 2974 dico
2919 2962 2936 2986 ,
2978 2940 3065 2976 vos
3099 2924 3337 2992 judicate
3370 2926 3510 2994 quod

1921 3007 2082 3061 dico:
2113 3007 2267 3062 Calix
2307 3009 2675 3064 benedictionis
2715 3027 2867 3081 quem
2907 3012 3292 3078 benedicimus,
3339 3031 3510 3069 nonne

1921 3100 2322 3154 communicatio
2349 3110 2422 3155 est
2444 3101 2716 3172 sanguinis
2739 3100 2982 3156 Christi?
3002 3100 3167 3158 Panis
3189 3121 3337 3176 quem
3361 3105 3512 3174 fran-

225 3191 340 3245 lant
377 3209 390 3244 :
433 3191 528 3245 sed
555 3205 680 3245 cum
703 3205 927 3260 pravam
948 3189 1280 3245 voluntatem
1305 3190 1817 3262 ex‘semetipsisjia-
1843 3190 1890 3255 C
1919 3192 2090 3262 gimus
2120 3208 2290 3247 nonne
2315 3194 2717 3247 communicatio
2739 3204 2815 3249 est
2841 3197 3075 3266 corporis
3100 3195 3336 3252 Christi?
3365 3196 3506 3263 Quia

223 3282 409 3347 beant,
431 3289 960 3352 potestatermtamen
979 3281 1207 3336 nocendi
1231 3295 1336 3335 non
1359 3281 1581 3346 habent,
1596 3281 1702 3336 nisi
1721 3296 1816 3336 eos

223 3372 474 3427 voluntas
497 3387 709 3426 summa
729 3361 1027 3441 permittat,
1043 3379 1096 3426 et
1125 3386 1248 3427 cum
1264 3371 1362 3442 ipsi
1381 3372 1598 3442 quidem
1619 3373 1817 3443 injuste

223 3478 321 3518 nos
338 3462 537 3518 laedere
558 3471 838 3533 appetunt,
855 3462 1152 3533 quemlibet
1173 3469 1350 3516 tamen
1367 3462 1560 3518 laedere
1581 3479 1687 3518 non
1711 3463 1816 3518 nisi

217 3554 362 3624 juste
389 3569 422 3607 a
449 3553 680 3608 Domino
703 3554 1112 3623 permittuntur.
1145 3553 1279 3620 Quia
1301 3567 1432 3622 ergo
1468 3552 1521 3608 in
1548 3554 1628 3609 eis
1651 3562 1706 3610 ct
1726 3568 1818 3609 vo-

225 3646 410 3700 luntas
446 3645 646 3713 injusta
671 3652 775 3710 est,
807 3653 860 3700 et
891 3653 1134 3716 potestas
1165 3645 1346 3714 justa,
1373 3653 1429 3700 et
1468 3645 1706 3700 latrones
1733 3645 1814 3699 di-

218 3750 438 3804 cuntur,
465 3748 523 3795 et
545 3740 665 3804 Dei,
689 3747 749 3793 ut
773 3755 840 3794 ex
867 3740 999 3809 ipsis
1027 3740 1098 3794 sit
1119 3741 1260 3808 quod
1282 3738 1696 3808 inferreinjuste
1721 3739 1814 3794 de-

217 3830 482 3894 siderant,
513 3839 565 3885 et
588 3846 657 3884 ex
681 3829 792 3884 Deo
808 3830 951 3901 quod
978 3830 1283 3884 desiderata
1293 3827 1438 3896 juste
1466 3832 1807 3884 consumant.

290 3917 518 3988 Propter
541 3919 682 3990 quod
701 3959 716 3984 ,
745 3917 1038 3972 charissimi
1066 3917 1224 3982 mihi,
1259 3915 1424 3986 fugite
1459 3916 1524 3970 ab
1550 3915 1812 3970 idolorum

217 4010 429 4064 cultura
456 4010 711 4082 (Ambr.).
747 4010 1005 4065 Hortatur
1032 4009 1195 4064 etiam
1226 4025 1371 4065 nunc
1410 4017 1470 4063 ut
1503 4009 1812 4064 abstineant

217 4119 274 4159 se
303 4105 372 4158 ab
402 4104 550 4158 omni
576 4104 834 4158 societate
865 4101 1214 4168 idololatriae,
1247 4110 1306 4156 ut
1328 4117 1434 4157 non
1465 4102 1637 4158 solum
1663 4115 1806 4170 spes,

215 4197 308 4251 sed
344 4204 401 4250 et
431 4196 644 4250 animus
674 4197 726 4249 in
757 4195 865 4250 Deo
896 4194 1146 4259 tollatur,
1191 4210 1259 4249 ne
1290 4210 1385 4264 per
1426 4195 1528 4249 hoc
1554 4203 1809 4248 nascatur

215 4287 267 4342 in
297 4287 469 4342 Deum
495 4287 740 4342 tentatio.
765 4286 932 4342 Nemo
951 4287 1096 4342 enim
1124 4287 1372 4342 assiduus
1412 4289 1466 4341 in
1510 4288 1701 4354 idolio,
1730 4287 1808 4341 ni-

213 4381 286 4434 hil
316 4387 501 4451 sperat
525 4381 590 4434 de
623 4380 752 4444 Deo,
783 4380 910 4434 hinc
946 4394 1166 4451 sperare
1191 4378 1438 4434 dubitare
1463 4380 1528 4434 dc
1563 4381 1673 4434 Deo
1697 4388 1801 4445 est,

214 4472 353 4528 sicut
379 4480 438 4526 et
479 4470 610 4526 Saul
645 4470 831 4526 relicto
872 4470 980 4525 Deo
1015 4471 1108 4540 qui
1145 4471 1194 4524 ei
1233 4468 1408 4524 fuerat
1434 4470 1613 4526 delicti
1641 4486 1806 4526 causa

1915 3297 2052 3334 unus
2076 3282 2246 3350 panis,
2270 3291 2318 3336 et
2341 3299 2503 3336 unum
2533 3300 2720 3355 corpus
2744 3284 2896 3338 multi
2918 3302 3118 3340 sumus.
3151 3286 3342 3342 Omnes
3367 3289 3506 3342 enim

1915 3371 1980 3424 de
2009 3388 2114 3425 uno
2141 3373 2556 3443 participamus;
2584 3383 2641 3428 et
2665 3384 2888 3446 propter
2921 3378 3023 3432 hoc
3061 3379 3337 3447 sulijunxit
3363 3381 3378 3432 ξ
3417 3377 3508 3433 Vi-

1915 3464 2034 3518 dete
2060 3463 2230 3519 Israel
2255 3467 2543 3521 secundum
2573 3484 2806 3533 carnem,
2845 3485 3014 3524 nonne
3034 3471 3122 3540 qui
3141 3470 3205 3524 de
3224 3471 3504 3540 sacriﬁciis

1913 3557 2252 3622 manducant,
2285 3559 2414 3613 socii
2432 3568 2556 3613 sunt
2592 3559 2825 3615 altaris?
2853 3561 2924 3617 Ut
2952 3562 3314 3634 intelligerent
3340 3564 3412 3618 ita
3444 3579 3504 3619 se

1907 3647 2019 3718 jam
2046 3649 2222 3705 socios
2245 3664 2367 3706 esse
2389 3651 2634 3721 corporis
2663 3651 2901 3718 Christi,
2935 3656 3387 3723 quemadmodum
3425 3656 3504 3712 illi

1913 3740 2044 3795 socii
2077 3751 2202 3796 sunt
2229 3742 2445 3809 altaris,
2484 3752 2540 3798 et
2573 3745 2699 3814 quia
2723 3753 2783 3799 ut
2809 3746 2912 3800 hoc
2933 3747 3158 3813 diceret,
3183 3750 3251 3804 ab
3274 3749 3501 3804 idolola—

1914 3832 2015 3886 tria
2047 3833 2399 3902 prohibebat;
2440 3835 2582 3890 unde
2612 3835 2762 3891 locus
2797 3837 2899 3892 iste
2933 3841 3198 3894 sermonis
3220 3841 3338 3911 ejus
3361 3841 3503 3896 sicut

1913 3925 2330 3978 commemoravi
2372 3927 2602 3996 sumpsit
2630 3925 2944 3988 exordium,
2982 3942 3050 3982 ne
3084 3938 3339 3999 putarent
3378 3931 3499 3986 ideo

1911 4027 2020 4066 non
2050 4018 2171 4067 esse
2200 4015 2527 4080 curandum,
2573 4016 2618 4070 si
2663 4016 2728 4070 de
2773 4017 3054 4072 sacriﬁciis
3083 4019 3306 4073 ederent
3333 4019 3501 4074 idolo-

1910 4118 2052 4166 rum,
2081 4103 2206 4172 quia
2245 4103 2442 4158 idolum
2466 4105 2599 4160 nihil
2620 4115 2726 4171 est,
2749 4107 3124 4164 existimantes
3145 4109 3245 4163 sibi
3267 4111 3382 4164 haec
3405 4127 3497 4166 ve-

1909 4193 1989 4247 lut
2012 4194 2281 4264 superﬂua
2308 4211 2412 4250 non
2439 4211 2662 4263 nocere;
2703 4197 3049 4254 conﬁrmavit
3071 4200 3363 4269 quidemet
3385 4201 3500 4272 ipse

1909 4284 2034 4354 quia
2065 4285 2200 4340 nihil
2227 4296 2372 4341 esset
2401 4286 2598 4342 idolum
2617 4328 2632 4354 ,
2661 4303 2760 4343 nec
2806 4288 2928 4344 ideo
2957 4305 3015 4345 se
3049 4290 3156 4344 ista
3185 4292 3493 4360 prohibere,

1907 4376 2034 4450 quia
2079 4376 2236 4431 idolis
2269 4376 2646 4444 immolantur,
2695 4396 2813 4449 qua:
2859 4397 2966 4436 non
3013 4381 3214 4436 habent
3255 4399 3492 4450 sensum,

1911 4467 2005 4524 sed
2030 4468 2178 4538 quia,
2208 4486 2325 4540 qua:
2345 4469 2636 4536 immolant,
2669 4471 2873 4541 inquit,
2903 4473 2955 4526 id
2985 4480 3070 4526 est
3094 4472 3359 4527 idolorum
3383 4474 3497 4528 cul-

213 4561 386 4616 iratus
420 4560 490 4614 ad
533 4560 891 4615 idololatriam
915 4576 973 4614 se
994 4559 1240 4625 contulit,
1269 4559 1470 4630 aliquid
1493 4575 1716 4630 sperans
1738 4560 1804 4614 de
1829 4555 1882 4615 D
1910 4569 2075 4625 tores,
2097 4561 2392 4625 drrmoniis,
2423 4570 2472 4616 et
2497 4579 2600 4616 non
2625 4561 2731 4616 Deo
2755 4563 3046 4628 immolant,
3077 4563 3196 4618 nolo
3219 4582 3305 4620 vos
3325 4567 3494 4620 socios

211 4668 272 4707 ea
291 4671 306 4718 ;
327 4653 418 4706 cui
437 4651 655 4722 quidem
674 4660 728 4706 et
749 4652 802 4705 in
821 4651 1071 4721 praesenti
1092 4650 1284 4714 obfuit,
1307 4659 1362 4704 et
1386 4651 1438 4704 in
1459 4650 1696 4705 futurum
1718 4666 1804 4722 ge-

211 4743 449 4798 hennam
478 4742 729 4798 ultricem
750 4743 1003 4812 providit.
1034 4740 1100 4795 Ut
1120 4742 1457 4812 prudentibus
1479 4742 1683 4814 loquor,
1711 4761 1800 4798 vos

201 4835 445 4905 judicate
491 4833 631 4904 quod
677 4833 815 4888 dico.
866 4833 1124 4905 Exempla
1171 4833 1426 4904 subjicit,
1476 4842 1538 4888 ut
1588 4833 1800 4891 facilius

210 4928 471 4998 suadeat_,
512 4927 641 4996 quia
689 4927 774 4981 cui
824 4927 987 4981 verba
1031 4927 1163 4981 satis
1211 4942 1317 4981 non
1348 4925 1571 4992 faciunt,
1623 4927 1798 4982 solent

210 5011 457 5087 exempla
484 5018 734 5072 suadere.
755 5015 909 5070 Catia:
930 5017 1297 5071 benedictionis
1319 5019 1404 5073 cui
1426 5017 1791 5084 benedicimus,

209 5123 380 5160 nonne
425 5108 830 5161 communicatio
859 5108 1126 5176 sanguinis
1163 5107 1355 5161 Christi
1394 5109 1509 5162 est?
1549 5118 1598 5161 et
1644 5109 1796 5179 panis

208 5214 358 5267 quem
401 5197 718 5269 frangimus,
753 5214 923 5252 nonne
945 5198 1276 5268 participatio
1313 5198 1544 5268 corporis
1583 5198 1795 5252 Domini

209 5297 280 5339 est
304 5288 329 5337 f’
360 5285 626 5352 Quoniam
665 5304 799 5341 unus
826 5287 978 5357 panis
1017 5296 1062 5340 et
1098 5304 1256 5340 unum
1293 5305 1478 5356 corpus
1520 5287 1672 5341 multi
1707 5304 1796 5341 su-

209 5392 342 5441 mus,
376 5395 554 5432 omnes
579 5378 719 5432 enim
740 5378 804 5431 de
826 5394 931 5432 uno
958 5394 1090 5448 pane
1110 5379 1502 5448 participamus.
1529 5377 1794 5444 Quoniam

211 5483 373 5523 unum
405 5485 595 5524 sumus
625 5469 761 5524 alter
787 5470 1011 5524 alterius
1048 5469 1310 5534 membra,
1351 5486 1517 5524 unum
1545 5486 1645 5525 nos
1673 5485 1796 5524 sen-

215 5560 312 5616 tire
333 5564 534 5619 debere
570 5564 733 5630 dicit,
763 5573 824 5618 ut
861 5563 994 5618 fides
1020 5577 1128 5616 una
1156 5578 1321 5616 unum
1354 5564 1547 5619 habeat
1576 5580 1794 5620 sensum

214 5661 267 5707 et
286 5668 442 5724 opus.
485 5653 665 5709 Videte
697 5656 834 5709 enim
876 5653 1047 5708 Israel
1084 5653 1370 5708 secundant
1407 5672 1636 5709 carnem.
1681 5656 1793 5711 Hoc

216 5755 314 5814 εει,
338 5747 552 5816 discite,
577 5748 822 5804 homines
851 5747 1092 5804 videntes
1119 5748 1286 5804 Deum
1306 5787 1319 5813 ,
1344 5747 1792 5820 quemadmodum

1909 4655 2284 4709 da’inoniorum
2304 4655 2440 4724 fieri,
2464 4657 2586 4727 quia
2607 4673 2743 4712 unus
2767 4658 2920 4727 panis
2936 4697 2951 4721 ,
2979 4657 3172 4727 inquit,
3199 4675 3360 4712 unum
3379 4676 3496 4712 cor-

1905 4762 2002 4816 pus
2023 4747 2174 4798 multi
2193 4763 2392 4811 sumus,
2411 4763 2686 4818 omnesque
2705 4747 2771 4803 de,
2790 4764 2893 4802 uno
2907 4763 3039 4817 pane
3057 4758 3104 4801 et
3125 4748 3189 4802 de
3209 4765 3312 4803 uno
3333 4748 3495 4803 calice

1904 4840 2298 4910 participamus.
2347 4838 2484 4906 Quia
2523 4840 2613 4910 qui
2641 4855 2831 4908 passus
2863 4848 2946 4894 est
2992 4856 3091 4910 pro
3120 4841 3275 4895 nobis
3294 4880 3308 4905 ,
3338 4855 3491 4894 com-

1905 4931 2179 4987 mendavit
2202 4932 2430 4987 nobisin
2455 4933 2559 4988 isto
2587 4942 2932 4987 sacramento
2956 4948 3150 5004 corpus
3179 4942 3235 4989 et
3274 4932 3492 5004 sangui-

1904 5036 2026 5077 nem
2050 5038 2226 5088 suum,
2249 5025 2393 5094 quod
2415 5025 2578 5079 etiam
2601 5023 2750 5086 fecit,
2773 5033 2826 5078 et
2847 5041 2947 5082 nos
2969 5027 3134 5096 ipsos.
3158 5025 3294 5081 Nam
3316 5035 3369 5082 et
3390 5043 3490 5083 nos

1903 5127 2101 5181 corpus
2149 5114 2317 5184 ipsius
2366 5114 2492 5169 facti
2552 5131 2772 5180 sumus,
2821 5127 2878 5170 et
2919 5134 3016 5189 per
3061 5119 3486 5174 misericordiam

1903 5201 2072 5272 ipsius
2102 5206 2244 5274 quod
2269 5205 2577 5287 accepimus
2615 5222 2715 5261 nos
2767 5222 2975 5263 sumus.
3023 5208 3405 5273 Recordamini
3433 5218 3489 5264 et

1902 5308 2020 5358 vos,
2043 5310 2151 5348 non
2203 5295 2397 5361 fuistis,
2430 5306 2485 5350 et
2531 5297 2699 5352 creati
2733 5299 2882 5364 estis,
2917 5297 2985 5352 ad
3031 5315 3212 5354 aream
3251 5300 3483 5354 domini-

1903 5399 2046 5449 cam,
2074 5387 2396 5456 comportati
2425 5388 2558 5442 estis
2605 5388 2879 5444 laboribus
2923 5391 3107 5455 boum,
3151 5391 3204 5444 id
3255 5398 3341 5446 est
3390 5406 3484 5444 an-

1900 5478 2272 5533 nuntiantibus
2312 5480 2680 5552 Evangelium,
2735 5481 2973 5536 triturati
3011 5482 3172 5548 estis,
3229 5482 3484 5552 quoniam

1899 5571 2271 5627 catechmneni
2321 5573 2732 5640 dill'ercbamini,
2773 5575 2825 5628 in
2868 5575 3065 5632 horreo
3110 5573 3483 5639 servabimini,

1899 5662 2118 5716 nontina
2171 5671 2350 5717 vestra
2397 5664 2621 5720 dedistis
2647 5705 2661 5726 ,
2713 5667 2954 5735 coepistis
2999 5666 3125 5722 moli
3168 5663 3390 5733 jejuniis
3429 5669 3483 5716 et

1899 5753 2240 5818 cxorcismis,
2269 5762 2452 5826 postea
2499 5756 2564 5811 ad
2616 5772 2811 5828 aquam
2841 5757 3083 5824 venistis,
3123 5765 3176 5811 et
3207 5751 3482 5827 conspersi
