4082 6332
444 400 461 410 ~
507 366 579 423 95
1151 371 1214 429 Β.
1255 369 1510 429 RABANI
1546 367 1765 427 MAURI
1801 365 2116 425 ARCHIEP.
2156 363 2465 425 MOGUNT.
2503 360 2792 425 OPERUM
2828 360 3008 422 PARS
3039 358 3126 421 ΙΙΙ.
3701 366 3790 426 ’96

511 481 666 549 estis,
711 486 769 538 et
810 494 982 538 unum
1026 480 1157 538 facti
1206 482 1357 548 estis,
1412 482 1701 538 accedente
1731 478 1943 535 fervore
1982 476 2105 548 Spi—
2130 484 2185 544 Α
2208 478 2419 549 integra
2438 476 2721 534 cbaritatis
2745 477 2955 555 viscera
2982 477 3281 549 possidere,
3309 491 3409 536 nec
3432 492 3496 536 ea
3518 493 3641 551 quae
3661 481 3800 539 alio—

511 575 651 630 ritus
674 572 850 629 sancti
874 572 1014 629 cocti
1040 572 1192 639 estis,
1216 580 1271 628 et
1293 572 1450 643 panis
1472 571 1775 627 dominicus
1791 568 1919 623 facti
1948 568 2102 623 estis.

514 663 658 720 Ecce
695 662 840 732 quod
866 661 1185 733 accepistis;
1236 661 1509 732 quomodo
1545 674 1673 732 ergo
1718 673 1885 714 unum
1912 657 2108 713 videtis

428 818 433 823 ἢ
514 769 634 810 esse
658 753 803 824 quod
831 751 1035 808 factum
1060 759 1180 819 est,
1206 752 1287 808 sic
1312 767 1478 807 unum
1505 758 1680 807 estote
1704 764 1801 805 vos
1836 748 2107 818 diligendo

514 862 635 914 vos,
665 846 898 904 tenendo
945 859 1110 901 unam
1158 843 1343 908 ﬁdem,
1372 857 1537 897 unam
1572 854 1744 911 Spem,
1774 839 2106 895 individuam

517 937 863 995 charitatem.
890 933 1163 1003 ‘llaaretici
1189 932 1406 1001 quando
1434 932 1536 987 hoc
1562 928 1927 986 testimonium
1972 942 2106 983 con-

517 1037 605 1084 tra
635 1043 695 1084 se
724 1025 1017 1097 accipiunt,
1048 1022 1175 1094 quia
1204 1021 1283 1076 illi
1319 1027 1565 1091 quaerunt
1613 1018 1954 1082 divisionem,
1983 1032 2106 1072 cum

516 1119 676 1191 panis
700 1119 807 1173 iste
830 1116 1034 1172 indicet
1057 1113 1343 1169 unitatem.
1376 1109 1471 1166 Sic
1518 1117 1574 1165 et
1622 1110 1810 1164 vinum
1838 1107 1892 1162 in
1924 1107 2108 1164 multis

519 1208 755 1266 racemis
783 1206 911 1273 fuit,
939 1212 995 1260 et
1017 1203 1181 1259 modo
1206 1203 1261 1257 in
1290 1216 1399 1257 uno
1429 1212 1544 1267 est;
1576 1214 1744 1254 unum
1773 1206 1855 1253 est
1884 1198 1938 1252 in
1984 1212 2110 1253 sua-

516 1301 685 1357 vitate
704 1298 889 1356 calicis
910 1304 1034 1368 post
1051 1308 1361 1366 pressuram
1376 1292 1685 1357 torcularis,
1701 1299 1757 1347 et
1769 1306 1866 1346 vos
1879 1299 2002 1360 post
2015 1290 2107 1347 illa

514 1386 590 1459 jej
598 1388 743 1453 uuia,
756 1393 881 1457 post
896 1384 1129 1448 labores,
1146 1391 1268 1453 post
1288 1380 1650 1437 humilitatem
1663 1389 1719 1436 et
1728 1380 2107 1435 contritionem

516 1479 634 1550 jam
675 1478 731 1533 in
760 1475 981 1533 nomine
1018 1473 1222 1530 Christi
1248 1482 1504 1542 tanquam
1547 1473 1616 1528 ad
1644 1471 1868 1527 calicem
1894 1470 2108 1526 Domini

520 1568 770 1633 venistis,
792 1573 849 1623 et
884 1566 959 1621 ibi
982 1580 1080 1620 vos
1101 1564 1235 1620 estis
1260 1563 1317 1618 in
1353 1578 1563 1629 mensa,
1589 1570 1645 1619 et
1671 1561 1744 1618 ibi
1770 1576 1867 1617 vos
1888 1562 2022 1617 estis
2051 1560 2110 1617 in

521 1658 713 1725 calice,
752 1657 1034 1713 nobiscum
1062 1669 1160 1710 vos
1192 1653 1328 1709 estis
1353 1670 1368 1706 :
1399 1652 1560 1709 simul
1587 1652 1731 1708 enim
1767 1653 1872 1708 hoc
1900 1665 2107 1717 sumus,

522 1750 689 1807 simul
714 1749 951 1805 bibimus
985 1746 1114 1817 quia
1144 1745 1304 1801 simul
1327 1744 1561 1801 vivimus
1590 1763 1606 1800 :
1638 1745 1764 1801 Non
1788 1744 1998 1817 potestis
2019 1760 2111 1798 ca»-

2205 582 2326 624 rum
2356 576 2485 624 sunt
2527 566 2821 624 secundum
2847 567 3213 638 Apostolicam
3252 567 3595 638 disciplinam
3644 587 3799 643 qua:-

2206 675 2328 716 rere
2347 659 2665 732 poterimus,
2691 658 2796 715 nisi
2820 658 2908 714 his
2927 674 3047 729 qua:
3074 658 3403 715 districtioni
3436 669 3640 718 nostra
3672 679 3805 735 per-

2204 749 2531 819 fectionique
2571 748 2901 805 conveniunt
2952 749 3228 819 paululum
3279 749 3562 819 relaxatis,
3588 756 3803 813 condo-

2205 839 2464 895 scendere
2487 838 2810 895 utilitatibus
2856 837 3087 895 aliorum
3127 853 3301 910 prono
3327 840 3680 900 maluerimus
3708 841 3801 900 af-

2206 928 2370 996 fectu,
2402 945 2458 985 et
2482 930 2556 985 ita
2574 944 2697 985 cum
2718 928 2975 1000 Apostolo
2995 928 3227 987 inﬁrmis
3246 930 3545 990 eﬂiciamur
3569 935 3801 1004 inﬁrmi,

2205 1032 2266 1079 ut
2293 1023 2493 1079 lucrari
2516 1023 2793 1095 possimus
2823 1021 3092 1080 inﬁrmos.

2275 1112 2444 1171 Omne
2463 1114 2602 1187 quod
2631 1114 2687 1169 in
2711 1112 2928 1169 macello
2952 1115 3107 1181 venit,
3130 1115 3287 1183 edite,
3309 1115 3444 1171 nihil
3469 1117 3807 1191 interrogan-

2204 1213 2280 1259 tes
2316 1214 2525 1276 propter
2570 1204 2974 1270 conscientiam;
3009 1203 3223 1261 Domini
3266 1215 3343 1262 est
3386 1208 3528 1263 enim
3564 1218 3709 1265 terra
3748 1219 3805 1265 et

2203 1293 2471 1366 plenitudo
2493 1294 2628 1362 ejus.
2653 1292 2887 1365 (Ambr.)
2924 1294 2996 1350 Ut
3014 1295 3198 1351 omnia
3230 1296 3430 1351 munda
3459 1299 3801 1367 ostenderet,

2205 1383 2449 1456 exemplo
2470 1384 2663 1456 psalmi
2680 1384 2923 1453 vigesimi
2945 1385 3113 1452 tertii,
3126 1386 3230 1441 hoc
3245 1386 3537 1443 roborabat
3550 1387 3676 1457 quia
3688 1403 3801 1444 non

2204 1483 2384 1547 potest
2402 1476 2740 1531 immundum
2768 1488 2889 1533 esse
2910 1477 3053 1546 quod
3077 1478 3287 1534 Domini
3318 1486 3421 1544 est,
3444 1487 3501 1533 et
3518 1480 3801 1548 quomodo

2206 1567 2455 1639 superius
2474 1569 2542 1623 de
2563 1568 2707 1623 escis
2724 1567 2800 1622 ait
2829 1586 2843 1621 :
2876 1567 3069 1624 Omnia
3096 1568 3249 1625 licent
3267 1611 3283 1635 ,
3331 1571 3516 1626 statim
3542 1574 3803 1628 subsecu-

2204 1666 2297 1715 tus
2319 1667 2402 1716 cst
2433 1676 2449 1713 :
2479 1658 2646 1715 Omne
2663 1661 2802 1730 quod
2844 1659 2902 1713 in
2932 1658 3152 1714 macello
3179 1661 3314 1715 venit
3340 1661 3512 1727 edite,
3551 1661 3685 1716 nihil
3709 1662 3803 1716 in-

2208 1758 2528 1821 terrogantes
2574 1758 2787 1820 propter
2832 1750 3237 1817 conscientiam;
3275 1751 3391 1807 hoc
3441 1761 3621 1808 autem
3675 1753 3811 1811 ideo

520 1839 673 1896 licem
698 1837 912 1895 Domini
933 1837 1103 1892 bibere
1125 1845 1174 1891 et
1195 1834 1411 1891 calicem
1432 1836 1851 1901 dwmoniorum;
1889 1851 1994 1890 non
2019 1851 2114 1906 po-

2222 1842 2466 1913 subjecit,
2489 1849 2551 1896 ut
2569 1840 2738 1895 libera
2764 1839 2839 1896 sit
2860 1841 3194 1897 conscientia
3226 1856 3243 1896 :
3264 1841 3392 1899 licet
3418 1843 3566 1899 enim
3593 1844 3813 1916 aliquid

520 1930 666 1986 testis
705 1945 897 1985 mensa:
924 1927 1139 1982 Domini
1175 1927 1491 1998 participare
1524 1935 1574 1981 et
1608 1942 1800 1982 menste
1823 1926 2113 1982 dwmonio-

519 2038 662 2079 rum.
689 2021 845 2077 Sicut
879 2020 1140 2076 Dominus
1164 2020 1242 2074 ait
1268 2036 1282 2074 ε
1308 2017 1432 2073 Νοη
1459 2020 1672 2090 potestis
1700 2017 1811 2073 Deo
1839 2018 2029 2074 servire
2063 2019 2113 2074 el

520 2128 837 2167 mammonae
867 2110 1085 2183 (Matth.
1113 2109 1223 2181 vi),
1275 2109 1403 2180 quia
1443 2110 1537 2180 qui
1576 2109 1798 2166 calicem
1824 2107 2116 2165 daemonio-

523 2220 647 2260 rum
666 2204 821 2271 bibit,
845 2202 1005 2259 calici
1031 2201 1245 2257 Domini
1267 2201 1514 2270 insultat,
1537 2209 1733 2257 etcum
1769 2214 1969 2257 mensae
2006 2199 2116 2255 dte-

522 2295 827 2352 moniorum
849 2293 1235 2359 communicat,
1258 2307 1457 2348 mensae
1484 2291 1723 2358 Domini,
1746 2292 1797 2347 id
1828 2297 1931 2358 est,
1957 2290 2131 2367 altari.

524 2385 810 2455 obstrepit,
834 2392 891 2440 et
923 2383 1138 2439 Domini
1170 2398 1367 2452 corpus
1392 2381 1693 2452 cruciﬁgit;
1724 2381 1928 2439 idcirco
1969 2382 2114 2436 enim

526 2475 776 2532 Christus
802 2472 1098 2530 cruciﬁxus
1121 2479 1229 2537 est,
1261 2471 1387 2541 quia
1413 2471 1661 2527 dissolvit
1687 2487 1851 2542 opera
1897 2471 2112 2537 diaboli,

525 2566 621 2638 qui
667 2580 797 2637 ergo
840 2562 972 2620 facit
1007 2577 1171 2633 opera
1202 2561 1421 2629 diaboli,
1449 2562 1667 2618 Christo
1710 2570 1992 2634 repugnat.
2034 2563 2118 2616 An

526 2656 844 2714 wmulamur
870 2655 1183 2720 Dominum,
1212 2654 1449 2725 nunquid
1498 2653 1742 2724 fortiores
1784 2652 1875 2707 illo
1898 2651 2121 2708 sumus?

474 2798 481 2811 ,
526 2747 633 2804 Vix
678 2747 740 2803 ﬁt
784 2755 845 2803 ut
882 2745 1103 2803 humilis
1129 2745 1335 2802 zelctur
1370 2753 1666 2815 potentem,
1698 2744 1801 2800 scit
1825 2744 1968 2799 enim
2012 2758 2121 2799 non

528 2840 631 2897 sibi
655 2848 984 2911 competere,
1008 2839 1063 2893 in
1105 2853 1213 2908 quo
1261 2836 1337 2892 illi
1364 2844 1544 2907 potest
1589 2835 1984 2892 inviderizsed
2027 2845 2123 2891 aut

527 2930 785 3001 inaequali
833 2930 1124 2996 invidetur,
1154 2936 1249 2984 aut
1271 2943 1441 2999 prope
1477 2929 1707 3000 aequali;
1738 2929 1857 2987 ideo
1889 2930 2126 3000 Aposto-

527 3019 614 3076 lus
639 3036 745 3076 non
785 3034 944 3090 posse
974 3019 1113 3074 dixit
1155 3019 1404 3074 homines
1431 3017 1673 3074 aemulari
1705 3017 1993 3072 Dominum
2033 3015 2125 3072 Je-

529 3127 677 3179 sum,
706 3119 969 3183 praeterea
1000 3112 1093 3183 qui
1123 3111 1270 3165 illum
1297 3111 1495 3174 sciunt,
1526 3108 1573 3166 si
1614 3123 1722 3179 quo
1774 3108 1977 3175 minus,
2010 3124 2121 3165 non

527 3204 800 3260 videbitur
833 3205 914 3260 eis
937 3204 1133 3275 dignus
1157 3217 1279 3258 esse
1311 3201 1494 3257 vocari
1535 3199 1819 3266 Dominus,
1847 3215 2009 3270 quem
2037 3215 2125 3257 ze-

531 3293 738 3360 lantur,
767 3309 836 3351 ne
865 3293 1127 3349 Dominus
1160 3292 1252 3347 sit.
1284 3291 1412 3347 Zelo
1449 3292 1598 3347 enim
1630 3290 1861 3347 Satanas
1901 3290 2126 3348 idolola-

532 3388 693 3443 triam
721 3388 950 3452 invenit,
976 3395 1037 3443 ut
1060 3388 1310 3443 homines
1343 3388 1594 3458 negando
1636 3387 1808 3443 Deum
1836 3386 2124 3443 Dominum

533 3479 695 3536 idolis
746 3480 990 3535 serviant
1023 3480 1180 3549 quasi
1233 3478 1341 3535 diis
1368 3487 1424 3534 et
1465 3479 1719 3535 dominis.
1760 3477 1955 3536 Omnia
1996 3481 2127 3535 mihi

534 3569 713 3637 licent,
738 3569 831 3625 sed
877 3585 983 3624 non
1014 3571 1192 3624 omnia
1222 3569 1527 3641 expediunt.
1569 3569 1761 3626 Omnia
1804 3571 1935 3629 dicit
1963 3571 2127 3629 licere

532 3659 832 3717 secundum
863 3660 1036 3732 legem
1079 3669 1307 3727 naturre,
1333 3661 1518 3717 omnia
1553 3662 1699 3717 enim
1745 3664 1948 3719 munda
1978 3673 2124 3731 sunt,

535 3753 604 3812 de
637 3755 779 3811 escis
807 3754 1069 3826 agebatur
1107 3762 1165 3810 et
1208 3770 1379 3812 carne
1410 3755 1569 3812 idolis
1612 3756 1892 3812 immolata
1936 3773 1950 3810 :
1997 3770 2127 3811 nam

536 3861 658 3919 qua
684 3848 955 3919 prohibita
980 3856 1036 3905 et
1062 3847 1353 3904 interdicta
1395 3856 1541 3915 sunt,
1569 3849 1841 3919 quomodo
1870 3848 1977 3907 dici
2002 3861 2131 3917 pos-

537 3946 667 3994 sunt
687 3937 894 3994 licere?
935 3954 1059 3995 cum
1091 3938 1258 3994 etiam
1288 3939 1378 3995 hic
1406 3939 1523 4012 ipsa
1548 3955 1673 4011 quae
1716 3954 1972 3997 concessa
2004 3947 2131 3994 sunt

537 4027 811 4100 signiﬁcet
840 4028 1132 4098 aliquando
1158 4044 1267 4087 non
1299 4028 1594 4100 expedire?
1624 4031 1767 4086 sicut
1781 4030 1913 4086 dicit
1934 4028 2130 4084 Petrus

539 4117 814 4188 apostolus
841 4136 855 4172 :
888 4118 951 4175 Si
978 4119 1091 4175 hwc
1123 4128 1201 4174 est
1233 4136 1397 4175 causa
1427 4120 1525 4175 viri
1555 4136 1677 4175 cum
1702 4136 1886 4187 uxore,
1905 4135 2009 4175 non
2032 4135 2127 4175 ea:-

533 4210 678 4284 pedit
701 4212 892 4267 nubere
913 4210 1129 4283 (Matth.
1159 4210 1296 4284 xu).

613 4300 808 4357 Omnia
833 4301 1011 4368 licent,
1033 4300 1123 4357 sed
1150 4318 1256 4357 non
1294 4303 1470 4357 omnia
1501 4302 1787 4372 ludiﬁcant.
1819 4301 1965 4357 Idem
2008 4315 2132 4357 sen-

540 4410 655 4463 sus,
676 4395 805 4466 quia
834 4393 961 4449 licet
977 4393 1158 4449 omnia
1187 4394 1369 4461 edere,
1397 4394 1493 4455 sed
1523 4395 1668 4466 quod
1690 4392 1848 4450 idolis
1876 4392 2129 4450 immola-

541 4498 631 4545 tur
671 4503 779 4544 non
825 4485 1079 4551 aediﬁcat,
1109 4487 1237 4557 quia
1284 4488 1597 4543 scandalum
1629 4487 1760 4545 facit
1784 4487 1962 4554 fratri,
1989 4488 2130 4544 sicut

540 4596 703 4653 supra
741 4581 947 4637 dictum
988 4587 1092 4647 est,
1145 4580 1375 4650 ideoque
1402 4596 1432 4634 a
1464 4581 1631 4639 licitis
1663 4581 1954 4652 aliquando
1990 4590 2130 4636 tem-

539 4670 839 4742 perandum
864 4678 970 4737 est,
994 4679 1055 4727 ut
1082 4670 1276 4740 prosit.
1315 4671 1454 4727 llinc
1480 4679 1565 4727 est
1606 4671 1749 4727 unde
1783 4679 2030 4742 sumptus
2059 4670 2130 4726 ab

541 4761 651 4827 his,
673 4776 795 4816 cum
817 4762 869 4818 ei
899 4761 1104 4826 liceret,
1134 4761 1307 4818 noluit
1332 4762 1598 4833 accipere,
1629 4762 1809 4818 sciens
1831 4777 1938 4817 non
1960 4774 2128 4830 expe-

543 4853 681 4910 dire.
711 4853 879 4909 Nemo
901 4854 1041 4926 quod
1075 4871 1229 4910 suum
1250 4864 1324 4911 est
1351 4866 1575 4929 qureret,
1608 4857 1698 4911 sed
1722 4856 1860 4929 quod
1884 4855 2132 4912 alterius.

545 4943 744 5017 (Cass.)
766 4944 836 5001 Et
882 4946 1125 5002 cbaritas
1157 4962 1265 5002 non
1309 4948 1505 5018 quaerit
1541 4963 1665 5017 quae
1699 4963 1797 5003 sua
1846 4953 2006 5012 sunt,
2035 4947 2130 5002 sed

545 5054 668 5111 qua:
692 5038 947 5103 aliorum,
980 5054 1047 5095 ac
1073 5040 1141 5094 de
1165 5055 1224 5096 se
1253 5040 1369 5110 ipso
1399 5039 1511 5095 ait:
1547 5038 1671 5093 Non
1699 5054 1901 5110 quaero,
1935 5037 2130 5107 inquit,

543 5129 684 5200 quod
720 5129 849 5184 mihi
881 5129 1008 5185 utile
1027 5140 1125 5196 est,
1150 5130 1241 5185 sed
1260 5130 1398 5202 quod
1432 5129 1610 5184 multis
1637 5138 1692 5183 ut
1726 5126 1861 5182 salvi
1888 5127 2043 5197 fiant.
2073 5126 2134 5182 Si

542 5221 690 5276 enim
720 5236 783 5277 ea
808 5236 930 5291 qua:
960 5231 1144 5278 nostra
1172 5230 1298 5277 sunt
1317 5221 1632 5295 quaerimus,
1654 5229 1710 5274 et
1731 5219 1783 5274 id
1808 5219 1950 5288 quod
1979 5218 2136 5274 nobis

542 5312 675 5368 utile
706 5322 791 5369 est
837 5312 1188 5383 pertinaciter
1229 5311 1477 5367 volumus
1518 5315 1827 5375 retentare,
1876 5307 2041 5363 etiam
2076 5307 2131 5362 in

543 5402 855 5473 hujusmodi
881 5405 1297 5462 necessitatibus
1345 5402 1488 5472 loqui
1516 5416 1617 5456 nos
1643 5414 1867 5457 necesse
1886 5406 1972 5456 est
1989 5398 2134 5454 veri-

549 5507 739 5564 tatem,
766 5509 825 5555 et
868 5514 996 5555 reus
1021 5497 1138 5553 ﬁeri
1166 5495 1361 5551 mortis
1406 5493 1594 5550 alienae
1628 5512 1643 5548 :
1675 5493 1723 5550 si
1752 5508 1884 5548 vero
1908 5507 1972 5548 ea
2011 5506 2133 5562 quae

550 5591 673 5647 aliis
695 5590 951 5647 salutaria
987 5596 1136 5654 sunt,
1158 5588 1360 5644 nostris
1385 5586 1708 5643 utilitatibus
1734 5590 2129 5658 praeponentes,

551 5682 860 5753 Apostolico
888 5679 1314 5738 satisfecerimus
1358 5680 1585 5752 imperio
1607 5721 1622 5747 ,
1661 5679 1780 5735 siue
1810 5679 1975 5735 dubio
2004 5679 2134 5735 sub-

552 5774 728 5831 eunda
750 5781 837 5830 est
865 5772 1021 5831 nobis
1039 5774 1341 5833 necessitas
1376 5773 1688 5841 mentiendi,
1721 5781 1779 5831 et
1801 5771 2005 5829 idcirco
2031 5784 2133 5828 nec

2155 4536 2207 4597 D

2213 1932 2284 1988 sit
2324 1931 2587 2003 pollutum
2639 1945 2737 2001 per
2784 1930 3165 1999 accidentiam,
3215 1932 3270 1988 id
3313 1941 3421 1999 est,
3468 1933 3813 1992 oblationem

2212 2023 2360 2088 idoli,
2391 2040 2513 2080 cum
2539 2023 2644 2080 hoc
2678 2033 2856 2079 tamen
2878 2024 3074 2090 nescit,
3099 2024 3191 2096 qui
3219 2025 3373 2092 emit,
3411 2026 3619 2082 nullum
3659 2027 3815 2098 pati-

2213 2121 2303 2169 tur
2338 2112 2670 2183 scrupulum,
2698 2118 2755 2168 et
2781 2113 2920 2183 apud
2950 2113 3119 2168 Deum
3162 2113 3418 2171 immunis
3456 2126 3561 2172 est.
3594 2114 3811 2188 Siquis

2214 2211 2361 2259 vocat
2385 2219 2474 2258 vos
2499 2218 2564 2257 ea:
2594 2201 2892 2271 inﬁdelibus
2932 2203 3002 2257 ad
3048 2220 3271 2272 omnem,
3314 2205 3384 2260 ite
3412 2222 3431 2260 :
3459 2222 3612 2261 omne
3659 2210 3811 2278 quod

2215 2294 2509 2365 appositum
2542 2294 2686 2348 vobis
2713 2292 2872 2363 fuerit
2914 2294 3072 2361 edite,
3105 2294 3239 2350 nihil
3274 2295 3639 2367 disquirentes.
3686 2296 3813 2354 Hoc

2215 2392 2319 2449 est,
2350 2383 2668 2454 simpliciter
2695 2385 3016 2440 manducata
3059 2387 3202 2457 quod
3230 2387 3542 2457 apponitur,
3566 2404 3676 2444 non
3713 2391 3811 2445 iri-

2218 2485 2557 2549 terrogantes
2576 2476 2721 2533 unde
2747 2477 2837 2532 sit.
2868 2476 3019 2532 Nihil
3040 2479 3420 2550 interrogantes
3448 2491 3660 2552 propter
3679 2498 3817 2537 con-

2216 2571 2511 2625 scientiam.
2534 2568 2730 2641 Siquis
2771 2580 2947 2624 autem
2985 2572 3176 2627 dixerit
3207 2587 3227 2624 .‘
3261 2570 3378 2626 Hoc
3413 2572 3812 2629 immolatitiuns

2218 2670 2293 2715 est
2320 2660 2499 2726 idolis,
2545 2660 2707 2716 nolite
2740 2661 3086 2729 manducare,
3132 2654 3346 2733 propter
3392 2663 3813 2719 conscientiam:

2219 2752 2588 2806 conscientiam
2615 2760 2791 2806 autem
2820 2752 2956 2816 dico,
2983 2769 3089 2808 non
3107 2762 3276 2819 tuam,
3307 2753 3398 2809 sed
3432 2753 3666 2808 alterius.
3691 2751 3816 2811 Hoc

2219 2840 2477 2913 perlectis
2502 2842 2744 2913 loquitur
2772 2843 2866 2913 qui
2888 2851 3116 2913 possunt
3146 2852 3558 2899 contemnentes
3583 2843 3821 2900 idolola-

2220 2936 2404 3002 triam,
2433 2937 2556 3006 quia
2586 2934 2722 2993 nihil
2760 2945 2846 2991 est
2874 2934 3200 2992 manducare
3236 2938 3307 2993 de
3343 2937 3643 3004 sacriﬁcio,
3674 2938 3821 2993 certi

2222 3026 2351 3097 quia
2375 3027 2520 3097 quod
2548 3026 2651 3082 sub
2679 3027 2775 3081 Dei
2803 3028 3068 3084 creatoris
3093 3029 3313 3083 nomine
3357 3028 3543 3084 editur
3576 3044 3682 3085 non
3712 3044 3821 3101 po-

2224 3123 2330 3172 test
2352 3116 2614 3188 polluere,
2645 3115 2739 3172 sed
2766 3117 2895 3187 quia
2916 3116 3055 3173 alius
3084 3117 3177 3189 qui
3205 3117 3365 3175 idolis
3389 3118 3577 3186 servit,
3609 3118 3821 3191 gloria-

2223 3207 2372 3263 bitur
2393 3215 2447 3262 te
2463 3208 2659 3263 edente
2687 3207 2755 3263 de
2778 3207 3117 3275 secriﬁcatis,
3145 3209 3304 3280 quasi
3326 3209 3611 3265 venereris
3633 3210 3775 3265 idola
3798 3227 3817 3277 ;

2225 3301 2348 3357 ideo
2366 3316 2473 3357 non
2498 3302 2660 3357 debet
2679 3301 2789 3367 edi,
2807 3301 2948 3372 apud
2969 3301 3365 3358 conscientiam
3385 3303 3528 3358 enim
3551 3301 3642 3358 ille
3660 3301 3822 3357 laeta-

2225 3393 2373 3449 bitur
2392 3409 2572 3461 suam,
2585 3393 2713 3464 quia
2736 3392 2873 3449 vidit
2894 3401 2949 3449 te
2966 3392 3202 3450 libenter
3220 3403 3474 3465 appetere
3494 3394 3637 3466 quod
3656 3393 3823 3451 idolis

2226 3487 2563 3544 immolatum
2595 3494 2697 3543 est.
2735 3484 2806 3541 Ut
2834 3486 2963 3556 quid
2982 3487 3120 3541 enim
3147 3485 3362 3542 libertas
3404 3502 3519 3541 mea
3534 3485 3829 3557 judicatur

2227 3578 2292 3633 ab
2323 3577 2432 3633 alia
2453 3577 2770 3633 conscientia
2789 3577 2815 3631 Ρ
2835 3575 2951 3633 Hoc
2976 3577 3113 3633 dicit
3149 3577 3278 3648 quia
3307 3591 3433 3633 cum
3459 3577 3528 3632 ab
3557 3576 3683 3632 idoli
3718 3577 3823 3633 de-

2225 3667 2445 3723 votione
2479 3665 2812 3722 conscientia
2834 3664 2907 3721 sit
2923 3665 3118 3733 libera,
3151 3666 3287 3738 quid
3302 3682 3439 3737 opus
3461 3674 3550 3723 est
3572 3674 3631 3722 ut
3663 3673 3823 3737 pute-

2227 3764 2336 3821 tur,
2378 3757 2505 3828 quia
2533 3757 2900 3814 venerationis
2942 3773 3108 3814 eausa
3137 3759 3263 3815 edat
3307 3758 3465 3815 idolis
3502 3757 3780 3814 immolata
3796 3759 3835 3813 ἓν

2223 3847 2500 3920 judi'catur
2549 3849 2696 3906 enim
2740 3864 2849 3906 non
2894 3849 3097 3906 distare
3135 3850 3207 3905 ab
3246 3866 3314 3907 eo
3342 3851 3436 3921 qui
3483 3849 3609 3905 colit
3652 3847 3821 3915 idola,

2228 3941 2444 4010 quando
2469 3954 2577 3995 non
2612 3940 2801 3995 horret
2837 3940 2982 4011 quod
3009 3939 3250 3996 oblatum
3287 3949 3374 3996 est
3404 3939 3722 3995 simulacro.
3754 3935 3825 3994 Si

2228 4032 2369 4086 enim
2396 4047 2490 4103 ego
2528 4047 2647 4086 cum
2675 4033 2848 4104 gratia
2874 4033 3131 4104 participo
3149 4074 3165 4101 ,
3201 4033 3328 4104 quid
3358 4032 3683 4099 blasphemor
3722 4048 3835 4104 pro

2206 4137 2290 4175 -eo
2323 4121 2464 4192 quod
2483 4122 2685 4190 gratias
2712 4138 2812 4194 ago
2842 4123 2945 4179 ild
2982 4131 3086 4189 est,
3114 4123 3161 4180 si
3190 4138 3293 4196 ego
3320 4125 3493 4196 gratia
3538 4123 3633 4180 Dei
3670 4138 3825 4179 com-

2231 4211 2468 4277 munico,
2499 4212 2625 4283 quia
2656 4212 2710 4268 in
2748 4213 2916 4285 ipsius
2960 4214 3180 4271 nomine
3221 4214 3347 4281 edo,
3391 4215 3523 4286 quid
3557 4229 3694 4285 opus
3734 4223 3831 4271 est

2232 4302 2337 4358 hoc
2384 4303 2635 4358 arbitrari
2670 4302 2929 4374 aliquem,
2959 4304 3088 4374 quia
3117 4318 3218 4376 ego
3247 4304 3392 4359 idolo
3419 4304 3647 4360 devotus
3673 4318 3821 4371 sum,

2233 4396 2359 4451 dum
2408 4410 2517 4450 non
2566 4396 2765 4452 horreo
2803 4410 2924 4468 quae
2964 4395 3145 4452 oblata
3191 4402 3318 4452 sunt
3366 4394 3529 4461 idolo,
3559 4395 3665 4451 hoc
3694 4404 3781 4452 est
3802 4437 3820 4462 ,

2240 4504 2261 4538 ο
2288 4487 2666 4558 blasphemor?
2702 4508 2722 4542 ι
2752 4488 2820 4543 Ει
2859 4503 2946 4544 me
2981 4502 3114 4560 ergo
3142 4487 3508 4558 blasphemat,
3542 4494 3600 4544 et
3639 4486 3731 4544 ille
3764 4488 3835 4542 in.

2232 4576 2396 4632 idolio
2416 4592 2514 4633 suo
2534 4578 2751 4649 gaudet,
2775 4578 2901 4633 dum
2925 4592 3013 4633 me
3029 4577 3532 4648 putatparticipem,
3552 4578 3716 4635 habet
3733 4592 3828 4633 oce

2231 4668 2505 4725 casionem
2531 4670 2883 4738 permanendi
2912 4670 2966 4725 in
2990 4684 3210 4736 errore,
3246 4678 3303 4724 et
3324 4669 3584 4724 fratribus
3617 4668 3839 4723 malum-

2233 4761 2391 4818 datur
2410 4762 2713 4833 exemplum
2733 4781 2745 4817 :
2766 4778 2889 4818 nam
2907 4762 2951 4818 si
2970 4770 3298 4833 praeceptum
3318 4761 3373 4816 in
3394 4760 3513 4833 lege
3525 4769 3626 4825 est,
3642 4759 3837 4815 utluci

2233 4863 2288 4910 et
2314 4869 2421 4910 arie
2449 4865 2505 4910 et
2525 4854 2695 4921 tituli,
2729 4863 2784 4911 et
2816 4855 2929 4925 ipsa
2973 4855 3115 4911 idola
3147 4854 3580 4928 eonfringantur,
3615 4854 3741 4910 vide
3774 4853 3825 4909 si

2234 4960 2341 5002 non
2375 4955 2652 5017 peccatum
2679 4956 2785 5012 est,
2810 4962 2916 5001 non
2941 4947 3113 5001 solum
3142 4947 3257 5003 btec
3276 4962 3382 5002 non
3412 4946 3615 5011 facere,
3640 4945 3740 5000 sed
3768 4952 3833 5000 et

2234 5038 2499 5095 interesse
2524 5038 2694 5109 epulis
2730 5037 3062 5108 huiusmodi,
3096 5047 3381 5110 propterea
3410 5038 3483 5094 de
3503 5036 3827 5093 sacriﬁcatis

2236 5142 2343 5184 non
2370 5129 2589 5198 expedit
2613 5129 2793 5184 edere.
2819 5127 2943 5183 Sive
2962 5145 3085 5199 ergo
3112 5127 3465 5192 manducetis,
3495 5128 3603 5181 sive
3625 5126 3823 5191 bibitis,

2236 5217 2313 5274 vel
2341 5218 2488 5273 aliud
2511 5219 2637 5290 quid
2659 5218 2852 5291 facitis,
2876 5218 3052 5272 omnia
3074 5220 3128 5274 in
3157 5219 3381 5291 gloriam
3401 5217 3498 5272 Dei
3518 5215 3695 5287 facite.
3722 5214 3829 5270 Per

2238 5309 2355 5366 inec
2384 5309 2624 5379 subjecta
2662 5310 2959 5366 declaravit
3002 5311 3056 5366 in
3096 5309 3258 5365 idolio
3294 5310 3487 5372 edere,
3515 5306 3711 5378 quavis
3754 5304 3825 5360 li-

2237 5406 2323 5454 cet
2351 5400 2714 5465 conscientia,
2744 5400 3024 5456 inimicum
3051 5415 3171 5456 esse
3200 5398 3340 5465 Deo;
3370 5398 3439 5453 ad
3471 5394 3827 5468 opprobrium

2236 5488 2380 5544 enim
2405 5490 2563 5545 unius
2584 5490 2677 5546 Dei
2708 5492 2826 5547 haec
2849 5491 3066 5547 diabolo
3106 5490 3444 5555 dedicantur,
3476 5504 3603 5545 nam
3630 5487 3685 5542 in
3709 5486 3827 5557 glo-

2237 5580 2375 5636 riam
2415 5580 2507 5637 Dei
2545 5582 2727 5649 edere,
2753 5593 2808 5639 et
2831 5582 3032 5646 bibere,
3064 5590 3119 5636 et
3136 5581 3341 5652 aliquid
3369 5578 3568 5645 facere,
3586 5579 3691 5635 hoc
3714 5587 3826 5647 est,

2236 5679 2298 5726 ut
2330 5673 2430 5728 sub
2470 5673 2811 5730 invocatione
2847 5671 3136 5728 Creatoris.
3165 5688 3288 5727 cum
3336 5669 3601 5727 modestia
3636 5668 3825 5725 convin

2235 5763 2383 5821 vium
2412 5765 2733 5833 celebretur,
2764 5766 2819 5821 in
2852 5765 3077 5838 gloriam
3124 5764 3217 5821 Dei
3272 5773 3451 5821 autem
3490 5759 3692 5834 aliquid
3736 5758 3827 5829 αι,
