4082 6332
598 361 664 382 ,ιο-

270 406 345 462 97
811 398 1362 461 ENARRATIONUM
1397 398 1464 457 ΙΝ
1503 397 1651 456 EPP.
1689 398 1895 457 PAULI
1929 399 2058 457 LIB.
2101 399 2170 457 Χ.
2212 431 2283 444 --
2321 401 2389 458 IN
2427 398 2646 459 EPIST.
2684 403 2706 459 l
2740 402 2833 459 AD
2868 403 3026 463 COR.
3486 403 3561 463 98

265 533 397 574 cum
433 518 487 573 in
517 515 729 573 actibus
755 522 811 572 et
833 515 1242 572 conversatione
1269 512 1561 570 Christiani
1582 513 1726 571 Deus
1752 511 1867 568 lau-
1891 515 1945 577 Α
1970 512 2073 569 sibi
2123 528 2231 571 non
2274 514 2576 586 placuerit,
2623 513 2771 570 nullo
2820 522 2980 585 pacto
3032 515 3316 586 quisquam
3355 524 3558 587 potest:

264 610 461 667 datur.

292 734 304 743 -
346 696 476 754 Sine
530 697 823 769 offensione
870 704 1035 752 estote
1080 695 1307 763 Judwis,
1335 706 1385 751 et
1423 692 1639 761 Crazcis,
1672 704 1722 751 et
1759 692 1866 749 Ec-

264 789 452 846 clesiae
480 789 600 846 Dei.
623 788 716 846 Sic
741 787 1147 861 temperandam
1178 787 1646 844 conversationem
1680 786 1862 851 docet,

266 891 336 939 ut
361 882 547 940 nullus
589 882 647 938 in
693 898 758 940 ea
789 880 1104 938 scandalum
1133 881 1407 950 patiatur;
1458 878 1686 936 offensio
1732 891 1863 949 ergo

267 973 477 1030 Judaeis
501 975 584 1041 ﬁt,
624 988 751 1030 cum
776 971 919 1028 idola
947 986 1068 1043 quae
1086 971 1161 1026 illi
1180 971 1577 1036 abominantur,
1602 969 1864 1025 Christia-

269 1083 429 1136 num,
453 1067 548 1138 qui
583 1079 646 1122 se
680 1064 815 1122 dicit
842 1063 1016 1136 legem
1061 1070 1118 1118 et
1162 1064 1454 1134 prophetas
1481 1061 1748 1131 accipere,
1784 1060 1864 1115 vi-

268 1158 408 1215 dent
448 1173 562 1216 non
598 1158 854 1224 horrere;
886 1155 1090 1212 Graecis
1109 1171 1275 1224 vero,
1319 1157 1375 1212 id
1403 1163 1506 1235 est,
1549 1154 1861 1227 gentilibus,

268 1250 395 1306 haec
411 1258 499 1306 est
519 1247 765 1314 offensio,
793 1248 840 1304 si
860 1249 916 1303 in
940 1262 1006 1303 eo
1036 1248 1091 1303 in
1119 1263 1227 1318 quo
1248 1257 1376 1305 sunt
1412 1265 1522 1305 non
1550 1248 1728 1305 solum
1754 1262 1862 1303 non

270 1349 594 1412 arguantur,
608 1338 705 1396 sed
718 1348 774 1395 et
790 1338 1154 1410 promptiores
1180 1338 1315 1395 ﬁant
1334 1341 1459 1395 dum
1482 1354 1595 1394 non
1625 1338 1867 1395 vitantur

268 1437 405 1485 vota
434 1427 701 1485 idolorum
738 1426 986 1493 illorum;
1012 1425 1266 1483 Ecclesiae
1296 1435 1475 1482 autem
1498 1427 1596 1483 Dei
1616 1426 1678 1482 fit
1696 1425 1865 1483 offen-

268 1517 539 1584 diculum,
558 1516 777 1588 quando
821 1515 1084 1586 quosdam
1106 1530 1171 1571 ex
1203 1530 1427 1571 numero
1455 1530 1554 1571 suo
1585 1515 1736 1571 videt
1779 1515 1865 1570 his

267 1621 396 1676 qua:
441 1604 661 1661 inimica
706 1604 821 1661 Deo
843 1612 970 1660 sunt
999 1602 1311 1660 adhmrere.’
1332 1604 1482 1661 Sicut
1507 1614 1556 1660 et
1579 1621 1672 1677 ego
1697 1614 1745 1660 et
1772 1619 1865 1675 per

270 1694 453 1748 amunia
493 1692 737 1749 omnibus
763 1692 965 1764 placeo,
997 1709 1102 1749 non
1123 1709 1363 1765 quaerens
1405 1694 1546 1766 quod
1568 1694 1700 1748 mihi
1735 1692 1863 1749 utile

266 1790 371 1847 est,
404 1782 499 1836 sed
523 1782 663 1854 quod
704 1781 904 1847 multis,
936 1782 1147 1840 utsalui
1174 1783 1328 1853 ﬁant.
1361 1783 1565 1857 (Cass)
1600 1783 1864 1841 Omnibus

1967 605 2120 663 Sicut
2145 619 2274 678 ergo
2299 621 2408 662 non
2448 606 2683 661 absurde
2710 604 3048 677 loqueretur,
3096 606 3190 677 qui
3220 606 3421 664 diceret
3451 625 3467 663 :
3493 607 3557 664 In

1963 695 2068 752 hac
2094 710 2258 767 opera
2282 711 2389 767 qua
2408 710 2602 751 navem
2634 710 2838 767 quaero,
2862 711 2972 773 non
3002 711 3195 752 navem
3222 713 3428 768 quaero,
3455 698 3558 754 sed

1962 787 2219 859 patriam,
2257 786 2336 843 sic
2363 785 2639 857 apostolus
2666 786 3051 843 convenienter
3091 788 3295 844 diceret
3320 806 3335 843 :
3362 787 3422 843 In
3447 789 3557 846 hac

1963 891 2150 947 opera,
2177 891 2284 947 qua
2332 875 2643 931 hominibus
2670 876 2879 946 placeo,
2908 891 3016 933 non
3066 876 3410 945 hominibus,
3458 879 3556 936 sed

1962 967 2074 1024 Deo
2101 966 2307 1039 placeo,
2351 967 2477 1037 quia
2507 982 2614 1023 non
2641 967 2745 1023 hoc
2774 975 2991 1038 appeto,
3030 968 3126 1024 sed
3169 968 3238 1024 ad
3282 969 3338 1025 id
3371 968 3552 1026 refero

1963 1071 2027 1117 ut
2062 1076 2150 1117 me
2193 1061 2493 1128 imitentur,
2547 1075 2684 1131 quos
2742 1060 2921 1116 salvos
2970 1059 3091 1117 fieri
3131 1060 3272 1118 volo.
3320 1054 3553 1134 (Ambr.)

1964 1151 2256 1208 Sciendum
2283 1167 2500 1223 quoque
2530 1150 2675 1223 quod
2722 1160 2991 1224 oporteat,
3034 1160 3094 1209 ut
3143 1162 3385 1211 rectores
3421 1155 3550 1210 boni

1962 1245 2179 1317 placere
2204 1245 2514 1301 hominibus
2537 1252 2812 1316 appetant,
2840 1245 2934 1302 sed
2958 1253 3020 1301 ut
3045 1261 3159 1302 sua:
3178 1246 3554 1305 aestimationis

1965 1337 2249 1395 dulcedine
2279 1338 2561 1410 proximos
2611 1337 2668 1392 in
2709 1335 2961 1395 allectum
3015 1340 3265 1395 veritatis
3312 1342 3554 1409 trahant,

1963 1443 2072 1484 non
2102 1437 2164 1484 ut
2187 1444 2246 1484 se
2268 1428 2443 1483 amari
2464 1427 2794 1493 desiderent,
2818 1428 2915 1485 sed
2939 1437 3000 1485 ut
3018 1429 3365 1488 dilectionem
3394 1446 3552 1488 suam

1964 1517 2121 1589 quasi
2155 1518 2447 1589 quamdam
2467 1517 2615 1572 viam
2650 1516 2879 1584 faciant,
2919 1535 3019 1590 per
3055 1535 3217 1589 quam
3261 1506 3422 1578 corda
3448 1537 3550 1578 au-

1964 1607 2227 1664 dientium
2255 1608 2324 1663 ad
2370 1623 2613 1664 amorem
2656 1609 2957 1667 conditoris
2990 1611 3333 1671 introducam
3362 1633 3377 1668 :
3405 1612 3552 1670 diffi-

1965 1700 2068 1756 cile
2107 1701 2304 1772 quippe
2332 1706 2439 1766 est,
2481 1709 2542 1755 ut
2566 1700 2731 1755 etiam
2755 1703 3009 1772 quaelibet
3049 1712 3198 1761 recta
3228 1705 3556 1761 denuntians

1964 1790 2287 1860 praedicator
2310 1788 2402 1861 qui
2424 1803 2532 1847 non
2552 1788 2794 1861 diligitur
2820 1790 3048 1847 libenter
3071 1793 3342 1849 audiatur.
3377 1793 3551 1850 Debet

264 1890 368 1947 per
391 1874 577 1931 omnia
596 1874 812 1946 placere
835 1877 1055 1933 estsine
1072 1876 1330 1932 seandalo
1359 1876 1675 1947 cujusquam
1702 1892 1861 1948 agere
1880 1870 1938 1948 AB
1964 1896 2094 1953 ergo
2121 1880 2213 1952 qui
2238 1888 2434 1952 praeest
2461 1888 2518 1937 et
2550 1881 2768 1937 studere
2798 1896 2859 1937 se
2904 1882 3087 1955 diligi,
3126 1892 3393 1955 quatenus
3425 1900 3551 1943 nos-

264 1965 339 2021 ad
359 1964 666 2037 profectum
686 1966 940 2023 utilitatis
978 1966 1217 2033 illorum,
1246 1976 1308 2023 ut
1334 1976 1390 2024 et
1423 1968 1529 2024 illis
1547 1969 1766 2026 et'hnic'
1790 1970 1863 2025 sit

266 2055 435 2123 utile;
462 2056 598 2113 utile
628 2057 747 2114 sine
772 2057 935 2114 dubio
964 2059 1017 2115 ei
1060 2056 1260 2125 fuerat,
1285 2060 1427 2116 sicut
1461 2074 1625 2130 supra
1655 2060 1859 2117 dictum

265 2154 354 2203 est
378 2147 725 2204 Timotheum
751 2164 860 2206 non
881 2149 1291 2218 circumcidere,
1321 2160 1483 2223 caput
1506 2148 1613 2210 non
1639 2153 1857 2222 radere,

262 2239 701 2310 puriﬁcationem
732 2239 1015 2298 Judaicam
1063 2256 1171 2298 non
1224 2259 1524 2312 assumere,
1572 2245 1861 2316 nudipedia

263 2345 378 2386 non
405 2345 687 2399 exercere,
710 2341 835 2389 vota
865 2333 1055 2406 legalia
1091 2350 1196 2390 non
1223 2334 1437 2404 offerre,
1462 2339 1555 2394 sed
1593 2338 1723 2394 facit
1746 2341 1862 2396 haec

263 2420 452 2475 omnia
475 2421 605 2491 quia
630 2437 739 2477 non
778 2423 972 2493 quaerit
994 2425 1137 2494 quod
1177 2424 1279 2481 sibi
1308 2426 1440 2483 utile
1464 2436 1568 2495 est,
1595 2429 1687 2483 sed
1716 2429 1862 2499 quod

262 2509 478 2577 multis,
489 2512 637 2581 quod
659 2514 905 2583 quamvis
934 2515 1031 2571 Dei
1050 2518 1504 2588 contemplatione
1531 2521 1602 2576 sit
1633 2519 1858 2587 factum,

262 2610 455 2657 tamen
486 2602 831 2661 simulatione
875 2622 984 2662 non
1011 2608 1186 2662 caruit
1211 2626 1225 2663 :
1257 2609 1347 2679 qui
1394 2611 1538 2667 enim
1565 2627 1661 2682 per
1688 2612 1859 2683 legem

262 2694 475 2753 Christi
499 2697 605 2769 legi
640 2707 887 2755 mortuus
936 2698 1133 2768 fuerat,
1164 2710 1225 2756 ut
1260 2703 1372 2758 Deo
1401 2705 1629 2770 viveret,
1660 2707 1880 2776 quique,

262 2791 421 2846 illam
452 2790 724 2860 justitiam
757 2796 912 2867 legis,
947 2797 1004 2852 in
1038 2813 1145 2868 qua
1174 2808 1525 2855 conversatus
1548 2798 1725 2855 fuerat
1743 2797 1862 2853 sine

264 2881 492 2951 querela
528 2883 913 2941 detrimentum
952 2885 1175 2952 fecerat,
1215 2898 1271 2944 et
1298 2890 1593 2945 arbitratur
1624 2897 1685 2944 ut
1729 2897 1863 2944 ster-

262 2984 398 3026 cora
452 2979 516 3026 ιιι
545 2971 820 3035 Christum
866 2975 1233 3043 lucrifaceret,
1271 2994 1337 3034 ea
1369 2994 1486 3048 quae
1528 2977 1665 3049 legis
1704 2986 1861 3034 erant

265 3076 400 3117 vero
425 3063 610 3120 cordis
657 3062 853 3123 affectu
900 3066 1097 3123 oll'erre
1140 3084 1248 3124 non
1290 3071 1489 3140 potuit,
1527 3085 1628 3127 nec
1657 3068 1741 3125 fas
1773 3078 1860 3126 est

266 3154 417 3211 credi
449 3170 575 3211 eum
626 3157 720 3227 qui
751 3157 1000 3214 dixerat:
1030 3158 1092 3215 Si
1140 3160 1279 3214 enim
1305 3178 1422 3232 qua:
1454 3161 1709 3229 destruxi,
1746 3163 1860 3217 Iure

1960 1974 2032 2029 sit
2075 1971 2275 2037 audiri,
2309 1978 2366 2026 et
2394 1978 2578 2027 tamen
2630 1986 2870 2028 amorem
2911 1988 3069 2029 suum
3112 1989 3213 2044 pro
3260 1976 3550 2045 semetipso

1960 2076 2069 2117 non
2101 2075 2364 2132 quaerere,
2397 2076 2468 2115 ne
2503 2060 2810 2116 inveniatur
2834 2061 2886 2117 ei
2918 2063 3006 2118 cui
3054 2065 3260 2119 servire
3304 2079 3405 2135 per
3431 2063 3548 2120 olli-

1961 2152 2106 2209 cium
2130 2152 2369 2207 cernitur
2395 2151 2608 2207 occulta
2638 2152 2983 2224 cogitationis
3029 2152 3315 2225 tyrannide
3371 2155 3550 2211 resul-

1961 2251 2081 2299 tare
2102 2244 2245 2313 quod
2269 2244 2409 2300 bene
2428 2244 2628 2299 Paulus
2651 2244 2907 2308 insinuat,
2935 2260 3058 2300 cum
3092 2246 3175 2300 sui
3201 2246 3355 2302 nobis
3384 2245 3549 2302 studii

1960 2335 2173 2391 occulta
2215 2334 2547 2400 manifestat,
2572 2335 2801 2391 dicens:
2847 2333 2995 2390 Sicut
3022 2344 3071 2389 et
3109 2352 3200 2404 ego
3229 2352 3327 2406 per
3369 2336 3551 2390 omnia

1961 2424 2200 2481 omnibus
2243 2425 2444 2497 placeo,
2476 2426 2571 2496 qui
2626 2434 2806 2481 tamen
2858 2441 3048 2481 rursus
3093 2426 3226 2482 dicit
3279 2441 3294 2481 :
3339 2425 3456 2497 Ego
3503 2428 3551 2482 si

1961 2515 2135 2570 adhuc
2174 2516 2472 2571 hominibus
2509 2515 2768 2587 placerem
2806 2515 2999 2571 Christi
3028 2533 3203 2572 servus
3232 2532 3342 2588 non
3361 2533 3547 2573 essem.

1961 2603 2146 2660 Placet
2171 2621 2299 2677 ergo
2330 2606 2527 2662 Paulus
2561 2615 2618 2662 et
2658 2620 2766 2662 non
2814 2606 3013 2677 placet,
3060 2608 3155 2677 qui
3191 2608 3245 2662 in
3291 2622 3357 2663 eo
3404 2610 3551 2678 quod

1962 2697 2176 2767 placere
2205 2700 2431 2770 appetit,
2453 2714 2561 2754 non
2586 2714 2646 2755 sc
2673 2700 2765 2755 sed
2793 2714 2891 2769 per
2913 2714 2973 2755 sc
2998 2700 3307 2756 hominibus
3334 2700 3552 2777 placere

1961 2791 2245 2845 veritatem
2275 2791 2471 2859 quaerit
2497 2805 2512 2843 :
2542 2789 2843 2844 Imitatores
2872 2791 2977 2845 neci
3016 2801 3175 2845 estote
3207 2792 3340 2845 sicut
3364 2800 3411 2845 et
3456 2807 3551 2863 ego

1964 2879 2177 2935 Christi.
2205 2880 2413 2952 (Greg.)
2440 2879 2744 2935 Humanum
2773 2889 2878 2945 est,
2903 2882 3046 2951 quod
3075 2882 3205 2937 dicit
3230 2892 3290 2936 ut
3312 2882 3554 2936 imitato-

1962 2987 2052 3028 res
2099 2970 2214 3040 cjus
2254 2972 2444 3039 simus,
2483 2971 2575 3041 qui
2618 2987 2648 3024 a
2691 2971 2801 3026 Deo
2828 2971 2987 3027 nobis
3026 2972 3286 3043 magister
3314 2971 3553 3026 indultus

1960 3074 2063 3120 est.
2096 3064 2153 3118 Si
2182 3063 2325 3118 enim
2367 3064 2456 3118 hic
2496 3063 2590 3118 Dei
2624 3062 2864 3117 imitator
2910 3072 3031 3129 est,
3073 3077 3242 3133 quare
3293 3076 3399 3116 non
3446 3076 3547 3117 nos

1960 3152 2232 3210 hominis?
2261 3153 2387 3224 quia
2412 3153 2554 3208 sicut
2581 3152 2722 3207 Deus
2762 3151 2925 3206 Pater
2952 3152 3099 3207 misit
3124 3151 3395 3207 Christum
3438 3166 3551 3206 ma-

266 3245 462 3300 iterum
505 3247 735 3317 rediﬁco,
767 3250 1227 3320 prwvaricatorem
1265 3267 1346 3305 me
1393 3254 1653 3306 constituo
1710 3250 1853 3324 (Gal.
1885 3251 1930 3314 C
1961 3247 2191 3317 gistrum
2234 3256 2289 3301 et
2333 3253 2609 3301 auctorem
2648 3245 2812 3310 vitae,
2874 3245 2947 3300 ita
2998 3254 3055 3300 et
3101 3243 3351 3300 Christus
3400 3245 3553 3300 misit
3630 3258 3634 3263 '

267 3336 371 3407 ιι),
402 3338 457 3391 in
485 3338 540 3392 id
570 3338 848 3405 incidisse,
874 3340 1019 3410 quod
1050 3338 1166 3410 ipse
1210 3341 1560 3421 damnaverat
1583 3356 1708 3397 cum
1739 3351 1855 3397 tan-

266 3438 389 3484 tum
418 3445 525 3485 non
556 3432 730 3503 magis
753 3447 842 3487 res
866 3433 983 3502 ipsa
1009 3447 1131 3503 qum
1172 3432 1400 3505 geritur,
1432 3449 1595 3504 quam
1624 3434 1859 3507 gerentis

266 3528 538 3590 pensatur
587 3519 834 3588 affectus,
870 3530 930 3577 ut
961 3537 994 3577 e
1022 3523 1298 3577 contrario
1349 3522 1669 3592 quibusdam
1701 3538 1858 3594 repe-

270 3615 450 3665 riatur
492 3610 694 3667 veritas
739 3612 1024 3676 nocuisse,
1073 3627 1138 3668 ac
1182 3612 1451 3681 profuisse
1498 3614 1855 3669 mendacium.

268 3701 415 3756 Nam
447 3703 624 3758 Doecb
663 3701 926 3759 ldumaeus
962 3703 1074 3774 regi
1124 3702 1274 3758 Sauli
1299 3704 1366 3759 de
1408 3703 1536 3775 fuga
1573 3704 1742 3759 David
1772 3719 1864 3761 co-

272 3806 399 3845 ram
431 3790 641 3848 famulis
662 3794 1014 3864 conquerenti
1041 3794 1308 3849 veraciter
1332 3794 1691 3865 proditionem
1712 3796 1860 3863 fecit,

271 3899 381 3956 pro
410 3900 515 3955 qua
538 3887 766 3941 veritate
808 3886 1071 3945 eradicari
1126 3887 1193 3942 de
1233 3894 1379 3941 terra
1406 3886 1699 3943 viventium
1745 3902 1863 3942 me-

274 3974 412 4040 ruit,
459 3989 525 4030 ac
564 3975 633 4031 de
679 3990 746 4031 eo
794 3976 995 4031 dicitur
1034 3990 1134 4047 per
1172 3975 1500 4047 Prophetam
1535 3995 1548 4030 :
1579 3975 1864 4046 Propterea

270 4061 424 4117 Deus
448 4063 677 4118 destruet
703 4074 775 4132 te,
804 4064 861 4118 in
897 4064 1058 4134 ﬁnem
1092 4064 1268 4120 evellet
1305 4076 1373 4132 te,
1399 4065 1687 4121 eradicabit
1712 4075 1762 4119 te
1801 4065 1867 4119 de

272 4154 702 4222 tabernaculo,et
720 4156 948 4211 radicem
972 4162 1123 4211 tuam
1144 4158 1209 4213 de
1228 4167 1368 4214 terra
1390 4160 1665 4214 viventium
1689 4158 1861 4232 (Psal.

272 4246 395 4315 LI).
436 4242 622 4318 [Aug.]
648 4246 718 4300 Et
741 4246 1031 4317 Apostolus
1059 4249 1227 4304 dicit:
1259 4247 1316 4303 Si
1359 4249 1534 4304 adhuc
1571 4248 1866 4304 hominibus

272 4336 558 4410 placerem,
593 4335 789 4393 Christi
817 4355 995 4394 serrus
1017 4356 1122 4393 non
1144 4356 1308 4394 essem
1335 4338 1480 4411 (Gal.
1505 4339 1546 4412 ι)
1567 4380 1582 4406 ,
1614 4355 1737 4396 cum
1760 4340 1869 4395 alio

276 4429 401 4484 loco
432 4427 603 4484 dicit:
633 4428 784 4484 Sicut
814 4445 906 4500 ego
949 4428 1188 4485 omnibus
1235 4446 1330 4500 per
1365 4430 1541 4484 omnia
1589 4429 1769 4500 placeo
1800 4428 1867 4501 (Ι

277 4521 408 4575 Cor.
445 4522 540 4591 x};
587 4520 732 4590 quod
759 4520 852 4590 qui
897 4535 1005 4575 non
1050 4519 1354 4590 intelligunt
1392 4519 1728 4576 contrarium
1770 4534 1869 4589 pu-

1955 3336 2247 3407 Apostolos
2271 3337 2427 3392 nobis
2470 3335 2782 3408 magistros,
2816 3343 2876 3391 ut
2902 3327 3091 3391 eorum
3135 3335 3437 3391 imitatores
3464 3351 3551 3391 cs-

1960 3441 2163 3492 scmus,
2200 3427 2325 3497 quia
2369 3425 2485 3496 ejus
2536 3442 2656 3482 esse
2686 3443 2792 3483 non
2824 3441 3130 3497 possumus.
3166 3426 3244 3480 Ita
3296 3426 3440 3481 enim
3473 3426 3552 3481 ait

1960 3517 2221 3573 Dominus
2261 3519 2331 3574 ad
2373 3517 2590 3573 Patrem
2625 3536 2638 3570 :
2678 3517 2825 3572 Sicut
2868 3526 2917 3570 et
2961 3532 3043 3570 me
3087 3515 3279 3570 misisti
3319 3515 3375 3569 in
3410 3515 3551 3570 hunc

1961 3609 2256 3676 mundum,
2301 3611 2377 3664 ita
2432 3618 2481 3664 et
2521 3625 2615 3681 ego
2673 3610 2794 3662 misi
2849 3624 2936 3663 eos
2991 3609 3048 3662 in
3100 3609 3241 3662 hunc
3292 3606 3550 3661 mundum

1964 3699 2148 3773 (Joan.
2181 3701 2347 3771 xvn);
2401 3708 2457 3756 et
2506 3700 2633 3772 quia
2670 3699 2890 3770 dignum
2931 3708 3087 3763 erat,
3141 3707 3202 3752 ut
3250 3697 3554 3752 imitatores

1962 3792 2079 3863 ejus
2105 3788 2315 3857 ﬁerent,
2340 3790 2575 3861 subiicit,
2600 3799 2651 3845 et
2681 3807 2774 3860 pro
2809 3791 2883 3844 eis
2914 3788 3255 3858 sanctiﬁcabo
3279 3788 3554 3859 meipsum.

1964 3882 2235 3955 Quidquid
2277 3885 2335 3939 in
2371 3885 2451 3940 eis
2477 3884 2545 3939 de
2578 3882 2877 3938 visceribus
2898 3882 3138 3952 pietatis,
3180 3880 3442 3950 quidquid
3485 3879 3554 3933 de

1964 3974 2378 4029 mansuetudine
2399 3974 2641 4044 spiritus,
2669 3972 2929 4044 quidquid
2957 3973 3022 4027 de
3045 3971 3162 4026 zelo
3194 3969 3554 4035 rectitudinis,

1966 4064 2227 4135 quidquid
2256 4065 2322 4120 de
2365 4064 2608 4119 custodia
2637 4063 2961 4118 humilitatis
2982 4103 2997 4127 ,
3044 4061 3306 4132 quidquid
3335 4061 3403 4115 de
3449 4058 3560 4115 fer-

1964 4170 2097 4210 vore
2125 4154 2407 4210 charitatis
2435 4163 2537 4221 est,
2571 4155 2674 4209 hoc
2718 4152 2786 4208 ab
2814 4153 2931 4224 ipso
2971 4151 3122 4206 fonte
3148 4148 3559 4216 misericordiae,

1967 4248 2035 4302 ab
2049 4246 2163 4316 ipsa
2191 4246 2372 4302 radice
2392 4244 2924 4313 mansuetudinis,ab
2946 4246 3066 4316 ipsa
3091 4244 3293 4299 virtute
3313 4241 3559 4313 jnstitiaz,

1969 4336 2022 4391 id
2050 4344 2154 4402 est,
2178 4351 2209 4391 a
2243 4337 2542 4391 mediatore
2584 4337 2679 4392 Dei
2727 4345 2783 4390 ct
2818 4336 3097 4391 hominum
3119 4376 3133 4400 ,
3178 4334 3291 4389 Deo
3329 4332 3562 4390 Domino

1970 4436 2269 4484 traxerunt.
2314 4427 2485 4500 Hujus
2514 4428 2749 4483 hominis
2794 4441 2853 4483 se
2880 4426 3291 4482 similitudinem
3337 4425 3559 4501 habere,

1969 4522 2219 4593 egregius
2247 4521 2569 4592 praedicator
2586 4519 2842 4586 ostendit,
2875 4520 3101 4575 dicens:
3132 4518 3433 4574 Imitatores
3460 4518 3564 4571 mei

280 4618 425 4676 ωηεν
456 4626 580 4666 cum
598 4610 688 4666 ille
707 4624 767 4666 Se
793 4610 993 4666 dixerit
1017 4626 1123 4666 non
1153 4610 1370 4681 placere
1395 4608 1723 4673 hominibus.
1746 4609 1873 4679 [ιιιίτι
1899 4600 1951 4659 Ῑ)
1976 4625 2155 4681 estote,
2179 4616 2316 4670 sicut
2341 4625 2390 4669 et
2417 4632 2510 4685 ego
2536 4613 2761 4677 Christi,
2790 4613 2858 4668 ad
2883 4611 2999 4681 ejus
3030 4626 3128 4667 nos
3158 4609 3567 4666 similitudinem

281 4718 393 4756 non
423 4702 546 4757 ideo
573 4710 723 4757 recta
772 4700 1025 4767 faciebat,
1054 4708 1117 4755 ut
1150 4701 1389 4772 placeret
1426 4699 1756 4766 hominibus,
1781 4699 1874 4754 sed

281 4802 347 4850 ut
388 4792 526 4859 Deo,
552 4793 621 4849 ad
660 4791 815 4861 cujus
859 4806 1100 4847 amorem
1140 4791 1305 4847 corda
1340 4791 1621 4847 hominum
1660 4788 1877 4845 volebat

283 4894 627 4950 convertere,
650 4899 716 4939 eo
738 4885 855 4954 ipso
883 4884 1027 4954 quod
1047 4883 1296 4953 placebat
1320 4883 1663 4949 hominibus;
1694 4882 1879 4951 itaque

282 4982 343 5031 et
362 4991 473 5035 non
500 4989 559 5031 se
583 4974 805 5045 placere
819 4973 1128 5031 hominibus
1151 4981 1298 5029 recte
1323 4972 1554 5038 dicebat,
1578 4972 1705 5044 quia
1734 4970 1790 5027 in
1813 4985 1880 5026 eo

286 5069 408 5140 ipso
450 5076 513 5123 ut
540 5068 654 5124 Deo
698 5067 940 5139 placeret
967 5069 1298 5136 intuebatur,
1324 5077 1380 5124 et
1406 5068 1729 5140 plaeendum
1759 5082 1881 5123 esse

284 5157 603 5215 hominibus
626 5168 778 5216 recte
802 5160 1150 5232 praecipiebat
1173 5175 1281 5214 non
1307 5168 1368 5216 ιιι
1396 5161 1501 5216 hoc
1539 5168 1884 5231 appeteretur

288 5264 549 5328 tanquam
578 5273 792 5314 merces
837 5268 987 5314 recte
1015 5257 1304 5324 factorum,
1334 5257 1428 5314 sed
1458 5258 1585 5328 quia
1629 5257 1736 5311 Deo
1763 5255 1882 5327 pla-

288 5360 418 5401 cere
465 5362 577 5403 non
610 5357 816 5419 posset,
847 5348 937 5419 qui
986 5362 1095 5404 non
1141 5364 1200 5405 se
1232 5348 1319 5404 bis
1361 5362 1498 5420 quos
1526 5346 1711 5404 salvos
1762 5345 1883 5402 fieri

1976 4719 2200 4775 surgere
2229 4705 2502 4770 admonet,
2524 4719 2649 4760 eum
2681 4703 2816 4759 dicit
2849 4720 2861 4756 :
2889 4700 3103 4756 Primus
3146 4701 3298 4754 homo
3325 4698 3390 4753 de
3426 4707 3568 4753 terra

1978 4806 2234 4863 terrenus,
2252 4796 2512 4851 secundus
2540 4796 2695 4850 homo
2718 4794 2782 4849 de
2803 4792 2952 4860 ctelo,
2969 4792 3188 4848 catlestis
3204 4791 3370 4846 :sicut
3385 4796 3567 4860 porta-

1980 4891 2145 4945 vimus
2192 4890 2472 4960 imaginem
2502 4886 2717 4950 terreni,
2745 4895 3011 4956 portemus
3050 4891 3099 4938 et
3139 4879 3419 4952 imaginem
3453 4877 3572 4948 ejus

1981 4982 2072 5053 qui
2118 4981 2183 5036 de
2211 4981 2337 5034 creto
2367 4979 2637 5035 descendit
2674 4977 2729 5050 (_I
2771 4976 2895 5032 Cor.
2924 4975 3037 5047 xv).
3091 4974 3327 5030 Sanctus
3367 4969 3572 5026 etenim

1987 5070 2217 5141 quisque
2246 5069 2298 5124 in
2325 5076 2535 5124 tantum
2575 5067 2644 5122 ad
2694 5064 3101 5122 similitudinem
3145 5061 3306 5133 hujus
3335 5057 3575 5115 hominis

1989 5161 2223 5225 ducitur,
2249 5160 2302 5215 in
2331 5168 2592 5231 quantum
2620 5158 2785 5213 vitam
2810 5157 2893 5212 sui
2918 5154 3275 5227 redemptoris
3305 5149 3574 5217 imitatur,

1988 5267 2112 5308 nam
2158 5252 2228 5308 ab
2271 5252 2388 5324 ejus
2434 5250 2702 5306 mandatis
2741 5245 2903 5319 atque
2943 5245 3013 5301 ab
3063 5245 3318 5317 operibus
3361 5240 3577 5297 discor-

1989 5347 2141 5411 dare,
2167 5345 2297 5417 quid
2322 5353 2407 5402 cst
2435 5344 2579 5401 aliud
2598 5357 2763 5414 quam
2790 5357 2820 5397 a
2843 5339 3196 5398 similitudine
3219 5335 3381 5408 longe
3417 5345 3575 5391 rece-

287 5437 454 5497 vellct
477 5443 751 5513 praeberet
775 5441 1133 5499 imitandum:
1167 5440 1371 5498 Imitari
1390 5447 1569 5497 autem
1592 5436 1766 5505 illum,
1790 5438 1886 5509 qui
1991 5436 2163 5492 dere?

1689 5698 2206 5727 m
