4082 6332
517 350 586 409 99

515 490 1587 523 W

1158 358 1220 414 Β.
1258 356 1516 415 RABANI
1551 354 1773 415 MAURI
1806 351 2123 412 ARCHIEP.
2164 348 2474 413 MOGUNT.
2510 350 2796 411 OPERUM
2830 350 3010 410 PARS
3046 348 3134 411 III.

3686 351 3791 408 {00

1475 608 1890 780 LIBER
1970 660 2838 779 UNDECIMUS.

1928 866 2346 885 ﬂ

1126 950 1356 1010 CAPUT
1392 948 1485 1009 XI.

537 1078 790 1156 Reprobat
834 1081 1114 1156 Apostolus
1147 1084 1515 1156 errorescirca
1540 1081 1888 1156 celebritatem
1927 1100 2109 1156 sacro-

603 1153 801 1210 sancta:
836 1153 1167 1225 eucharistite
1198 1163 1247 1207 et
1272 1153 1371 1208 uiri
1399 1154 2018 1225 preeminentitesponit
2061 1164 2111 1209 et

603 1225 936 1297 eucharistia:
958 1224 1283 1297 dignitatem,
1313 1231 1362 1278 et
1384 1224 1544 1279 ritum
1568 1224 1806 1278 sumendi
1843 1224 2035 1279 bonum
2061 1234 2112 1280 et

606 1295 1013 1349 convenientem.

608 1421 791 1476 Laudo
828 1430 1002 1476 autem
1048 1437 1157 1486 vos,
1187 1418 1403 1490 fratres,
1450 1420 1590 1491 quod
1638 1436 1735 1491 per
1780 1421 1956 1476 omnia
2011 1418 2115 1477 mei

537 1493 794 1566 memoret?
817 1511 959 1576 estis,
1002 1518 1051 1565 et
1091 1512 1227 1565 sicut
1270 1509 1470 1564 tradidi
1517 1510 1658 1565 vobis
1704 1520 1961 1582 prazcepta
1999 1526 2118 1567 mea

538 1603 741 1658 tenetis.
769 1602 1002 1675 (Ambr.)
1042 1603 1334 1673 Postquam
1362 1616 1542 1659 mores
1576 1611 1630 1658 et
1651 1603 2118 1660 conversationem

538 1691 750 1749 illorum
775 1694 969 1766 arguit,
1006 1709 1151 1749 nunc
1187 1692 1506 1749 traditiones
1531 1693 1649 1749 vult
1673 1694 1966 1765 corrigere.
1997 1694 2119 1752 Ideo

537 1798 647 1841 non
675 1786 779 1840 hoc
798 1784 1103 1850 conﬁrmat,
1133 1783 1229 1840 sed
1256 1792 1538 1839 succenset
1555 1782 1656 1850 eis,
1682 1784 1809 1856 quia
1833 1799 1956 1840 cum
1976 1791 2125 1841 esset

537 1874 828 1946 Apostolus
873 1889 1091 1940 eorum,
1151 1873 1497 1929 immemores
1546 1882 1708 1929 erant
1768 1875 2122 1931 traditionum

539 1963 676 2033 ejus,
712 1978 917 2034 neque,
949 1964 1093 2034 quod
1121 1963 1299 2019 adhuc
1324 1978 1430 2018 non
1467 1961 1773 2019 didicerant
1794 1978 1863 2020 ex
1891 1962 2123 2019 aliarum

541 2052 904 2109 Ecclesiarum
956 2052 1245 2110 traditione
1298 2054 1694 2123 sequebantur,
1750 2070 1816 2112 ac
1868 2071 1967 2127 per
2019 2057 2123 2115 hoc

538 2144 697 2215 quasi
746 2145 957 2200 naviter
1001 2145 1171 2200 tradit
1216 2144 1323 2201 illis
1353 2145 1583 2202 dicens:
1634 2145 1765 2201 Volo
1817 2157 1993 2203 autem
2034 2165 2123 2204 vos

539 2234 675 2289 scire
697 2233 838 2304 quod
865 2234 1032 2288 amis
1056 2233 1158 2289 uiri
1181 2244 1337 2306 caput
1375 2233 1615 2291 Christus
1650 2246 1746 2292 est.
1783 2236 1865 2293 Ad
1890 2238 2126 2293 auctori-

2132 958 2186 1020 Α
2210 958 2387 1021 turpat
2432 957 2587 1021 caput
2625 965 2801 1005 suum.
2850 948 3095 1024 (Δαῶν.)
3145 950 3316 1009 Orare
3362 952 3499 1011 dicit
3536 954 3800 1029 depreca-

2208 1038 2257 1094 ri
2291 1055 2305 1091 :
2332 1038 2660 1108 prophetare
2702 1046 2885 1094 autem
2915 1039 3208 1097 adventum
3247 1041 3367 1100 fore
3410 1044 3626 1102 Domini
3659 1060 3800 1104 voce

2210 1130 2439 1201 symboli
2470 1137 2594 1201 post
2629 1132 2935 1187 orationem
2979 1131 3152 1190 eﬂ'ari.
3187 1134 3371 1191 Omnis
3403 1149 3578 1194 autem
3607 1142 3806 1196 mulier

2210 1239 2369 1278 orans
2386 1232 2475 1278 aut
2496 1223 2811 1294 prophetans
2827 1240 2932 1279 non
2954 1224 3121 1280 velato
3137 1227 3325 1298 capite,
3342 1230 3617 1300 confundit
3635 1244 3801 1304 caput
3844 1258 3853 1267 -

2212 1330 2368 1369 suum
2398 1331 2419 1369 :
2450 1329 2618 1369 unum
2662 1321 2748 1370 est
2771 1316 2916 1371 enim
2961 1324 3125 1386 atque
3162 1317 3415 1388 idipsum,
3447 1327 3511 1375 ut
3549 1323 3801 1378 decalve-

2214 1414 2337 1473 tur;
2363 1406 2410 1461 si
2435 1414 2611 1460 autem
2633 1422 2738 1462 non
2760 1405 2964 1461 uelatur
2981 1407 3172 1462 mulier
3197 1409 3479 1465 tondeatur
3496 1424 3516 1463 :
3551 1412 3599 1466 si
3623 1422 3806 1468 autem

2214 1508 2364 1568 turpe
2404 1506 2481 1553 est
2515 1497 2724 1552 mulieri
2770 1498 2975 1552 tonderi
3019 1508 3112 1552 aut
3149 1500 3413 1556 decaluari
3450 1501 3580 1557 velet
3616 1514 3796 1575 caput,

2214 1589 2297 1643 uir
2334 1588 2473 1641 enim
2515 1603 2619 1642 non
2655 1587 2801 1643 debet
2852 1587 3026 1643 uelare
3063 1598 3253 1660 caput,
3293 1607 3412 1645 cum
3440 1593 3507 1646 sit
3544 1594 3719 1665 imago
3754 1603 3809 1649 et

2216 1676 2387 1748 gloria
2416 1676 2535 1731 Dei.
2571 1677 2827 1746 Quamvis
2861 1693 2969 1734 una
2994 1680 3293 1736 substantia
3319 1682 3392 1737 sit
3416 1691 3474 1739 et
3498 1683 3581 1739 vir
3606 1692 3660 1740 et
3686 1700 3809 1741 mu-

2216 1765 2341 1831 lier,
2373 1774 2557 1821 tamen
2586 1768 2713 1837 quia
2746 1769 2831 1823 vir
2863 1777 3027 1839 caput
3064 1777 3151 1825 est
3180 1770 3443 1837 mulieris,
3473 1781 3813 1844 anteponen-

2219 1855 2321 1911 dus
2358 1857 2608 1922 traditur,
2657 1865 2719 1912 ut
2741 1873 2839 1928 per
2860 1872 3083 1914 causam
3121 1866 3180 1915 et
3212 1861 3477 1917 rationem
3511 1863 3686 1931 major
3712 1863 3808 1929 sit,

2219 1960 2329 2003 non
2365 1959 2464 2016 per
2492 1946 2871 2004 substantiam.
2898 1946 3131 2004 Inferior
3153 1963 3283 2020 ergo
3311 1949 3508 2006 mulier
3542 1951 3663 2007 viro
3699 1961 3811 2019 est,

2219 2036 2399 2107 portio
2424 2037 2570 2095 enim
2596 2037 2715 2109 ejus
2740 2046 2853 2106 est;
2878 2032 3010 2108 'quia
3036 2038 3190 2110 origo
3218 2039 3463 2095 mulieris
3488 2039 3575 2095 vir
3599 2048 3704 2106 est,
3734 2056 3813 2097 ex

2221 2139 2289 2203 eo
2328 2125 2476 2181 enim
2503 2134 2619 2193 est,
2644 2140 2711 2182 ac
2732 2141 2833 2197 per
2859 2127 2964 2183 hoc
2986 2127 3221 2184 obnoxia
3260 2129 3476 2185 videtur
3502 2130 3699 2187 mulier
3726 2132 3814 2187 vi-

2222 2230 2304 2281 ro,
2344 2224 2406 2271 ut
2454 2216 2680 2287 imperio
2718 2216 2837 2286 ejus
2877 2217 3122 2288 subjecta
3167 2219 3241 2274 sit
3279 2236 3293 2273 :
3335 2219 3814 2277 honoriﬁcentiam

540 2302 717 2380 “te”,
743 2323 1087 2393 remmqma
1115 2302 1452 2381 δοωδηυθο
1478 2326 1823 2395 ςυίάθωβεά
1851 2325 2121 2397 ρθτοδη,
2146 2321 2196 2383 Β
2220 2310 2278 2397 et
2324 2302 2642 2397 dignitatem
2698 2306 2806 2362 viri
2863 2307 3081 2364 obstare
3137 2308 3271 2365 dicit
3312 2324 3383 2365 ne
3420 2309 3566 2366 velet
3621 2319 3810 2382 caput.

540 2420 707 2466 stum.
737 2409 907 2481 Caput
943 2418 1117 2465 autem
1175 2411 1410 2467 mulieris
1444 2414 1543 2468 uir.
1600 2414 1734 2481 Quia
1778 2415 2026 2485 quamvis
2067 2425 2124 2473 et

540 2500 736 2558 mulier
758 2515 856 2572 per
884 2500 1183 2567 Christum,
1212 2502 1281 2557 de
1334 2502 1451 2558 viro
1487 2512 1669 2559 tamen
1716 2503 1861 2559 facta
1910 2513 2013 2571 est,
2059 2520 2126 2562 ac

539 2605 642 2663 per
678 2592 782 2647 hoc
813 2589 1099 2661 subjicitur
1142 2591 1282 2646 viro.
1322 2588 1491 2663 Caput
1535 2602 1709 2649 autem
1737 2594 1933 2650 Christi
1957 2595 2123 2651 Deus.

542 2681 773 2752 Dignum
807 2688 913 2748 est,
941 2692 1003 2736 ut
1030 2681 1125 2736 lilii
1170 2690 1333 2752 caput
1358 2682 1520 2739 Pater
1563 2683 1798 2751 dicatur,
1839 2687 1994 2756 quasi
2032 2701 2127 2758 ge-

543 2771 690 2827 nitor
713 2772 849 2843 ejus.
879 2772 1052 2829 Aliter
1090 2781 1270 2829 tamen
1324 2784 1488 2846 caput
1518 2775 1622 2831 viri
1667 2776 1917 2833 Christus
1942 2786 2046 2845 est,
2072 2785 2129 2834 et

543 2863 703 2919 aliter
726 2865 810 2919 vir
834 2865 1102 2932 mulieris,
1145 2876 1202 2921 et
1229 2865 1386 2923 aliter
1417 2867 1560 2924 Deus
1586 2877 1750 2940 caput
1776 2869 1978 2927 Christi
2018 2879 2123 2927 est.

544 2956 688 3011 Deus
715 2963 895 3011 autem
935 2957 1059 3013 ideo
1107 2968 1272 3028 caput
1306 2957 1506 3015 Christi
1543 2968 1650 3028 est,
1681 2961 1807 3030 quia
1847 2962 1914 3018 de
1951 2978 2017 3019 eo
2042 2963 2130 3019 vel

542 3044 613 3101 ab
658 3046 776 3117 ipso
801 3047 1014 3118 genitus
1034 3057 1153 3113 est;
1204 3048 1441 3104 Mulieris
1489 3064 1620 3106 vero
1666 3050 1870 3107 idcirco
1897 3050 1982 3107 vir
2023 3061 2126 3119 est,

546 3136 673 3206 quia
696 3151 765 3191 rex
792 3138 910 3207 ejus
938 3147 1089 3193 costa
1116 3138 1214 3193 Dei
1257 3137 1454 3194 virtute
1482 3136 1714 3194 formata
1746 3149 1850 3197 est.
1879 3140 2130 3198 Christus

543 3234 725 3282 autem
752 3227 872 3283 ideo
908 3236 1070 3298 caput
1094 3226 1197 3282 viri
1225 3235 1329 3293 est,
1373 3228 1499 3298 quia
1527 3243 1626 3300 per
1655 3229 1830 3299 ipsum
1856 3246 1979 3287 cum
2022 3248 2130 3288 non

545 3325 712 3383 esset,
738 3324 952 3372 creatus
978 3326 1080 3373 est.
1130 3316 1250 3372 Una
1283 3333 1412 3388 ergo
1437 3318 1601 3375 dictio
1650 3318 1921 3377 diversam
1967 3323 2132 3379 habet

547 3405 981 3478 intelligentiam,
1021 3404 1149 3476 quia
1183 3415 1237 3462 et
1266 3422 1512 3478 personae
1553 3408 1862 3481 discrepant
1899 3422 1955 3467 et
1999 3413 2129 3469 sub-

547 3496 784 3552 stantiae.
811 3496 995 3569 (Aug.)
1036 3496 1093 3552 Si
1128 3497 1271 3553 Deus
1307 3514 1415 3554 non
1445 3499 1549 3556 nisi
1583 3501 1768 3556 omnia
1814 3502 1976 3558 simul
2003 3504 2131 3570 tria,

548 3588 819 3656 quomodo
855 3597 1020 3659 caput
1051 3588 1253 3645 Christi
1280 3589 1441 3655 Deus,
1492 3590 1547 3646 id
1587 3600 1692 3660 est,
1723 3601 1887 3664 caput
1928 3592 2132 3649 Christi

2224 2395 2407 2467 Imago
2453 2396 2599 2452 enim
2635 2396 2731 2453 Dei
2776 2397 3136 2470 incongruum
3180 2407 3299 2468 est,
3330 2410 3391 2458 ut
3419 2402 3646 2470 celetur,
3678 2405 3812 2460 abs-

2229 2487 2390 2544 condi
2441 2488 2588 2544 enim
2632 2502 2741 2545 non
2770 2489 2947 2555 debet,
2980 2490 3078 2547 Dei
3118 2494 3262 2548 enim
3286 2494 3459 2566 gloria
3493 2495 3707 2552 videtur
3749 2514 3813 2553 in

2224 2580 2366 2636 viro.
2408 2579 2606 2635 Mulier
2651 2591 2827 2637 autem
2869 2582 3039 2654 gloria
3082 2590 3180 2641 virs
3228 2596 3322 2642 est.
3370 2587 3596 2644 Multum
3643 2589 3816 2647 distat

2228 2673 2372 2729 inter
2408 2672 2635 2744 gloriam
2680 2672 2797 2742 Dei,
2853 2683 2911 2731 et
2950 2675 3174 2749 gloriam
3213 2679 3317 2734 viri
3372 2699 3386 2737 :
3425 2681 3510 2736 vir
3548 2682 3693 2738 enim
3739 2683 3815 2741 ad

2228 2764 2519 2836 imaginem
2561 2767 2657 2822 Dei
2698 2767 2873 2824 factus
2917 2778 3018 2835 est,
3051 2787 3157 2827 non
3186 2772 3397 2828 mulier.
3439 2772 3567 2829 Πεεο
3592 2782 3673 2830 est
3707 2790 3813 2830 au-

2228 2865 2342 2913 tem
2374 2856 2550 2929 imago
2578 2857 2675 2913 Dei
2705 2859 2760 2913 in
2788 2859 2924 2924 viro,
2957 2860 3083 2930 quia
3112 2877 3253 2918 unus
3293 2861 3437 2919 Deus
3475 2880 3640 2919 unum
3680 2864 3819 2921 fecit

2228 2947 2527 3011 hominem,
2545 2956 2607 3002 ut
2632 2948 2772 3004 sicut
2794 2949 2864 3005 ab
2884 2965 2993 3005 uno
3012 2951 3124 3007 Deo
3148 2961 3274 3007 sunt
3295 2953 3502 3018 omnia,
3531 2954 3607 3008 ita
3624 2964 3819 3010 essent

2228 3046 2285 3093 et
2324 3037 2392 3093 ab
2414 3054 2523 3094 uno
2551 3039 2769 3095 homine
2792 3053 2980 3097 omnes
3005 3040 3252 3097 homines
3271 3082 3287 3109 ,
3324 3051 3386 3098 ut
3415 3042 3577 3099 unius
3597 3043 3693 3100 Dei
3729 3045 3820 3100 in-

2230 3127 2461 3184 visibilis
2502 3143 2640 3184 unus
2678 3129 2842 3185 homo
2888 3130 3120 3187 visibilis
3158 3132 3448 3204 imaginem
3494 3134 3716 3190 haberet
3755 3135 3819 3191 in

2233 3217 2429 3282 terris,
2474 3226 2534 3273 ut
2570 3234 2709 3275 unus
2746 3204 2905 3275 Deus
2929 3221 2982 3275 in
3026 3237 3134 3277 uno
3160 3222 3377 3280 homine
3421 3223 3691 3281 videretur
3715 3241 3818 3281 au-

2231 3308 2538 3364 ctoritatem
2579 3309 2738 3367 unius
2774 3310 3021 3382 principii
3067 3327 3390 3369 conservare
3441 3315 3511 3371 ad
3532 3314 3817 3372 confusio-

2232 3417 2357 3459 nem
2383 3401 2604 3468 diaboli,
2634 3402 2727 3472 qui
2750 3403 2852 3460 sibi
2880 3403 3124 3475 neglecto
3149 3421 3257 3462 uno
3280 3406 3414 3474 Deo,
3437 3408 3736 3464 dominium
3760 3417 3822 3464 et

2232 3493 2568 3551 divinitatem
2602 3495 2771 3553 voluit
2788 3510 3084 3565 usurpare;
3108 3499 3251 3567 quod
3282 3500 3545 3570 propheta
3566 3500 3822 3556 Ezechiel

2233 3586 2531 3658 signiﬁcat,
2578 3595 2636 3644 et
2673 3587 2963 3660 Apostolus
3000 3589 3174 3659 idem,
3219 3592 3297 3647 ait
3338 3594 3482 3649 enim
3514 3611 3527 3648 :
3560 3593 3647 3648 Ita
3674 3597 3819 3650 utin

552 3679 787 3745 trinitas,
811 3694 935 3735 cum
967 3680 1023 3734 in
1046 3679 1291 3735 trinitate
1319 3680 1391 3735 sit
1413 3680 1754 3749 Christus,ut
1772 3683 1845 3739 sit
1873 3683 2129 3739 trinitas?
2154 3684 2201 3749 ο
2230 3678 2419 3749 templo
2459 3678 2559 3734 Dei
2601 3680 2811 3747 sedeat,
2855 3681 3131 3737 ostendens
3171 3699 3227 3738 se
3251 3685 3405 3755 quasi
3441 3685 3512 3739 sit
3557 3684 3696 3740 Deus
3728 3685 3821 3758 (11

548 3770 632 3825 An
657 3770 801 3839 quod
829 3778 913 3826 est
949 3769 1112 3825 Pater
1150 3785 1275 3825 cum
1304 3769 1442 3825 Filio
1466 3782 1627 3843 caput
1655 3780 1742 3828 est
1766 3773 1835 3837 ei,
1882 3773 2027 3843 quod
2051 3781 2135 3829 est

552 3864 699 3917 solus
718 3860 922 3916 Filius?
942 3876 1066 3917 cum
1088 3860 1224 3916 Filio
1243 3861 1389 3916 enim
1417 3860 1577 3916 Pater
1599 3862 1761 3929 Deus,
1785 3863 1931 3921 solus
1953 3872 2133 3920 autem

552 3952 722 4008 Filius
749 3951 997 4008 Christus
1029 3960 1134 4017 est,
1162 3952 1397 4008 maxime
1434 3952 1558 4022 quia
1592 3951 1709 4022 jam
1742 3954 1979 4010 Verbum
2007 3969 2135 4011 caro

551 4046 775 4112 factum,
815 4045 1073 4116 loquitur,
1104 4045 1400 4100 secundum
1429 4060 1591 4115 quam
1615 4047 1976 4103 humilitatem
2018 4049 2134 4119 ejus

551 4139 715 4194 etiam
744 4135 918 4205 major
950 4143 1033 4190 est
1077 4135 1241 4190 Pater
1277 4136 1418 4191 sicut
1463 4137 1595 4192 dicit
1629 4156 1641 4191 :
1683 4138 1945 4204 Quoniam
1974 4137 2137 4194 Pater

553 4230 728 4298 major
753 4245 834 4282 me
859 4237 954 4291 est,
979 4234 1039 4280 ut
1064 4227 1169 4281 hoc
1194 4227 1369 4295 ipsum
1402 4226 1569 4283 Deum
1599 4243 1719 4284 esse
1747 4229 1892 4300 quod
1917 4228 1992 4284 illi
2012 4246 2135 4285 cum

552 4316 713 4372 Patre
731 4330 897 4369 unum
926 4323 1032 4380 est,
1060 4324 1223 4384 caput
1264 4316 1337 4370 sit
1373 4317 1607 4371 hominis
1649 4318 1961 4374 mediatoris
1991 4318 2137 4389 quod

556 4408 669 4477 ipse
694 4407 840 4462 solus
872 4415 975 4461 est.
1003 4405 1060 4460 Si
1097 4405 1239 4460 enim
1273 4415 1508 4462 mentem
1544 4416 1689 4463 recte
1715 4409 1950 4463 diximus
1980 4409 2134 4478 prin-

553 4498 727 4568 cipale
749 4498 1002 4559 hominis,
1036 4497 1091 4552 id
1119 4505 1223 4561 est,
1258 4506 1513 4568 tanquam
1541 4505 1702 4569 caput
1728 4498 1977 4554 humana:
2010 4499 2136 4554 sub-

554 4590 790 4653 stantia),
805 4606 926 4646 cum
952 4589 1065 4660 ipse
1083 4591 1244 4644 homo
1271 4604 1394 4644 eum
1422 4598 1605 4645 mente
1624 4591 1694 4645 sit
1711 4588 2006 4655 homo,cur
2026 4604 2133 4645 non

554 4681 725 4737 multo
748 4681 1130 4751 congruentius
1150 4678 1424 4749 multoque
1452 4680 1623 4750 magis
1642 4682 1864 4737 verbum
1886 4696 2008 4737 eum
2033 4679 2137 4735 Pa-

557 4781 639 4826 tre
676 4771 817 4840 quod
854 4770 1015 4825 simul
1043 4770 1186 4824 Deus
1208 4777 1308 4834 est,
1337 4778 1500 4839 caput
1524 4780 1608 4825 est
1631 4771 1867 4827 Christi?
1889 4771 2135 4841 quamvis

555 4861 802 4919 Christus
830 4862 991 4915 homo
1009 4860 1113 4914 nisi
1139 4875 1264 4915 cum
1292 4861 1458 4916 verbo
1478 4859 1619 4930 quod
1645 4876 1773 4917 caro
1794 4861 1994 4917 factum
2020 4868 2131 4926 est,

555 4955 781 5025 intelligi
811 4968 916 5010 non
940 4954 1127 5024 possit.
1144 4953 1346 5026 (Creg.)
1369 4954 1502 5010 Nam
1534 4955 1882 5027 Evangelium
1909 4954 2133 5011 Joannis

2238 3771 2417 3827 Thess.
2448 3770 2533 3844 ιι).
2565 3770 2750 3845 [Aug]
2784 3771 2867 3828 Ad
2896 3772 3167 3829 Romanos
3204 3788 3335 3829 vero
3374 3775 3456 3830 sic
3487 3775 3618 3830 dicit
3646 3789 3661 3831 :
3687 3774 3821 3841 Qui-

2232 3880 2437 3935 cunque
2463 3865 2601 3919 enim
2630 3865 2684 3920 in
2712 3864 2920 3919 Christo
2951 3864 3202 3936 baptizati
3234 3868 3392 3933 estis,
3427 3864 3693 3921 Christum
3735 3869 3820 3921 in-

2233 3952 2422 4009 duistis
2458 3970 2477 4009 :
2519 3970 2623 4009 non
2676 3963 2751 4009 est
2801 3952 3027 4010 ludens
3075 3971 3237 4027 neque
3284 3954 3533 4025 Graecus;
3587 3975 3695 4013 non
3740 3966 3821 4013 est

2233 4060 2431 4110 servus,
2458 4060 2620 4115 neque
2641 4043 2803 4110 liber;
2828 4060 2931 4099 non
2959 4053 3035 4099 est
3057 4048 3343 4113 masculus,
3396 4064 3559 4120 neque
3578 4048 3774 4119 femina
3797 4066 3821 4104 :

2235 4148 2411 4187 omnes
2439 4133 2578 4187 enim
2596 4149 2684 4188 vos
2708 4149 2870 4187 unum
2897 4134 3020 4188 estis
3032 4134 3087 4188 in
3106 4132 3311 4191 Christo
3325 4135 3457 4192 Iesu
3479 4136 3677 4210 (Calat.
3709 4138 3818 4209 ιιι).

2234 4221 2488 4291 Nunquid
2518 4222 2683 4293 igitur
2710 4221 2894 4278 ﬁdeles
2928 4222 3146 4280 femina:
3182 4239 3373 4281 sexum
3408 4228 3656 4298 corporis
3684 4228 3824 4282 ami-

2235 4320 2460 4379 serunt,
2504 4314 2601 4370 sed
2639 4314 2766 4385 quia
2799 4314 2873 4370 ibi
2900 4326 3232 4373 renovantur
3267 4319 3337 4374 ad
3372 4319 3660 4391 imaginem
3686 4319 3819 4385 Dei,

2234 4402 2329 4458 ubi
2350 4418 2514 4459 sexus
2535 4403 2712 4459 nullus
2735 4412 2838 4469 est,
2860 4404 2933 4460 ibi
2954 4404 3131 4462 factus
3148 4416 3232 4463 est
3253 4408 3415 4464 homo
3434 4410 3504 4463 ad
3527 4409 3819 4480 imaginem

2235 4493 2364 4559 Dei,
2390 4495 2482 4550 ubi
2510 4509 2673 4550 sexus
2702 4494 2879 4551 nullus
2906 4504 3019 4563 est,
3054 4498 3158 4554 hoc
3189 4507 3275 4555 est
3304 4500 3361 4555 in
3382 4500 3593 4570 spiritu
3617 4500 3821 4555 mentis

2235 4599 2366 4641 suae.
2397 4583 2508 4640 Cur
2532 4600 2662 4657 ergo
2686 4586 2768 4640 vir
2794 4594 3079 4658 propterea
3106 4604 3213 4644 non
3232 4589 3395 4647 debet
3423 4600 3581 4661 caput
3611 4591 3811 4656 velare,

2234 4677 2363 4747 quia
2393 4678 2572 4748 imago
2599 4685 2683 4733 est
2718 4686 2775 4732 et
2809 4678 2981 4747 gloria
3027 4678 3144 4735 Dei.
3187 4680 3378 4737 Mulier
3405 4692 3588 4739 autem
3621 4682 3815 4751 debet,

2234 4770 2362 4841 quia
2388 4771 2557 4842 gloria
2580 4781 2664 4827 est
2689 4772 2824 4837 viri,
2857 4772 3010 4842 Quasi
3039 4773 3233 4829 mulier
3256 4789 3364 4830 non
3390 4782 3681 4830 renovetur
3709 4775 3820 4846 spi-

2236 4863 2343 4916 ritu
2370 4864 2567 4920 mentis
2612 4879 2725 4919 suae
2755 4864 2848 4936 qui
2882 4873 3177 4921 renovatur
3204 4867 3258 4922 in
3289 4868 3562 4939 agnitione
3597 4866 3697 4923 Dei
3738 4884 3821 4924 se-

2237 4954 2471 5008 cundum
2506 4954 2795 5026 imaginem
2828 4951 2947 5024 ejus
2980 4954 3074 5025 qui
3104 4956 3312 5012 creavit
3335 4958 3516 5024 illum,
3559 4958 3653 5014 sed
3690 4959 3821 5030 quia

556 5055 762 5110 narrat,
797 5045 1072 5102 sudarium
1107 5045 1249 5116 quod
1282 5045 1459 5100 fuerat
1479 5062 1642 5116 super
1673 5055 1835 5116 caput
1865 5044 1999 5114 ejus,
2025 5060 2131 5100 non
2157 5044 2210 5105 D
2235 5044 2401 5101 distat
2426 5059 2558 5101 sexu
2587 5060 2618 5100 a
2654 5046 2794 5111 viro,
2824 5045 2928 5100 rite
2954 5047 3131 5116 potuit
3157 5050 3211 5103 in
3240 5048 3357 5120 ejus
3379 5048 3648 5118 corporali
3674 5048 3820 5104 vela-

554 5154 681 5195 eum
701 5137 1098 5193 linteaminibus
1113 5137 1373 5208 positum,
1394 5138 1489 5193 sed
1514 5139 1806 5207 separatim
1833 5138 2133 5193 involutum

558 5231 613 5286 in
627 5245 791 5287 unum
806 5229 1001 5285 locum.
1018 5228 1155 5295 Quid
1167 5242 1287 5283 esse
1300 5227 1496 5283 fratres
1510 5229 1802 5296 credimus,
1816 5228 1959 5298 quod
1975 5229 2137 5284 suda—

557 5322 699 5378 rium
712 5321 905 5393 capitis
927 5319 1139 5375 Domini
1160 5334 1281 5373 cum
1300 5318 1707 5379 linteaminibus
1728 5335 1837 5374 non
1864 5320 2136 5377 invenitur

556 5412 613 5466 in
644 5409 1022 5465 monumento?
1058 5409 1159 5462 nisi
1207 5407 1331 5475 quia
1383 5415 1671 5463 attestante
1722 5408 1921 5474 Paulo,
1962 5408 2134 5480 Caput

558 5499 752 5556 Christi
772 5500 930 5563 Deus,
963 5504 1020 5552 et
1047 5494 1348 5551 divinitatis
1370 5495 1929 5565 incomprehensibilia
1952 5513 2134 5554 saera-

558 5601 862 5649 mentorum
880 5591 949 5646 ab
972 5587 1306 5643 inﬁrmitatis
1332 5594 1532 5643 nostra:
1552 5590 1855 5659 cognitione
1880 5591 2134 5647 distincta

560 5692 706 5747 sunt,
728 5682 949 5751 ejusque
969 5676 1210 5749 potentia
1237 5685 1503 5733 creaturae
1517 5680 2131 5736 transcenditnaturam.
2157 5699 2170 5712 ο

633 5774 817 5831 Omnis
848 5774 924 5829 uir
950 5786 1108 5828 orans
1150 5779 1243 5825 aut
1276 5770 1592 5842 prophetam
1621 5771 1784 5829 velato
1831 5773 1998 5847 capite
2039 5773 2131 5828 de-

2235 5145 2418 5192 mente
2452 5135 2675 5207 ﬁgurari
2707 5148 2834 5206 pars
2866 5135 2956 5189 illa
2980 5137 3238 5204 rationis,
3267 5153 3388 5209 quae
3408 5138 3476 5195 ad
3503 5137 3818 5208 temporalia

2236 5227 2583 5298 gubernanda
2620 5224 2944 5292 deﬂectitur,
2974 5236 3034 5282 ut
3074 5243 3181 5283 non
3221 5235 3436 5284 maneat
3473 5228 3653 5299 imago
3685 5225 3818 5293 Dei,

2235 5317 2342 5373 nisi
2384 5332 2451 5373 ex
2491 5328 2596 5387 qua
2639 5326 2794 5386 parte
2822 5331 2976 5373 mens
3014 5319 3249 5376 hominis
3276 5320 3491 5375 aeternis
3516 5318 3821 5375 rationibus

2236 5405 2632 5476 conspiciendis
2654 5406 2738 5462 vel
2769 5406 3115 5464 consulendis
3142 5408 3482 5473 adhaerescit,
3511 5424 3675 5479 quam
3709 5425 3819 5465 non

2236 5499 2409 5554 solum
2435 5499 2724 5563 masculos,
2743 5500 2835 5555 sed
2862 5499 3093 5557 feminas
3116 5500 3317 5557 habere
3346 5501 3691 5557 manifestum
3711 5512 3818 5557 est.

2237 5591 2379 5662 Ergo
2408 5580 2471 5646 ιη’
2484 5605 2671 5646 eorum
2702 5591 2970 5647 mentibus
2991 5592 3295 5646 communis
3324 5601 3515 5646 natura
3541 5592 3823 5662 cognosci-

2238 5690 2325 5737 tur
2353 5698 2367 5732 :
2392 5682 2446 5741 in
2486 5697 2671 5738 eorum
2712 5695 2841 5737 vero
2879 5680 3197 5750 corporibus
3227 5681 3396 5751 ipsius
3423 5682 3583 5736 unius
3618 5681 3823 5737 tuentis

2237 5774 2546 5831 distributio
2586 5773 2866 5845 ﬁguratur.
2918 5769 3042 5826 Non
3083 5782 3158 5826 est
3199 5771 3276 5826 vir
3315 5789 3382 5827 ea:
3427 5772 3679 5839 muliere,
3723 5772 3818 5828 sed
