4082 6332
312 374 410 428 £01

809 319 1359 426 ENARRthONUM
1394 370 1462 427 ΙΝ
1501 371 1654 427 EPP.
1697 370 1901 428 PAULI
1937 372 2065 427 LIB.
2107 373 2196 429 XI.
2237 405 2308 417 —
2345 375 2413 432 1N
2451 376 2672 432 EPIST.
2711 378 2732 432 Ι
2768 379 2861 434 ΑΙ)
2895 379 3054 436 COR.

3484 383 3591 442 102

307 482 502 537 mulier
547 496 613 534 ea:
656 497 763 534 utro
793 493 812 530 :
848 481 1035 533 etenim
1077 494 1180 534 non
1213 493 1286 536 est
1336 492 1540 536 creatus
1575 483 1656 537 vir
1689 492 1899 552 propter
1923 486 1976 546 Α
1999 482 2184 540 dicens
2214 504 2226 539 :
2255 485 2366 541 Nec
2405 488 2520 556 ipsa
2551 497 2745 542 natura
2765 489 2914 544 docet
2947 508 3056 546 vos.
3078 491 3212 559 Quia
3234 499 3320 550 vir
3346 495 3587 565 quidem,

307 575 608 638 mulierem,
635 571 726 626 sed
749 570 940 624 mulier
955 581 1166 642 propter
1187 574 1375 626 virum.
1397 572 1682 644 Propterea
1713 573 1902 628 mulier

307 665 459 718 debet
505 669 812 732 potestatem
837 661 1027 715 habere
1062 678 1221 732 supra
1257 673 1410 733 caput
1438 673 1644 732 propter
1667 663 1897 732 angelos.

309 753 568 826 (Anum)
625 752 882 806 Velamen
920 760 1242 821 potestatem
1296 754 1650 825 signiﬁcavit;
1685 755 1900 825 angelos

306 847 602 917 episcopos
643 845 776 899 dicit
824 844 964 908 sicut
1006 845 1230 900 docetur
1257 845 1309 899 in
1335 846 1654 918 Apocalypsi
1681 847 1903 903 Joannis

307 940 497 1011 (Apoc.
527 954 587 1004 ii,
614 936 721 1008 in),
756 945 810 990 et
831 937 959 1005 quia
982 936 1170 1005 utique
1197 937 1442 992 homines
1463 947 1604 1000 sunt,
1632 939 1774 1008 quod
1796 954 1900 993 non

305 1034 649 1102 corriperent
694 1030 908 1100 plebem
966 1037 1288 1099 arguuntur,
1319 1037 1373 1084 et
1421 1032 1563 1100 quod
1606 1039 1815 1085 rectum
1847 1031 1901 1084 in

307 1125 418 1180 illis
445 1133 530 1178 est
571 1121 840 1175 laudatur.
884 1119 1076 1174 Mulier
1115 1133 1244 1190 ergo
1276 1120 1480 1175 idcirco
1528 1121 1687 1176 debet
1723 1119 1902 1176 velare

305 1222 504 1285 caput,
549 1213 674 1284 quia
710 1227 816 1266 non
863 1220 948 1266 est
999 1211 1174 1282 imago
1203 1210 1328 1277 Dei,
1365 1212 1458 1268 sed
1495 1221 1554 1267 ut
1588 1211 1904 1268 ostendatur

307 1307 574 1378 subjecta,
601 1314 656 1361 et
682 1304 808 1374 quia
835 1304 1206 1374 praevaricatio
1229 1319 1326 1374 per
1348 1305 1490 1359 illam
1525 1306 1775 1360 inchoata
1798 1312 1900 1371 est,

306 1396 416 1452 hoc
436 1395 646 1467 signum
663 1395 822 1450 debet
841 1394 1062 1460 habere,
1086 1403 1142 1448 ut
1169 1395 1223 1448 in
1245 1395 1483 1451 Ecclesia
1505 1405 1726 1467 propter
1750 1411 1904 1453 reve-

307 1487 544 1543 rentiam
572 1484 933 1556 episcopalem
971 1499 1078 1539 non
1108 1484 1306 1540 habeat
1334 1494 1497 1554 caput
1524 1486 1777 1552 liberum,
1808 1487 1901 1543 sed

304 1578 577 1633 velamine
616 1587 853 1642 tectum,
884 1591 985 1632 nec
1022 1575 1221 1632 habeat
1260 1586 1584 1646 potestatem
1614 1578 1902 1648 loquendi,

301 1671 438 1742 quia
462 1672 747 1741 episcopus
775 1685 1066 1740 personam
1109 1670 1273 1725 habet
1317 1670 1552 1737 Christi;
1587 1672 1741 1741 quasi
1777 1687 1904 1742 ergo

300 1771 436 1817 ante
465 1763 727 1832 iudicem,
761 1762 841 1816 sic
869 1769 995 1816 ante
1021 1761 1356 1832 episcopum,
1385 1762 1512 1832 quia
1538 1761 1772 1817 vicarius
1799 1762 1906 1818 Do-

2004 574 2048 627 si
2073 590 2282 631 comam
2312 577 2579 642 habuerit,
2610 578 2712 632 hoc
2730 582 3024 635 secundum
3048 581 3220 651 legem
3249 582 3460 640 locutus
3484 595 3588 652 est,

2002 666 2258 733 prohibet
2295 668 2439 722 enim
2480 669 2657 722 virum
2694 684 2814 725 esse
2849 680 3121 728 comatum
3149 692 3161 726 :
3189 673 3385 728 Mulier
3420 687 3592 732 autem

2002 755 2049 807 si
2075 772 2275 809 comam
2298 757 2568 822 habuerit,
2601 757 2771 828 gloria
2799 770 2874 815 est
2903 761 3004 828 illi,
3032 764 3288 833 quoniam
3317 781 3469 821 coma
3496 783 3595 837 pro

2003 844 2268 900 velamine
2286 847 2409 901 data
2422 855 2522 902 est.
2544 848 2880 906 Naturaliter
2900 853 3003 908 hoc
3026 855 3310 910 honestum
3336 864 3390 911 et
3403 838 3595 928 propc-

2003 934 2220 988 modum
2253 936 2528 992 decretum
2557 939 2671 993 vult
2696 955 2837 1006 esse,
2869 951 2930 998 ut
2955 944 3130 1000 velata
3163 947 3359 1002 mulier
3379 949 3595 1006 satisfa-

2001 1025 2110 1079 ciat
2139 1035 2192 1080 et
2221 1028 2425 1098 gratias
2451 1038 2573 1100 agat
2602 1031 2730 1086 Deo.
2774 1031 2940 1089 Coma
2979 1052 3108 1107 ergo
3154 1039 3412 1095 indicium
3456 1043 3595 1098 vela-

2003 1118 2164 1172 minis
2187 1129 2288 1185 est,
2321 1128 2379 1174 ut
2405 1131 2611 1176 naturae
2634 1124 2878 1180 voluntas
2905 1129 3164 1195 addatur;
3195 1133 3425 1202 denique
3445 1135 3592 1190 nulla

2001 1207 2196 1262 mulier
2246 1210 2482 1264 revelata
2536 1211 2700 1268 habet
2738 1224 3084 1284 potestatem.
3137 1218 3196 1274 Si
3248 1238 3363 1292 quis
3417 1234 3592 1279 autem

2001 1300 2208 1355 videtur
2248 1304 2599 1357 contentiosus
2640 1321 2784 1372 esse,
2827 1325 2920 1364 nos
2957 1310 3110 1364 talem
3161 1316 3591 1370 consuetudinem

2001 1405 2107 1443 non
2131 1390 2402 1455 habemus,
2431 1409 2592 1462 neque
2619 1393 2860 1451 Ecclesia
2888 1398 3006 1453 Dei.
3041 1400 3170 1456 Post
3192 1403 3451 1459 rationem
3476 1406 3596 1460 red-

2005 1479 2202 1545 ditam,
2242 1489 2300 1534 ut
2333 1484 2699 1541 contentiosos
2747 1487 2966 1555 vincat,
3008 1493 3386 1550 auctoritatem
3429 1497 3597 1551 interv

2002 1571 2174 1640 ponit,
2205 1573 2330 1642 quia
2362 1589 2536 1643 neque
2553 1575 2861 1644 judaismus
2893 1581 2994 1636 hoc
3017 1583 3224 1637 habuit.
3257 1584 3409 1640 Unde
3441 1587 3592 1655 dicit,

2011 1679 2029 1713 ι
2050 1678 2224 1732 neque
2245 1680 2364 1731 nos,
2389 1681 2565 1737 neque
2593 1655 2832 1724 ECclesia
2857 1670 2975 1736 Dei,
3009 1691 3026 1725 ι
3064 1681 3122 1727 ut
3145 1689 3320 1745 neque
3349 1676 3560 1748 Moyses
3579 1719 3593 1745 ,

2005 1769 2181 1826 neque
2230 1753 2479 1812 Salvator
2529 1759 2610 1814 sic
2656 1761 2960 1817 tradiderit.
2989 1762 3105 1817 Hoc
3146 1776 3321 1819 autem
3349 1770 3595 1839 prtecipio

304 1851 440 1905 mini
467 1859 583 1916 est,
616 1858 837 1920 propter
867 1857 1049 1904 reatus
1066 1849 1330 1919 originem
1359 1850 1600 1919 subjecta
1634 1850 1793 1907 debet
1821 1851 1903 1906 vi—
1928 1847 1978 1908 B
2005 1857 2108 1896 ηοη
2147 1841 2372 1899 laudans
2401 1846 2540 1915 (Ιαοά
2566 1865 2670 1902 ηοη
2708 1849 2762 1902 in
2798 1849 3001 1916 melius.
3037 1852 3126 1905 θεά
3155 1854 3211 1906 in
3242 1855 3391 1924 pejus
3419 1873 3596 1911 conve-

303 1944 446 2000 deri.
492 1943 859 1999 Verumtamen
887 1961 1050 2014 neque
1070 1943 1262 1998 mulier
1278 1945 1390 1998 sine
1413 1942 1539 2008 viro,
1573 1958 1664 1996 nec
1689 1941 1766 1996 vir
1786 1942 1900 1996 sine

301 2034 528 2089 muliere
571 2036 627 2088 in
673 2033 919 2088 Domino.
963 2033 1088 2089 ideo
1122 2035 1177 2088 in
1215 2033 1441 2088 Domino
1462 2073 1477 2100 ,
1505 2033 1630 2102 quia
1661 2031 1804 2088 Deus
1831 2046 1900 2087 ex

303 2141 418 2180 uno
442 2124 574 2182 fecit
602 2126 794 2181 ambos
819 2132 874 2180 et
901 2141 1068 2180 unum
1101 2143 1113 2178 :
1144 2140 1250 2179 una
1285 2125 1429 2180 enim
1475 2139 1603 2179 caro
1640 2132 1695 2178 et
1733 2139 1900 2180 unum

299 2230 508 2286 corpus
536 2223 661 2271 sunt
691 2215 743 2270 in
773 2215 1024 2279 Domino,
1047 2215 1152 2270 hoc
1169 2221 1273 2280 est,
1297 2215 1593 2270 secundum
1614 2213 1900 2268 Dominum

301 2307 398 2377 qui
429 2308 658 2362 creavit.
697 2306 940 2375 Denique
979 2305 1071 2377 qui
1111 2321 1218 2360 non
1257 2306 1484 2362 credunt
1519 2304 1802 2361 mulierem
1835 2305 1902 2360 de

302 2402 426 2456 viro
469 2409 774 2470 sumptam,
817 2399 874 2455 bi
913 2401 1029 2454 sine
1068 2399 1296 2454 Domino
1317 2440 1331 2465 ,
1358 2398 1441 2454 vel
1473 2414 1577 2453 non
1604 2399 1900 2454 secundum

303 2493 477 2548 Deum
500 2494 730 2548 credunt
753 2493 1030 2547 hominum
1056 2493 1342 2562 originem.
1377 2491 1520 2546 Nam
1547 2492 1681 2546 sicut
1712 2490 1902 2545 mulier

301 2583 372 2638 de
409 2585 552 2647 viro,
584 2584 658 2638 ita
700 2593 748 2637 et
794 2583 874 2636 vir
901 2600 994 2654 per
1027 2582 1316 2638 mulierem.
1350 2582 1463 2638 Hoc
1493 2583 1672 2637 ﬁrmat
1697 2623 1712 2647 ,
1758 2581 1901 2653 quod

301 2672 478 2737 dixit,
508 2673 634 2742 quia
670 2672 831 2728 ambo
863 2689 1028 2727 unum
1072 2681 1197 2728 sunt
1225 2674 1278 2726 in
1309 2684 1504 2728 natura
1525 2713 1540 2736 ,
1582 2674 1708 2743 quia
1750 2673 1902 2744 origo

305 2764 557 2819 mulieris
585 2765 668 2820 vir
706 2772 826 2829 est,
867 2765 1009 2819 sicut
1047 2764 1244 2836 legitur
1284 2765 1339 2818 in
1379 2765 1576 2820 Genesi
1624 2763 1826 2818 factum
1870 2779 1902 2818 a

305 2853 540 2909 Domino
577 2863 843 2910 creatore.
890 2852 1084 2908 Omnia
1115 2865 1290 2908 autem
1333 2872 1399 2909 ea:
1444 2855 1579 2909 Deo.
1608 2853 1901 2923 Postquam

303 2945 578 3015 gradatim
605 2945 856 3016 exposuit
879 2944 1118 3015 singula,
1143 2954 1202 2999 ut
1229 2946 1411 3001 omnia
1445 2946 1556 3000 Deo
1586 2943 1900 3014 subjiceret,

306 3054 474 3092 unum
498 3053 724 3093 servans
749 3038 1096 3108 principium,
1124 3039 1198 3092 ait
1221 3057 1235 3091 :
1265 3037 1456 3092 Omnia
1485 3047 1660 3092 autem
1683 3052 1746 3091 ea:
1768 3035 1898 3102 Deo,

303 3135 368 3182 ut
397 3143 576 3197 neque
602 3127 797 3182 mulier
822 3127 1172 3197 subiectionis
1203 3143 1314 3184 suae
1349 3144 1512 3184 causa
1551 3129 1901 3184 contristare-

2001 1935 2147 1990 nitis.
2175 1937 2454 2004 Quomodo
2492 1940 2853 2010 particulatim
2896 1944 3360 1998 conversationem
3404 1960 3594 2000 eorum

1999 2040 2099 2097 per
2127 2031 2520 2100 correptionem
2565 2034 2837 2100 emendat,
2872 2033 2947 2088 ita
2975 2043 3031 2090 et
3061 2036 3377 2092 traditiones
3406 2052 3596 2092 eorum

1999 2136 2108 2176 non
2139 2121 2366 2179 laudans
2394 2125 2601 2194 utique,
2635 2126 2728 2181 sed
2757 2127 3072 2198 vituperans
3098 2143 3212 2182 eos.

2072 2209 2313 2268 Primum
2357 2215 2513 2284 enim.
2565 2215 2808 2272 Primum
2861 2219 3122 2283 dicendo,
3172 2233 3343 2290 genus
3387 2220 3594 2290 peccati

1999 2306 2266 2372 ostendit,
2304 2308 2446 2362 unde
2479 2309 2585 2363 orti
2621 2319 2746 2364 sunt
2776 2326 3026 2376 errores,
3057 2327 3194 2381 quos
3223 2312 3589 2380 reprehendit.

2002 2395 2105 2452 Ubi
2133 2397 2278 2452 enim
2307 2396 2574 2452 dissensio
2597 2406 2713 2464 est,
2741 2399 2877 2455 nihil
2905 2409 2988 2456 est
3013 2409 3244 2455 rectum.
3274 2399 3596 2456 Convenien-

2000 2485 2138 2540 tibus
2156 2486 2298 2541 vobis
2320 2487 2376 2541 in
2397 2485 2656 2553 Ecclesia,
2682 2489 2840 2543 audio
2866 2491 3213 2545 dissensiones
3237 2507 3368 2556 esse,
3391 2501 3438 2544 et
3467 2507 3594 2560 par-

2001 2577 2095 2629 tim
2129 2577 2318 2640 credo,
2360 2587 2557 2649 oportet
2601 2579 2739 2633 enim
2787 2590 2834 2633 et
2878 2581 3101 2636 lnereses
3141 2599 3279 2646 esse,
3319 2591 3376 2636 ut
3418 2591 3466 2634 et
3505 2582 3596 2652 qui

1999 2668 2204 2738 probati
2242 2680 2364 2724 sunt
2408 2670 2676 2740 manifesti
2722 2673 2853 2741 fiant
2903 2675 3042 2730 inter
3082 2693 3188 2730 vos.
3237 2674 3427 2730 Sciens
3468 2675 3595 2730 dum

2002 2761 2294 2815 nonnullos
2332 2771 2512 2816 mente
2543 2772 2830 2833 corruptos
2866 2767 3101 2822 versutia
3159 2767 3398 2832 diaboli,
3459 2764 3596 2821 dicit

2008 2869 2026 2901 α
2047 2859 2260 2920 oportet
2273 2854 2508 2907 hatreses
2523 2869 2663 2918 esse,
2685 2869 2790 2908 non
2811 2856 2996 2925 utique
3010 2855 3182 2910 noluit
3204 2869 3303 2910 nec
3319 2855 3546 2926 optavit,
3569 2874 3589 2907 ι

2001 2943 2096 2997 sed
2123 2943 2250 3013 quia
2272 2943 2590 3013 prsesciebat
2611 2944 2851 3000 futurum
2873 2948 3030 3011 dixit,
3059 2949 3199 3002 sicut
3220 2957 3275 3002 et
3295 2950 3591 3004 Dominus:

2003 3033 2249 3104 Oportet,
2296 3036 2491 3107 inquit,
2543 3039 2712 3092 venire
2755 3038 3027 3106 scandala,
3070 3047 3126 3094 et
3168 3050 3364 3110 oportet
3397 3040 3600 3096 Filium

2001 3125 2226 3180 hominis
2249 3127 2360 3196 pati
2383 3125 2599 3194 (Matth.
2632 3126 2788 3199 xviii)
2805 3169 2819 3194 ,
2850 3129 3107 3198 praescius
3127 3130 3251 3199 quia
3278 3129 3445 3190 Judas
3468 3143 3598 3199 pro-

305 3227 426 3283 tur,
472 3235 650 3289 neque
682 3220 788 3284 vir,
829 3221 985 3291 quasi
1026 3220 1296 3276 exaltatus
1337 3221 1642 3290 superbiret
1679 3221 1892 3293 (Ana);
1922 3202 1967 3265 Ο
2005 3217 2148 3272 (litor
2195 3226 2314 3273 erat
2361 3219 2603 3286 futurus,
2655 3230 2710 3274 ut
2758 3223 2963 3292 probati
3008 3231 3222 3288 autem,
3263 3237 3386 3278 cum
3433 3223 3593 3291 dicit,

301 3310 450 3364 sicut
491 3311 637 3365 enim
673 3310 868 3365 mulier
895 3327 962 3367 ex
989 3311 1136 3376 viro,
1166 3312 1241 3365 ita
1276 3322 1330 3367 et
1360 3313 1443 3366 vir
1467 3329 1564 3382 per
1591 3312 1900 3380 mulierem,

303 3401 432 3469 quia
457 3401 657 3456 mulier
699 3417 767 3456 ex
808 3403 925 3457 viro
953 3402 1094 3458 facta
1126 3413 1243 3466 est,
1275 3414 1336 3458 ut
1359 3405 1524 3459 etiam
1553 3405 1634 3459 vir
1657 3421 1756 3476 per
1788 3423 1906 3461 mu-

303 3490 492 3545 lierem
521 3500 710 3560 postea
741 3501 1077 3548 nasceretur.
1103 3492 1161 3548 Si
1197 3502 1380 3548 autem
1409 3494 1582 3549 victor
1617 3495 1691 3549 ita
1717 3497 1905 3552 dividit

303 3590 364 3634 ut
390 3582 539 3637 dicat
563 3582 844 3638 mulierem
877 3599 943 3638 ex
965 3585 1082 3639 viro
1111 3599 1230 3639 esse
1253 3586 1550 3640 secundum
1580 3601 1796 3656 corpus,
1835 3601 1903 3641 ex

306 3673 416 3728 Deo
447 3685 630 3729 autem
654 3677 951 3730 secundum
979 3677 1216 3731 animam
1253 3689 1308 3732 et
1333 3679 1602 3749 spiritum,
1633 3681 1903 3751 quomodo

301 3764 410 3817 erit
435 3780 624 3819 verum
650 3765 792 3835 quod
816 3767 892 3820 ait
916 3767 1205 3837 Apostolus
1229 3787 1241 3822 :
1265 3767 1455 3822 Omnia
1473 3779 1646 3824 autent
1672 3788 1736 3824 ea:
1755 3770 1904 3825 Deo?

303 3855 667 3925 Quapropter,
715 3864 774 3909 ut
826 3856 1118 3926 Apostolus
1165 3859 1344 3928 potius
1385 3875 1574 3913 verum
1629 3860 1898 3931 loquatur,

302 3962 468 4016 quam
503 3948 605 4002 iste
643 3949 713 4002 ab
748 3948 1008 4017 Apostolo
1043 3948 1374 4018 proferatur,
1421 3950 1617 4005 mulier
1669 3966 1736 4005 ex
1784 3953 1902 4008 viro

298 4047 412 4100 est,
462 4039 579 4093 sive
619 4039 914 4094 secundum
956 4055 1189 4109 corpus,
1217 4041 1328 4095 sive
1365 4041 1657 4095 secundum
1695 4049 1899 4106 totum,

301 4146 414 4197 quo
453 4139 672 4184 constat
715 4130 952 4184 humana
985 4140 1200 4193 natura,
1234 4130 1365 4184 nihil
1395 4132 1535 4186 enim
1563 4132 1755 4185 horum
1785 4140 1902 4185 tan-

298 4237 466 4290 quam
495 4231 706 4275 certum
736 4219 1088 4286 allirmamus,
1115 4222 1211 4276 sed
1243 4223 1370 4291 quid
1397 4222 1587 4276 horum
1616 4238 1800 4276 verum
1830 4223 1901 4276 sit

297 4315 478 4368 adhuc
502 4313 820 4383 quaerimus,
852 4322 904 4366 et
928 4313 1012 4365 vir
1041 4328 1138 4381 per
1161 4314 1462 4376 mulierem,
1497 4314 1608 4368 sive
1631 4329 1697 4367 ex
1723 4323 1894 4383 parte,

303 4415 413 4460 tota
465 4406 707 4460 hominis
758 4416 953 4459 natura
1003 4406 1264 4470 ducatur,
1311 4421 1430 4476 qua:
1475 4421 1574 4475 per
1614 4408 1897 4463 mulierem

301 4497 571 4560 nascitur,
596 4497 709 4550 sive
743 4495 854 4549 sola
896 4511 1056 4560 caro,
1099 4498 1242 4550 unde
1293 4497 1470 4551 adhuc
1520 4498 1744 4565 qurestio
1789 4509 1890 4552 est.

2004 3308 2270 3374 manifesti
2299 3309 2430 3378 ﬁant
2465 3311 2602 3364 inter
2630 3327 2735 3365 vos.
2767 3310 2890 3366 Illos
2917 3311 3220 3383 signiﬁcat,
3257 3313 3383 3382 quia
3407 3313 3461 3367 in
3489 3322 3599 3367 tra-

2003 3397 2207 3452 ditione
2223 3409 2442 3469 accepta
2461 3401 2737 3467 durantes,
2758 3404 3064 3472 exemplum
3086 3404 3421 3474 probationis
3441 3413 3598 3460 erant

2005 3489 2330 3559 evangelica:
2359 3490 2657 3558 disciplina:
2704 3493 2772 3546 ad
2821 3494 3325 3550 condemnationem
3373 3505 3599 3551 etetero-

2005 3594 2148 3632 rum.
2189 3578 2251 3632 lli
2284 3588 2409 3634 sunt
2447 3596 2584 3650 quos
2615 3582 2667 3635 in
2709 3583 2886 3651 capite
2929 3584 3172 3654 epistolae
3217 3585 3489 3656 significat
3530 3602 3597 3642 eo

2006 3671 2149 3740 quod
2194 3673 2467 3739 dicerent,
2499 3691 2590 3728 nos
2628 3691 2745 3728 uero
2771 3674 2998 3740 Christi,
3036 3692 3156 3730 cum
3185 3678 3275 3731 alii
3307 3679 3549 3734 dicerent
3577 3697 3589 3733 :

2003 3761 2117 3832 Ego
2156 3760 2350 3827 Pauli,
2395 3780 2487 3833 ego
2517 3764 2723 3834 Apollo.
2755 3764 2940 3837 (Aug)
2985 3765 3121 3820 Malo
3161 3767 3306 3821 enim
3336 3777 3461 3823 voto
3497 3784 3597 3839 per

2003 3863 2288 3924 peccatum
2313 3856 2572 3927 legentes,
2597 3859 2738 3913 male
2762 3869 3028 3930 coguntur
3057 3861 3452 3932 intelligere,nt
3482 3864 3594 3932 ipsa

2004 3944 2074 3998 sit
2116 3959 2276 4014 poena
2314 3948 2555 4016 peccati,
2586 3964 2814 4017 quorum
2849 3959 3024 4005 tamen
3061 3960 3232 4005 morte
3279 3953 3370 4006 ﬁlii
3408 3955 3600 4008 catho—

2005 4034 2123 4090 lica:
2150 4037 2436 4103 Ecclesiae,
2485 4048 2740 4109 tanquam
2771 4043 3092 4109 quibusdam
3134 4044 3302 4112 spinis
3340 4061 3368 4097 a
3404 4061 3593 4100 somno

2005 4129 2335 4195 excitantur,
2375 4139 2428 4185 et
2469 4132 2534 4186 ad
2565 4131 2971 4203 intelligentiam
3001 4135 3305 4189 divinarum
3344 4134 3590 4206 Scriptu-

2005 4238 2120 4275 ram
2150 4223 2458 4292 proficiunt,
2491 4234 2687 4294 oportet
2715 4227 2849 4280 enim
2889 4237 2936 4281 et
2975 4229 3194 4282 hmreses
3227 4246 3367 4295 esse,
3393 4239 3448 4282 ut
3476 4247 3592 4298 pro-

2003 4313 2132 4376 bati,
2164 4313 2371 4382 inquit,
2402 4313 2666 4384 manifesti
2697 4317 2826 4385 fiant
2858 4319 2992 4372 inter
3017 4336 3133 4383 ros,
3177 4321 3277 4374 hoc
3306 4329 3420 4384 est,
3451 4320 3593 4375 inter

2003 4407 2253 4460 homines
2280 4448 2294 4470 ,
2347 4421 2468 4460 cum
2513 4406 2784 4463 manifesti
2830 4409 2938 4463 sint
2979 4411 3108 4465 Deo.
3163 4413 3592 4465 Convenientibuc

2001 4513 2122 4566 ergo
2161 4497 2304 4550 vobis
2348 4498 2400 4550 in
2443 4515 2637 4563 unum,
2657 4499 2772 4568 jam
2798 4517 2898 4553 non
2926 4512 2998 4554 est
3023 4519 3217 4556 caenam
3261 4503 3588 4557 Dominicam

297 4589 494 4643 Omnia
525 4596 705 4642 tamen
737 4603 802 4642 ex
835 4589 946 4642 Deo
979 4589 1122 4642 unde
1151 4587 1297 4640 nulla
1329 4588 1556 4656 quaestio
1581 4599 1684 4653 est,
1711 4589 1761 4643 id
1789 4599 1894 4654 est,
1923 4564 1973 4622 D
2002 4587 2339 4652 manducare,
2374 4591 2725 4660 unusquisque
2752 4594 2887 4646 enim
2913 4612 3063 4647 suam
3093 4611 3290 4648 coenam
3320 4596 3589 4664 pra’sumit

297 4686 354 4730 et
373 4693 602 4745 corpus,
628 4684 683 4730 et
711 4677 912 4740 anima,
943 4685 1000 4730 et
1031 4678 1254 4746 spiritus
1277 4678 1377 4730 viri
1402 4686 1456 4731 et
1487 4678 1728 4733 mulieris
1747 4720 1760 4742 ,
1794 4681 1894 4734 etsi

298 4767 445 4820 enim
473 4782 581 4820 non
605 4783 672 4819 ex
697 4767 807 4820 Deo
834 4776 958 4819 nata
973 4766 1253 4820 veLtracta
1284 4777 1427 4830 sunt,
1455 4768 1540 4822 vel
1577 4779 1893 4836 manarunt,

300 4859 376 4912 ita
398 4868 456 4912 ut
482 4856 602 4924 ejus
627 4867 833 4912 natura:
854 4857 982 4919 sint,
1003 4866 1180 4912 tamen
1208 4874 1272 4912 ex
1290 4859 1398 4913 Deo
1414 4869 1556 4923 sunt,
1578 4876 1606 4914 a
1622 4876 1728 4930 quo
1751 4863 1896 4916 enim

298 4961 515 5014 creata,
549 4949 764 5004 condita
784 4989 798 5012 ,
827 4947 968 5004 facta
997 4960 1141 5012 sunt,
1179 4951 1248 5004 ab
1283 4951 1374 5006 illo
1410 4952 1612 5006 habent
1641 4961 1698 5006 ut
1724 4954 1850 5008 sint.

378 5037 486 5091 Vos
529 5039 630 5106 ipsi
661 5037 927 5105 judicate,
978 5037 1122 5091 decet
1168 5038 1436 5094 mulierem
1471 5040 1693 5094 velatam
1740 5057 1892 5096 orare

299 5128 773 5200 Deum?(Ambr.)
813 5127 950 5182 Hinc
998 5138 1109 5192 est,
1161 5129 1306 5199 quod
1343 5131 1592 5201 superius
1642 5131 1745 5186 illis
1797 5149 1893 5202 per

297 5220 534 5274 ironiam
569 5226 874 5282 succenset,
922 5219 1107 5274 dicens
1137 5237 1150 5274 :
1183 5219 1398 5284 Laudo,
1435 5223 1558 5293 quia
1592 5239 1683 5292 per
1716 5225 1893 5277 omnia

295 5327 468 5364 meum
499 5311 806 5363 memoriam
831 5311 1082 5376 retinetis,
1122 5322 1170 5365 et
1210 5315 1469 5382 quomodo
1501 5315 1888 5381 ubiquetrado,

295 5405 612 5458 traditiones
651 5419 793 5457 meas
842 5406 1044 5458 tenetis.
1077 5404 1210 5460 Cum
1241 5408 1386 5462 enim
1413 5409 1528 5462 hate
1551 5417 1695 5462 esset
1727 5409 1892 5462 tradi-

295 5494 463 5548 tionis
487 5494 647 5557 ratio,
679 5503 734 5548 et
755 5494 947 5548 velata:
970 5494 1224 5550 mulieres
1247 5507 1428 5552 essent
1451 5498 1501 5551 in
1527 5499 1786 5564 Ecclesia,
1819 5498 1892 5553 illi

296 5594 490 5640 contra
521 5585 790 5641 revelatas
810 5602 902 5642 eas
925 5587 978 5641 in
999 5588 1242 5643 Ecclesia
1269 5591 1892 5664 patiebantur.‘ldeoque

301 5693 409 5732 non
438 5678 555 5749 jam
586 5677 910 5733 auctoritate
955 5680 1265 5736 traditionis
1309 5697 1472 5751 quam
1516 5683 1888 5754 neglexerant,

301 5768 396 5822 sed
417 5784 514 5838 per
541 5769 716 5840 ipsam
741 5779 989 5827 naturam
1014 5773 1240 5828 suadere
1266 5773 1370 5831 illis
1395 5775 1584 5830 nititur
1605 5778 1888 5833 veritatem

2002 4681 2072 4732 ad
2094 4682 2557 4737 manducandum:
2579 4694 2627 4737 et
2649 4685 2784 4740 alius
2813 4687 3020 4757 quidem
3049 4689 3229 4753 esurit,
3255 4688 3390 4742 alius
3415 4695 3588 4743 autem

1999 4769 2173 4823 ebrius
2212 4782 2307 4825 est.
2345 4772 2598 4842 Nunquid
2639 4774 2821 4829 domos
2862 4793 2960 4830 non
3007 4778 3204 4831 habetis
3254 4779 3322 4830 ad
3369 4783 3586 4832 mandu-

2000 4861 2248 4923 candum,
2279 4871 2324 4915 ct
2351 4862 2644 4927 bibendum,
2667 4876 2755 4917 aut
2789 4865 3082 4920 Ecclesium
3112 4867 3209 4920 Dei
3235 4869 3583 4934 contemnitis,

1943 4984 1946 4987 -
1998 4959 2044 5002 et
2075 4951 2392 5019 confunditis
2416 4969 2501 5006 eos
2521 4954 2610 5024 qui
2635 4971 2738 5008 non
2766 4956 2992 5009 habent?
3013 4956 3248 5027 (Ainbr.)
3274 4957 3382 5010 Hos
3411 4967 3582 5025 notat,

1999 5045 2088 5114 qui
2119 5046 2197 5100 sic
2233 5047 2283 5101 in
2309 5048 2607 5103 Ecclesium
2639 5051 3068 5117 conveniebant,
3114 5061 3174 5106 ut
3219 5069 3442 5109 munera
3487 5073 3582 5111 sua

1997 5136 2283 5193 oll‘crentes
2337 5140 2746 5195 advenientibus
2802 5144 3167 5214 presbyteris,
3219 5146 3344 5215 quia
3403 5147 3581 5203 adhuc

1998 5237 2237 5283 rectores
2261 5229 2516 5285 Eeclesiis
2539 5232 2592 5284 in
2615 5233 2863 5286 omnibus
2884 5235 3015 5289 locis
3039 5234 3254 5289 fuerant
3280 5238 3576 5301 constituti,

1995 5328 2166 5373 totum
2186 5321 2286 5374 sibi
2311 5322 2402 5390 qui
2429 5323 2702 5378 obtulerat
2725 5325 3024 5380 vindicaret
3064 5327 3372 5384 schismatis
3394 5339 3576 5385 causa.

1995 5409 2374 5468 Dissensiones
2412 5414 2557 5468 enim
2603 5416 2743 5470 inter
2769 5432 2835 5471 eo
2863 5417 3295 5488 pseudoapostoli
3343 5423 3578 5477 semina-

1993 5511 2214 5566 verant,
2263 5504 2336 5558 ita
2371 5513 2428 5559 ut
2455 5506 2758 5563 oblationes
2798 5525 2926 5563 snas
2955 5511 3278 5566 zelarentur.
3310 5512 3441 5566 Cum
3473 5528 3578 5567 una

1955 5653 1964 5662 ,
1995 5605 2158 5664 atque
2183 5596 2368 5651 eadem
2397 5613 2560 5668 prece
2585 5601 2824 5655 omnium
2863 5602 3168 5657 oblationes
3193 5603 3580 5658 benedicercn-

1993 5694 2100 5750 tur,
2132 5694 2191 5739 ut
2221 5687 2274 5740 hi
2302 5689 2391 5756 qui
2414 5728 2427 5752 ,
2456 5696 2512 5742 ut
2535 5691 2733 5744 assolet
2763 5691 2876 5746 ﬁeri
2900 5734 2914 5758 ,
2952 5709 3058 5749 non
3104 5695 3441 5756 obtulerant,
3485 5706 3579 5751 aut

1995 5779 2138 5835 unde
2176 5779 2432 5836 ollerrcnt
2462 5797 2566 5836 non
2599 5783 2906 5848 habebant,
2935 5785 3138 5854 pudore
3175 5785 3405 5854 correpti
3445 5803 3575 5841 con-
