4082 6332
477 395 578 453 1θὸ
1198 389 1452 449 RABANI
1493 389 1713 451 MAURI
1754 386 2072 448 ARCHIEP.
2110 387 2419 449 MOGUNT.
2461 384 2745 448 OPERUM
2778 382 2959 447 PARS
2993 380 3083 447 III.
3622 386 3731 451 104

470 506 826 564 funderentur
852 520 961 562 non
988 513 1261 561 sumentes
1287 513 1529 576 partem.
1560 512 1617 560 et
1641 512 1756 559 tam
1785 504 1896 558 cito
1922 502 2053 558 illud
2077 504 2131 565 Α
2157 502 2413 557 traditum
2432 502 2627 558 devota
2652 518 2805 559 mens
2823 502 3215 560 sitaccedentis
3239 502 3307 559 ad
3335 500 3735 563 Eucharistiam

476 599 730 669 agebant,
759 605 820 651 ut
839 595 1281 666 supervenientes
1301 610 1414 650 non
1442 593 1745 649 invenirent
1772 592 1914 662 quod
1934 592 2056 647 ede-

476 696 621 744 rent.
634 686 865 756 Ideoque
879 686 924 741 si
940 685 1042 752 sic,
1061 685 1259 755 inquit,
1274 683 1592 748 convenitis,
1611 692 1671 737 ut
1689 680 2058 750 unusquisque

473 793 634 832 suum
664 784 864 841 sumat,
901 775 1194 830 domi-hate
1221 774 1449 843 agenda,
1480 788 1586 827 non
1618 772 1671 826 in
1701 770 1940 825 Ecclesia
1963 768 2057 824 ubi

474 867 606 921 tatis
630 874 686 921 et
706 863 953 936 mysterii
995 878 1160 919 causa
1202 861 1542 927 convenitur,
1574 875 1682 915 non
1705 857 2058 914 dissensionis

476 966 536 1014 et
559 956 764 1012 ventris
797 972 812 1012 :
842 970 1039 1011 munus
1079 955 1227 1010 enim
1260 953 1498 1008 oblatum
1540 949 1705 1005 totius
1746 948 1927 1019 populi
1965 948 2056 1013 ﬁt,

475 1052 603 1122 quia
630 1052 685 1107 in
713 1066 823 1107 uno
852 1065 994 1121 pane
1018 1063 1209 1105 omnes
1237 1045 1634 1118 signiﬁcantur,
1674 1057 1774 1114 per
1821 1042 1876 1097 id
1913 1041 2060 1097 enim

474 1143 623 1214 quod
650 1156 816 1198 unum
851 1155 1060 1205 sumus,
1092 1139 1159 1195 de
1183 1151 1289 1192 uno
1308 1151 1449 1205 pane
1479 1146 1670 1188 omnes
1707 1146 1808 1186 nos
1844 1143 2060 1185 sumere

476 1242 713 1307 oportet.
759 1233 900 1301 Quid
939 1232 1114 1286 dicam
1152 1229 1338 1286 vobis?
1367 1226 1527 1280 laudo
1562 1225 1688 1278 vos?
1728 1223 1784 1277 in
1822 1222 1919 1276 hoc
1956 1234 2062 1277 non

483 1322 665 1377 laudo.
706 1320 967 1392 Apertum
1020 1327 1127 1384 est,
1181 1313 1516 1387 deprehenso
1565 1319 1617 1367 et
1671 1318 1922 1380 correpto
1976 1323 2063 1364 er-

481 1424 637 1478 rore;
665 1420 724 1467 ut
752 1412 820 1467 de
847 1419 1047 1473 caetero
1073 1408 1347 1477 corrigunt
1371 1412 1427 1461 et
1456 1404 1662 1470 sciant,
1697 1402 1801 1457 hoc
1838 1415 2058 1466 verum,

480 1501 628 1574 quod
669 1500 871 1556 dudum
904 1500 967 1575 in
994 1495 1306 1570 primordiis
1341 1494 1443 1565 ipsi
1482 1493 1800 1556 didicerant,
1832 1490 2063 1549 formam

481 1594 590 1650 illis
608 1608 730 1662 quae
754 1607 786 1646 a
816 1590 1085 1647 salvatore
1104 1590 1160 1644 in
1186 1604 1246 1644 re
1266 1585 1632 1655 hujuscemodi
1659 1584 1785 1640 data
1799 1592 1883 1641 est
1903 1584 2064 1639 iterat

482 1682 707 1739 dicens:
739 1677 854 1750 Ego
900 1679 1038 1733 enim
1078 1677 1250 1748 accepi
1284 1694 1316 1731 a
1343 1674 1568 1729 Domino
1596 1673 1735 1743 quod
1777 1682 1826 1729 et
1868 1670 2065 1727 tradidi

481 1771 647 1836 uobis,
670 1767 928 1840 quomodo
956 1767 1210 1822 Dominus
1247 1763 1404 1819 Iesus
1428 1765 1485 1818 in
1509 1781 1613 1835 qua
1644 1773 1791 1818 nocte
1821 1762 2066 1816 tradeba-

2157 592 2387 649 Domini.
2412 594 2678 662 Quoniam
2705 593 2946 649 futurum
2970 603 3056 649 est
3070 592 3333 663 judicium
3353 636 3369 662 ,
3393 605 3455 651 ut
3477 599 3739 667 quemad-

2156 686 2373 740 modum
2404 685 2615 741 accedit
2650 685 3040 755 unnsquisque,
3080 685 3274 741 reddat
3311 702 3505 744 causas
3552 688 3608 744 in
3648 688 3742 744 die

2155 773 2369 831 Domini
2393 773 2518 829 Jesu
2547 774 2774 839 Christi,
2810 775 2939 845 quia
2965 775 3084 830 sine
3120 777 3404 847 disciplina
3435 777 3744 835 traditionis

2156 870 2213 917 et
2236 863 2680 927 conversationis,
2718 864 2811 933 qui
2841 863 3105 919 accedunt
3136 866 3215 920 rei
3259 875 3386 922 sunt
3414 870 3657 940 corporis
3684 879 3744 927 et

2157 953 2436 1022 sanguinis
2467 952 2699 1009 Domini.
2737 953 2877 1020 Quid
2915 964 2999 1011 est
3036 970 3163 1011 reus
3204 971 3356 1024 esse,
3397 959 3501 1015 nisi
3550 976 3744 1031 poenas

2159 1042 2289 1097 dare
2324 1044 2515 1097 mortis
2543 1035 2791 1097 Domini?
2839 1042 3065 1101 Occisus
3091 1054 3176 1101 est
3217 1046 3364 1101 enim
3398 1063 3499 1118 pro
3527 1049 3614 1105 his
3645 1050 3745 1121 qui

2158 1132 2480 1191 beneﬁcium
2508 1133 2625 1202 ejus
2656 1133 2711 1188 in
2736 1135 2953 1190 irritum
2980 1135 3183 1191 ducunt
3212 1135 3419 1210 (Aug).
3443 1137 3584 1206 Quid
3610 1155 3747 1213 ergo

2160 1223 2399 1290 miraris,
2428 1223 2473 1279 si
2499 1222 2657 1279 datus
2694 1231 2782 1279 eet
2825 1223 2977 1279 Iudae
3014 1225 3172 1294 panis
3198 1225 3435 1294 Christi,
3461 1243 3559 1299 per
3582 1243 3747 1299 quem

2160 1314 2560 1385 manciparetur
2588 1314 2822 1381 diabolo,
2855 1330 2977 1371 cum
2999 1316 3186 1372 videas
3209 1331 3242 1371 e
3259 1318 3537 1374 contrario
3558 1320 3749 1375 datum

2160 1405 2328 1461 Paulo
2373 1405 2619 1476 angelum
2666 1406 2896 1474 diaboli,
2942 1421 3042 1477 per
3086 1422 3247 1478 quem
3282 1409 3639 1480 proﬁceretur
3689 1411 3749 1467 in

2161 1497 2398 1567 Christo,
2429 1499 2506 1554 ita
2544 1508 2601 1556 et
2646 1500 2788 1557 malo
2816 1500 3017 1557 bonum
3045 1500 3247 1568 obfuit,
3271 1511 3328 1558 et
3365 1503 3507 1559 bono
3544 1503 3749 1559 malum

2163 1588 2384 1661 profuit.
2426 1589 2807 1647 Recordamini
2844 1606 2976 1662 ergo
3003 1592 3147 1647 unde
3177 1593 3249 1648 sit
3281 1595 3541 1664 scriptum
3568 1610 3581 1648 :
3617 1594 3752 1661 Qui-

2165 1695 2366 1750 cunque
2396 1679 2790 1734 manducauerit
2814 1696 3001 1750 panem
3019 1719 3035 1747 ,
3062 1690 3153 1734 aut
3180 1680 3363 1735 biberit
3395 1681 3610 1737 calicem
3642 1682 3754 1737 Do.

2166 1773 2294 1827 mini
2325 1773 2569 1845 indigne,
2602 1789 2722 1829 reus
2749 1774 2847 1829 erit
2880 1774 3112 1840 corporis
3141 1783 3189 1829 et
3211 1775 3481 1845 sanguinis
3510 1775 3750 1832 Domini.

480 1869 586 1925 tur,
620 1859 815 1929 accepit
856 1873 1067 1928 panem,
1102 1864 1152 1911 et
1192 1855 1389 1926 gratias
1421 1869 1577 1924 agens
1605 1852 1778 1923 fregit,
1806 1860 1855 1908 et
1882 1850 2017 1906 dixit
2042 1869 2061 1907 :

2167 1865 2232 1921 Et
2256 1866 2322 1921 de
2353 1843 2582 1923 hisrerat
2606 1880 2786 1923 sermo
2812 1880 2934 1921 cum
2961 1866 3065 1921 hoc
3084 1843 3376 1937 Apostolus
3403 1866 3626 1934 diceret,
3656 1867 3757 1937 qui

482 1952 773 2021 Accipiteet
796 1949 1131 2014 manducate,
1160 1947 1257 2000 hoc
1280 1956 1356 2000 est
1386 1961 1572 2015 corpus
1592 1960 1786 2010 meum,
1807 1943 1947 2015 quod
1971 1957 2066 2014 pro

480 2041 625 2097 vobis
654 2039 911 2104 tradetur,
933 2037 1030 2092 hoc
1051 2036 1207 2106 facite
1230 2034 1286 2089 in
1308 2050 1480 2089 meam
1504 2034 2064 2088 commemorationem.

485 2130 745 2189 Similiter
779 2138 825 2184 et
854 2128 1065 2183 calicem
1107 2136 1382 2198 postquam
1433 2125 1650 2179 coenavit
1693 2123 1872 2178 dicens
1907 2137 1927 2175 :
1964 2121 2067 2177 Hic

482 2222 628 2278 calix
657 2221 867 2276 Nouum
897 2218 1284 2275 Testamentum
1310 2225 1385 2273 est
1410 2218 1467 2270 in
1492 2232 1605 2271 meo
1641 2215 1916 2287 sanguine.
1952 2212 2068 2269 Hoc

484 2312 663 2382 facite,
695 2310 1097 2381 quotiescunque
1133 2306 1344 2373 bibetis,
1394 2307 1451 2360 in
1487 2321 1655 2360 meam
1695 2320 2071 2362 commemora-

480 2401 698 2455 tionem.
739 2398 984 2455 Ostendit
1018 2398 1125 2453 illis
1169 2395 1486 2469 mysterium
1534 2393 1889 2450 Eucharistim
1927 2394 2070 2449 inter

483 2490 809 2546 cmnandum
835 2490 1173 2546 celebratum
1210 2505 1323 2545 non
1358 2502 1573 2546 cumam
1607 2502 1766 2555 esse;
1801 2486 2069 2544 medicina

482 2580 631 2636 enim
659 2580 918 2652 spiritalis
947 2589 1064 2648 est,
1094 2596 1214 2652 quze
1262 2594 1387 2636 cum
1412 2578 1718 2634 reverentia
1760 2576 2064 2650 degustata,

483 2670 740 2742 puriﬁcat
767 2671 871 2727 sibi
897 2671 1172 2727 devotum.
1207 2670 1464 2745 Memoria
1495 2670 1642 2725 enim
1684 2667 2070 2739 redemptionis

486 2771 704 2827 nostrae,
729 2770 791 2818 ut
812 2761 1188 2833 Redemptoris
1216 2776 1485 2818 memores
1512 2759 1719 2831 majora
1749 2761 1818 2816 ab
1843 2775 1911 2816 eo
1941 2774 2071 2816 con-

484 2854 641 2926 sequi
678 2868 1007 2910 mereamur.
1058 2852 1480 2923 Quotiescunque
1516 2851 1653 2905 enim
1680 2849 2068 2905 manducabitis

485 2960 674 3017 panem
700 2945 870 3009 hunc,
916 2952 965 2998 et
1000 2942 1215 2998 calicem
1243 2941 1425 2997 bibatis
1443 2981 1458 3006 ,
1487 2951 1703 2995 mortem
1727 2938 1943 2994 Domini
1971 2956 2071 2995 an-

486 3034 792 3100 nuntiabitis
813 3035 974 3090 donec
996 3034 1185 3089 veniat.
1201 3030 1337 3100 Quia
1360 3032 1507 3087 enim
1521 3038 1696 3086 morte
1710 3029 1923 3085 Domini
1938 3030 2072 3087 libe-

2165 1954 2380 2011 Domini
2433 1971 2632 2026 corpus
2680 1955 2831 2012 velut
2878 1955 3174 2025 quemlibet
3219 1955 3385 2011 alium
3434 1956 3615 2011 cibum
3664 1956 3753 2010 in-

2166 2044 2400 2100 discrete
2422 2045 2860 2116 negligenterque
2887 2045 3191 2101 sumebant.
3217 2042 3316 2100 Hic
3345 2058 3479 2116 ergo
3504 2043 3550 2099 si
3573 2043 3755 2099 carri.

2164 2133 2313 2203 pitur
2354 2134 2447 2204 qui
2489 2150 2602 2190 non
2648 2135 2938 2205 dijudicat,
2969 2134 3073 2189 hoc
3113 2140 3228 2199 est,
3262 2148 3370 2188 non
3417 2132 3675 2188 discernit
3720 2147 3757 2187 a

2167 2224 2382 2279 caeteris
2407 2224 2545 2280 cibis
2569 2224 2906 2281 Dominicum
2927 2239 3143 2296 corpus,
3169 2224 3439 2309 quomodo
3465 2240 3574 2281 non
3602 2225 3759 2280 dam-

2165 2320 2331 2368 natur
2371 2314 2464 2385 qui
2509 2316 2578 2371 ad
2616 2315 2734 2386 ejus
2772 2330 3015 2372 mensam
3043 2314 3252 2387 ﬁngens
3276 2315 3512 2372 amicum
3544 2316 3760 2372 accedit

2167 2403 2458 2461 inimicus?
2486 2405 2679 2462 Probet
2701 2417 2877 2462 autem
2902 2408 3128 2478 seipsum
3153 2410 3328 2476 homo,
3353 2417 3401 2463 et
3422 2410 3496 2464 sic
3525 2409 3590 2465 de
3617 2426 3758 2481 pane

2166 2496 2260 2553 illo
2294 2497 2448 2564 edat,
2484 2508 2532 2553 et
2563 2499 2629 2554 de
2663 2498 2826 2554 calice
2856 2498 2998 2554 bibat
3025 2512 3045 2552 :
3066 2500 3158 2569 qui
3191 2501 3331 2555 enim
3377 2501 3663 2556 manducet
3706 2508 3759 2556 et

2169 2585 2295 2642 bibit
2327 2587 2574 2659 indigne,
2617 2588 2879 2658 judicium
2923 2589 3022 2644 sibi
3057 2588 3342 2644 manducat
3386 2598 3437 2645 et
3468 2589 3624 2658 bibit,
3648 2606 3759 2645 non

2167 2679 2467 2735 discernens
2493 2696 2683 2751 corpus
2707 2680 2939 2736 Domini.
2980 2678 3215 2753 (Ambr.)
3253 2680 3460 2737 Devoto
3496 2680 3679 2737 animo
3701 2688 3764 2737 et

2169 2785 2292 2826 cum
2326 2771 2519 2827 timore
2538 2771 2907 2828 accedendum
2931 2770 3000 2826 ad
3023 2771 3456 2827 communionem
3484 2771 3664 2837 docet,
3696 2778 3763 2826 ut

2169 2860 2308 2917 sciat
2339 2875 2495 2917 mens
2533 2861 2893 2917 reverentiam
2923 2874 2982 2915 se
3008 2860 3206 2916 debere
3232 2861 3305 2927 ei,
3334 2863 3404 2917 ad
3437 2861 3594 2932 cujus
3630 2874 3761 2918 cor-

2167 2965 2272 3021 pus
2323 2951 2643 3006 sumendum
2690 2951 2930 3015 accedit;
2976 2950 3083 3006 hoc
3120 2951 3267 3005 enim
3316 2952 3457 3022 apud
3497 2966 3557 3008 se
3596 2952 3761 3009 debet

2164 3040 2413 3112 judicare
2434 3041 2562 3112 quia
2586 3041 2845 3097 Dominus
2865 3047 2969 3104 est,
2995 3040 3151 3112 cujus
3174 3041 3229 3095 in
3251 3042 3511 3112 mysterio
3539 3042 3760 3113 sangui-

488 3127 595 3182 rati
618 3140 824 3193 sumus,
850 3122 1007 3193 hujus
1024 3123 1104 3179 rei
1131 3136 1401 3179 memores
1420 3122 1476 3176 in
1496 3120 1702 3178 edendo
1728 3127 1783 3175 et
1804 3118 2067 3190 portando

2171 3148 2297 3189 nem
2318 3142 2499 3205 potat,
2521 3132 2612 3203 qui
2641 3133 2794 3189 testis
2818 3142 2903 3188 est
2930 3131 3182 3189 beneﬁcii
3214 3132 3340 3198 Dei;
3372 3148 3535 3204 quem
3572 3149 3671 3189 nos
3711 3134 3759 3189 si

488 3230 708 3273 carnem
746 3224 802 3271 et
832 3215 1173 3287 sanguinem,
1216 3229 1336 3285 quae
1371 3228 1472 3284 pro
1494 3212 1667 3269 nobis
1704 3211 1886 3268 oblata
1921 3219 2067 3278 sunt,

2173 3242 2301 3284 cum
2325 3226 2607 3298 disciplina
2640 3227 3004 3298 accipiamus,
3044 3240 3153 3281 non
3182 3226 3386 3282 erimus
3407 3226 3610 3299 indigni
3638 3240 3763 3282 con-

486 3308 856 3381 signiﬁcamus
888 3305 1095 3362 Novum
1120 3306 1525 3362 Testamentum
1558 3304 1613 3360 in
1647 3306 1733 3360 his
1772 3304 2068 3371 consecuti,

487 3400 635 3469 quod
659 3406 745 3454 est
771 3413 908 3453 nova
936 3397 1022 3453 lex
1039 3439 1055 3464 ,
1087 3412 1207 3467 quae
1234 3396 1579 3453 obedientem
1629 3395 1733 3451 sibi
1773 3395 2071 3451 traditae-

488 3490 715 3547 lestibus
764 3490 964 3562 regnis.
1016 3488 1150 3544 Nam
1198 3497 1253 3546 et
1294 3489 1507 3562 Moyses
1547 3493 1768 3557 accepto
1808 3488 2073 3559 sanguine

486 3581 641 3637 vituli
679 3581 733 3635 in
766 3590 978 3651 patera,
1002 3579 1231 3649 aspersit
1273 3578 1410 3634 ﬁlios
1432 3575 1627 3643 Israel,
1660 3576 1845 3632 dicens
1883 3594 1897 3630 :
1954 3575 2072 3631 Hoc

487 3680 855 3726 testamentum
897 3678 1001 3736 est,
1028 3670 1169 3741 quod
1198 3667 1452 3740 disposuit
1489 3666 1633 3721 Deus
1656 3665 1725 3720 ad
1750 3681 1838 3720 vos
1870 3664 2068 3737 (Exod.

488 3760 660 3832 xxiv).
697 3759 811 3814 Hoc
834 3758 1006 3831 ﬁgura
1031 3758 1133 3813 fuit
1156 3756 1487 3823 testamenti,
1509 3755 1655 3825 quod
1686 3753 1948 3810 Dominus
1966 3751 2075 3809 No-

486 3868 616 3907 vum
641 3851 929 3922 appellavit
950 3865 1046 3920 per
1064 3850 1404 3920 prophetam,
1430 3856 1491 3902 ut
1516 3846 1647 3901 illud
1667 3854 1825 3902 vetus
1843 3845 1913 3901 sit
1928 3845 2073 3917 quod

487 3944 699 4015 Moyses
724 3943 961 3997 tradidit.
991 3941 1398 3997 Testamentum
1427 3953 1556 4009 ergo
1584 3937 1843 4007 sanguine
1864 3935 2070 3991 consti-

487 4044 661 4089 tutum
683 4042 786 4099 est,
813 4032 940 4104 quia
966 4029 1214 4087 beneficii
1245 4028 1414 4084 divini
1439 4027 1660 4098 sanguis
1685 4026 1842 4081 testis
1877 4032 1980 4081 est.
2012 4023 2070 4079 In

488 4125 643 4196 cujus
686 4133 869 4195 typum
915 4138 1016 4179 nos
1066 4121 1288 4178 calicem
1340 4117 1628 4189 mysticum
1675 4116 1744 4172 ad
1788 4115 2073 4170 tuitionem

488 4216 731 4285 corporis
754 4224 808 4269 et
828 4212 1134 4284 sanguinis,
1163 4220 1219 4265 et
1256 4209 1452 4263 animae
1481 4215 1676 4261 nostra:
1706 4205 2033 4275 percipimus
2052 4242 2068 4268 ,

488 4322 615 4376 quia
641 4304 856 4374 sanguis
885 4302 1094 4358 Domini
1124 4298 1440 4370 sanguinem
1466 4304 1714 4351 nostrum
1737 4293 1986 4358 redemit,
2018 4292 2074 4347 id

490 4405 594 4460 est,
612 4402 781 4449 totum
802 4394 1072 4448 hominem
1088 4390 1296 4445 salvum
1311 4387 1458 4448 fecit;
1475 4400 1602 4441 caro
1620 4385 1762 4439 enim
1779 4382 2075 4439 Salvatoris

487 4500 589 4556 pro
634 4484 803 4540 salute
831 4483 1095 4553 corporis,
1127 4478 1346 4551 sanguis
1374 4492 1505 4532 vero
1533 4491 1632 4546 pro
1668 4473 1848 4530 anima
1887 4482 2075 4530 nostra

2168 3332 2303 3389 pore
2322 3325 2379 3373 et
2397 3317 2658 3388 sanguine
2673 3315 2907 3383 Domini,
2930 3314 3132 3388 gratias
3150 3315 3292 3370 enim
3314 3314 3618 3372 videbimur
3635 3314 3762 3371 red-

2170 3406 2300 3463 dere
2318 3405 2687 3476 Redemptori.
2702 3405 2831 3461 Ideo
2848 3404 2995 3461 multi
3014 3405 3068 3461 in
3084 3405 3224 3461 vobis
3244 3404 3463 3460 invalidi
3482 3414 3531 3460 et
3550 3406 3760 3477 aegroti,

2171 3508 2219 3554 et
2242 3500 2513 3554 dormiunt
2542 3497 2715 3565 multi,
2755 3508 2813 3553 ut
2841 3513 3030 3554 verum
3064 3499 3352 3569 probaret,
3380 3498 3507 3569 quia
3528 3511 3759 3553 examen
3838 3496 3843 3501 ’

2171 3585 2415 3645 futurum
2457 3597 2544 3644 est
2587 3588 2966 3658 accipientium
3012 3603 3209 3659 corpus
3254 3588 3501 3651 Domini,
3527 3587 3643 3658 jam
3665 3587 3759 3644 hic

2172 3678 2465 3750 imaginem
2510 3676 2699 3747 judicii
2739 3678 2977 3734 ostendit
3014 3678 3072 3733 in
3116 3692 3212 3734 eos
3236 3678 3326 3748 qui
3355 3677 3758 3735 inconsiderate

2172 3770 2389 3826 Domini
2410 3784 2604 3839 corpus
2629 3778 2986 3840 acceperant,
3018 3769 3148 3824 dum
3175 3767 3417 3824 febribus
3445 3777 3500 3824 et
3524 3766 3756 3823 inﬁrmi-

2172 3860 2373 3917 tatibus
2401 3860 2859 3932 corripiebantur,
2904 3868 2960 3917 et
3001 3859 3157 3914 multi
3195 3858 3588 3927 moriebantur,
3615 3867 3676 3914 ut
3702 3858 3760 3916 in

2172 3951 2259 4007 his
2292 3951 2474 4007 caeteri
2502 3952 2806 4018 discerent,
2854 3959 2910 4005 et
2951 3965 3247 4020 paucorum
3284 3951 3534 4021 exemplo
3575 3950 3762 4006 czeteri

2174 4041 2351 4098 territi
2396 4042 2838 4107 emendarentur,
2874 4056 2982 4096 non
3034 4039 3261 4094 inultum
3304 4054 3503 4111 corpus
3546 4039 3758 4096 Domini

2173 4133 2407 4189 scientes
2434 4131 2765 4204 negligenter
2786 4131 3052 4201 accipere,
3081 4139 3138 4186 et
3160 4145 3283 4186 eum
3304 4145 3464 4200 quem
3488 4129 3577 4184 hic
3596 4142 3761 4200 paena

2175 4221 2472 4287 distulerit,
2524 4222 2744 4292 gravius
2786 4221 3028 4286 tractari,
3051 4221 3179 4290 quia
3218 4221 3541 4291 contempsit
3576 4234 3763 4275 exem-

2173 4312 2342 4382 plum.
2373 4311 2526 4378 Quod
2554 4311 2601 4365 si
2628 4312 2966 4382 nosmetipsos
2987 4311 3415 4374 discerneremus,
3451 4325 3555 4363 non
3580 4311 3761 4380 utique

2167 4402 2549 4473 judicaremur.
2587 4401 2726 4456 Dum
2754 4401 3081 4473 judicamur,
3111 4417 3144 4455 α
3171 4399 3396 4455 Domino
3424 4401 3756 4471 corripimur,

2180 4505 2235 4551 ut
2265 4513 2367 4550 non
2394 4512 2514 4550 cum
2537 4497 2635 4550 hoc
2659 4494 2854 4550 mundo
2878 4494 3208 4548 domamur.
3236 4489 3352 4546 Hoc
3380 4490 3530 4558 dicit,
3559 4489 3686 4560 quia
3709 4489 3761 4544 si

488 4547 688 4633 ell‘usus
712 4585 814 4641 est,
838 4547 977 4631 sicut
999 4574 1150 4644 prius
1170 4547 1570 4642 pra-ﬁguratum
1596 4567 1773 4622 fuerat
1807 4580 1839 4620 a
1867 4564 2066 4636 Moyse,

2175 4585 2490 4656 nosmetipsi
2510 4599 2730 4642 errores
2761 4594 2977 4640 nostros
2999 4583 3419 4654 corrigercmus,
3448 4595 3556 4636 non
3590 4595 3622 4635 a
3648 4580 3760 4635 Do-

490 4668 571 4723 sic
594 4667 738 4722 enim
769 4665 845 4719 ait
872 4682 885 4718 :
910 4664 1077 4729 Caro,
1106 4661 1321 4732 inquit,
1350 4675 1446 4731 pro
1478 4673 1692 4729 corpore
1721 4666 1886 4713 vestro
1916 4657 2072 4726 σπεν-

490 4768 597 4823 tur,
620 4755 833 4826 sanguis
863 4770 977 4810 vero
1004 4769 1097 4824 pro
1126 4753 1303 4807 anima
1319 4790 1335 4817 ,
1359 4750 1585 4819 ideoque
1610 4762 1719 4802 non
1742 4745 2074 4803 manducan-

492 4848 619 4902 dum
647 4844 983 4914 sanguinem.
1020 4840 1078 4896 Si
1119 4840 1283 4912 igitur
1324 4839 1465 4910 apud
1505 4846 1717 4894 veteres
1754 4840 1934 4909 imago
1969 4836 2071 4893 fuit

489 4934 761 4997 veritatis,
802 4947 920 5003 qua:
964 4946 1108 4987 nunc
1153 4931 1402 5002 apparuit
1432 4938 1489 4986 et
1526 4927 1869 4985 manifestata
1907 4937 1991 4984 est
2014 4928 2070 4983 in

492 5023 789 5082 Salvatoris
828 5022 1093 5088 adventu,
1134 5020 1402 5091 quomodo
1445 5020 1712 5076 hmreticis
1736 5018 2069 5074 contrarium

490 5114 703 5170 videtur
729 5121 1069 5177 vetus‘novo,
1100 5126 1222 5166 cum
1254 5111 1370 5182 ipsa
1393 5110 1497 5167 sibi
1524 5109 1755 5166 invicem
1783 5108 1893 5163 sint
1915 5107 2068 5164 testi-

492 5207 672 5263 monio
695 5206 719 5262 ’ἒ

561 5316 750 5387 Itaque
771 5316 1063 5388 quicunque
1083 5316 1246 5372 ederit
1270 5332 1461 5388 panem
1485 5312 1622 5371 hunc
1655 5323 1746 5369 aut
1775 5314 1957 5371 biberit
1989 5331 2073 5370 ca-

488 5406 642 5465 licem
669 5407 882 5462 Domini
908 5406 1150 5478 indigne,
1187 5423 1305 5462 reus
1328 5407 1426 5461 erit
1452 5406 1685 5477 corporis
1719 5413 1767 5458 et
1801 5405 2072 5478 sanguinis

490 5497 724 5555 Domini.
749 5476 1035 5571 Indignum
1057 5498 1188 5554 dicit
1207 5513 1329 5554 esse
1354 5497 1606 5558 Domino,
1633 5495 1729 5565 qui
1772 5494 1933 5549 aliter
1958 5476 2075 5566 my-

488 5590 717 5649 sterium
741 5589 997 5657 celebrat,
1021 5606 1181 5661 quam
1203 5590 1271 5645 ab
1297 5604 1363 5644 eo
1390 5587 1646 5643 traditum
1671 5594 1774 5652 est,
1796 5602 1904 5642 non
1929 5584 2073 5641 enim

488 5688 670 5753 potest
687 5680 911 5736 devotus
933 5695 1057 5739 esse
1085 5679 1176 5749 qui
1203 5679 1362 5735 aliter
1384 5677 1665 5748 praesumit
1689 5691 1851 5747 quam
1887 5677 2070 5732 datum

491 5778 575 5827 cst
593 5770 662 5828 ab
685 5780 927 5838 auctore,
950 5771 1070 5826 ideo
1090 5777 1407 5849 praemonet,
1430 5777 1485 5823 ut
1512 5766 1805 5827 secundant
1827 5769 2070 5826 ordinem

2172 4676 2324 4731 mino
2354 4675 2745 4746 iudicaremur,
2767 4684 2826 4733 et
2865 4677 2993 4747 quia
3040 4674 3383 4746 corripimur,
3432 4683 3614 4729 tamen
3659 4688 3761 4743 pro

2174 4769 2333 4825 nobis
2350 4777 2453 4835 est,
2476 4777 2535 4823 ut
2558 4770 2755 4826 timore
2774 4770 2890 4842 ipso
2910 4769 3297 4825 emendemur:
3326 4769 3379 4823 in
3401 4767 3586 4837 paucis
3610 4766 3759 4822 enim

2172 4859 2415 4916 omnium
2444 4868 2528 4916 est
2562 4862 2895 4927 emendatio;
2937 4881 2957 4913 ι
2986 4875 3055 4915 ne
3084 4875 3205 4915 cum
3237 4860 3342 4915 hoc
3376 4859 3607 4926 mundo,
3650 4878 3671 4911 ι
3705 4859 3762 4914 id

2174 4960 2279 5017 est,
2302 4965 2426 5005 cum
2448 4949 2753 5006 inﬁdelibus
2784 4969 2803 5003 ι
2831 4952 3166 5007 damnemur.
3199 4968 3219 5002 ι
3246 4947 3389 5004 Nihil
3411 4949 3556 5004 enim
3578 4946 3763 5004 differt

2174 5046 2245 5101 ab
2266 5044 2468 5100 inﬁdeli
2492 5044 2585 5115 qui
2615 5044 3010 5100 inconsiderate
3050 5042 3118 5097 ad
3144 5056 3388 5098 mensam
3418 5040 3631 5097 Domini
3662 5055 3760 5097 ac-

2175 5138 2356 5197 cedit:
2379 5151 2553 5207 neque
2581 5136 2725 5192 enim
2765 5137 2855 5206 pie
2877 5135 3141 5192 Dominus
3179 5143 3305 5190 ante
3331 5132 3761 5204 delinquentium

2173 5227 2360 5286 oculos
2389 5226 2564 5282 ﬁenda
2589 5234 2813 5298 peccata
2852 5233 3181 5298 opponeret,
3211 5225 3258 5281 si
3285 5240 3383 5297 per
3405 5224 3762 5292 semetipsum

2174 5334 2238 5376 ea
2264 5319 2508 5375 districts
2548 5316 2714 5373 ferire
2752 5317 3043 5386 voluisset;
3090 5326 3305 5375 constat
3350 5316 3495 5372 enim
3536 5314 3683 5385 quod
3727 5329 3761 5369 a

2174 5427 2275 5470 suo
2291 5409 2499 5480 judicio
2520 5409 2852 5468 abscondere
2863 5412 3052 5479 voluit,
3068 5427 3205 5482 quos
3226 5408 3538 5466 miserando
3552 5422 3761 5478 praeve-

2171 5503 2331 5558 niens
2344 5499 2863 5573 semetipsisjudices
2881 5501 3027 5557 fecit.
3049 5501 3187 5556 Hinc
3201 5500 3346 5556 enim
3363 5498 3622 5567 scripwm
3637 5506 3724 5553 est
3741 5514 3758 5553 :

2173 5589 2564 5646 Prwvenibmus
2604 5590 2794 5662 faciem
2816 5594 2931 5664 ejus
2960 5592 3014 5646 in
3042 5589 3361 5660 confessione
3392 5585 3563 5661 (Psal.
3586 5585 3758 5669 κων),

2173 5679 2376 5755 [Cass.]
2404 5679 2542 5737 Hinc
2571 5697 2670 5754 per
2697 5683 2921 5739 Paulum
2939 5682 3137 5737 dicitur
3165 5699 3178 5735 :
3210 5680 3268 5737 Si
3302 5680 3647 5751 nosmetipsos
3664 5679 3761 5748 ju-

2172 5772 2499 5841 dicaremus,
2552 5790 2655 5829 non
2699 5773 2876 5844 utique
2912 5771 3298 5841 iudicaremur.
3343 5769 3500 5829 Omni
3538 5771 3760 5841 quidem
