4082 6332
306 359 411 415 105

307 470 598 536 industria,
632 467 971 538 quantum‘in
1001 465 1156 520 nobis
1174 471 1258 520 est
1281 463 1497 518 studere
1520 463 1796 527 debemus,
1829 469 1889 516 ut
1916 463 1967 523 Α

311 560 711 622 immaculatum
741 557 1074 613 castimoniae
1097 557 1386 626 puritatem
1415 555 1504 609 illo
1530 555 1611 609 vel
1647 554 1880 609 maxime

315 660 550 722 tempore
573 657 870 710 teneamus,
893 659 999 714 quo
1019 644 1340 700 venerandis
1358 643 1612 698 assistere
1632 650 1882 714 optamus

314 743 606 807 altaribus,
637 747 693 796 et
718 737 1126 809 vigilantissima
1162 737 1643 808 circumspectione
1685 751 1878 807 praeca-

316 834 542 889 vendum
564 839 670 896 est,
701 845 769 885 ne
781 829 963 884 carnis
987 829 1268 899 integritas
1289 829 1623 899 praecedente
1645 835 1886 898 tempore

314 924 604 988 Custodita,
637 922 694 976 in
723 935 788 976 ea
813 920 1104 992 praecipue,
1131 920 1185 976 in
1211 934 1318 990 qua
1340 934 1440 974 nos
1465 918 1534 974 ad
1555 918 1888 974 communio-

310 1031 435 1069 nem
463 1011 716 1067 salutaris
749 1009 982 1066 convivii
1011 1023 1380 1079 praeparamus
1401 1016 1560 1063 nocte
1585 1005 1886 1063 fraudetur.

267 1131 284 1150 α
313 1104 515 1159 Verum
537 1103 584 1156 si
609 1099 783 1156 hostis
810 1099 899 1154 ille
929 1099 1294 1169 nequissimus
1311 1139 1326 1164 ,
1386 1106 1446 1153 ut
1474 1098 1631 1153 nobis
1653 1097 1891 1152 caelestis

313 1191 539 1246 remedii
599 1188 886 1244 subtrahat
935 1189 1260 1243 medicinam
1285 1229 1301 1254 ,
1351 1189 1654 1246 custodiam
1704 1188 1892 1258 s0pitaa

313 1281 512 1335 mentis
539 1278 785 1344 illuserit,
812 1277 886 1331 ita
913 1276 1177 1332 duntaxat
1204 1275 1350 1331 nullo
1377 1275 1784 1348 reprehensibili
1813 1277 1894 1330 in-

313 1369 648 1426 terveniente
675 1365 907 1437 pruritu,
936 1365 1081 1420 nullo
1099 1365 1478 1421 oblectationis
1497 1365 1896 1420 contaminctur

315 1476 560 1522 assensu,
585 1459 678 1514 sed
700 1457 1032 1526 egestionem
1053 1463 1147 1536 aut
1168 1456 1400 1511 naturali
1421 1456 1744 1512 necessitate
1772 1471 1897 1526 pro.

314 1551 515 1616 fusam,
547 1557 641 1603 aut
666 1557 816 1604 certe
845 1547 1248 1616 impugnatione
1276 1546 1476 1602 diaboli
1502 1543 1706 1616 absque
1734 1561 1897 1602 sensu

315 1645 609 1715 voluptatis
635 1643 874 1698 elicitam
901 1642 967 1696 ad
999 1642 1439 1712 impedimentum
1471 1650 1669 1698 nostrae
1694 1643 1897 1698 sancti-

315 1733 586 1788 ficationis
621 1731 924 1788 obtenderit
945 1772 960 1798 ,
991 1746 1279 1802 possumus
1307 1741 1364 1787 et
1387 1733 1643 1788 debemus
1670 1734 1738 1789 ad
1773 1749 1897 1804 gra-

816 349 1360 407 ENA‘RRA'I‘IONISM
1398 348 1463 403 IN
1505 346 1651 402 EI’P.
1694 346 1896 403 PAULI
1936 345 2062 401 LIB.
2109 346 2194 400 XI.
2235 376 2304 385 —
2340 345 2405 402 IN
2447 349 2662 404 ILI’IS'I'.
2705 350 2724 404 I
2764 347 2853 404 AD
2887 347 3042 403 (ΞΟΠ.

3454 345 3559 404 1οοῦ

2585 464 2810 518 CAPUT
2837 463 2950 517 XII.

1985 550 2324 606 Commendat
2353 553 2626 624 Apostolus
2650 555 2872 623 gratiam
2911 552 3005 605 Det
3049 553 3277 622 generali
3315 554 3555 611 declara—

2054 643 2194 698 tioue
2216 644 2402 714 gratia:
2419 645 2582 714 gratis
2619 644 2757 697 datw
2771 644 3120 712 comparando
3159 661 3342 716 corpus
3386 645 3544 701 Eccle
3560 677 3588 690 ο

2053 735 2148 789 site
2177 735 2246 788 ad
2275 751 2458 804 corpus
2497 744 2716 788 naturar.

2057 825 2134 879 De
2171 825 2492 895 spiritalibus
2536 836 2709 879 autem
2753 825 2873 881 nolo
2923 843 3008 882 vos
3034 827 3295 898 ignorare,
3348 827 3559 897 fratres.

1989 914 2150 969 Scitis
2175 914 2300 985 quia
2342 929 2460 967 cum
2506 923 2677 983 gentes
2703 916 2881 980 eratis,
2919 916 2986 968 ad
3031 915 3432 970 simulacrorum
3457 916 3568 985 for-

1989 1020 2130 1060 mam
2151 1013 2328 1058 euntes
2357 1013 2509 1074 prout
2533 1003 2880 1059 ducebamini.
2911 1005 3144 1076 (Ambr.)
3169 1006 3440 1076 Spiritalia
3465 1007 3574 1068 illis

1991 1097 2288 1152 traditurus
2305 1095 2604 1165 exemplum
2619 1097 2814 1166 prioris
2833 1099 3257 1153 conversationis
3287 1110 3565 1162 memorat,

1992 1193 2052 1240 ut
2094 1185 2231 1240 sicut
2261 1184 2667 1239 simulacrorum
2700 1184 2916 1240 fuerunt
2937 1186 3108 1240 forma
3149 1186 3384 1241 colentes
3410 1188 3572 1251 idola,

1995 1280 2049 1330 et
2070 1274 2405 1330 ducebantur
2424 1274 2562 1329 duce
2585 1274 2854 1329 voluntate
2874 1275 3281 1341 dacmoniorum,
3307 1278 3376 1330 ita
3404 1285 3458 1330 et
3485 1293 3576 1331 co¢

1994 1363 2166 1419 lentes
2191 1362 2360 1417 Deum
2401 1363 2509 1418 sint
2542 1363 2711 1418 forma
2741 1365 2872 1436 legis
2899 1365 3207 1432 Dominiczc,
3237 1369 3574 1425 ambulantes

1997 1455 2138 1508 sicut
2158 1453 2332 1522 placet
2353 1453 2609 1516 Domino;
2638 1453 2810 1509 forma
2833 1456 2977 1510 enim
2999 1457 3417 1526 uniuscujusque
3442 1459 3573 1530 legis

1999 1544 2052 1598 in
2101 1544 2436 1614 professione
2475 1553 2530 1598 et
2575 1546 2984 1602 conversatione
3029 1548 3249 1604 cultoris
3290 1550 3446 1605 debet
3492 1550 3577 1605 vi-

1999 1637 2133 1692 deri.
2157 1636 2246 1691 Ille
2281 1638 2425 1692 enim
2455 1636 2628 1692 forma
2655 1647 2710 1693 et
2738 1639 2912 1708 imago
2934 1639 3066 1712 legis
3089 1641 3181 1695 Dei
3209 1651 3311 1706 est,
3345 1641 3397 1695 in
3424 1642 3578 1714 cujus

2001 1725 2104 1780 fide
2130 1733 2184 1780 et
2207 1726 2611 1781 conversatione
2633 1726 2903 1798 Evangelii
2927 1729 3124 1785 veritas
3156 1729 3316 1784 lucet.
3357 1729 3578 1802 Propter

315 1825 452 1879 tiam
482 1824 740 1880 salutaris
783 1823 892 1878 cibi
932 1823 1268 1879 confidenter
1307 1824 1598 1891 accedere;
1644 1825 1728 1882 sin
1769 1841 1899 1882 vero
1925 1822 1974 1882 B
2000 1818 2138 1890 quod
2160 1827 2340 1872 ηοιωη
2371 1818 2510 1872 vobis
2535 1819 2695 1888 [σείου
2720 1821 2844 1890 quia
2870 1835 3015 1874 nemo
3036 1822 3092 1876 in
3127 1820 3330 1891 Spiritu
3354 1821 3450 1876 Dei
3497 1823 3576 1878 lo-

315 1921 506 1968 nostro
541 1913 672 1967 vitio
697 1913 813 1967 haec
837 1910 1001 1967 fuerit
1032 1921 1216 1983 egesta
1245 1914 1544 1980 concretio,
1567 1915 1892 1971 convenien-

318 2003 819 2059 tesconscientiam
861 2011 1104 2058 nostram
1147 2004 1278 2060 illud
1324 2005 1678 2075 apostolicum
1712 2005 1901 2062 formi-

317 2094 510 2154 damus
543 2111 556 2147 :
588 2091 690 2158 Qui
727 2091 1119 2148 manducauerit
1148 2110 1357 2164 panem,
1385 2103 1433 2148 et
1467 2094 1649 2150 biberit
1685 2095 1900 2150 calicem

251 2203 258 2208 ·
319 2173 532 2237 Domini
563 2182 806 2252 indigne,
845 2199 963 2236 reus
1005 2184 1102 2237 erit
1145 2184 1378 2254 corporis
1407 2193 1455 2239 et
1487 2185 1757 2256 sanguinis
1785 2185 1902 2240 Do-

321 2277 472 2330 mini.
532 2273 720 2329 Probet
761 2284 936 2329 autem
983 2276 1208 2345 primum
1241 2277 1467 2346 seipsum
1512 2277 1684 2343 homo,
1731 2287 1780 2333 et
1827 2279 1902 2333 sic

322 2367 598 2421 manducet
637 2367 702 2422 de
746 2382 879 2437 pane
912 2365 1026 2432 illo,
1063 2376 1110 2421 et
1145 2368 1210 2421 de
1247 2367 1407 2422 calice
1440 2367 1578 2422 bibat
1606 2384 1624 2423 :
1649 2369 1737 2440 qui
1765 2369 1902 2424 enim

323 2459 606 2512 manducat
629 2467 680 2512 et
703 2457 827 2512 bibit
852 2457 1096 2528 indigne,
1117 2458 1380 2528 judicium
1416 2458 1514 2514 sibi
1545 2459 1824 2514 manducat
1854 2470 1905 2514 et

325 2548 479 2612 bibit,
506 2565 612 2602 non
631 2549 929 2602 discernens
955 2565 1144 2620 corpus
1161 2591 1177 2616 ,
1200 2549 1254 2605 id
1274 2558 1380 2616 est,
1396 2566 1736 2621 nequaquam
1751 2551 1904 2606 illum

324 2638 603 2694 caelestem
655 2639 835 2694 cibum
892 2653 923 2692 a
977 2640 1349 2695 communium
1399 2655 1647 2696 escarum
1699 2641 1905 2697 vilitate

326 2743 636 2792 secernens,
664 2743 762 2783 nec
793 2727 954 2784 talem
980 2741 1100 2785 esse
1131 2729 1452 2798 dijudicans,
1481 2747 1642 2801 quem
1669 2747 1775 2786 non
1801 2731 1906 2787 nisi

326 2832 463 2888 pura
492 2817 650 2873 liceat
687 2827 894 2883 mente,
937 2818 1022 2874 vel
1065 2834 1230 2874 carne
1268 2835 1619 2890 praesumere.
1667 2820 1907 2892 Denique

327 2910 495 2965 infert
524 2929 536 2964 :
565 2911 695 2966 Ideo
725 2912 1059 2966 inueniuntur
1097 2911 1249 2968 multi
1284 2913 1484 2983 inﬁrmi
1522 2923 1572 2969 et
1603 2913 1907 2981 imbecilles,

326 3013 373 3057 et
408 3003 677 3058 dormiunt
700 3003 881 3070 multi;
916 3005 1186 3075 spiritales
1223 3006 1429 3063 scilicet
1457 3006 1803 3064 inﬁrmitates
1845 3023 1910 3063 ac

329 3104 536 3150 mortes
552 3109 620 3150 ex
641 3094 745 3150 hac
776 3095 1080 3165 specialiter
1099 3096 1282 3152 dicens
1304 3097 1720 3168 prmsumptione
1744 3113 1906 3170 gene-

2001 1925 2186 1980 queus,
2201 1908 2327 1962 dicit
2340 1903 2619 1963 anathema
2633 1909 2781 1972 Jesu,
2797 1920 2844 1966 et
2867 1927 3014 1964 nemo
3039 1921 3202 1981 potest
3217 1912 3386 1965 dicere
3402 1912 3581 1967 Domi-

2001 2017 2124 2054 num
2145 1998 2328 2054 Iesum
2359 2000 2461 2054 nisi
2486 2003 2543 2056 in
2573 1999 2772 2074 Spiritu
2794 2013 2993 2058 sancto.
3026 2003 3286 2070 Quoniam
3315 2005 3578 2059 rationem

1999 2093 2319 2163 spiritalium
2341 2094 2650 2164 ignorantes
2670 2111 2766 2166 per
2783 2095 2990 2168 singula
3007 2097 3336 2153 charismata
3353 2099 3584 2154 homini-

1999 2185 2099 2241 bus
2115 2187 2291 2257 potius
2311 2203 2471 2258 quam
2497 2188 2607 2245 Deo
2627 2189 2853 2260 gloriam
2874 2191 3094 2258 dabant,
3109 2207 3215 2248 non
3236 2195 3468 2250 assecuti
3488 2210 3583 2265 per

2002 2275 2265 2348 Spiritum
2294 2289 2565 2345 sanctum,
2612 2281 2716 2335 hoc
2760 2283 2960 2338 donum
3003 2284 3326 2350 ministrari,
3375 2295 3430 2340 et
3456 2286 3582 2354 quia

2002 2368 2094 2438 qui
2125 2369 2408 2424 Dominum
2435 2367 2619 2425 Jesum
2647 2381 2822 2439 vocat,
2856 2389 2962 2428 non
3008 2374 3123 2430 sine
3149 2374 3352 2445 Spiritu
3392 2383 3578 2430 sancto

2004 2459 2106 2515 hoc
2127 2446 2272 2524 dicit,
2299 2459 2460 2515 habet
2477 2462 2621 2517 enim
2641 2455 2869 2533 gratiam
2890 2463 2944 2518 in
2962 2478 3027 2518 eo
3048 2463 3162 2534 ipso
3185 2463 3307 2518 ﬁdei
3331 2479 3440 2519 suae
3458 2479 3584 2532 pro-

2003 2558 2124 2620 pter
2167 2549 2388 2620 gloriam
2425 2551 2658 2606 nominis
2679 2551 2878 2608 Christi
2910 2571 2923 2607 :
2954 2569 3061 2609 non
3091 2554 3234 2609 enim
3283 2555 3399 2609 sine
3447 2555 3586 2609 dono

2006 2640 2100 2694 Dei
2127 2649 2228 2706 est,
2257 2640 2542 2697 Dominum
2571 2641 2750 2698 dicere
2767 2639 2970 2698 Jesum.
3011 2644 3090 2698 Ac
3111 2660 3206 2716 per
3231 2645 3333 2700 hoc
3351 2645 3588 2700 ostendit

2006 2728 2113 2784 illis
2159 2731 2212 2784 in
2243 2732 2494 2788 omnibus
2539 2731 2635 2788 Dei
2659 2748 2780 2789 esse
2807 2733 3020 2790 laudem
3044 2744 3100 2790 et
3145 2736 3395 2806 gratiam.
3446 2736 3582 2804 Quia

2007 2821 2147 2876 slcut
2171 2823 2434 2877 idolorum
2466 2824 2642 2894 imago
2684 2825 2741 2880 in
2783 2826 3044 2881 ministris
3069 2824 3186 2893 ejus
3214 2835 3314 2891 est,
3345 2826 3588 2882 ordinem

2009 2927 2164 2966 suum
2192 2913 2396 2968 habens
2419 2928 2514 2984 per
2542 2914 2782 2985 singulos
2806 2917 3025 2985 gradus,
3070 2925 3239 2971 totum
3286 2927 3465 2973 tamen
3490 2918 3586 2972 ho-

2009 3002 2170 3057 minis
2192 3012 2308 3069 est;
2355 3003 2429 3057 ita
2470 3009 2525 3058 et
2553 3002 2608 3057 in
2633 3002 2750 3074 lege
2771 3003 3046 3060 Dominica
3074 3005 3270 3075 gradus
3299 3006 3592 3060 charisma-

2011 3101 2123 3148 tum
2152 3101 2278 3149 sunt
2304 3092 2498 3150 officiis
2525 3093 2795 3161 Ecclesiae,
2825 3110 2933 3150 non
2958 3095 3144 3166 utique
3173 3094 3378 3151 meritis
3399 3097 3592 3151 huma-

330 3186 439 3239 rari
472 3206 485 3238 ς
517 3185 670 3240 multi
712 3186 856 3241 enim
885 3187 978 3256 qui
1011 3202 1136 3241 eum
1175 3187 1360 3242 illicita
1399 3188 1746 3259 usurpatione
1775 3204 1912 3260 prae-
1938 3178 1984 3242 C
2016 3185 2100 3240 nis
2128 3183 2338 3251 indulti,
2373 3183 2468 3240 sed
2494 3193 2552 3240 ut
2581 3183 2821 3240 membra
2849 3183 2915 3240 ad
2959 3185 3368 3242 mdilicationem
3410 3186 3594 3242 Eccle-

329 3287 584 3342 sumunt,
611 3278 956 3333 infirmantur
993 3278 1131 3342 fide,
1161 3287 1216 3336 et
1240 3279 1534 3336 imbecilles
1557 3289 1682 3336 sunt
1709 3288 1906 3348 mente,

332 3372 645 3440 passionum
680 3370 886 3426 scilicet
922 3379 978 3426 et
1017 3371 1362 3444 languoribus
1395 3372 1653 3437 involuti,
1690 3381 1748 3428 et
1782 3373 1909 3429 dor-

331 3461 510 3516 miunt
537 3476 728 3516 somno
759 3462 1003 3532 peccati,
1031 3462 1097 3518 ab
1126 3463 1229 3520 hoc
1259 3477 1452 3533 sopore
1483 3461 1665 3518 lethali
1704 3478 1909 3534 nequa-

333 3565 498 3622 quam
538 3551 761 3608 salutari
795 3551 1158 3608 sollicitudine
1188 3560 1545 3624 resurgentes.
1590 3552 1790 3610 Deinde
1828 3569 1916 3608 se-

335 3645 540 3714 quitur,
571 3645 713 3715 quod
727 3645 772 3699 si
813 3647 1156 3716 nosmetipsos
1168 3645 1563 3716 judicaremus,
1597 3661 1700 3699 non
1740 3646 1915 3718 utique

333 3737 727 3806 judicaremur,
767 3739 870 3793 hoc
909 3747 1024 3804 est,
1072 3737 1116 3792 si
1166 3737 1524 3806 nosmetipsos
1573 3736 1916 3808 perceptione

339 3839 823 3894 sacramentorum,
853 3827 1280 3898 quotiescunque
1305 3828 1511 3896 peccati
1540 3827 1762 3881 vulnere
1781 3841 1916 3897 pra:-

341 3922 608 3986 venimur,
623 3920 992 3992 judicaremus
1010 3917 1274 3989 indignos,
1290 3917 1721 3987 impenderemus
1736 3919 1918 3986 utique

340 4008 612 4076 studium,
643 4019 702 4065 ut
742 4024 840 4082 per
887 4008 1238 4080 paenitudinis
1278 4007 1709 4062 emendationem
1751 4007 1818 4062 ad
1854 4022 1919 4062 ea

342 4106 502 4175 digne
542 4106 813 4176 possimus
851 4103 1142 4168 accedere,
1175 4111 1230 4156 et
1268 4117 1377 4157 non
1419 4110 1675 4170 tanquam
1715 4099 1918 4170 indigni

342 4197 705 4254 severissimis
739 4195 1115 4250 inﬁrmitatum
1141 4193 1326 4264 ﬂagris
1345 4192 1739 4264 castigaremur
1763 4205 1793 4244 a
1818 4191 1922 4247 Do-

343 4289 514 4352 mino,
545 4297 606 4341 ut
626 4285 711 4342 vel
735 4285 877 4340 sicut
902 4283 1210 4354 compuncti
1245 4283 1314 4338 ad
1344 4282 1577 4337 remedia
1617 4290 1922 4337 nostrorum

346 4380 631 4435 vulnerum
679 4392 1061 4442 recurramus,
1107 4391 1176 4431 ne
1221 4375 1366 4444 digni
1411 4373 1692 4445 praesentis
1741 4373 1923 4428 steculi

344 4471 666 4528 brevissima
694 4470 1034 4540 correptione
1064 4484 1168 4524 non
1212 4465 1404 4532 habiti,
1445 4468 1499 4521 in
1543 4465 1722 4522 futuro
1767 4467 1924 4522 simul

2013 3276 2106 3331 sia:
2132 3276 2474 3348 pertinentia,
2510 3292 2630 3347 qum
2655 3293 2752 3348 per
2774 3291 2833 3333 se
2860 3287 2914 3334 et
2943 3278 2998 3332 in
3027 3291 3084 3334 se
3108 3277 3310 3334 habent
3346 3279 3592 3350 gloriam,

2011 3367 2153 3423 sicut
2199 3375 2282 3423 est
2326 3368 2490 3424 etiam
2537 3368 2591 3422 in
2637 3369 2889 3424 humanis
2940 3368 3154 3426 officiis.
3201 3368 3412 3426 Scholae
3451 3370 3596 3435 enim

2013 3468 2158 3526 sunt,
2188 3474 2308 3530 quae
2327 3459 2521 3532 positis
2543 3460 2598 3515 in
2626 3475 2684 3517 se
2724 3461 2854 3516 dant
2893 3461 3230 3533 dignitatem,
3259 3471 3320 3518 ut
3357 3463 3458 3519 loci
3501 3464 3597 3518 ho-

2014 3568 2114 3609 nor
2140 3553 2412 3632 hominem
2454 3552 2616 3609 faciat
2649 3553 2962 3624 gloriosum,
2994 3569 3100 3609 non
3121 3555 3336 3626 propria
3357 3554 3492 3620 laus,
3524 3555 3600 3610 ait

2014 3658 2172 3714 ergo:
2192 3642 2359 3699 Nemo
2377 3645 2432 3698 in
2454 3643 2657 3714 Spiritu
2671 3643 2768 3699 Dei
2782 3645 2993 3715 loquens
3011 3646 3135 3699 dicit
3155 3647 3430 3701 anathema
3446 3645 3597 3711 Jcsu;

2015 3752 2120 3792 vox
2141 3736 2284 3792 enim
2306 3751 2425 3806 qua:
2447 3735 2576 3791 dicit
2603 3737 2887 3794 anathema
2903 3735 3031 3792 Jesu
3051 3737 3288 3793 humano
3310 3745 3392 3792 est
3415 3753 3600 3792 errore

2017 3830 2224 3901 prolata
2263 3847 2275 3884 :
2309 3830 2578 3900 Quidquid
2605 3831 2749 3886 enim
2782 3830 2974 3887 falsum
3002 3841 3104 3897 est,
3151 3831 3218 3886 ab
3253 3832 3467 3887 homine
3494 3841 3600 3897 εει,

2018 3931 2066 3974 et
2117 3937 2265 3975 nemo
2294 3930 2457 3991 potest
2493 3921 2664 3976 dicere
2712 3921 2998 3976 Dominum
3025 3921 3229 3989 Iesum,
3272 3923 3372 3977 nfsi
3400 3923 3453 3976 in
3485 3921 3603 3991 Spi-

2021 4013 2126 4065 ritu
2183 4025 2382 4065 sancto.
2437 4011 2650 4066 Dictum
2687 4012 2832 4067 enim
2872 4012 3071 4082 ipsum,
3119 4029 3226 4081 quo
3268 4013 3607 4082 significatur

2021 4103 2279 4157 Dominus
2321 4101 2494 4166 Jesus,
2537 4117 2642 4157 non
2693 4102 2997 4158 adulatione
3041 4104 3337 4167 hominum,
3371 4105 3508 4158 sicut
3553 4114 3607 4158 et

2022 4191 2184 4256 idola,
2215 4191 2286 4246 dii
2311 4201 2592 4256 vocantur,
2619 4190 2711 4246 sed
2745 4190 2976 4262 Spiritus
3021 4193 3196 4247 sancti
3226 4193 3451 4247 veritate
3481 4207 3605 4262 pro-

2023 4285 2197 4338 fusum
2225 4290 2341 4348 est;
2376 4281 2635 4351 quidquid
2659 4281 2806 4336 enim
2843 4297 3031 4336 verum
3059 4299 3089 4336 a
3118 4298 3437 4354 quocunque
3473 4287 3608 4341 dici-

2024 4383 2134 4440 tur,
2159 4388 2189 4427 a
2216 4382 2405 4429 sancto
2435 4371 2636 4443 Spiritu
2673 4373 2886 4427 dicitur.
2949 4372 3024 4429 Ne
3054 4389 3181 4445 ergo
3213 4375 3490 4432 hominum
3530 4381 3610 4435 fa-

2025 4479 2156 4520 vore
2192 4462 2566 4520 existimarent
2612 4463 2664 4517 in
2694 4463 2875 4534 regula
2919 4463 3258 4532 Christiana,
3299 4476 3354 4522 et
3382 4480 3605 4540 propter

346 4578 470 4617 cum
513 4560 675 4631 hujus
713 4529 896 4615 mundi
932 4559 1310 4631 peccatoribus
1343 4558 1782 4614 condemnemur.
1816 4550 1926 4610 Ita-
1949 4529 2004 4590 D
2030 4556 2134 4611 hoc
2163 4554 2318 4625 argui
2366 4567 2424 4608 se
2472 4553 2694 4608 minime
2718 4561 3053 4622 paterentur,
3081 4557 3220 4611 sicut
3249 4567 3330 4612 est
3363 4567 3417 4614 et
3449 4529 3503 4615 in
3533 4563 3605 4616 si-

347 4668 482 4722 que,
520 4652 743 4721 fratres,
769 4667 887 4705 cum
915 4650 1197 4704 convenitis
1228 4652 1295 4702 ad
1322 4647 1774 4712 manducandum,
1799 4645 1931 4700 invi—

350 4758 460 4794 cem
475 4750 800 4811 cxspectate;
823 4741 867 4792 si
887 4741 1004 4810 quis
1021 4740 1202 4803 esurit,
1217 4739 1358 4792 domi
1377 4739 1672 4792 manducet.
1695 4737 1928 4808 (Ambr.)

348 4831 432 4884 Ad
457 4829 690 4884 invicem
714 4831 1128 4899 exspectandum
1159 4828 1308 4893 dicit,
1341 4837 1398 4883 ut
1422 4828 1710 4882 multorum
1731 4828 1932 4886 oblatio

350 4923 509 4978 simul
556 4923 884 4986 celebretur,
915 4929 975 4975 ut
998 4929 1054 4975 ει
1098 4921 1348 4976 omnibus
1382 4919 1747 4984 ministretur;
1787 4929 1843 4975 et
1887 4920 1933 4974 si

351 5016 476 5085 quis
503 5015 790 5085 impatiens
816 5021 925 5081 est,
949 5014 1091 5070 domi
1122 5025 1332 5069 terreno
1360 5028 1499 5083 pane
1541 5021 1813 5084 pascatur.
1865 5010 1932 5066 Ut

354 5127 458 5162 non
501 5109 555 5162 in
587 5108 851 5177 judicium
880 5109 1210 5162 conveniatis.
1240 5107 1352 5162 Iloc
1380 5116 1491 5173 est,
1523 5122 1590 5161 ne
1617 5107 1932 5178 mysterium

355 5200 856 5270 reprehensibiliter
913 5209 968 5254 et
1005 5215 1127 5255 cum
1169 5200 1462 5255 offensione
1501 5198 1692 5270 agatis.
1735 5197 1936 5252 Cretera

356 5304 534 5347 autem
583 5309 702 5346 cum
755 5307 940 5346 venero
985 5291 1277 5360 disponam.
1323 5291 1496 5362 Caput
1547 5291 1697 5359 prius
1748 5289 1936 5344 salutis

355 5385 553 5440 ordine
578 5385 846 5456 agendum
884 5384 1139 5449 ostendit,
1169 5392 1226 5438 et
1262 5383 1530 5452 quomodo
1555 5383 1608 5436 in
1638 5381 1932 5436 Ecclesiam

358 5478 429 5531 ab
473 5486 705 5546 utroque
755 5491 888 5530 sexu
936 5474 1286 5530 conveniatur
1333 5472 1620 5542 praemisit;
1652 5472 1706 5525 in
1741 5472 1937 5541 quibus

359 5568 543 5631 rebus,
572 5568 617 5623 si
637 5583 792 5623 error
817 5565 997 5631 fuerit,
1015 5581 1124 5620 non
1153 5563 1268 5620 leve
1295 5571 1572 5634 peccatum
1601 5573 1713 5626 est;
1741 5569 1935 5618 cmtera

362 5670 577 5725 autem,
618 5674 739 5729 quae
782 5659 850 5713 ad
885 5657 1292 5714 aediﬁcationem
1336 5655 1586 5711 Ecclesia
1627 5653 1934 5725 pertinent,

363 5749 652 5820 praesentia
679 5763 773 5806 sua
800 5748 1051 5803 ordinare
1075 5746 1340 5818 promisit.

689 5841 960 5907 Ρδτιιοι..
1008 5838 1202 5900 CXII.

2032 4644 2315 4709 mulacris;
2349 4644 2510 4698 homo
2535 4643 2680 4699 enim
2707 4644 2981 4699 adinvenit
3006 4653 3065 4699 ut
3090 4644 3232 4701 Deus
3251 4647 3481 4715 dicatur,
3514 4652 3606 4722 qui

2015 4753 2139 4792 non
2165 4745 2268 4802 est,
2299 4750 2362 4791 ac
2390 4751 2488 4806 per
2526 4735 2627 4791 hoc
2656 4735 2881 4805 subjecti
2905 4745 3030 4790 sunt
3054 4737 3320 4794 antistites
3354 4739 3488 4806 illis,
3517 4758 3610 4797 os—

2032 4829 2202 4884 tendit
2223 4828 2364 4883 enim
2403 4827 2482 4882 eis
2517 4826 2721 4882 nullum
2740 4825 3060 4882 beneﬁcium
3089 4843 3208 4884 esse
3232 4830 3525 4887 humanum
3555 4833 3609 4887 in

2035 4935 2119 4986 eo,
2169 4935 2292 4974 cum
2339 4917 2558 4985 dicitur,
2596 4917 2852 4972 Dominus
2880 4918 3057 4985 Jesus,
3090 4920 3184 4976 sed
3211 4922 3381 4992 magis
3411 4923 3611 4978 donum

2034 5010 2152 5077 Dei,
2199 5010 2292 5079 qui
2349 5008 2602 5079 dignatus
2643 5017 2728 5062 est
2761 5009 3077 5078 mysterium
3115 5023 3272 5064 suum
3303 5012 3612 5070 hominibus

2034 5104 2330 5160 declarare.
2361 5102 2569 5158 Etenim
2597 5101 2714 5170 ipsa
2739 5101 3006 5171 professio
3030 5103 3404 5158 remissionem
3429 5107 3613 5177 acqui-

2035 5196 2109 5250 rit
2155 5205 2528 5266 peccatorum,
2563 5193 2702 5248 sicut
2745 5200 3034 5263 exaggerat
3081 5193 3280 5248 dicatlo
3325 5193 3611 5250 idolorum.

2035 5285 2202 5341 Docet
2227 5299 2357 5355 ergo
2381 5298 2494 5348 eos,
2550 5282 2677 5353 quia
2707 5298 2813 5338 non
2845 5289 3104 5352 praestant
3129 5281 3375 5354 religioni
3414 5283 3614 5338 beneli-

2037 5377 2202 5440 cium,
2219 5375 2476 5440 dicentes,
2500 5392 2518 5424 ι
2540 5374 2822 5428 Dominum
2847 5371 3052 5436 Jesum,
3073 5393 3092 5426 ι
3120 5373 3216 5428 εεὰ
3234 5375 3525 5446 accipiunt.
3541 5373 3618 5430 Ne

2039 5483 2189 5522 more
2219 5467 2482 5522 idolorum
2514 5465 2793 5521 hominum
2829 5472 3083 5536 putarent
3113 5465 3340 5536 gratiam
3387 5481 3506 5521 esse
3563 5465 3615 5518 in

2039 5561 2154 5632 lege
2202 5559 2434 5621 Domini,
2465 5557 2588 5612 dum
2621 5566 2844 5612 vocatur
2881 5557 3022 5611 Deus
3049 5556 3140 5627 qui
3169 5572 3275 5611 non
3321 5565 3422 5610 est.
3454 5555 3616 5608 Deni-

2038 5664 2143 5721 que
2170 5665 2275 5704 non
2301 5649 2659 5718 intelligcnles
2683 5647 2778 5702 Dei
2809 5647 3006 5702 donum
3033 5663 3154 5702 esse
3197 5647 3248 5701 in
3276 5645 3399 5709 ﬁde,
3436 5643 3619 5712 singu-

2040 5746 2074 5801 li
2107 5743 2346 5817 singulos
2378 5743 2480 5800 sibi
2508 5745 2755 5800 homines
2793 5740 3121 5813 delegerant,
3163 5753 3298 5808 quos
3326 5748 3616 5808 sequeren-
