4082 6332
476 342 577 400 107

1118 337 1179 392 Β.
1220 334 1476 392 RABANI
1515 334 1734 392 MAURI
1770 335 2089 396 ARCHIEP.
2130 339 2443 399 MOGUNT.
2483 341 2769 401 OPERUM
2806 345 2986 403 PARS
3023 344 3110 403 ΙΙΙ.

3644 357 3748 416 108

472 462 581 517 tur,
625 449 870 507 dicentes
911 460 927 501 :
960 445 1078 518 Ego
1129 461 1245 501 sum
1299 443 1482 511 Pauli,
1515 461 1620 516 ego
1672 461 1792 501 vero
1841 445 2050 518 Apollo.
2079 452 2133 513 Α
2158 451 2302 507 Deus
2334 460 2418 508 est
2444 471 2458 507 ε
2488 467 2609 508 cum
2632 455 2778 509 enim
2814 455 3050 527 Spiritus
3094 460 3269 516 sancti
3294 463 3466 532 gratia
3495 474 3552 522 et
3594 477 3753 539 pote-

473 541 797 616 Superbiam
837 552 965 611 ergo
997 536 1211 593 illorum
1233 536 1485 592 humiliat
1524 543 1586 591 ut
1607 536 1944 606 patianturse
1965 553 2056 593 ar-

474 638 588 709 gui.
604 632 789 709 (Aug.)
809 631 979 704 Igitur
996 629 1251 700 quoniam
1279 627 1477 700 legitur
1497 626 1551 682 in
1570 627 1864 699 Evangelio
1876 628 2060 685 Domi-

472 743 606 783 num
658 724 858 782 dixisse
889 742 901 777 :
930 722 1056 778 Non
1104 720 1272 775 omnis
1316 722 1406 791 qui
1445 718 1570 775 dicit
1606 720 1758 786 mihi,
1812 720 2055 789 Domine,

471 812 717 882 Domine,
743 813 957 870 intrabit
984 814 1041 868 in
1075 828 1290 884 regnum
1319 810 1588 879 ctelorum,
1620 812 1712 867 sed
1734 813 1778 867 is
1804 813 1895 884 qui
1932 814 2060 884 facit

471 908 789 964 voluntatem
817 905 997 960 Patris
1026 905 1151 971 mei,
1188 905 1277 976 qui
1310 905 1366 959 in
1393 902 1533 960 caelis
1568 914 1664 971 est,
1688 905 1798 977 ipse
1841 905 2057 963 intrabit

472 1000 529 1053 in
556 1014 771 1069 regnum
787 994 1031 1052 ctelorum
1056 995 1274 1069 (Matth.
1302 994 1421 1068 vn).
1465 996 1656 1054 Merito
1681 999 1850 1069 quaeri
1879 1007 2060 1069 potest

473 1086 742 1160 quomodo
785 1086 912 1143 huic
959 1085 1240 1143 sententia:
1290 1086 1579 1145 conveniat
1626 1086 1757 1143 illud
1811 1088 2056 1159 Apostoli

472 1178 566 1233 ubi
595 1176 671 1233 ait
696 1194 710 1230 :
741 1176 914 1232 Nemo
935 1177 992 1232 in
1017 1177 1204 1248 spiritu
1233 1176 1331 1232 Dei
1370 1176 1585 1249 loquens
1623 1178 1749 1233 dicit
1778 1180 2058 1236 anathema

473 1269 623 1336 Iesu,
655 1279 703 1325 et
733 1284 883 1326 nemo
934 1277 1101 1339 potest
1123 1268 1313 1334 dicere,
1336 1267 1596 1329 Dominus
1631 1269 1809 1338 Jesus,
1855 1272 1958 1327 nisi
2003 1273 2059 1328 in

476 1361 680 1433 Spiritu
718 1368 920 1425 sancto,
951 1361 1077 1431 quia
1125 1373 1301 1431 neque
1347 1360 1558 1430 aliquos
1585 1361 1846 1417 habentes
1890 1361 2061 1433 Spiri-

476 1459 591 1507 tum
644 1458 893 1507 sanctum
931 1466 1221 1521 possumus
1265 1451 1444 1507 dicere
1506 1466 1613 1507 non
1665 1451 1957 1510 intraturos
2001 1454 2057 1510 in

475 1558 701 1615 regnum
740 1543 1003 1600 calorum
1027 1543 1070 1598 si
1098 1542 1565 1613 perseveraverint
1588 1558 1760 1613 usque
1790 1544 1844 1599 in
1869 1544 2053 1603 ﬁnem.

474 1633 660 1706 Neque
695 1635 815 1691 illos
855 1635 950 1707 qui
978 1635 1186 1701 dicunt,
1217 1634 1465 1701 Domine,
1508 1633 1755 1702 Domine,
1779 1643 1834 1691 et
1875 1644 2057 1693 tamen

472 1742 583 1782 non
629 1726 832 1781 intrant
856 1725 914 1781 in
961 1740 1187 1796 regnum
1234 1724 1496 1781 caelorum
1529 1739 1820 1795 possumus
1873 1727 2056 1783 dicere

2167 548 2278 597 stas
2302 550 2357 599 et
2380 551 2575 600 natura
2624 545 2721 601 Dei
2751 555 2856 613 est,
2884 557 2939 603 et
2968 550 3228 609 Dominus
3276 552 3436 612 Jesus
3486 557 3627 616 idem
3661 572 3749 620 est

2161 632 2215 687 in
2241 642 2435 689 natura
2460 636 2601 705 quod
2625 636 2769 693 Deus
2811 649 2919 707 est,
2942 656 3082 697 unus
3122 644 3309 714 utique
3352 645 3589 717 Spiritus
3615 667 3747 710 san-

2160 732 2301 791 ctus,
2327 734 2384 781 et
2421 727 2679 786 Dominus
2704 726 2879 798 Jesus,
2908 740 2963 788 et
2981 732 3143 789 Pater
3168 732 3312 793 Deus
3342 747 3448 805 est,
3465 750 3521 796 et
3550 742 3750 815 singuli

2159 817 2305 873 enim
2326 818 2470 876 Deus
2488 836 2629 878 unus
2656 831 2758 889 est,
2786 832 2841 879 et
2864 831 2978 881 tres
3003 825 3148 882 Deus
3166 842 3326 884 unus.
3354 831 3598 903 Denique
3615 850 3748 907 ope-

2161 918 2316 966 rante
2338 928 2468 979 uno,
2488 921 2599 970 tres
2617 917 2830 986 operari
2854 918 3126 985 dicuntur,
3151 928 3213 976 ut
3235 922 3521 983 Trinitatis
3538 938 3746 1000 myste-

2138 998 2299 1055 ’rium
2321 1001 2377 1055 iu
2398 1003 2555 1058 unius
2574 1005 2668 1059 Dei
2688 1015 2884 1062 natura
2918 1017 2972 1064 et
2991 1018 3258 1081 potestate
3283 998 3744 1085 claudatur,—cum

2160 1090 2231 1147 sit
2240 1091 2586 1150 immensum.
2602 1094 2896 1169 Unicuique
2909 1110 3081 1155 autem
3094 1102 3258 1156 datur
3267 1105 3621 1175 manifestatio
3634 1107 3751 1177 Spi-

2159 1182 2294 1236 ritus
2319 1184 2388 1236 ad
2412 1182 2715 1241 utilitatem.
2753 1186 2869 1243 lioc
2887 1197 2990 1255 est,
3008 1190 3208 1246 donum
3223 1193 3438 1264 accipit,
3467 1203 3527 1251 ut
3551 1196 3751 1252 divinis

2159 1272 2473 1328 retinaculis
2499 1273 2666 1329 vitam
2712 1290 2865 1332 suam
2906 1281 3231 1350 gubernans,
3281 1291 3336 1338 et
3375 1285 3498 1353 sibi,
3529 1295 3585 1342 et
3628 1287 3750 1343 aliis

2158 1361 2306 1418 utilis
2331 1363 2422 1428 sit,
2443 1363 2571 1419 dum
2607 1368 2913 1438 exemplum
2941 1371 3094 1427 bona:
3115 1376 3544 1433 conversationis
3565 1387 3752 1435 osten-

2158 1453 2255 1509 dit.
2302 1452 2527 1509 Cuidam
2575 1459 2711 1512 enim
2743 1458 2903 1515 datur
2927 1478 3019 1533 per
3047 1462 3303 1533 Spiritum
3337 1474 3507 1524 seruio
3533 1472 3747 1541 sapieno

2157 1544 2266 1599 tite.
2288 1542 2347 1600 ld
2382 1552 2491 1612 est,
2536 1546 2695 1602 datur
2722 1548 2797 1604 illi
2821 1550 3129 1620 prudentia,
3156 1569 3267 1610 non
3296 1570 3364 1611 ex
3404 1556 3621 1625 litteris,
3649 1560 3748 1615 sed

2159 1645 2387 1689 corusco
2411 1633 2613 1691 lumine
2630 1635 2867 1708 Spiritus
2885 1641 3083 1708 sancti,
3106 1650 3168 1697 ut
3197 1658 3292 1699 cor
3320 1645 3516 1702 habeat
3542 1648 3746 1705 illumi-

2157 1729 2344 1779 natum
2373 1731 2428 1779 et
2451 1726 2519 1781 sit
2542 1726 2801 1795 prudens,
2829 1737 2888 1783 ut
2904 1730 3177 1787 discernat
3202 1748 3322 1804 quae
3350 1736 3568 1792 vitanda
3593 1747 3746 1807 sunt,

472 1815 679 1872 habere
733 1815 990 1887 Spiritum
1039 1824 1311 1872 sanctum.
1370 1814 1651 1882 Quomodo
1704 1829 1836 1889 ergo
1892 1833 2054 1874 nemo
2081 1826 2129 1886 Β
2156 1827 2277 1884 quae
2303 1814 2598 1884 sequenda.
2654 1815 2763 1871 Alii
2812 1833 2930 1873 vero
2969 1835 3141 1877 sermo
3178 1823 3411 1879 scientia:
3456 1827 3745 1881 secundum

476 1908 607 1965 dicit
624 1907 885 1965 Dominus
902 1907 1063 1965 Jesus
1091 1909 1146 1965 in
1171 1907 1378 1979 Spiritu
1403 1904 1616 1974 sancto,
1642 1908 1747 1965 nisi
1780 1911 1903 1980 quia
1927 1926 2053 1981 pro-

477 1999 597 2070 prie
623 1999 913 2070 Apostolus
954 2000 1136 2070 posuit
1160 1999 1383 2055 verbum
1418 1998 1564 2068 quod
1584 2006 1688 2066 est,
1719 2000 1869 2067 dicit,
1894 2009 1955 2056 ut
1980 2000 2054 2057 si-

474 2089 695 2160 gniticet
717 2091 1047 2147 voluntatem
1070 2099 1232 2161 atque
1245 2088 1574 2145 intellectum
1593 2091 1853 2148 dicentis:
1872 2093 2054 2148 Domi-

471 2192 577 2234 nus
601 2193 730 2235 vero
757 2178 1081 2250 generaliter
1117 2179 1301 2250 posuit
1339 2178 1586 2247 verbum,
1633 2195 1741 2250 quo
1776 2183 1853 2237 ait
1884 2199 1898 2236 :
1927 2180 2053 2237 Non

473 2268 642 2322 omnis
668 2267 756 2339 qui
798 2267 926 2322 dicit
968 2268 1115 2334 mihi,
1145 2268 1384 2338 Domine,
1431 2270 1687 2339 Domine,
1734 2272 1948 2327 intrabit
1996 2273 2052 2327 in

474 2367 691 2422 regnum
719 2350 988 2407 caelorum.
1021 2350 1246 2410 Videtur
1264 2358 1410 2413 enim
1440 2358 1620 2413 dicere
1648 2355 1811 2411 etiam
1835 2355 1927 2415 ille
1960 2356 2053 2426 qui

473 2460 575 2501 nec
598 2444 732 2510 vult,
758 2458 860 2500 nec
885 2444 1156 2517 intelligit,
1203 2450 1345 2519 quod
1379 2449 1529 2517 dicit,
1570 2449 1666 2504 sed
1702 2447 1795 2504 ille
1836 2448 2055 2518 proprie

474 2532 627 2601 dicit,
678 2534 772 2604 qui
819 2533 1150 2595 voluntatem
1179 2552 1245 2594 ac
1284 2547 1521 2594 mentem
1551 2552 1706 2594 suam
1745 2552 1878 2593 sono
1906 2537 2053 2594 vocis

469 2625 737 2681 enuntiat.
792 2623 999 2682 Deinde
1048 2629 1344 2698 apostolica
1402 2645 1507 2685 vox
1552 2637 1675 2684 est:
1707 2626 1876 2682 Nemo
1924 2627 2052 2682 dicit

471 2715 757 2771 Dominum
781 2714 989 2783 Iesum,
1018 2718 1119 2773 nisi
1158 2720 1216 2772 in
1243 2717 1442 2790 Spiritu
1467 2728 1669 2785 sancto,
1697 2726 1752 2772 et
1791 2718 1912 2788 quis
1948 2718 2053 2773 Do-

470 2806 681 2862 minum
704 2805 907 2875 Jesum,
935 2807 1038 2864 nisi
1060 2810 1152 2880 qui
1177 2825 1300 2866 eum
1342 2810 1533 2883 diligit,
1558 2810 1728 2866 dicit?
1757 2809 1803 2866 si
1833 2824 1898 2866 eo
1939 2824 2054 2865 mo-

474 2897 546 2953 do
587 2896 721 2953 dicit
765 2912 871 2968 quo
921 2898 1146 2970 intelligi
1196 2898 1486 2970 Apostolus
1509 2899 1694 2954 voluit.
1725 2898 1877 2954 Multi
1905 2898 2049 2955 enim

472 3002 607 3045 voce
635 2987 839 3054 dicunt,
869 2988 1033 3045 corde
1059 2996 1242 3046 autem
1283 2998 1339 3047 et
1382 2989 1541 3047 factis
1566 2998 1786 3062 negant,
1816 2991 1960 3053 sicut
1982 2990 2049 3047 de

470 3080 675 3137 talibus
698 3081 773 3136 ait
803 3099 817 3136 :
844 3079 1177 3153 Conﬁtentur
1209 3084 1345 3139 enim
1390 3101 1446 3138 se
1473 3100 1622 3138 nosse
1656 3083 1845 3149 Deum,
1895 3082 2050 3153 [actis

477 3183 652 3229 cutem
685 3182 892 3244 negant,
914 3174 963 3229 si
1004 3182 1232 3247 negatur
1257 3173 1433 3239 factis,
1480 3176 1668 3247 procul
1701 3175 1865 3267 dubio
1885 3175 2047 3230 etiam
2075 3204 2121 3267 Ο

478 3263 678 3319 dicitur
725 3261 904 3340 factis,
940 3279 1100 3321 nemo
1128 3265 1311 3335 itaque
1343 3265 1475 3320 dicit
1508 3264 1794 3321 Dominum
1835 3263 2046 3332 Jesum,

475 3353 676 3419 animo,
701 3352 885 3421 verbo,
917 3353 1082 3422 iacto,
1099 3357 1279 3422 corde,
1313 3371 1497 3427 opere,
1527 3371 1687 3413 nemo
1714 3356 1846 3412 dicit
1870 3356 2049 3413 Domi-

474 3459 604 3500 num
650 3442 856 3513 Jesum,
898 3446 1003 3502 nisi
1042 3447 1098 3502 in
1147 3444 1352 3518 Spiritu
1400 3454 1613 3515 sancto,
1651 3456 1707 3504 et
1752 3462 1914 3505 nemo
1970 3449 2049 3504 sic

475 3536 637 3602 dicit,
678 3535 782 3591 nisi
835 3536 927 3607 qui
968 3537 1162 3609 diligit.
1209 3536 1502 3594 Divisiones
1551 3547 1723 3594 autem
1757 3540 2049 3609 gratiarum

475 3635 616 3681 sunt.
641 3623 873 3698 (Ambr.)
895 3625 1012 3682 Non
1042 3628 1147 3683 hoc
1172 3627 1425 3683 humanis
1451 3628 1659 3684 meritis
1682 3627 1798 3682 vult
1824 3628 2048 3695 ascribi,

476 3718 573 3774 sed
605 3719 792 3787 gratiae
838 3719 934 3774 Dei
983 3719 1051 3775 ad
1090 3718 1560 3776 honoriﬁcentiam
1614 3719 1851 3775 nominis
1894 3718 2044 3788 ejus;

472 3809 618 3865 sicut
659 3809 801 3865 enim
829 3810 920 3880 qui
948 3808 1079 3865 dicit
1105 3810 1389 3866 Dominum
1412 3807 1616 3876 Jesum,
1640 3808 1695 3862 in
1715 3817 1905 3864 sancto
1929 3807 2053 3879 Spi-

475 3898 587 3954 ritu
613 3897 761 3964 dicit,
806 3898 982 3969 qualis
1002 3899 1085 3955 vis
1113 3900 1207 3969 sit,
1230 3901 1305 3956 ita
1329 3909 1383 3958 et
1416 3900 1471 3955 in
1509 3899 1628 3956 loco
1662 3900 1868 3956 ordinis
1886 3899 2051 3957 cilicii

472 3992 833 4049 ecclesiastici
881 3993 1108 4064 positus,
1153 3994 1381 4066 gratiam
1410 3992 1595 4059 habet,
1631 3992 1806 4065 qualis
1831 3992 1913 4050 vis
1955 3992 2049 4059 sit,

474 4097 585 4138 non
628 4083 815 4153 utique
860 4085 1154 4155 propriam,
1195 4084 1294 4141 sed
1348 4083 1578 4149 ordinis,
1627 4098 1725 4156 per
1752 4083 2048 4139 etlicaciam

472 4172 711 4247 Spiritus
754 4177 950 4243 sancti,
997 4176 1138 4232 unde
1169 4176 1310 4232 inter
1349 4175 1504 4231 initia
1532 4175 1703 4231 dicit:
1730 4174 1911 4247 Neque
1958 4176 2050 4246 qui

471 4265 675 4336 plantat
700 4276 775 4321 est
799 4266 1023 4335 aliquid,
1050 4283 1213 4339 neque
1241 4267 1330 4338 qui
1358 4267 1514 4337 rigat,
1536 4265 1627 4320 sed
1651 4265 1743 4337 qui
1766 4266 2051 4321 incremenp

468 4362 583 4407 tum
614 4354 705 4406 dat
732 4352 888 4408 Deus.

543 4440 694 4496 Idem
723 4452 898 4496 autem
944 4440 1193 4513 Spiritus,
1234 4451 1281 4496 et
1325 4441 1605 4497 divisiones
1642 4442 2047 4497 ministeriorum

2152 1905 2389 1961 eumdem
2408 1904 2682 1978 Spiritum.
2709 1907 2823 1965 Hoc
2840 1917 2945 1977 est,
2960 1919 3017 1966 ut
3041 1912 3236 1969 habeat
3256 1915 3535 1972 scientiam
3561 1931 3747 1975 rerum

2153 1995 2479 2052 divinarum.
2497 1995 2701 2071 (Greg.)
2718 1998 2858 2056 Sunt
2881 2002 3024 2057 enim
3040 2003 3280 2073 quidam,
3301 2006 3395 2076 qui
3423 2021 3523 2076 per
3540 2007 3745 2066 donum

2154 2085 2365 2156 gratiae,
2399 2095 2454 2143 et
2492 2087 2611 2158 ipsa
2640 2089 2965 2161 intelligunt,
2989 2107 3111 2162 quae
3143 2095 3340 2166 exponi
3371 2111 3402 2150 a
3432 2097 3744 2173 doctqribus

2153 2192 2262 2233 non
2318 2179 2659 2245 audiverunt,
2710 2182 2767 2236 hi
2811 2182 3062 2239 videlicet
3105 2199 3409 2242 sermonem
3462 2190 3746 2261 sapientia:

2153 2276 2508 2335 perceperunt
2524 2284 2538 2334 ;
2557 2276 2614 2323 et
2637 2278 2763 2324 sunt
2779 2271 2998 2340 quidam
3021 2273 3113 2343 qui
3134 2287 3230 2343 per
3249 2277 3568 2348 semetipsos
3583 2279 3744 2335 intel-

2153 2354 2318 2427 ligere
2346 2357 2531 2413 audita
2569 2368 2861 2430 nequeunt,
2894 2363 2991 2418 sed
3025 2379 3087 2420 ea
3119 2380 3239 2436 quae
3265 2367 3320 2422 in
3343 2370 3740 2440 expositoribus

2154 2444 2421 2517 legerunt,
2472 2450 2707 2506 retinent
2731 2492 2747 2517 ,
2792 2462 2957 2523 atque
2994 2456 3237 2513 scienter
3286 2460 3571 2530 proferunt
3616 2480 3739 2536 quae

2153 2536 2289 2597 lecta
2310 2539 2630 2597 didicerunt.
2658 2541 2809 2600 Unde
2838 2545 3024 2616 itaque
3047 2547 3139 2603 isti
3160 2549 3264 2604 nisi
3291 2565 3539 2609 sermone
3558 2555 3738 2610 scien-

2154 2627 2243 2683 tia:
2261 2626 2405 2699 pleni
2442 2638 2584 2686 sunt.
2612 2631 2869 2698 Quamvis
2906 2636 3009 2692 hoc
3028 2637 3249 2710 intelligi
3285 2648 3340 2696 et
3366 2641 3524 2698 aliter
3539 2644 3735 2717 possit,

2153 2718 2280 2788 quia
2318 2718 2582 2789 sapientia
2626 2720 2693 2776 ad
2743 2723 2931 2791 vitam,
2961 2727 3186 2783 scientia
3210 2744 3342 2787 vero
3381 2732 3615 2802 pertinet
3665 2737 3736 2791 ad

2154 2811 2475 2867 doctrinam.
2506 2812 2609 2881 Qui
2638 2814 2805 2886 igitur
2832 2817 2972 2874 bene
3014 2820 3151 2875 vivit
3186 2829 3242 2877 et
3266 2825 3568 2893 prudenter
3589 2842 3732 2898 pra:-

2153 2900 2321 2969 dicat,
2372 2904 2812 2976 gazophylacium
2840 2908 3101 2979 spiritalis
3124 2911 3337 2968 aedilicii
3360 2924 3511 2972 recte
3559 2917 3736 2973 nomi-

2152 3000 2333 3062 natur,
2359 2995 2485 3065 quia
2510 2996 2578 3051 ab
2600 2997 2719 3068 ejus
2743 3013 2840 3055 ore
2853 3000 3052 3056 divitiae
3079 3001 3596 3075 dispensantur.Alii
3610 3025 3737 3080 gra-

2152 3086 2228 3138 tia
2250 3086 2580 3140 curationum
2600 3088 2657 3143 in
2680 3104 2784 3144 uno
2807 3091 3020 3160 spiritu,
3048 3093 3103 3148 id
3123 3102 3229 3161 est,
3262 3105 3322 3151 ut
3349 3099 3611 3155 medelam
3638 3101 3736 3156 tri-

2153 3174 2284 3229 buat
2310 3173 2558 3247 inﬁrmis,
2586 3177 2673 3232 vel
2721 3180 2900 3251 aegris.
2929 3180 3034 3236 Alii
3057 3182 3191 3253 ﬁdes
3219 3185 3275 3241 in
3314 3186 3495 3242 eodem
3521 3191 3731 3260 spiritu,

2151 3267 2257 3323 hoc
2300 3268 2452 3333 dicit,
2482 3276 2543 3323 ut
2595 3268 2718 3325 ﬁdei
2748 3271 3062 3340 proﬁtendae
3086 3289 3153 3330 ac
3183 3276 3735 3357 vindicandae‘pressa

2148 3360 2471 3415 verecundia
2488 3361 2717 3432 accipiat
2736 3361 3065 3421 facultatem.
3087 3366 3196 3422 Alii
3218 3371 3448 3439 operatio
3461 3373 3732 3441 virtutum,

2151 3456 2473 3517 potestatem
2502 3450 2617 3506 dari
2644 3452 2915 3524 signiﬁcat
2938 3455 2992 3509 in
3015 3456 3295 3528 ejiciendis
3314 3461 3611 3530 daemoniis,
3639 3474 3732 3520 aut

2152 3535 2323 3607 signis
2373 3535 2650 3597 faciendis.
2695 3541 2802 3596 Alii
2829 3543 3125 3615 prophetia,
3178 3547 3233 3603 id
3268 3554 3374 3618 est,
3410 3560 3470 3606 ut
3497 3550 3733 3624 Spiritus

2152 3625 2294 3681 dicat
2341 3626 2544 3683 futura.
2597 3630 2706 3685 Alii
2733 3632 2973 3691 discretio
3005 3637 3306 3710 spirituum,
3356 3642 3460 3698 hoc
3488 3643 3642 3711 dicit,
3670 3654 3735 3701 ut

2153 3716 2433 3790 intelligat,
2464 3721 2742 3791 etjudicct
2781 3728 2927 3795 quod
2969 3727 3184 3794 dicitur,
3216 3745 3285 3785 an
3314 3730 3551 3803 Spiritus
3599 3749 3731 3789 san-

2152 3811 2226 3866 cti
2270 3811 2363 3877 sit,
2410 3828 2478 3867 an
2523 3813 2806 3872 immundi.
2842 3816 2951 3872 Alii
2998 3819 3356 3891 interpretatio
3405 3822 3726 3896 linguarum.

2150 3903 2498 3974 Interpretari
2520 3914 2625 3973 est,
2670 3918 2731 3964 ut
2752 3907 2898 3974 dicta
2917 3910 3130 3967 illorum
3159 3914 3251 3983 qui
3280 3913 3476 3987 linguis
3503 3916 3728 3988 loquun-

2155 4002 2241 4049 tur
2270 3995 2353 4050 vel
2377 3994 2595 4065 litteris,
2621 4013 2718 4071 per
2739 4000 2939 4057 donum
2965 4001 3059 4059 Dei
3105 4003 3339 4062 ﬁdeliter
3371 4006 3730 4080 interpreten-

2153 4094 2260 4141 tur.
2291 4088 2555 4162 Actualis‘
2579 4105 2708 4162 ergo
2747 4093 2976 4150 scientia
3000 4102 3105 4161 est,
3153 4111 3275 4166 quae
3320 4097 3427 4153 alio
3465 4100 3729 4158 vocabulo

2153 4177 2393 4235 cbaritas
2438 4180 2785 4253 abApostolo
2808 4194 3166 4256 nuncupatur,
3207 4195 3266 4243 et
3309 4189 3578 4246 universis
3625 4190 3729 4247 lin-

2152 4271 2272 4339 guis
2291 4271 2568 4329 hominum
2590 4282 2647 4331 et
2663 4277 2975 4348 angelorum
2994 4288 3055 4336 et
3076 4279 3396 4351 plenitudini
3421 4283 3566 4352 fidei,
3604 4298 3726 4357 qua:

2151 4361 2317 4417 etiam
2345 4369 2559 4418 montes
2606 4366 2915 4435 transferat,
2960 4379 3017 4425 et
3051 4372 3200 4427 omni
3225 4373 3467 4430 scientiae
3509 4390 3574 4431 ac
3597 4390 3726 4446 pro-

2151 4455 2370 4526 phetiae,
2420 4462 2478 4510 et
2524 4458 2824 4528 erogationi
2870 4463 3110 4519 omnium
3146 4462 3484 4533 facultatum,
3513 4468 3725 4540 ipsique

474 4540 615 4586 sunt.
648 4533 751 4587 Per
769 4534 1015 4589 eumdem
1044 4531 1304 4603 Spiritum
1338 4533 1546 4590 diversa
1575 4532 1717 4589 dona
1759 4534 1889 4591 dicit
1912 4550 2048 4607 prte-
2070 4552 2126 4615 ι)
2148 4552 2422 4616 postremo
2480 4545 2716 4615 glorioso
2755 4553 3014 4624 martyrio
3057 4553 3351 4624 apostolica
3399 4531 3723 4616 auctoritate

474 4624 630 4679 stari.
667 4624 817 4680 Idem
842 4642 960 4681 vero
984 4624 1259 4692 Dominus,
1287 4635 1334 4680 et
1372 4626 1652 4681 divisiones
1691 4628 2047 4697 operationunt

472 4724 617 4769 sunt.
660 4712 843 4787 Jungit
886 4729 1030 4770 nunc
1073 4714 1348 4771 Christum
1384 4724 1572 4770 sancto
1601 4715 1845 4786 Spiritui.
1897 4716 2046 4772 Idem

475 4816 651 4861 autem
674 4806 814 4861 Deus
862 4806 952 4876 qui
993 4816 1239 4877 operatur
1270 4806 1445 4860 omnia
1472 4805 1526 4860 in
1550 4806 1808 4862 omnibus.
1838 4807 1896 4862 In
1925 4817 2045 4863 tan-

477 4905 588 4950 tum
614 4911 716 4951 non
734 4896 835 4950 hoc
860 4895 1167 4951 hominibus
1192 4895 1427 4951 dandum
1450 4897 1603 4967 quasi
1632 4897 1930 4967 proprium,
1952 4899 2047 4952 sed

476 4983 573 5039 soli
602 4983 732 5051 Deo,
764 4985 979 5051 asserit,
1008 4992 1067 5040 ut
1095 4985 1255 5041 etiam
1288 4984 1486 5042 donum
1529 4988 1763 5060 Spiritus
1792 4989 1963 5045 sancti
1995 4998 2051 5044 et

476 5073 706 5145 gratiam
730 5074 945 5131 Domini
976 5074 1105 5132 Jesu
1149 5076 1307 5133 unius
1346 5076 1441 5131 Dei
1475 5078 1620 5133 dicat
1656 5080 2047 5150 operationem,

475 5178 546 5218 ne
573 5163 747 5234 gratia
774 5172 830 5220 et
857 5164 1052 5221 donum
1097 5165 1325 5223 divisum
1355 5166 1447 5234 sit,
1470 5184 1567 5239 per
1589 5184 1844 5239 personas
1870 5169 2049 5226 Patris

475 5262 533 5310 et
557 5254 679 5311 Filii
708 5268 763 5311 et
791 5255 1025 5327 Spiritus
1051 5259 1247 5323 sancti,
1272 5259 1367 5315 sed
1397 5259 1703 5317 indiscreta:
1744 5263 1965 5318 unitatis
1991 5272 2049 5319 et

476 5351 684 5400 natura:
729 5345 891 5401 trium
929 5362 1094 5402 unum
1128 5363 1264 5419 opus
1308 5346 1652 5421 intelligatur,
1682 5361 1741 5406 ut
1778 5353 1847 5408 ad
1879 5369 2045 5409 unum

473 5445 692 5492 Omnem
720 5436 947 5509 gloriam
968 5439 1211 5507 reducat,
1238 5448 1293 5495 et
1313 5441 1667 5497 divinitatem.
1698 5463 1715 5495 ι
1746 5443 2044 5501 Divisioncs

471 5533 657 5583 autem
681 5528 973 5599 gratiarum
992 5535 1127 5586 sunt
1150 5548 1169 5581 ι
1197 5527 1390 5587 ofilciis
1415 5531 1676 5600 ecclesiae,
1718 5549 1823 5590 non
1850 5535 2041 5591 buma-

2152 4634 2455 4707 prrefertur,
2490 4654 2615 4694 nam
2658 4656 2783 4697 cum
2815 4643 3208 4703 dinumerasset
3235 4649 3487 4706 universa
3509 4652 3719 4708 charis-

2152 4735 2356 4782 matum
2383 4742 2602 4800 genera,
2636 4739 2800 4803 atque
2838 4733 3100 4791 dixisset:
3130 4737 3236 4793 Alii
3275 4739 3436 4796 datur
3475 4758 3568 4814 per
3592 4742 3719 4816 Spi-
3793 4764 3803 4774 ·

2151 4817 2309 4873 ritum
2348 4836 2519 4876 sermo
2544 4823 2831 4892 sapientiae,
2859 4824 2954 4880 alii
2974 4843 3141 4883 sermo
3169 4832 3420 4899 scientiae,
3446 4833 3539 4890 alii
3566 4836 3717 4906 ﬁdes.

2152 4906 2245 4963 alii
2272 4911 2443 4979 gratia
2471 4912 2780 4981 sanitatum,
2805 4913 2900 4971 alii
2939 4920 3171 4987 operatio
3196 4922 3460 4989 virtutum,
3487 4934 3543 4982 et
3588 4927 3719 4983 reli-

2148 5014 2274 5069 qua.
2297 5000 2374 5057 De
2394 5002 2656 5059 charitate
2683 5004 2944 5075 dicturus,
2976 5013 3426 5078 quemadmodum
3445 5030 3564 5073 eam
3592 5033 3722 5074 cun-

2146 5090 2251 5146 ctis
2272 5092 2569 5161 praetulerit
2586 5095 3001 5155 charismatibus
3011 5103 3200 5170 paucis
3222 5105 3519 5174 advertite;
3543 5115 3600 5163 et
3616 5108 3717 5163 ad-

2150 5182 2273 5247 huc,
2295 5182 2487 5252 inquit,
2502 5200 2664 5256 supra
2692 5190 2908 5245 modum
2936 5192 3370 5252 excellentiorem
3388 5199 3541 5254 vobis
3570 5200 3714 5254 viam

2145 5454 2329 5511 bilium
2352 5459 2679 5527 operatione,
2720 5465 2814 5520 sed
2839 5465 2895 5520 in
2935 5469 3215 5527 charitatis
3240 5473 3474 5542 puritate
3500 5475 3711 5531 consis-

2145 5553 2282 5612 tere,
2332 5561 2433 5602 nec
2470 5547 2763 5620 immerito,
2792 5556 2972 5612 omnia
3000 5559 3144 5614 enim
3183 5560 3272 5617 illa
3297 5564 3604 5618 evacuanda
3647 5578 3711 5621 ac

472 5618 563 5677 nis
591 5621 800 5677 meritis
816 5623 1098 5692 deputatae.
1133 5622 1189 5679 Si
1217 5624 1363 5680 enim
1387 5625 1618 5696 Spiritus
1638 5637 1858 5686 sanctus
1900 5631 2040 5687 idem
2142 5636 2465 5692 destruenda
2488 5648 2632 5707 sunt,
2655 5618 2891 5703 Charitas
2909 5664 3036 5703 vero
3054 5659 3309 5721 perpetuo
3335 5618 3708 5723 permansura,

474 5710 733 5770 Dominus
757 5723 859 5781 est,
897 5724 950 5772 ct
980 5716 1234 5773 Dominus
1282 5717 1420 5773 idem
1448 5717 1591 5774 Deus
1632 5728 1736 5786 cst,
1772 5728 1884 5777 tres
1904 5739 2040 5779 unus

2145 5728 2371 5798 ideoque
2391 5744 2420 5783 a
2450 5728 2702 5789 Patribus
2728 5738 2927 5793 nostris
2950 5753 3134 5809 opera,
3165 5741 3245 5797 vel
3269 5742 3383 5812 ipsa
3407 5744 3509 5801 ista
3530 5744 3710 5816 signo-
