4082 6332
471 281 569 335 l09

963 275 1506 333 ENARRATIONUM
1545 275 1612 330 IN
1653 274 1799 329 EPP.
1840 273 2042 328 PAULI
2081 272 2208 328 LIB.
2246 271 2338 326 XI.
2375 302 2445 313 —
2481 273 2549 328 ΙΝ
2586 275 2801 330 EPIST.
2842 277 2863 330 Ι
2894 277 2986 330 AD
3024 277 3180 334 (ΞΟΠ.

3608 285 3710 344 110

454 412 574 453 rum
603 407 942 464 nequaquam
985 392 1214 446 vidimus
1239 389 1507 453 affectata,
1532 391 1659 459 quin
1689 389 1795 443 imo
1819 404 1941 443 cum
1965 403 2028 442 ea
2058 393 2102 452 Α
2131 397 2376 456 operatur
2409 389 2585 442 omnia
2611 390 2668 444 in
2698 391 2950 454 omnibus,
2985 401 3096 447 etc.-
3148 395 3287 465 Ergo
3325 397 3584 456 Dominus
3615 407 3710 472 qui

453 483 691 555 Spiritus
716 483 888 538 sancti
911 483 1082 552 gratia
1098 481 1450 550 possiderent,
1489 494 1761 548 nunquam
1778 493 2030 533 exercere

450 577 760 639 voluerunt,
784 573 1042 644 nisil'orte
1076 580 1318 628 extrema
1358 569 1474 626 illos
1495 578 1549 625 et
1571 569 1892 624 inevitabilis
1938 585 2032 624 ne-

451 671 587 726 cessi
597 678 680 724 tas
705 674 1053 723 coarctasset.

524 761 716 815 Omnia
745 766 919 812 autem
948 757 1060 812 lucc
1101 763 1348 826 operatur
1371 770 1507 810 unus
1549 763 1704 824 atque
1743 753 1880 807 idem
1911 751 2032 821 Spi-

451 855 605 918 ritus,
649 851 884 905 dividens
921 849 1199 919 unicuique
1249 856 1402 917 prout
1441 846 1568 901 vult.
1623 845 1826 918 (Δηώ.)
1877 845 2030 912 Quod

450 945 698 1016 superius
747 944 910 998 trium
959 955 1310 1012 personarum
1365 941 1512 1004 dicit,
1541 955 1684 994 nunc
1731 954 1828 1008 per
1863 953 2029 993 unum

450 1034 710 1104 Spiritum
731 1040 976 1088 sanctum
1006 1031 1090 1102 agi
1113 1029 1414 1100 profitetur,
1441 1038 1499 1084 ut
1525 1029 1649 1098 quia
1679 1029 1837 1083 unius
1877 1037 2031 1107 natu-

451 1140 525 1180 ra!
567 1131 696 1179 sunt
723 1132 780 1178 et
816 1122 1050 1184 virtutis,
1094 1120 1237 1190 quod
1263 1134 1402 1174 unus
1435 1126 2030 1188 operatur,.operentur

451 1230 604 1275 tres:
634 1233 774 1272 unus
803 1223 888 1272 est
933 1225 1112 1270 tamen
1155 1213 1320 1278 Deus,
1367 1212 1520 1282 cujus
1557 1213 1729 1283 gratia
1775 1211 2032 1266 dividitur

449 1311 674 1380 singulis
709 1318 869 1380 prout
915 1307 1048 1372 vult,
1089 1322 1195 1362 non
1250 1306 1317 1360 ad
1355 1306 1608 1361 meritum
1659 1304 1832 1376 magis
1858 1303 2032 1358 homi-

448 1403 550 1465 nis,
597 1401 693 1456 sed
727 1401 794 1454 ad
833 1399 1242 1456 :edillcationem
1291 1398 1548 1454 Ecclesiae
1577 1413 1708 1463 sum,
1751 1403 1812 1452 ut
1847 1397 2028 1453 omnia

447 1507 568 1562 quat
596 1492 829 1545 mundus
863 1489 1060 1544 imitari
1090 1488 1226 1553 vult,
1263 1491 1356 1542 sed
1387 1504 1491 1543 non
1519 1488 1722 1558 implet,
1765 1488 1888 1557 quia
1913 1503 2028 1542 car-

445 1585 585 1639 nalis
618 1592 720 1647 est,
745 1584 858 1638 haec
891 1584 946 1636 in
977 1581 1238 1647 Ecclesia,
1261 1597 1380 1651 qua:
1405 1583 1598 1637 donms
1625 1580 1720 1636 Dei
1762 1591 1865 1647 est,
1913 1582 2026 1636 sin-

443 1673 690 1743 gulorum
729 1671 942 1736 ofﬁciis,
995 1671 1135 1726 dono
1161 1680 1216 1727 et
1251 1673 1560 1743 magisterio
1590 1671 1824 1743 Spiritus
1851 1674 2024 1730 sancti

2133 484 2257 547 post
2301 479 2752 535 resurrectionem
2779 495 2931 534 suam
2966 480 3118 549 juxta
3153 483 3312 540 Lucze
3363 487 3708 560 Evangelium

2131 568 2344 623 dixerat
2375 568 2524 638 (Luc.
2547 570 2693 640 xxiv)
2729 589 2742 623 :
2779 570 2888 641 Ego
2927 573 3128 627 mittam
3155 577 3548 645 promissionem
3596 581 3706 636 Pa-

2131 660 2226 712 tris
2272 661 2373 713 mei
2423 661 2478 712 in
2506 677 2614 725 vos,
2649 677 2735 714 vos
2760 663 2929 716 sedete
2955 665 3010 717 in
3039 665 3242 720 civitate
3267 671 3600 742 quoadusque
3629 674 3709 727 in-

2132 749 2366 804 duamini
2395 752 2583 805 virtute
2604 752 2788 807 exalto
2804 754 3061 822 ;etjuxta
3087 759 3333 814 eumdem
3357 761 3409 813 in
3440 765 3710 832 apostolo-

2133 855 2251 893 rum
2274 839 2498 894 Actibus
2526 841 2660 912 (Act.
2686 841 2724 914 ι)
2753 859 2765 896 :
2794 843 2864 898 Et
2907 845 3108 901 locutus
3133 851 3373 920 prtrcepit
3406 853 3479 906 eis
3509 855 3572 906 ab
3619 855 3708 910 Je-

2133 931 2402 1002 rosolymis
2419 951 2480 988 ne
2493 935 2829 1002 discederent,
2851 939 2940 991 sed
2955 951 3302 1010 exspectarent
3321 947 3708 1014 promissionem

2131 1019 2329 1089 Patris,
2362 1041 2518 1094 quam
2561 1028 2780 1081 audistis
2822 1045 2915 1098 per
2964 1047 3019 1083 os
3068 1049 3260 1098 meum,
3309 1036 3432 1104 quia
3475 1036 3708 1094 Joannes

2128 1113 2335 1183 quidem
2369 1115 2642 1185 baptizavit
2681 1135 2837 1188 aqua,
2867 1136 2952 1174 vos
2977 1132 3148 1176 autem
3171 1124 3561 1195 baptizabimini
3584 1128 3706 1196 Spi-

2131 1203 2232 1256 ritu
2269 1213 2470 1268 sancto,
2526 1222 2630 1261 non
2659 1218 2774 1277 post
2826 1210 3016 1264 multos
3065 1213 3158 1265 hos
3200 1214 3331 1268 dies.
3386 1215 3620 1272 Rursum
3653 1220 3706 1273 in

2129 1291 2236 1347 ﬁne
2266 1293 2538 1366 Evangelii
2585 1300 2877 1353 secundum
2913 1299 3210 1369 Joannem,
3257 1321 3323 1360 eo
3351 1307 3437 1361 die
3481 1324 3588 1378 quo
3624 1326 3709 1364 re-

2127 1398 2469 1454 surrexerat,
2517 1391 2568 1445 id
2607 1401 2689 1447 est
2721 1394 2804 1448 die
2845 1395 3152 1462 Dominica,
3196 1397 3393 1454 clausis
3419 1400 3602 1469 januis
3639 1405 3706 1458 ad

2127 1479 2400 1548 apostolos
2443 1482 2694 1538 introisse
2724 1494 2976 1541 narratur
3003 1486 3180 1558 (Joun.
3249 1491 3364 1558 xx),
3421 1501 3475 1545 et
3506 1493 3705 1548 dixisse

2127 1569 2207 1624 eis
2231 1573 2464 1626 secundo
2492 1587 2507 1626 :
2539 1573 2656 1628 Pax
2695 1575 2852 1641 vobis,
2879 1585 2935 1630 et
2971 1578 3235 1644 intulisse,
3265 1583 3396 1634 sicut
3446 1583 3583 1636 misit
3623 1601 3706 1638 me

2130 1656 2294 1713 Pater
2319 1670 2366 1714 et
2395 1679 2486 1733 ego
2524 1665 2669 1717 mi'to
2715 1682 2821 1720 vos.
2852 1665 2966 1722 Hoc
3010 1685 3127 1723 cum
3152 1671 3388 1736 dixisset,
3426 1673 3706 1747 insu/Ilavit

445 1762 648 1818 indulta
676 1761 739 1817 ad
760 1763 1132 1831 probationem
1159 1763 1404 1818 veritatis
1432 1765 1488 1817 in
1511 1764 1594 1819 his
1628 1765 1720 1833 qui
1743 1774 2022 1837 ουηιεωρ-
2050 1745 2097 1804 Β
2123 1762 2174 1808 et
2196 1754 2324 1808 dicit
2347 1757 2422 1809 eis
2452 1773 2470 1810 :
2494 1758 2722 1828 Accipite
2752 1758 3004 1830 Spiritum
3030 1773 3287 1830 sanctum,
3309 1783 3529 1836 quarunt
3548 1745 3705 1824 remi-

444 1852 623 1908 tibiles
642 1853 842 1908 mundo
861 1861 987 1908 sunt
1011 1853 1316 1909 videantur.
1343 1853 1539 1927 (Cass.)
1563 1855 1768 1912 Idcirco
1790 1858 1893 1912 ﬁde
1916 1873 2024 1913 non

443 1943 604 1999 dubia
627 1953 682 1998 et
701 1952 762 1998 ut
777 1945 853 1998 ita
876 1945 1050 2000 dicam
1070 1945 1321 2016 palpabili
1347 1948 1676 2016 experientia
1701 1949 2023 2020 comproba-

444 2046 552 2102 tur,
579 2036 944 2091 universitatis
970 2035 1138 2091 Deum
1177 2037 1322 2092 velut
1356 2039 1657 2109 piissimum
1687 2040 1900 2096 Patrem
1926 2043 2023 2097 be-

441 2127 925 2198 nignissimumque
971 2130 1238 2185 medicum
1266 2133 1558 2187 secundum
1589 2133 1901 2204 Apostolum
1943 2137 2024 2191 in-

439 2219 751 2276 tlifl‘erenter
772 2221 950 2275 omnia
1004 2223 1056 2276 in
1107 2223 1357 2278 omnibus
1385 2226 1618 2295 operari,
1651 2235 1705 2281 et
1733 2243 1874 2282 nunc
1903 2229 2024 2299 qui-

439 2310 558 2364 «lem
587 2310 778 2366 salutis
803 2311 1070 2382 inspirare
1098 2313 1383 2384 principia,
1405 2323 1459 2369 et
1481 2315 1718 2372 inserere
1739 2318 2024 2388 unicuique

437 2401 591 2455 bona:
637 2401 932 2458 voluntatis
971 2405 1254 2464 ardorem:
1298 2420 1443 2461 nunc
1475 2422 1602 2462 vero
1635 2408 1802 2478 ipsius
1828 2424 2022 2480 Opera-

440 2493 602 2547 tionis
645 2491 917 2558 allectum,
949 2502 1004 2550 et
1034 2497 1555 2551 consummationem
1594 2499 1798 2554 donare
1846 2501 2021 2555 virtu-

439 2591 581 2647 tum;
613 2591 667 2636 et
690 2597 832 2637 nunc
875 2598 904 2636 a
937 2584 1090 2638 ruina
1112 2582 1222 2652 jam
1250 2587 1495 2654 proxima
1544 2587 1802 2657 lapsuque
1827 2590 2020 2658 pracci-

439 2674 534 2742 piti
572 2674 737 2728 etiam
778 2675 974 2732 invitos
1013 2685 1068 2730 et
1109 2676 1308 2732 inscios
1353 2693 1636 2743 revocare;
1667 2695 1810 2734 nunc
1844 2690 2021 2736 autem

438 2765 752 2819 occasiones
775 2773 830 2821 et
853 2767 1282 2836 opportunitates
1305 2768 1492 2823 salutis
1509 2770 1770 2840 ingerere,
1801 2786 1864 2826 ac
1889 2787 2022 2840 prce-

437 2854 633 2923 cipites
665 2855 1037 2926 violentosque
1073 2867 1298 2912 conatus
1339 2875 1368 2912 a
1401 2858 1688 2916 lethalibus
1712 2861 2019 2931 dispositio-

435 2945 594 2999 nibus
641 2945 932 3001 inhibere:
967 2954 1020 3001 et
1071 2947 1207 3002 alios
1233 2949 1449 3017 quidem
1505 2949 1746 3005 volentes
1798 2967 2022 3007 curren-

437 3047 625 3108 tesque
655 3039 948 3108 suscipere,
999 3039 1131 3094 alios
1169 3056 1297 3095 vero
1348 3042 1590 3096 nolentes
1620 3043 2019 3114 renitentesque

438 3130 774 3197 pertrahere,
811 3138 865 3184 et
903 3131 971 3186 ad
998 3131 1197 3185 bonam
1220 3145 1413 3203 cogere
1439 3131 1792 3186 voluntatem.
1824 3133 2018 3188 Totum

437 3235 568 3275 vero
605 3237 710 3275 non
760 3235 974 3292 semper
1027 3222 1422 3288 resistentibus,
1465 3238 1567 3279 nec
1612 3233 2021 3294 perseveranter

439 3313 620 3366 invitis
649 3313 805 3368 nobis
832 3329 860 3367 a
885 3313 1165 3368 divinitate
1187 3313 1426 3379 concedi,
1453 3323 1506 3368 et
1535 3329 1802 3369 summam
1832 3316 2022 3371 salutis

438 3410 652 3466 nostrae,
706 3419 813 3458 non
857 3418 1080 3473 operum
1112 3412 1419 3459 nostrorum
1446 3405 1658 3468 merito,
1695 3406 1787 3460 sed
1814 3407 2018 3462 caelesti

439 3492 626 3561 gratiae
654 3492 1036 3561 deputandam.
1083 3492 1161 3547 Ita
1199 3493 1410 3549 Domini
1433 3494 1601 3562 ipsius
1635 3495 1855 3549 vocibus
1889 3496 2018 3551 edo-

438 3597 661 3647 ccmur;
695 3581 762 3636 Et
801 3582 1218 3648 recordabimini,
1248 3584 1441 3654 inquit,
1475 3585 1676 3639 viarum
1735 3595 2020 3640 vestrarum

439 3684 484 3726 et
529 3675 763 3728 omnium
799 3673 1054 3728 scelerum
1090 3685 1400 3741 vestrorum,
1446 3677 1500 3730 in
1548 3676 1734 3747 quibus
1762 3677 2021 3748 polluistis

445 3779 527 3816 vos
552 3774 600 3818 et
625 3764 961 3834 displicebitis
985 3765 1127 3818 vobis
1156 3766 1212 3819 in
1237 3775 1509 3835 conspectu
1538 3776 1728 3831 vestro,
1773 3768 1827 3822 in
1857 3769 1997 3821 omni
2006 3801 2024 3810 -

445 3855 536 3908 bus
559 3854 776 3914 malitiis
825 3855 1026 3920 vestris,
1071 3871 1202 3926 quas
1238 3854 1454 3923 fecistis,
1489 3864 1535 3908 et
1565 3857 1742 3929 scietis
1759 3856 1882 3925 quia
1928 3873 2020 3927 ego

442 3940 698 3994 Dominus
733 3956 850 3994 cum
876 3941 1000 3994 bene
1024 3939 1192 4010 fecero
1223 3942 1362 3994 vobis
1390 3951 1600 4012 prapter
1619 3958 1802 3996 nomen
1827 3958 2019 4008 meum,

441 4047 545 4084 non
583 4032 869 4086 secundum
908 4033 1017 4086 vias
1063 4041 1256 4086 restras
1300 4033 1488 4098 malas,
1529 4051 1689 4104 neque
1736 4035 2019 4088 secundum

441 4122 637 4176 scelera
683 4134 853 4176 vestra
908 4124 1130 4192 pessima
1175 4123 1361 4177 domus
1422 4123 1593 4178 Israel
1644 4123 1858 4195 (Ezech.
1902 4125 2017 4192 xx).

444 4212 631 4286 [Aug]
659 4211 808 4280 Quod
837 4214 914 4268 ait
938 4212 1226 4284 Apostolus
1254 4214 1320 4269 de
1350 4213 1554 4283 Spiritu
1586 4225 1797 4280 sancto,
1838 4217 2018 4271 omnia

443 4313 624 4356 autem
667 4304 782 4358 lucc
809 4313 1068 4373 operatur
1093 4319 1233 4358 unus
1261 4311 1422 4374 atque
1453 4305 1591 4359 idem
1625 4305 1881 4376 Spiritus,
1913 4322 2019 4361 non

444 4394 566 4448 ideo
610 4395 831 4461 dictum,
863 4397 986 4464 quia
1015 4411 1120 4450 non
1150 4395 1200 4450 ei
1222 4406 1542 4464 cooperatur
1571 4398 1731 4452 Pater
1749 4405 1805 4452 et
1829 4397 2011 4461 Filius,

443 4483 538 4536 sed
564 4484 690 4552 quia
731 4483 784 4538 in
821 4485 907 4539 his
933 4485 1185 4554 operibus
1225 4499 1332 4539 non
1369 4495 1496 4539 Sunt
1545 4485 1720 4552 multi,
1750 4487 1842 4540 sed
1881 4500 2019 4542 unus

447 4573 697 4642 Spiritus,
729 4574 824 4630 sed
849 4582 904 4628 et
937 4575 992 4629 in
1035 4574 1262 4630 diversis
1296 4576 1408 4631 suis
1436 4577 1687 4646 operibus
1714 4593 1817 4631 non
1866 4584 1949 4632 est
1986 4593 2016 4631 a

447 4679 504 4718 se
546 4665 811 4732 diversus,
859 4681 980 4721 cum
1030 4682 1158 4722 vero
1189 4666 1450 4738 adiungit,
1481 4675 1536 4722 et
1581 4669 1728 4734 dicit,
1778 4669 2020 4726 dividens

447 4755 672 4824 singulis
696 4765 856 4826 prout
892 4756 1027 4811 vult.
1068 4756 1258 4813 Nonne
1291 4757 1615 4825 manifestat,
1647 4760 1808 4814 etiam
1849 4763 2019 4817 sancti

449 4847 681 4916 Spiritus
707 4855 1053 4916 potestatem,
1081 4849 1174 4904 sed
1202 4863 1234 4903 a
1259 4848 1419 4902 Patre
1445 4857 1498 4902 et
1525 4849 1662 4904 Filio
1696 4851 1852 4920 plane
1876 4852 2016 4906 indi-

451 4937 686 4992 viduam.
719 4936 916 5008 (Hier.)
943 4937 1214 5004 Qnmritur
1234 4940 1503 5007 quomodo
1532 4939 1779 4994 Salvator
1825 4956 2017 4996 secun-

451 5029 575 5082 dum
614 5027 878 5084 Joannem
909 5028 1140 5083 insuﬂlat
1167 5028 1427 5098 Spiritum
1458 5038 1702 5084 sanctum
1746 5031 2018 5099 apostolis,

450 5127 504 5172 et
531 5119 824 5173 secundum
873 5118 1071 5174 Lucam
1101 5128 1222 5188 post
1247 5121 1611 5176 ascensionem
1639 5122 1926 5176 missurum
1965 5137 2024 5176 se

449 5226 570 5267 esse
590 5212 741 5277 dicit,
765 5210 925 5280 hujus
954 5212 1263 5288 quzestionis
1305 5213 1578 5283 perfacilis
1603 5213 1798 5268 solutio
1829 5221 1934 5280 est,
1980 5215 2027 5269 si

449 5300 678 5358 docente
732 5303 894 5357 Paulo
946 5305 1218 5371 apostolo,
1274 5302 1506 5374 Spiritus
1564 5305 1736 5360 sancti
1785 5304 2026 5360 diversas

455 5396 656 5467 gratias
685 5395 1008 5449 noverimus.
1041 5391 1241 5450 Scribit
1269 5396 1411 5449 enim
1449 5396 1502 5450 in
1533 5396 1706 5465 prima
1750 5395 1815 5450 ad
1841 5395 2028 5450 Corin-

456 5487 597 5541 thios
630 5504 642 5539 :
678 5485 968 5540 Divisiones
997 5501 1115 5540 vero
1153 5485 1430 5552 donorum,
1460 5487 1596 5541 idem
1641 5497 1812 5540 autem
1864 5485 2030 5556 Spiri-

459 5578 610 5640 ritus,
649 5588 697 5630 et
744 5576 1464 5630 divisionesministeriorum
1509 5587 1650 5640 sunt,
1677 5575 1813 5630 idem
1855 5585 2028 5629 autem

459 5667 738 5734 Dominus,
759 5679 807 5723 et
833 5668 1108 5723 divisiones
1129 5667 1500 5736 operationum,
1523 5675 1570 5720 et
1600 5667 1735 5720 idem
1763 5665 1920 5732 Deus,
1941 5665 2029 5733 qui

2047 3087 2090 3149 C

2045 4443 2096 4502 D

2125 1845 2296 1900 seritis
2345 1857 2555 1916 peccata
2583 1850 2914 1904 remittuntur
2950 1853 3024 1907 eis
3045 1893 3059 1916 ,
3115 1871 3336 1924 quarunt
3366 1858 3700 1925 retiuueritis,

2128 1947 2328 1991 retenta
2356 1949 2493 1993 sunt.
2517 1938 2687 1996 Porro
2712 1941 2877 2012 igitur
2895 1943 2981 1998 die
3001 1947 3412 2001 resurrectionis
3427 1945 3540 2016 ejus
3552 1965 3706 2004 acce-

2123 2036 2317 2096 perunt
2372 2027 2606 2099 Spiritus
2642 2033 2814 2087 sancti
2850 2034 3076 2103 gratiam
3109 2051 3218 2105 quo
3254 2045 3472 2104 peccata
3520 2040 3705 2094 remit-

2124 2129 2302 2177 terent
2329 2133 2382 2178 et
2411 2125 2769 2194 baptizarent,
2811 2137 2865 2182 et
2891 2128 3028 2184 ﬁlios
3055 2129 3150 2185 Dei
3195 2131 3454 2197 facerent,
3502 2141 3554 2187 et
3584 2133 3705 2202 Spi-

2123 2212 2286 2268 ritum
2315 2216 2616 2286 adoptionis
2642 2217 2984 2275 credentibus
3003 2220 3345 2292 largirentur,
3373 2223 3489 2292 ipso
3519 2221 3704 2278 Salva-

2124 2309 2240 2358 tore
2263 2303 2493 2370 dicente,
2523 2321 2742 2376 quorum
2779 2307 3079 2363 remiseritis
3109 2320 3344 2378 peccata,
3378 2311 3700 2366 remittemur

2121 2393 2213 2456 eis,
2248 2403 2297 2446 et
2324 2412 2546 2464 quorum
2570 2397 2908 2463 retinueritis,
2945 2409 3141 2452 retenta
3169 2410 3338 2453 erunt.
3393 2399 3488 2456 Die
3522 2410 3700 2457 autem

2122 2481 2470 2540 Pentecostes
2499 2486 2578 2539 eis
2605 2486 2832 2556 amplius
2863 2489 3244 2557 repromissum
3287 2498 3388 2554 est,
3433 2500 3491 2544 ut
3529 2492 3703 2561 bapti-

2123 2585 2377 2631 zarentur
2418 2577 2621 2647 Spiritu
2659 2588 2847 2633 sancto
2903 2589 2957 2634 et
2992 2583 3347 2638 induerentur
3386 2585 3584 2641 virtute
3634 2603 3700 2642 ex

2121 2663 2250 2728 alto,
2277 2668 2402 2736 quia
2428 2668 2628 2722 Christi
2663 2668 3006 2740 Evangelium
3037 2673 3245 2728 cnnctis
3280 2675 3529 2744 gentibus
3567 2692 3702 2746 prte-

2121 2755 2384 2820 dicarent,
2430 2758 2584 2826 juxta
2637 2759 2784 2822 illud,
2831 2761 2972 2829 quod
3012 2762 3064 2816 in
3101 2766 3434 2833 sexagesimo
3473 2767 3702 2836 septimo

2120 2845 2326 2914 psalmo
2361 2847 2586 2915 legimus
2618 2865 2630 2900 :
2665 2848 2915 2903 Dominus
2937 2851 3078 2904 dabit
3099 2854 3308 2906 verbum
3341 2857 3699 2925 euangelizan-

2121 2933 2254 2986 tibus
2307 2934 2493 2988 virtute
2541 2935 2729 3001 multa,
2759 2945 2817 2990 ut
2850 2938 3112 2994 haberent
3147 2943 3488 3010 Operationes
3525 2947 3699 3000 virtu-

2121 3032 2233 3078 tum
2277 3032 2334 3079 et
2381 3026 2611 3095 gratiam
2651 3027 2979 3094 sanitatum,
3026 3037 3081 3084 et
3138 3031 3480 3100 praedicaturi
3517 3035 3703 3093 multis

2125 3114 2374 3184 gentibus
2413 3117 2723 3186 acciperent
2749 3133 2945 3184 genera
2981 3120 3304 3192 linguarum,
3348 3133 3409 3178 ut
3427 3123 3541 3194 jam
3573 3137 3704 3187 tunc

2123 3216 2533 3277 cognosceretur
2594 3211 2686 3279 qui
2755 3212 3119 3281 apostolorum
3185 3215 3378 3284 quibus
3443 3220 3702 3276 deberent

2123 3299 2370 3368 gentibus
2411 3300 2682 3355 nuntiare.
2742 3301 2982 3372 Denique
3039 3305 3313 3373 apostolus
3361 3305 3558 3364 Paulus
3606 3313 3698 3380 qui

2125 3391 2190 3444 de
2211 3389 2509 3446 Jerusalem
2538 3407 2709 3461 usque
2738 3392 2790 3447 in
2812 3393 3080 3465 Illyricum
3107 3395 3437 3465 praedicavit,
3473 3409 3526 3454 et
3572 3402 3696 3456 inde

2121 3497 2217 3550 per
2239 3481 2465 3537 Romam
2507 3485 2575 3538 ad
2606 3482 2891 3552 Hispanias
2919 3485 2998 3539 ire
3028 3484 3339 3554 festinabat,
3366 3490 3566 3558 gratias
3591 3491 3702 3562 agit

2123 3571 2252 3636 Deo,
2303 3573 2444 3642 quod
2471 3574 2682 3629 cunctis
2713 3574 2970 3645 apostolis
2997 3577 3168 3647 magis
3201 3577 3396 3650 linguis
3427 3578 3696 3650 loquatur;

2122 3663 2212 3730 qui
2265 3662 2410 3716 enim
2449 3661 2634 3718 multis
2667 3663 2916 3732 gentibus
2945 3666 3362 3722 annuntiaturus
3389 3676 3526 3735 erat,
3565 3671 3702 3723 mul-

2123 3761 2299 3807 tarum
2325 3753 2628 3824 linguarum
2653 3764 2937 3826 acceperat
2957 3758 3210 3827 gratiam,
3241 3774 3359 3828 qua:
3409 3763 3700 3832 repromis-

2123 3846 2205 3900 sio
2233 3845 2466 3914 Spiritus
2485 3848 2657 3902 sancti
2681 3848 2767 3903 die
2805 3849 3012 3904 decimo
3029 3858 3150 3919 post
3179 3853 3546 3908 ascensionem
3584 3854 3702 3909 Sal-
3777 3866 3779 3869 '

2122 3939 2323 3992 vatoris
2347 3939 2559 4006 expleta
2588 3949 2689 4005 est,
2723 3938 2862 3993 Luca
2895 3940 3160 3998 referente
3193 3942 3284 4011 qui
3335 3945 3521 4000 scribit
3560 3947 3700 4017 (Act.

2123 4028 2184 4099 tt)
2234 4045 2247 4082 :
2291 4029 2520 4100 Cumque
2571 4029 2948 4100 complerentur
2999 4033 3109 4086 dies
3171 4023 3527 4101 Pentecostes,
3551 4052 3701 4094 erant

2123 4134 2298 4173 omnes
2322 4120 2518 4189 pariter
2537 4119 2592 4173 in
2627 4119 2807 4173 eodem
2836 4118 2972 4186 loco,
3001 4129 3048 4174 et
3077 4121 3247 4190 factus
3285 4133 3357 4176 est
3390 4136 3591 4194 repente
3635 4128 3701 4182 de

2123 4209 2248 4263 caelo
2274 4226 2453 4274 sonus,
2493 4221 2739 4280 tanquam
2773 4210 3089 4265 advenientis
3115 4211 3345 4282 Spiritus
3369 4213 3696 4279 vehementis,

2123 4309 2170 4354 et
2211 4301 2416 4371 replevit
2452 4310 2611 4354 totam
2636 4301 2846 4354 domum
2873 4301 2960 4355 ubi
2989 4313 3136 4356 erant
3165 4303 3416 4366 sedentes,
3455 4313 3502 4358 et
3533 4323 3692 4376 appa-

2128 4401 2340 4444 ruerunt
2372 4391 2478 4445 illis
2526 4391 2812 4460 dispertita:
2855 4391 3049 4462 linguae
3079 4403 3326 4463 tanquam
3357 4394 3514 4465 ignis,
3535 4395 3691 4449 sedit-

2121 4499 2220 4554 que
2239 4499 2393 4553 super
2416 4483 2646 4554 singulos
2675 4499 2874 4547 eorum,
2915 4493 2961 4537 et
2993 4483 3170 4552 repleti
3197 4493 3316 4538 sunt
3355 4500 3528 4539 omnes
3579 4485 3700 4555 Spi-

2122 4576 2226 4628 ritu
2246 4585 2425 4630 sancto
2451 4584 2496 4628 et
2517 4584 2771 4644 coeperunt
2801 4574 2941 4645 loqui
2964 4576 3121 4628 variis
3152 4575 3364 4646 linguis,
3404 4587 3555 4646 prout
3579 4577 3700 4648 Spi-

2121 4668 2254 4720 ritus
2283 4676 2492 4720 sanctus
2521 4666 2678 4719 dabat
2717 4665 2886 4736 eloqui
2909 4665 3032 4720 illis.
3065 4666 3214 4722 Tunc
3263 4669 3586 4739 completum
3617 4681 3700 4726 est

2121 4756 2249 4812 illud
2271 4759 2413 4826 quod
2437 4756 2632 4828 legitur
2653 4757 2705 4810 in
2731 4756 2846 4811 Joel
2873 4755 3029 4827 (Joel.
3068 4757 3127 4829 ιι)
3159 4772 3173 4810 :
3209 4757 3277 4812 Et
3306 4759 3401 4812 erit
3440 4761 3494 4814 in
3532 4762 3702 4816 novis-

2121 4845 2266 4900 simis
2291 4846 2490 4912 diebus,
2519 4846 2644 4898 dicit
2670 4843 2944 4910 Dominus,
2975 4847 3239 4916 e/fundam
3273 4849 3337 4902 de
3359 4847 3560 4918 Spiritu
3587 4867 3700 4904 meo

2127 4951 2281 5005 super
2304 4951 2504 4988 omnem
2531 4949 2737 4987 carnem
2767 4943 2814 4986 et
2839 4935 3213 5003 pr0pltetabunt
3235 4936 3334 5004 lilii
3375 4935 3529 4992 vestri
3559 4950 3608 4993 et
3631 4940 3698 5008 [i-

2127 5028 2214 5081 lice
2239 5036 2436 5090 vestrae,
2462 5035 2510 5079 et
2527 5026 2742 5094 juvenes
2766 5027 2916 5080 vestri
2937 5027 3152 5081 visiones
3176 5029 3433 5084 videbunt.
3467 5030 3698 5086 Verbum

2132 5127 2310 5172 autem
2342 5115 2617 5172 ell'usionis
2649 5117 2916 5188 significat
2958 5118 3146 5189 gratia:
3169 5119 3496 5190 largitatem,
3531 5130 3586 5178 et
3621 5124 3703 5178 id-

2133 5213 2308 5282 ipsum
2338 5210 2672 5279 sonat.qnod
2713 5209 2970 5265 Dominus
3004 5212 3310 5281 repromisit
3337 5230 3349 5265 :
3395 5211 3496 5267 Vos
3529 5222 3702 5268 autem

2135 5301 2470 5371 baptizamini
2491 5299 2689 5370 Spiritu
2709 5311 2889 5355 sancto
2926 5319 3027 5356 non
3056 5313 3165 5372 post
3196 5303 3387 5358 multos
3427 5306 3520 5358 hos
3569 5305 3698 5359 dies.

2135 5393 2190 5448 In
2217 5401 2423 5447 tantum
2447 5393 2587 5447 enim
2627 5402 2816 5448 sancto
2841 5392 3043 5463 Spiritu
3075 5395 3327 5465 baptizati
3358 5405 3502 5460 sunt,
3537 5405 3595 5451 ut
3625 5413 3705 5450 re-

2133 5483 2369 5553 pleretur
2387 5490 2496 5536 tota
2520 5484 2710 5538 domus
2737 5485 2827 5538 ubi
2853 5492 3009 5538 erant
3034 5485 3297 5547 sedentes.
3331 5495 3386 5542 et
3412 5487 3548 5556 ignis
3583 5486 3704 5556 Spi-

2135 5574 2272 5628 ritus
2321 5573 2495 5628 sancti
2541 5575 2829 5629 stationem
2891 5575 2944 5629 in
2994 5576 3073 5631 eis
3113 5578 3379 5632 inveniret
3429 5585 3698 5645 aptatam.

2138 5665 2455 5735 linguasque
2498 5665 2780 5731 divideret,
2811 5674 2865 5719 et
2894 5667 3186 5721 secundum
3230 5667 3442 5730 Isaiam,
3490 5668 3580 5735 qui
3613 5669 3704 5722 im-
