4082 6332
357 293 452 345 ill

987 279 1048 334 Β.
1093 275 1348 334 RABANI
1385 275 1604 336 MAURI
1634 273 1954 334 ARCHIEP.
1992 271 2299 334 MOGUNT.
2324 266 2622 329 ‘OPERUM
2654 257 2838 323 PARS
2878 261 2962 323 lil.

3488 264 3593 320 ΗΞ

326 400 528 460 munda
546 397 688 453 labia
710 394 914 450 habere
933 405 992 447 se
1010 391 1220 448 dixerat
1240 397 1515 460 purgaret,
1537 389 1680 446 labia
1699 403 1909 454 eorum,
1938 391 1991 452 Α
2015 386 2192 452 inferi,
2233 384 2434 440 mortui
2459 381 2757 447 ambulant,
2780 393 2909 435 saxa
2949 383 3294 448 rumpuntur,
3344 377 3462 434 haec
3510 387 3600 434 est

327 500 392 549 ut
437 487 786 560 Evangelium
830 481 1032 539 Christi
1073 481 1260 552 purius
1322 480 1700 550 praedicarent,
1742 487 1798 536 et
1847 479 1910 534 in

328 581 469 639 Isaia
515 579 732 650 quidem
757 575 893 648 (Isa.
932 572 1008 642 vr)
1037 571 1447 642 superliminare
1492 571 1676 640 templi
1718 571 1916 626 dicitur

329 673 497 729 fuisse
539 675 884 730 commotum,
913 671 968 719 et
1011 662 1214 733 repleta
1237 661 1415 716 omnis
1441 661 1634 717 domus
1661 660 1828 725 fumo,
1861 661 1916 717 id

330 772 434 826 est,
458 771 645 814 errore
668 764 722 810 et
743 753 1002 816 tenebris,
1035 750 1258 819 verique
1284 749 1622 819 ignorantia;
1671 749 1726 804 in
1765 748 1918 818 prin-

330 853 472 923 cipio
507 858 686 904 autem
716 842 991 914 Evangelii
1018 840 1258 911 repletur
1287 839 1494 910 Spiritu
1522 846 1710 896 sancto
1735 837 1918 894 Eccle-

331 941 433 1005 sia,
462 946 521 992 ut
564 934 738 1007 gratia
777 931 896 1001 ejus
941 937 1104 998 atque
1143 927 1353 1000 fervore
1380 927 1562 982 omnia
1581 926 1918 982 credentium

329 1037 553 1102 peccata
573 1013 890 1097 purgentur,
932 1029 988 1076 et
1015 1021 1137 1093 igne
1164 1020 1398 1091 Spiritus
1423 1019 1596 1074 sancti
1623 1033 1785 1088 quem
1814 1017 1919 1072 Do-

336 1121 519 1176 minus
555 1118 849 1173 missurum
876 1126 934 1167 se
946 1126 1067 1166 esse
1088 1111 1298 1166 dixerat
1335 1109 1748 1180 prmdicantium
1769 1105 1923 1162 Chri-

348 1221 492 1266 stum
518 1209 699 1280 lingua
722 1211 1036 1270 sanaretur;
1061 1201 1329 1274 non_enim
1367 1199 1603 1257 Joannes
1638 1199 1922 1269 Lucasque

335 1307 662 1368 discordant,
717 1300 905 1363 utqille
952 1300 1127 1370 prima
1161 1296 1578 1352 resurrectionis
1607 1295 1694 1351 die
1737 1295 1923 1350 datum

339 1414 460 1453 esse
475 1395 762 1466 signiticet,
797 1393 884 1448 hic
911 1391 998 1448 die
1016 1388 1463 1459 quinquagesimo
1487 1385 1702 1442 venisse
1729 1385 1946 1441 descri-,

340 1490 434 1542 bat
468 1502 483 1541 :
518 1486 610 1541 sed
639 1483 915 1556 profectus
943 1479 1272 1551 apostolicus
1314 1489 1427 1543 est,
1470 1477 1654 1548 utqui
1692 1476 1925 1547 primum

345 1579 794 1656 remittendorum
853 1583 1200 1646 peccatorum
1265 1571 1496 1642 gratiam
1559 1577 1924 1640 acceperunt,

340 1678 528 1741 postea
574 1669 882 1737 acciperent
926 1662 1255 1735 operationis
1293 1660 1579 1724 virtutem,
1623 1665 1679 1715 et
1731 1665 1926 1714 cuneta

2013 473 2204 546 gloria,
2234 472 2300 528 de
2319 486 2424 542 qua
2449 469 2765 539 loquebatur
2801 468 2857 522 in
2906 464 3113 536 psalmo
3141 483 3156 520 :
3182 463 3440 536 Exsurge,
3479 465 3598 537 glo—

2015 564 2097 618 ria
2124 579 2261 628 mea,
2294 577 2538 631 exsurge,
2559 557 2870 630 psalterium
2901 567 2946 611 et
2975 557 3180 610 cithara
3210 555 3395 626 (Psal.
3427 557 3596 628 cvn).

2014 654 2240 723 ipsaque
2271 653 2338 707 de
2367 665 2427 706 se
2451 647 2746 720 respondit,
2775 647 2944 718 gloria
2969 654 3026 701 et
3052 647 3385 716 dispensatio
3413 649 3599 703 carnis

2015 749 2328 812 assumptte,
2360 756 2640 810 exsurgant
2661 736 2918 802 diluculo,
2949 745 3009 790 ut
3035 737 3325 808 impleatur
3355 737 3602 792 vicesimi

2015 833 2176 904 primi
2199 831 2394 904 psalmi
2417 830 2626 896 titulus,
2658 845 2753 900 pro
2769 829 3138 900 assumptione
3165 831 3444 883 matutina.
3477 828 3606 884 Haec

2019 926 2267 990 dicimus,
2298 939 2406 979 non
2433 938 2541 994 quo
2577 921 2743 976 alium
2795 920 2985 987 Deum,
3030 929 3085 975 et
3123 920 3287 974 alium
3327 921 3606 976 hominem

2017 1029 2139 1072 esse
2163 1014 2466 1078 credamus,
2493 1021 2550 1067 et
2592 1011 2725 1066 duas
2771 1024 3031 1081 personas
3078 1009 3342 1065 faciamus
3388 1011 3445 1065 in
3495 1026 3606 1064 uno

2018 1103 2156 1160 Filio
2184 1103 2296 1167 Dei,
2329 1103 2469 1158 sicut
2488 1115 2624 1156 nova
2645 1099 2868 1155 haeresis
2901 1099 3282 1166 calumniatur,
3332 1099 3430 1156 sed
3464 1116 3608 1156 unus

2021 1201 2183 1262 atque
2219 1191 2359 1246 idem
2388 1189 2555 1243 Filius
2583 1189 2697 1255 Dei,
2721 1197 2774 1243 et
2795 1187 2936 1243 filius
2973 1187 3208 1243 hominis
3229 1197 3334 1254 est,
3366 1196 3422 1242 et
3444 1188 3606 1260 quid-

2023 1281 2150 1352 quid
2173 1281 2429 1351 loquitur,
2459 1279 2603 1334 aliud
2633 1278 2921 1334 referimus
2951 1279 3020 1334 ad
3048 1278 3288 1335 divinam
3343 1281 3460 1351 ejus
3487 1281 3606 1353 glo-

2025 1373 2182 1449 riam,
2211 1371 2356 1426 aliud
2372 1371 2449 1450 [ad
2485 1379 2727 1427 nostram
2749 1370 3002 1436 salutem,
3025 1386 3124 1440 pro
3155 1372 3353 1442 quibus
3387 1389 3495 1428 non
3519 1389 3608 1427 ra-

2022 1463 2206 1534 pinam
2239 1463 2521 1518 arbitratus
2547 1473 2622 1518 est
2642 1479 2754 1517 esse
2773 1479 2828 1516 se
2856 1462 3113 1533 (aqualem
3161 1463 3293 1530 Deo,
3337 1465 3428 1519 sed
3475 1466 3612 1535 seip-

2026 1571 2143 1608 sum
2168 1554 2469 1617 exinanivit,
2500 1553 2674 1623 [actus
2702 1552 2943 1606 obediens
2979 1569 3141 1621 usque
3181 1554 3251 1607 ad
3277 1564 3514 1620 mortem,
3559 1563 3609 1609 et

2026 1652 2244 1697 mortem
2267 1643 2434 1697 crucis
2467 1642 2486 1714 (
2509 1642 2649 1697 Phil.
2679 1642 2750 1715 ιι)
2777 1659 2791 1708 ;
2823 1649 2876 1698 et
2904 1641 3127 1697 Verbum
3148 1661 3269 1698 caro
3291 1644 3486 1713 factum
3509 1655 3612 1709 est,

349 1731 709 1819 donationuni
722 1731 1096 1832 generaiqum
1127 1757 1195 1812 ab
1220 1754 1479 1824 Apostolo
1514 1753 1786 1824 descripta
1821 1767 1936 1806 me-
1960 1735 2010 1796 Β
2035 1742 2084 1788 ετ
2105 1733 2351 1832 habita?“
2373 1734 2427 1788 ίη
2451 1733 2596 1832 "aliis
2625 1731 2913 1832 (ςόαη-ξλ
2965 1732 3156 1832 Mltos
3177 1743 3356 1789 autem
3404 1733 3612 1832 bionta-

348 1852 700 1914 moravimus,
739 1859 796 1904 et
838 1848 980 1919 quod
1026 1847 1198 1915 magis
1224 1843 1592 1902 necessarium
1617 1848 1736 1897 erat
1758 1839 1938 1896 diver-

343 1944 564 1996 sitatem
597 1941 901 2010 linguarum
933 1937 1306 1992 universarum
1336 1934 1608 2006 gentium,
1635 1942 1696 1986 ut
1728 1945 1936 1986 annun-

348 2032 531 2086 tiaturi
559 2030 836 2085 Christum
885 2027 1032 2082 nullo
1066 2035 1288 2098 egerent
1317 2025 1632 2094 interprete.
1691 2020 1844 2078 Unde
1879 2027 1935 2076 et

352 2122 407 2176 in
454 2120 724 2192 Lycaonia
775 2105 898 2174 cum
939 2119 1218 2173 audissent
1263 2115 1489 2170 Paulum
1534 2122 1591 2170 et
1630 2112 1936 2169 Barnabam

350 2211 499 2282 loqui
543 2210 740 2282 linguis
784 2209 928 2274 suis,
960 2209 1090 2264 deos
1118 2208 1174 2262 in
1204 2205 1450 2263 homines
1497 2217 1792 2260 conversos
1814 2215 1937 2258 esse

347 2303 656 2367 credebant,
709 2308 764 2354 et
813 2315 1004 2356 revera
1048 2300 1421 2354 indumentum
1459 2295 1677 2351 virtutis
1701 2293 1934 2366 Spiritus

345 2393 517 2449 sancti
540 2393 712 2462 gratia
743 2398 846 2454 est,
895 2406 1064 2460 quam
1091 2389 1428 2460 possidentes
1467 2386 1714 2456 judicum
1765 2383 1934 2439 tribu-

344 2485 510 2548 nalia,
556 2491 611 2537 et
639 2497 826 2553 regum
850 2497 1120 2552 purpuras
1148 2496 1257 2536 non
1286 2480 1569 2534 timebant.
1600 2475 1936 2532 Promiserat

313 2603 320 2612 ι
344 2576 486 2630 enim
514 2573 776 2629 Dominus
799 2575 1112 2644 priusquam
1134 2581 1432 2642 pateretur,
1461 2579 1517 2626 et
1538 2571 1748 2626 dixerat
1777 2567 1929 2639 (Luc.

323 2666 512 2734 xxv):
548 2664 678 2720 Cum
709 2675 884 2720 autem
925 2665 1135 2719 tradent
1171 2681 1282 2730 vos,
1311 2663 1468 2718 nolite
1497 2663 1744 2734 cogitare,
1791 2676 1932 2732 quo-

337 2755 492 2809 modo
534 2763 625 2808 aut
662 2754 792 2824 quid
822 2753 1135 2823 loquamini,
1166 2752 1379 2806 dabitur
1405 2753 1540 2806 enim
1572 2752 1712 2807 vobis
1739 2751 1795 2805 in
1834 2747 1932 2804 illa

338 2847 468 2902 hora
493 2825 619 2914 quid
646 2843 952 2914 loquamini.
1009 2842 1130 2896 Non
1159 2843 1296 2896 enim
1341 2858 1427 2896 vos
1455 2843 1602 2907 estis,
1631 2842 1723 2912 qui
1762 2839 1931 2910 loqui-

340 2936 490 3000 mini,
523 2935 612 2989 sed
637 2934 865 3004 Spiritus
895 2932 1074 2987 Patris
1096 2933 1248 2988 vestri
1275 2933 1364 3002 qui
1402 2931 1634 3002 loquitur
1680 2933 1736 2986 in
1757 2923 1932 3014 nobis.

339 3027 450 3096 Ego
483 3033 662 3081 autem
697 3026 958 3081 audacter
981 3032 1036 3079 et
1063 3031 1176 3078 tota
1225 3022 1480 3076 libertate.
1507 3021 1815 3091 pronuntio,
1857 3035 1926 3076 ex

2037 1840 2167 1879 num
2187 1833 2242 1879 et
2272 1825 2491 1880 insanas
2528 1823 2757 1880 feminas
2797 1825 2936 1896 ejus,
2987 1827 3258 1882 abortivos
3296 1829 3610 1898 prophetas,

2036 1913 2264 1970 Domino
2292 1915 2638 1985 promittente
2689 1924 2852 1986 atque
2889 1915 3139 1971 dicente:
3169 1916 3315 1972 Vada
3357 1927 3404 1973 et
3445 1918 3611 1973 alium

2034 2004 2358 2077 paracletum
2391 2009 2537 2062 mitto
2560 2008 2724 2076 vobis,
2773 2017 2829 2064 et
2866 2019 3050 2080 postea
3091 2011 3236 2068 Luca
3282 2014 3614 2085 evangelista

2035 2103 2290 2152 narrante
2321 2097 2464 2167 quod
2493 2097 2722 2168 apostoli
2749 2078 3077 2170 acceperunt
3099 2103 3243 2172 quod
3282 2078 3612 2172 promissum

2033 2199 2139 2266 est,
2164 2192 2220 2248 id
2255 2192 2424 2248 multo
2451 2201 2574 2262 post
2597 2201 2837 2264 tempore
2858 2194 2912 2248 in
2933 2209 2993 2250 se
3018 2195 3225 2250 diceret
3245 2195 3412 2252 fuisse
3463 2211 3614 2252 com-

2033 2283 2236 2355 pletum
2260 2284 2551 2355 :apostolis
2576 2284 2721 2340 enim
2747 2285 3072 2356 promissum
3119 2296 3203 2342 est
3227 2305 3241 2340 :
3269 2286 3382 2358 Ego
3408 2288 3612 2342 mittam

2033 2380 2361 2446 sponsionem
2385 2375 2565 2432 Patris
2586 2379 2686 2432 mei
2706 2378 2760 2432 in
2780 2394 2891 2444 vos,
2917 2387 2964 2432 et
2988 2395 3074 2433 vos
3102 2377 3344 2434 sedebitis
3388 2380 3445 2433 in
3481 2380 3612 2433 civi-

2033 2474 2158 2538 tate,
2182 2467 2356 2538 quoad
2377 2483 2538 2539 usque
2566 2467 2859 2524 induamini
2899 2470 3136 2524 virtutem
3173 2487 3238 2525 ea:
3281 2470 3387 2525 alto
3443 2469 3610 2542 (Luc.

2032 2556 2212 2628 xxiv),
2251 2566 2306 2612 et
2339 2573 2629 2629 resurgens
2649 2559 2703 2613 in
2725 2559 3000 2629 apostolos
3019 2559 3324 2627 insulllavit,
3349 2570 3404 2618 et
3425 2577 3532 2617 non
3555 2561 3614 2616 in

2033 2645 2270 2703 Montani
2299 2646 2582 2714 Priscillae,
2609 2657 2664 2704 et
2710 2648 3038 2716 Maximillae,
3081 2659 3136 2706 et
3173 2651 3280 2706 illis
3321 2652 3396 2707 ait
3423 2651 3612 2718 τριτο-

2031 2753 2148 2790 rum
2174 2737 2475 2793 remiseritis
2493 2748 2728 2810 peccata,
2753 2741 3104 2808 dimittentur,
3130 2758 3352 2812 quorum
3392 2744 3617 2798 retinue-

2030 2826 2168 2894 ritis,
2199 2837 2398 2882 retenta
2426 2839 2604 2895 erunt,
2647 2831 2923 2900 apostolis,
2953 2832 3197 2902 inquam,
3248 2835 3502 2906 praecepit
3542 2851 3614 2891 ne

2029 2920 2342 2978 recederent
2368 2919 2442 2978 de
2460 2919 2848 2994 Jierosolymis,
2869 2925 2962 2981 sed
2987 2935 3364 2996 exspectarent
3388 2929 3614 2998 prois-

2029 3011 2234 3068 sionem
2257 3012 2452 3082 Patris,
2483 3021 2539 3070 et
2562 3022 2749 3085 postea
2779 3017 2922 3086 quod
2947 3019 3274 3087 promissum
3306 3030 3390 3075 est
3428 3021 3612 3091 exple-

338 3083 415 3170 δεῖ
433 3124 673 3184 tempore
701 3130 805 3184 quo
847 3113 1076 3184 apostoli
1113 3111 1342 3167 Domino
1381 3083 1736 3167 crediderunt
1785 3083 1929 3166 sem-
1954 3083 2001 3147 Ο
2033 3113 2145 3160 tum
2167 3105 2431 3178 legimus:
2463 3083 2664 3178 Repleti
2703 3083 2824 3163 sunt
2865 3083 3040 3166 omnes
3088 3111 3290 3182 Spiritu
3333 3083 3515 3168 sancto
3561 3124 3610 3169 et

344 3220 444 3274 per
457 3219 552 3259 eos
573 3202 824 3258 habuisse
851 3202 1112 3272 Spiritum
1154 3208 1425 3267 sanctum,
1465 3215 1567 3256 nec
1597 3200 1837 3270 potuisse
1855 3199 1931 3256 si-

339 3292 637 3363 gaafacere
651 3293 852 3362 absque
870 3291 1106 3362 Spiritus
1115 3291 1286 3346 sancti
1300 3291 1498 3360 gratia,
1515 3291 1610 3346 sed
1627 3306 1724 3361 pro
1743 3290 1931 3346 modu-

344 3385 568 3455 loatque
582 3399 850 3439 mensura.
870 3382 1022 3439 Unde
1037 3381 1286 3438 Salvator
1296 3383 1564 3440 clamabat
1577 3383 1633 3438 in
1648 3383 1844 3455 templo
1856 3383 1934 3438 di.

342 3491 473 3531 cens
498 3473 645 3540 τρυε
671 3475 778 3528 sitit
804 3474 974 3528 veniat
1017 3473 1086 3528 ad
1115 3489 1193 3528 me
1229 3483 1278 3528 et
1315 3474 1474 3540 bibat,
1532 3475 1622 3544 qui
1665 3474 1826 3528 credit
1877 3475 1934 3530 in

344 3583 448 3632 me,
487 3567 633 3620 sicut
684 3564 810 3618 dicit
866 3562 1141 3634 Scriptura
1170 3605 1184 3630 ,
1230 3564 1448 3634 [lumina
1498 3563 1562 3617 de
1601 3573 1773 3618 ventre
1818 3565 1932 3634 ejus

345 3661 508 3730 ﬂuent
529 3674 678 3728 aqua:
701 3657 843 3712 victe.
873 3655 986 3710 Hoc
1007 3665 1179 3710 autem
1201 3655 1332 3710 dixit
1361 3655 1425 3710 de
1445 3653 1638 3725 Spiritu
1666 3671 1817 3725 quem
1839 3671 1932 3708 ac-

347 3748 547 3818 cepturi
575 3755 722 3800 erant
747 3744 1011 3800 credentes
1041 3745 1096 3798 in
1119 3761 1237 3798 eum
1267 3743 1454 3815 (Joan.
1484 3742 1622 3813 vn);
1653 3752 1708 3798 et
1749 3743 1803 3798 in
1843 3758 1935 3800 eo-

349 3839 471 3892 dem
503 3837 620 3892 loco
649 3835 853 3891 infert:
887 3833 1138 3890 Nondum
1167 3847 1278 3889 erat
1324 3833 1552 3905 Spiritus
1591 3835 1770 3901 datus,
1809 3836 1934 3906 quia

348 3931 504 3986 Iasus
539 3929 771 3984 nondum
794 3927 968 3998 fuerat
991 3911 1357 3999 gloriﬁcatus;
1382 3941 1486 3980 non
1512 3941 1618 3996 quo
1656 3941 1760 3981 non
1790 3934 1937 3982 esset

353 4021 584 4092 Spiritus
613 4028 850 4092 sanctus,
879 4018 1090 4073 dicente
1119 4017 1346 4072 Domino
1389 4015 1664 4074 Salvatore
1709 4016 1930 4089 (Matth.

353 4113 459 4184 xu)
493 4132 504 4166 ;
533 4111 594 4168 Si
621 4124 792 4166 autem
822 4126 914 4180 ego
938 4110 990 4162 in
1016 4108 1218 4178 Spiritu
1261 4117 1442 4162 sancto
1481 4107 1632 4177 ejicio
1653 4107 1932 4173 daemonia,

355 4204 450 4260 sed
470 4203 574 4274 .qui
604 4210 720 4257 erat
751 4203 804 4255 in
834 4199 1083 4264 Domino,
1116 4199 1345 4253 necdum
1388 4206 1533 4253 totus
1579 4199 1638 4252 in
1671 4197 1937 4268 apostolis

356 4293 690 4356 morabatur,
726 4289 1077 4359 quamobrem
1128 4289 1467 4343 deterrentur
1519 4287 1586 4341 ad
1635 4288 1934 4356 passionem

354 4385 490 4453 ejus,
519 4390 571 4435 ct
599 4387 816 4449 negant,
848 4388 903 4432 et
931 4377 1204 4433 Christum
1228 4393 1284 4432 se
1311 4379 1521 4434 nescire
1536 4379 1722 4448 juraut
1750 4397 1761 4432 :
1791 4385 1936 4447 post-

356 4489 520 4542 quam
552 4479 728 4526 autem
750 4470 1094 4539 baptizantur
1112 4468 1315 4539 Spiritu
1343 4478 1619 4534 sancto,.et
1645 4467 1935 4524 effunditur

355 4566 530 4617 iu-cos
555 4561 788 4631 Spiritus
814 4559 987 4614 sancti
1023 4558 1215 4630 gratia,
1260 4566 1388 4613 tunc
1437 4557 1604 4613 libere
1647 4558 1936 4628 loquuntur

357 4653 421 4707 ad
453 4651 722 4720 principes
749 4649 1053 4704 iud-morum
1078 4667 1091 4701 :
1125 4648 1347 4703 Obedire
1367 4649 1533 4718 magis
1577 4658 1771 4718 Oportet
1802 4648 1933 4714 Deo,

359 4760 426 4799 an
455 4741 786 4796 lauininibus?
811 4741 957 4812 (Act.
981 4741 1071 4810 v.)
1103 4739 1338 4794 Mortuos
1367 4739 1650 4804 suscitant,
1695 4749 1751 4795 et
1796 4740 1937 4796 inter

358 4830 566 4901 ﬂagella
591 4830 868 4895 lmtantur,
905 4828 1135 4882 fundunt
1161 4828 1498 4898 sanguinem,
1527 4837 1583 4882 ct
1601 4829 1713 4883 suis
1733 4829 1935 4899 suppli-

361 4925 460 4979 ciis
489 4931 840 4978 coronantur.
875 4920 1117 4976 Nondum
1145 4931 1264 4974 erat
1286 4921 1519 4991 Spiritus
1554 4921 1606 4974 in
1655 4921 1933 4990 apostolis,

361 5030 462 5070 nec
487 5015 552 5069 de
577 5020 766 5068 ventre
795 5027 982 5067 eorum
1011 5010 1245 5066 fluebant
1272 5011 1459 5081 gratiae
1499 5011 1786 5081 spiritales,
1812 5011 1938 5080 quia

364 5105 622 5162 Dominus
643 5104 869 5158 necdum
896 5101 1438 5176 fueratglorilicatus.
1472 5089 1596 5167 Qua:
1645 5102 1716 5156 sit
1759 5110 1940 5156 autem

366 5196 532 5267 gloria
560 5197 674 5266 ipse
700 5195 752 5249 in
783 5193 1072 5264 Evangelio
1099 5193 1176 5248 ait
1209 5210 1222 5246 :
1259 5191 1440 5259 Pater,
1470 5193 1704 5265 clurjﬁca
1731 5211 1810 5248 me
1829 5192 1940 5264 glo-

367 5287 446 5338 ria
490 5302 646 5355 quam
688 5285 826 5354 apud
870 5295 918 5338 te
960 5283 1116 5338 habui
1169 5283 1474 5354 priusquam
1536 5283 1764 5338 mundus
1809 5293 1939 5340 esset

369 5378 556 5447 (Joau.
585 5393 690 5431 xvn
710 5377 750 5448 ).,
777 5377 943 5448 gloria
961 5375 1257 5430 Salvatoris
1279 5374 1575 5446 patibulum
1605 5376 1939 5446 triumphan-

369 5467 437 5521 tis
464 5474 576 5532 est;
628 5467 965 5536 cruciﬁgitur
1001 5475 1058 5519 ut
1089 5465 1273 5530 homo,
1308 5463 1635 5535 gloriﬁcatur
1661 5474 1721 5519 ut
1753 5465 1937 5521 Domi-

369 5571 490 5610 nus.
551 5553 792 5625 Denique
847 5552 926 5607 sol
969 5551 1120 5621 fugit,
1161 5551 1284 5605 luna
1335 5559 1572 5606 mutatur
1613 5552 1665 5606 in
1718 5553 1940 5624 sangui-

368 5658 516 5712 nem,
572 5653 717 5703 terra
745 5652 890 5701 motu
935 5642 1151 5697 insolito
1195 5641 1582 5709 contremiscit,
1629 5642 1945 5712 aperiuntur

2031 3206 2292 3265 caeperunt
2320 3194 2462 3267 loqui
2507 3195 2627 3252 aliis
2675 3196 2890 3271 linguis,
2928 3210 3082 3270 prout
3133 3199 3357 3271 Spiritus
3395 3212 3614 3258 sanctus

2032 3283 2189 3338 dabat
2216 3283 2388 3356 eloqui
2417 3287 2512 3341 eis.
2563 3285 2796 3358 Spiritus
2839 3289 2985 3344 enim
3037 3299 3257 3347 sanctus
3306 3292 3477 3362 spirat
3518 3293 3610 3347 ubi

2031 3373 2163 3459 vult,
2203 3383 2259 3430 et
2303 3377 2517 3446 quando
2565 3378 2696 3434 dicit
2745 3375 3025 3447 Dominus,
3075 3380 3240 3436 alium
3285 3381 3608 3452 paracletum

2033 3467 2235 3520 mittam
2264 3467 2424 3536 vobis,
2464 3476 2519 3523 et
2564 3485 2622 3525 se
2670 3471 2906 3526 ostendit
2953 3485 3072 3528 esse
3119 3473 3469 3543 paracletum,
3519 3475 3615 3547 qui

2033 3556 2331 3627 appellatur
2358 3557 2670 3614 consolator.
2703 3559 2852 3617 Unde
2875 3570 2931 3617 et
2951 3563 3092 3620 Deus
3117 3563 3277 3620 Pater
3301 3566 3404 3622 hoc
3423 3581 3612 3622 cense-

2035 3655 2124 3702 tur
2137 3649 2373 3716 nomine,
2403 3651 2546 3707 Deus
2569 3652 2930 3709 miserationis
2953 3663 3006 3708 et
3028 3656 3188 3712 totius
3209 3657 3615 3730 consolationis.

2035 3736 2094 3792 Si
2114 3746 2293 3793 autem
2335 3738 2496 3796 Pater
2535 3742 2839 3799 consolator
2885 3753 2940 3800 et
2966 3745 3134 3801 Filius
3189 3747 3512 3815 consolator,
3559 3757 3615 3803 ct

2035 3827 2268 3898 Spiritus
2287 3842 2506 3887 sanctus
2533 3833 2855 3902 consolator,
2879 3835 3007 3890 etin
3055 3838 3270 3893 nomine
3313 3838 3512 3906 Patris,
3558 3848 3618 3896 et

2034 3919 2154 3976 Filii
2180 3931 2248 3977 et'
2265 3922 2496 3994 Spiritus
2521 3927 2692 3982 sancti
2719 3927 2860 3996 quod
2890 3928 3200 4000 intelligitur
3245 3931 3384 3988 Deus
3435 3933 3613 4004 bapti—

2035 4023 2227 4068 zantur
2249 4017 2549 4084 credentes,
2579 4032 2806 4087 quorum
2829 4035 2994 4074 unum
3019 4021 3318 4078 divinitatis
3338 4033 3390 4078 et
3418 4041 3612 4082 conso-

2035 4105 2221 4160 latoris
2255 4115 2338 4161 est
2366 4122 2584 4173 nomen,
2607 4123 2734 4178 ergo
2754 4116 2808 4163 et
2832 4125 2935 4164 una
2961 4121 3153 4167 natura
3180 4122 3282 4168 est.
3312 4114 3409 4169 Hic
3443 4114 3612 4186 Spiri-

2037 4206 2123 4254 tus
2149 4206 2367 4253 sanctus
2393 4213 2503 4254 non
2527 4198 2699 4256 solum
2724 4201 2776 4255 in
2802 4201 3076 4270 apostolis,
3093 4204 3194 4280 sed
3221 4212 3276 4260 et
3302 4205 3354 4259 in
3379 4207 3611 4276 prophe-

2038 4291 2108 4346 tis
2131 4289 2250 4356 fuit,
2277 4292 2344 4348 de
2363 4307 2469 4362 quo
2496 4293 2662 4347 David
2686 4295 2877 4350 orabat
2903 4295 3090 4352 dicens
3121 4314 3134 4350 :
3172 4295 3428 4366 Spiritum
3487 4315 3612 4352 san-

2037 4390 2177 4435 ctum
2197 4391 2342 4436 tuum
2360 4399 2425 4436 ne
2447 4382 2658 4452 auferas
2683 4402 2714 4438 a
2745 4401 2825 4440 me
2855 4384 3036 4456 (Psal.
3068 4385 3168 4458 ι.);
3201 4395 3254 4442 et
3277 4388 3462 4444 Daniel
3493 4389 3613 4460 Spi-

2037 4472 2198 4526 ritum
2233 4471 2329 4551 Dei
2357 4473 2610 4542 habuisse
2645 4483 2898 4529 narratur
2930 4475 3104 4545 (Dan.
3135 4493 3210 4542 1v,
3238 4477 3325 4549 v),
3348 4483 3412 4533 'et
3445 4479 3611 4534 David

2038 4561 2092 4616 in
2115 4561 2320 4632 Spiritu
2343 4563 2580 4632 loquitur
2625 4563 2822 4620 dixisse
2866 4567 3149 4622 Dominum
3189 4569 3414 4626 Domino
3467 4585 3608 4626 suo:

2037 4651 2168 4707 Sede
2189 4671 2220 4706 a
2246 4653 2439 4708 dextris
2461 4655 2612 4721 meis,
2635 4655 2796 4708 donec
2818 4672 3006 4726 ponam
3029 4658 3264 4714 inimicos
3283 4671 3398 4720 tuos
3417 4660 3613 4714 scabel-

2037 4743 2143 4797 lum
2171 4746 2358 4814 pedum
2401 4756 2610 4800 tuorum
2665 4744 2845 4817 (Psal.
2877 4748 3020 4819 cur).
3078 4749 3190 4806 Nec
3235 4752 3352 4807 sine
3410 4753 3612 4823 Spiritu

2037 4845 2224 4890 sancto
2256 4835 2708 4906 prophetaveru'nt
2754 4839 3045 4909 pmpli'ettc,
3086 4851 3160 4906 et,
3211 4843 3360 4896 verba
3399 4843 3613 4898 Domini

2041 4925 2153 4979 caeli
2181 4926 2379 4994 ﬁrmati
2403 4937 2543 4993 sunt,
2568 4938 2615 4982 et
2643 4929 2831 4998 spiritu
2865 4931 2968 4982 oris
2993 4931 3108 5000 ejus
3131 4934 3298 4986 omnis
3327 4934 3493 4987 virtus
3519 4950 3608 4988 eo-

2044 5031 2156 5069 rum
2185 5013 2367 5087 (Psal.
2395 5017 2595 5088 xxxii),
2635 5027 2690 5071 et.
2725 5017 2984 5087 quidquid
3026 5019 3201 5075 Patris
3240 5030 3294 5076 et
3331 5021 3451 5076 Filii
3506 5032 3608 5084 est,

2043 5105 2144 5160 hoc
2167 5105 2305 5160 idem
2328 5115 2383 5160 et
2413 5105 2644 5174 Spiritus
2664 5107 2836 5160 sancti
2865 5117 2969 5173 est,
2997 5117 3053 5164 et
3074 5109 3187 5178 ipse
3213 5110 3446 5180 Spiritus
3486 5128 3610 5166 cum

2043 5196 2288 5250 mittatur
2307 5211 2338 5249 a
2358 5194 2539 5260 Patre,
2562 5203 2614 5249 et
2633 5210 2731 5266 pro
2749 5195 2885 5251 Filio
2903 5198 3102 5264 veniat,
3129 5200 3183 5254 in
3203 5200 3310 5272 alio
3327 5209 3486 5270 atque
3507 5201 3612 5255 alio

2043 5285 2162 5340 loco
2187 5283 2420 5354 Spiritus
2441 5284 2533 5338 Dei
2562 5283 2739 5353 Patris
2763 5294 2819 5340 et
2859 5285 3058 5342 Christi
3102 5288 3334 5359 Spiritus
3378 5289 3602 5360 appella-

2045 5384 2146 5428 tur.
2181 5373 2334 5442 Unde
2369 5382 2425 5428 et
2467 5373 2520 5428 in
2566 5373 2790 5430 Actibus
2836 5375 3198 5446 apostolorum
3248 5379 3339 5449 qui
3390 5377 3612 5435 Joannis

2042 5464 2366 5534 baptismate
2390 5464 2600 5518 fuerant
2645 5465 2979 5535 baptizatict
3006 5469 3294 5526 credebant
3341 5471 3396 5526 in
3443 5471 3611 5527 Deum

2043 5552 2256 5608 Patrem
2280 5563 2334 5609 et
2361 5553 2654 5621 Christum,
2685 5558 2811 5627 quia
2837 5557 3096 5628 Spiritum
3129 5571 3372 5616 sanctum
3407 5562 3611 5617 nescie-

2046 5643 2192 5718 bant,
2226 5643 2418 5699 iterum
2445 5644 2805 5716 baptizanlur,
2835 5648 2943 5703 imo
2988 5656 3114 5704 tunc
3161 5665 3288 5710 vere
3340 5652 3608 5722 accipiunt
