4082 6332
432 417 535 474 H3

944 417 1485 477 ENARRATIONUM
1520 421 1588 482 ω
1628 421 1777 477 ΕΡΡ.
1813 422 2016 479 PAULI
2054 424 2180 482 LIB.
2225 425 2312 480 Xl.
2348 457 2417 466 —
2452 427 2521 484 IN
2558 429 2774 490 EPIST.
2815 435 2845 496 ι,
2869 437 2962 497 AD
2997 437 3164 495 COR.

3561 447 3660 501 114

427 531 784 604 baptismum;
833 531 1040 603 absque
1081 532 1284 604 Spiritu
1320 536 1463 592 enim
1503 544 1689 592 sancto
1739 535 1991 608 imperfe-
2018 557 2066 612 Α
2093 536 2282 594 officiis
2305 538 2691 611 gubernantur.
2721 547 2914 606 Omnia
2952 553 3095 608 enim
3145 570 3312 610 unum
3360 562 3662 618 membrum

425 631 573 678 ctum
596 629 682 677 est
702 621 1018 691 mysterium
1045 623 1344 679 Trinitatis.
1363 625 1428 679 Et
1448 624 1501 679 in
1521 625 1710 680 eodem
1726 625 1997 682 volumine
2095 639 2214 682 esse
2239 643 2345 684 non
2367 638 2636 720 poterant.
2666 636 2790 693 Ideo
2827 650 3004 696 autem
3058 644 3224 699 multa
3265 655 3391 702 sunt
3431 651 3556 720 quia
3596 653 3664 709 ab

426 711 621 768 Petrus
646 711 872 767 Ananiae
907 719 963 768 et
1011 711 1254 783 Saphira:
1299 713 1500 770 dixisse
1541 722 1794 770 narratur
1844 714 1990 787 (Act.

2095 715 2322 772 invicem
2352 717 2608 778 diﬂ'erunt
2647 724 2926 797 dignitate.
2990 731 3144 797 Quod
3183 736 3228 789 si
3277 715 3462 792 essent-
3488 743 3664 796 omnia

423 817 458 856 ν
471 803 514 873 ),
543 801 690 873 quod
715 800 1039 858 mentientes
1061 800 1284 872 Spiritui
1309 811 1503 862 sancto
1524 818 1633 862 non
1645 805 1774 876 sint
1820 804 1995 862 homi-
2093 819 2254 858 unum
2274 808 2557 865 membrum
2573 813 2662 867 ubi
2673 831 2860 888 corpus
2875 821 2899 874 ?
2913 820 3070 876 Nunc
3084 835 3256 880 autem
3271 828 3434 882 multa
3452 831 3661 900 quidem

423 892 583 948 nibus
614 891 846 960 mentiti,
870 892 965 948 sed
993 891 1122 949 Deo.

493 1022 642 1079 Sicut
660 1026 799 1080 enim
819 1041 1006 1097 corpus
1027 1043 1188 1082 unum
1223 1037 1321 1096 est,
1347 1029 1578 1086 membra
1621 1040 1795 1088 autem
1840 1033 1991 1090 habet

421 1114 608 1180 multa,
636 1116 812 1169 omnia
861 1127 1035 1171 autem
1085 1120 1314 1174 membra
1361 1137 1425 1174 ea:
1461 1138 1565 1176 uno
1609 1139 1822 1194 corpore
1872 1140 1990 1178 cum

418 1204 524 1258 sint
552 1203 740 1269 multa,
773 1221 932 1258 unum
962 1216 1083 1260 sunt
1105 1223 1312 1279 corpus,
1335 1209 1410 1262 ita
1434 1221 1483 1263 et
1508 1207 1768 1278 Christus,
1802 1213 1990 1268 etenim

419 1293 475 1347 in
499 1310 605 1348 uno
631 1294 820 1364 spiritu
841 1312 936 1350 nos
961 1312 1133 1352 omnes
1150 1338 1166 1363 ,
1197 1298 1253 1352 in
1290 1315 1452 1353 unum
1496 1316 1682 1370 corpus
1740 1301 1989 1372 baptizati

418 1398 620 1449 sumus,
640 1384 744 1438 sive
765 1383 962 1450 Judazi,
1000 1387 1104 1440 sive
1133 1387 1324 1453 erci,
1351 1389 1455 1442 sive
1481 1390 1612 1444 servi
1628 1431 1642 1456 ,
1689 1392 1794 1446 sive
1813 1391 1985 1458 liberi,

416 1483 467 1529 et
517 1490 693 1528 omnes
741 1491 903 1529 unum
950 1475 1202 1546 Spiritum
1227 1481 1528 1554 putauimus.
1570 1481 1845 1556 (A.mbr.).
1881 1483 1988 1540 Per

415 1562 533 1617 hinc
560 1563 718 1619 docet
749 1564 946 1621 nullius
972 1581 1256 1636 personam
1281 1571 1433 1639 quasi
1460 1571 1698 1648 despecti
1744 1583 1986 1629 contem-

413 1650 668 1716 nendam,
698 1665 873 1731 neque
899 1653 1124 1723 alicujus
1153 1657 1304 1726 quasi
1332 1656 1568 1726 perfecta
1587 1649 1666 1714 'sit
1697 1660 1985 1732 praeferen-

412 1740 562 1805 dam,
582 1755 683 1796 nec
703 1725 925 1813 gloriam
958 1759 1078 1816 qua
1097 1725 1194 1800 soli
1245 1725 1356 1802 Deo
1397 1747 1624 1803 debetur
1676 1725 1983 1809 hominibus

410 1830 772 1898 tribuendam,
800 1818 1013 1910 quando
1041 1834 1095 1888 in
1144 1835 1392 1891 omnibus
1441 1853 1580 1893 unus
1630 1845 1790 1908 atque
1841 1840 1982 1896 idem

2091 903 2342 972 membra,
2376 923 2538 962 unum
2564 919 2734 966 autem
2776 929 2983 982 corpus.
3021 912 3133 970 Hoc
3165 915 3312 984 dicit,
3340 919 3462 988 quia
3494 921 3661 977 multa

2090 993 2332 1048 membra
2357 989 2482 1050 cum
2513 998 2743 1055 invicem
2771 1002 2852 1056 sui
2899 1012 3110 1073 egeant,
3136 1019 3242 1060 non
3263 1007 3571 1081 discrepant
3606 1014 3661 1069 in

2088 1081 2294 1139 unitate
2317 1095 2542 1155 naturae,
2566 1091 2811 1158 quamvis
2839 1093 3048 1147 diversa
3071 1093 3202 1161 sint,
3229 1097 3354 1166 quia
3377 1099 3666 1160 diversitas

2089 1171 2205 1229 haec
2225 1174 2282 1230 in
2306 1191 2470 1232 unum
2493 1183 2765 1238 concurrit
2786 1191 2848 1237 ut
2871 1176 3112 1256 corporis
3131 1187 3335 1244 utilitas
3360 1191 3659 1261 expleatur.

2089 1259 2243 1318 Sicut
2295 1275 2352 1326 et
2415 1283 2476 1323 ea
2535 1271 2729 1340 quibus
2787 1277 3020 1331 mundus
3075 1277 3189 1346 ipse
3233 1259 3484 1348 constat,
3538 1299 3661 1339 cum

2087 1356 2198 1412 sint
2219 1358 2432 1422 diversa
2469 1377 2577 1420 non
2622 1365 2794 1426 solum
2833 1366 3052 1435 ofﬁciis,
3089 1370 3184 1425 sed
3213 1382 3268 1428 et
3313 1375 3545 1442 naturis,
3595 1378 3664 1433 ad

2085 1446 2246 1508 unius
2272 1457 2452 1505 tamen
2475 1455 2660 1510 mundi
2703 1455 2993 1527 proficiunt
3037 1460 3443 1533 perfectionem,
3499 1475 3554 1524 et
3593 1483 3658 1526 ex

2085 1537 2337 1600 omnibus
2360 1539 2447 1596 his
2486 1544 2728 1600 nascitur
2772 1549 3057 1619 temperies
3101 1553 3346 1622 quaedam
3387 1557 3441 1612 in
3471 1557 3662 1616 fructi-

2083 1624 2323 1697 bus,,qui
2347 1629 2593 1688 humans:
2615 1634 2901 1704 proficiunt
2938 1639 3175 1696 utilitati.

2157 1713 2279 1770 Non
2303 1727 2468 1788 potest
2497 1731 2670 1777 autem
2699 1724 2870 1782 dicere
2898 1728 3080 1784 oculus
3120 1735 3301 1788 manui
3327 1749 3346 1786 .'
3375 1734 3546 1806 Opera
3568 1747 3662 1794 tua

2084 1821 2188 1861 non
2213 1808 2418 1880 indigeo
2431 1827 2461 1880 ,ﬂ
2479 1823 2574 1868 aut
2599 1815 2791 1872 iterum
2811 1827 2966 1890 caput
2995 1821 3231 1891 pedibus,
3248 1824 3372 1880 Non
3391 1830 3510 1884 estis
3533 1831 3661 1885 mihi

409 1919 556 1976 Deus
576 1921 649 1985 sit
669 1901 970 1992 gloriosus:
999 1924 1196 1996 quippe
1232 1941 1353 1980 cum
1373 1940 1563 1982 omnes
1584 1934 1639 1983 et
1680 1901 1846 1982 unum
1888 1930 1982 1985 ba-
2007 1935 2055 1994 B
2085 1901 2382 1996 ’ξθθίῖδαήί
2412 1902 2666 1996 H9963"
2702 1923 2807 1963 non
2855 1918 3033 1980 pote“
3083 1914 3264 1989 potior
3303 1916 3483 1981 dicere
3529 1919 3662 1976 infe-

405 2011 606 2082 ptisma
637 2012 929 2074 habeamus
957 2021 1013 2068 et
1046 2030 1210 2068 unum
1242 2022 1402 2084 atque
1439 2017 1684 2072 eumdem
1723 2016 1981 2088 Spiritum

405 2094 675 2176 sanptum,
707 2101 810 2155 hoc
833 2110 1052 2173 propter
1079 2103 1441 2174 supradictam
1492 2120 1731 2172 causam,
1773 2107 1896 2176 quia
1925 2107 1980 2161 in

410 2189 682 2264 aliquibus
701 2191 1090 2262 gloriabantur,
1123 2195 1332 2264 aliquos
1369 2210 1500 2251 vero
1546 2197 1691 2252 velut
1745 2207 1981 2254 contem-

401 2276 622 2346 ptibiles
641 2281 986 2348 spernebant.
1034 2280 1238 2354 (Aug.)
1300 2283 1549 2354 Loquens
1597 2285 1665 2342 de
1723 2287 1979 2343 membris

400 2366 626 2432 Christi,
651 2369 754 2422 hoc
775 2377 861 2423 est
883 2371 950 2426 de
973 2370 1238 2439 fidelibus,
1262 2388 1369 2428 non
1407 2375 1484 2428 ait
1527 2376 1606 2430 sic
1641 2384 1697 2431 et
1737 2377 1978 2432 membra

402 2454 628 2521 Christi,
649 2458 745 2512 sed
770 2466 938 2512 totum
971 2460 1074 2516 hoc
1093 2462 1235 2530 quod
1264 2462 1402 2517 dixit
1427 2462 1698 2519 Christum
1746 2465 1978 2535 appella-

402 2544 482 2598 vit
531 2563 545 2597 :
598 2545 738 2600 sicut
783 2547 927 2602 enim
971 2563 1168 2619 corpus
1220 2565 1384 2604 unum
1430 2561 1485 2606 et
1528 2552 1768 2608 membra
1817 2553 1978 2610 habet

400 2633 592 2696 multa,
641 2635 824 2690 omnia
873 2645 1052 2693 autem
1121 2639 1362 2696 membra
1407 2642 1650 2710 corporis
1705 2658 1826 2698 cum
1870 2644 1980 2699 sint

402 2723 568 2778 multa
607 2740 774 2780 unum
807 2734 892 2782 est
945 2741 1162 2798 corpus,
1203 2729 1284 2784 sic
1338 2737 1395 2785 et
1445 2729 1692 2787 Christus
1736 2733 1978 2789 membra

402 2815 568 2868 multa
594 2831 762 2870 unum
783 2830 978 2887 corpus
997 2817 1222 2886 Christi,
1251 2834 1381 2890 ergo
1432 2820 1590 2876 simul
1638 2837 1828 2878 omnes
1878 2840 1978 2880 nos

399 2918 524 2958 cum
551 2905 730 2973 capite
759 2914 949 2961 nostro
975 2906 1242 2976 Christus,
1274 2904 1390 2965 sine
1417 2909 1592 2980 capite
1620 2911 1753 2965 nihil
1801 2912 1979 2972 valen-

397 3002 498 3048 tes.
527 2993 706 3060 Quare
740 2994 866 3064 quia
917 3010 1017 3052 nos
1060 3011 1184 3051 cum
1245 2999 1422 3068 capite
1461 3005 1646 3060 nostro
1696 3004 1820 3061 vitis
1863 3008 1978 3062 sine

395 3082 574 3152 capite
595 3091 800 3149 nostro,
824 3085 966 3153 quod
987 3085 1148 3152 absit,
1173 3101 1446 3148 sarmenta
1471 3095 1716 3164 praecisa,
1744 3111 1851 3152 non
1881 3099 1979 3154 ali~

395 3170 482 3228 cui
503 3171 881 3240 agricolarum,
907 3175 1000 3230 sed
1021 3176 1130 3247 igni
1153 3185 1522 3240 tantummodo
1548 3185 1832 3243 destinata.
1854 3188 1977 3247 Ideo

395 3271 453 3318 et
479 3265 594 3335 ipse
613 3263 671 3320 in
699 3261 992 3339 Evangelio
1011 3272 1116 3326 ait:
1144 3272 1256 3344 Ego
1281 3291 1398 3329 sum
1426 3277 1563 3345 vitis,
1593 3296 1684 3334 vos
1709 3282 1830 3336 estis
1854 3281 1970 3353 ραι·
1997 3298 2040 3362 C

394 3353 543 3407 mites
561 3363 609 3407 et
635 3353 801 3409 Pater
823 3373 968 3412 meus
991 3361 1224 3430 agricola
1261 3373 1372 3430 est;
1393 3366 1503 3420 sine
1539 3383 1640 3435 me,
1674 3369 1864 3440 inquit,
1890 3373 1966 3426 ni-

393 3440 468 3493 hil
494 3445 709 3513 potestis
732 3445 906 3514 facere
937 3448 1127 3519 (Joan.
1146 3453 1254 3524 xv).

394 3589 400 3592 -
465 3556 606 3612 Nam
627 3569 678 3614 et
697 3577 882 3633 corpus
907 3582 1011 3620 non
1027 3577 1103 3622 est
1128 3585 1289 3626 unum
1315 3575 1624 3645 membrum,
1645 3581 1736 3635 sed
1773 3583 1960 3640 multa.

389 3637 648 3724 (Ambr.)
678 3643 795 3709 Hoc
831 3653 1017 3715 dicens
1044 3664 1278 3718 ostendit
1319 3667 1578 3724 unitatem
1611 3637 1821 3730 habere
1869 3691 1964 3732 va-

395 3742 615 3799 rietates
639 3743 956 3814 officiorum,
991 3759 1046 3806 et
1069 3751 1430 3813 diversitatem
1456 3761 1597 3818 hanc
1628 3779 1736 3820 non
1759 3767 1963 3824 discre-

392 3843 518 3897 pare
545 3833 599 3886 in
633 3835 842 3891 unitate
891 3843 1194 3910 potestatis,
1241 3848 1454 3915 quando
1491 3855 1732 3922 corporis
1783 3857 1960 3915 unitas

390 3937 496 3976 non
522 3923 574 3977 in
599 3925 974 3995 singularitate
1000 3934 1265 4003 consistit,
1289 3939 1382 3992 sed
1403 3939 1456 3994 in
1479 3942 1659 3998 multis
1677 3947 1954 4014 membris,

389 4020 448 4066 ut
473 4014 704 4070 invicem
735 4017 838 4072 sibi
863 4030 1119 4090 praestent
1141 4027 1282 4096 quod
1310 4027 1525 4086 debent.
1557 4031 1615 4087 Si
1636 4033 1827 4089 dixerit
1845 4053 1956 4106 pes,

385 4104 508 4172 quia
542 4121 647 4158 non
676 4123 793 4162 sum
819 4127 1025 4178 manus,
1051 4130 1153 4169 non
1178 4133 1294 4171 sum
1323 4119 1387 4174 de
1415 4138 1648 4192 corpore,
1684 4142 1805 4180 num
1835 4144 1958 4198 pra-

381 4207 557 4266 pterea
587 4215 692 4252 non
719 4210 792 4254 est
818 4201 883 4256 de
904 4220 1134 4276 corpore.
1158 4206 1271 4265 Hoc
1329 4220 1432 4278 est,
1481 4229 1586 4270 non
1627 4230 1783 4286 posse
1833 4234 1955 4275 eum

383 4293 477 4360 qui
505 4293 753 4350 inﬁmus
778 4297 990 4352 videtur
1015 4300 1158 4354 inter
1170 4300 1366 4358 fratres
1389 4307 1577 4376 negari
1606 4323 1727 4363 esse
1746 4311 1811 4365 de
1830 4325 1954 4365 cor-

381 4383 686 4452 pore,-quia
715 4399 820 4458 non
848 4395 932 4441 est
957 4397 1168 4458 potens.
1197 4388 1255 4445 Si
1291 4393 1477 4448 dixerit
1521 4397 1783 4466 auricula,
1829 4401 1954 4471 quia

383 4487 486 4526 non
513 4490 632 4527 sum
653 4476 854 4542 oculus,
879 4495 1001 4532 num
1020 4490 1288 4551 propterea
1316 4499 1440 4538 num
1479 4496 1552 4539 est
1605 4486 1670 4540 de
1702 4491 1956 4559 corpore?

381 4558 500 4616 Non
533 4562 730 4618 debere
766 4565 898 4620 dicit
931 4567 1077 4622 illum
1124 4570 1215 4639 qui
1251 4572 1410 4642 paulo
1453 4573 1676 4630 inferior
1718 4558 1800 4633 est
1844 4597 1949 4644 non

381 4655 746 4709 necessarium
767 4659 945 4726 putari
970 4637 1205 4730 corpori,
1230 4637 1510 4735 propterea
1541 4667 1682 4737 quod
1732 4670 1814 4737 de,
1844 4674 1953 4752 pri-
1979 4637 2031 4697 Β

383 4742 614 4820 mis.non
639 4744 730 4812 sit,
763 4746 935 4814 idest,
967 4750 1013 4803 si
1038 4765 1225 4808 omnes
1270 4754 1428 4810 unius
1476 4769 1678 4824 essent,
1703 4742 1955 4825 cilicii-et

379 4832 575 4899 operis,
617 4836 886 4903 quomodo
922 4837 1233 4911 impleretur
1263 4843 1466 4920 reliqua
1506 4850 1802 4914 necessitas
1835 4869 1954 4908 cor-

377 4923 524 4990 poris
554 4939 677 4978 cum
703 4935 912 4983 constet
932 4929 1113 4992 multis
1137 4931 1327 4992 olliciis
1351 4921 1484 5016 opus
1505 4953 1626 5005 esse
1663 4941 1730 4995 ad
1763 4945 1954 5012 guber-

378 5016 570 5070 nacula
591 5019 854 5094 corporis,
885 5017 946 5083 Si
975 5029 1136 5082 totum
1157 5037 1342 5092 corpus
1363 5025 1564 5094 oculus,
1587 5029 1681 5096 ubi
1702 5033 1970 5100 auditus!

377 5108 440 5163 Si
478 5120 644 5165 totum
692 5114 924 5181 auditus,
980 5117 1088 5194 ubi.
1117 5117 1403 5175 odoratus?
1451 5124 1788 5184 Voluntatem
1832 5132 1950 5198 Dei,

373 5201 500 5268 quia
527 5203 750 5270 provida
777 5211 830 5259 ct
859 5205 1195 5263 rationabilis
1217 5219 1318 5277 est,
1371 5215 1610 5270 membra
1661 5218 1792 5275 dicit
1835 5238 1952 5284 cor:

374 5290 490 5356 pori
515 5300 752 5360 aptasse,
806 5302 864 5348 ut
911 5295 1043 5350 nihil
1095 5298 1234 5355 desit
1285 5302 1468 5359 multis
1523 5309 1781 5366 membris
1826 5327 1950 5380 per-

371 5379 595 5432 fectum.

445 5491 602 5555 Nunc
627 5506 800 5558 autem
843 5502 1011 5569 posuit
1059 5503 1201 5560 Deus
1243 5511 1490 5578 membra,

369 5593 548 5632 eorum
574 5585 707 5644 sicut
731 5587 890 5642 voluit
919 5591 973 5644 in
1001 5609 1231 5662 corpore.
1258 5657 1260 5659 ,
1284 5596 1529 5659 Manifest

369 5667 414 5719 si
439 5685 627 5728 oinnes
659 5675 819 5730 unius
865 5676 1094 5735 fuissent
1133 5685 1428 5755 dignitatis,

371 5760 632 5828 membra,
663 5779 835 5836 neQue
859 5783 1074 5849 corpus,
1103 5774 1326 5848 ideoque
1372 5782 1484 5836 vari

2081 1987 2232 2055 riori,
2268 2005 2376 2047 non
2422 1994 2556 2056 mihi
2599 2011 2734 2074 opus
2779 2013 2858 2066 es,
2888 2001 3016 2074 quia
3041 1987 3212 2062 oculis
3241 2007 3457 2078 quidem
3493 2009 3656 2077 videt,

2079 2079 2173 2134 sed
2201 2096 2392 2140 manus
2434 2095 2560 2142 sunt
2601 2104 2721 2160 quae
2758 2101 3072 2160 operantur.
3129 2095 3238 2153 Sed
3282 2099 3447 2154 multo
3493 2104 3660 2174 magis

2077 2183 2194 2238 qua:
2216 2171 2455 2228 uidentur
2477 2178 2706 2233 membra
2733 2183 2964 2250 corporis
2993 2183 3286 2253 inﬁrmiora
3315 2207 3444 2256 esse,
3487 2209 3660 2248 neces-

2078 2259 2284 2314 sariora
2317 2273 2459 2319 sunt.
2496 2265 2551 2321 ld
2583 2279 2689 2336 est,
2735 2269 2906 2338 major
2941 2273 3108 2342 gradu
3156 2283 3212 2332 et
3247 2277 3506 2348 dignitate
3548 2297 3659 2347 non

2077 2357 2254 2425 potest
2269 2351 2385 2408 sine
2418 2353 2510 2410 illo
2531 2357 2623 2426 qui
2654 2359 2871 2416 humilis
2910 2371 3012 2427 est,
3076 2365 3200 2433 quia
3242 2376 3325 2422 est
3372 2371 3513 2439 quod
3554 2373 3655 2428 hu-

2077 2438 2220 2494 milis
2244 2449 2422 2510 potest
2449 2447 2591 2514 quod
2617 2462 2722 2504 non
2761 2459 2938 2527 potest
2977 2455 3244 2523 sublimis,
3289 2438 3414 2528 quia
3454 2461 3654 2519 ferrum

2076 2539 2251 2602 potest
2271 2537 2411 2602 quod
2434 2551 2539 2591 non
2559 2547 2739 2608 potest
2766 2557 2979 2612 aurum,
3001 2559 3064 2600 ac
3089 2562 3189 2622 per
3244 2549 3346 2604 hoc
3392 2552 3656 2610 honorem

2075 2621 2238 2692 capiti
2285 2623 2492 2682 faciunt
2535 2631 2726 2700 pedes.
2775 2633 2842 2686 Et
2895 2651 3012 2706 qua:
3060 2647 3303 2707 putamus
3342 2643 3657 2714 ignobiliora

2075 2714 2305 2770 membra
2333 2721 2566 2788 corporis
2607 2739 2738 2790 esse,
2781 2724 2861 2778 his
2917 2726 3349 2787 abundantiorem
3404 2737 3652 2792 honorem

2077 2805 2482 2868 circumdamus.
2513 2812 2854 2874 Manitestum
2881 2821 3109 2893 estquia
3163 2827 3409 2896 «nummis
3453 2829 3653 2903 aliquis

2077 2897 2334 2974 dignitate
2353 2908 2599 2965 sublimis
2623 2913 2712 2976 sit,
2759 2915 2804 2968 si
2851 2915 3122 2984 subjectus
3172 2929 3350 2976 tamen
3396 2897 3650 2992 defuerit,

2077 2995 2168 3064 qui
2190 2996 2460 3067 obsequiis
2483 3001 2596 3057 suis
2623 3002 2961 3071 illumpfaciat
2981 3007 3292 3078 gloriosum,
3337 3013 3451 3082 ipsa
3486 3017 3654 3087 digni-

2075 3090 2158 3138 tas
2180 3088 2594 3157 contemptibilis
2645 3091 3035 3150 eritzollicium
3060 3107 3141 3152 est
3179 3100 3322 3178 enim
3368 3118 3466 3172 per
3507 3108 3652 3175 quod

2077 3173 2309 3243 dignitas
2337 3185 2564 3233 constat.
2591 3179 2720 3236 Tale
2755 3185 2905 3238 estsi
2955 3184 3268 3256 imperatori
3313 3173 3454 3246 desit
3495 3173 3652 3250 exer-

2077 3263 2248 3330 citus;
2275 3268 2521 3335 quamvis
2547 3284 2676 3338 ergo
2707 3287 2930 3344 magnus
2976 3275 3047 3330 sit
3093 3277 3409 3348 imperator,
3454 3299 3646 3341 neces-

2070 3355 2267 3410 sarium
2294 3365 2472 3413 tamen
2497 3358 2659 3414 habet
2680 3364 2997 3431 exercitum,
3030 3369 3330 3426 membrum
3373 3381 3456 3428 est
3501 3378 3646 3430 enim

2069 3445 2310 3515 corporis
2334 3445 2472 3516 ejus,
2495 3457 2620 3505 ante
2649 3465 2707 3506 se
2735 3453 2939 3510 habens
2965 3457 3228 3526 tribunos,
3252 3462 3497 3531 comites,
3538 3483 3649 3522 ma-

2066 3535 2263 3606 gistros
2293 3555 2305 3591 :
2339 3538 2424 3594 his
2451 3541 2702 3597 omnibus
2724 3543 3008 3602 inferiores
3036 3557 3162 3603 sunt
3181 3551 3399 3620 milites,
3427 3565 3484 3610 et
3532 3573 3648 3614 ma-

2065 3626 2148 3696 gis
2195 3629 2486 3684 necessarii
2545 3641 2670 3687 sunt
2726 3634 2867 3689 sicut
2915 3639 3153 3694 membra
3203 3649 3464 3714 corporis,
3527 3662 3646 3717 qua:

2065 3731 2187 3771 cum
2210 3716 2468 3776 inferiora
2497 3723 2766 3792 videntur,
2793 3727 2914 3797 plus
2942 3731 3092 3785 utilia
3141 3744 3302 3790 sunt:
3329 3737 3445 3794 sine
3472 3741 3646 3806 oculis

2063 3809 2206 3864 enim
2228 3827 2417 3868 manus
2436 3825 2710 3885 operatur,
2726 3828 2780 3874 et
2798 3836 2894 3890 pes
2906 3823 3184 3882 anibulans
3210 3828 3409 3891 victum
3421 3833 3646 3901 quaerit.

2063 3899 2134 3955 Et
2159 3919 2276 3973 quis
2299 3905 2575 3961 inhonesta
2597 3919 2718 3963 sunt
2749 3921 2948 3978 nostra,
2991 3913 3071 3968 his
3099 3916 3349 3986 majorem
3389 3899 3644 3986 honorem

2064 3991 2468 4049 circumdamus.
2495 3995 2700 4054 Similis
2727 4014 2916 4057 sensus
2943 4011 3045 4068 est,
3071 4006 3197 4074 quia
3243 4009 3332 4077 qui
3376 4018 3636 4079 putantur

2063 4081 2179 4136 sine
2204 4082 2462 4152 dignitate
2489 4101 2626 4151 esse,
2662 4088 2964 4147 invenimus
2993 4108 3048 4146 in
3073 4095 3152 4150 eis
3179 4097 3320 4165 quod
3337 4096 3639 4169 laudemus,

2063 4170 2202 4226 sicut
2229 4181 2284 4227 et
2329 4173 2386 4234 in
2435 4176 2710 4244 membris,
2771 4189 2826 4235 et
2861 4181 2988 4263 plus.
3022 4184 3172 4240 nobis
3217 4187 3426 4258 placeat
3480 4207 3647 4261 quam,

2062 4263 2205 4348 quod
2231 4263 2287 4324 in
2313 4267 2522 4323 caeteris
2570 4268 2875 4328 invenimus
2913 4289 2928 4328 :
2963 4291 3069 4347 quo
3121 4279 3262 4333 enim
3310 4281 3516 4340 honore
3561 4287 3642 4350 die

2060 4372 2176 4430 gnae
2206 4367 2330 4418 sunt
2352 4376 2562 4430 manus,
2592 4369 2804 4435 quando
2833 4373 2976 4450 quod
3002 4373 3244 4433 volumus
3268 4386 3530 4448 tenemus,
3555 4386 3640 4449 vel

2059 4446 2221 4528 pedes
2243 4463 2503 4534 cumquo
2524 4455 2770 4512 volumus
2796 4446 2969 4517 imus?
2998 4474 3282 4534 propterea
3306 4478 3359 4524 et
3387 4487 3486 4527 nos
3535 4475 3634 4528 ad-

2059 4535 2236 4593 dimus
2291 4539 2373 4596 eis
2424 4541 2909 4617 honorificentiam,
2965 4560 3150 4622 utputa
3203 4559 3446 4627 pedibus,
3503 4579 3640 4632 quos

2054 4627 2181 4708 quia
2229 4629 2460 4690 humiles
2509 4645 2634 4691 sunt
2684 4647 2740 4693 et
2793 4641 2910 4697 sine
2960 4644 3219 4715 dignitate
3262 4627 3639 4711 calceamentis

2059 4731 2333 4776 ornamus.
2361 4721 2431 4776 Et
2443 4741 2559 4796 qua:
2578 4727 2850 4784 inhonesta
2867 4744 2987 4787 sunt
3007 4747 3184 4791 nostra
3204 4740 3638 4808 abundantiorem.

2059 4807 2379 4864 honestatem
2409 4813 2616 4869 habent.
2650 4817 2990 4876 Manifestum
3015 4835 3096 4880 est
3120 4828 3244 4896 quia
3269 4831 3516 4898 pudenda
3538 4852 3635 4893 no-

2059 4906 2190 4964 stra,
2221 4915 2339 4970 qua:
2360 4903 2533 4974 turpia
2556 4909 2820 4978 videntur,
2851 4911 2978 4968 dum
3002 4929 3250 4988 aspectus
3267 4923 3510 4990 publicos
3549 4929 3630 4984 vi-

2061 4994 2192 5052 tant,
2243 4991 2520 5050 honestate
2546 5013 2605 5050 se
2631 5008 2920 5071 contegunt
2962 5021 3030 5062 ne
3073 5024 3172 5078 per
3221 5011 3630 5073 irreverentiam
3714 5081 3739 5098 θ

2061 5077 2305 5098 Lusus.
2361 5081 2416 5098 α.
2667 5088 2678 5098 .
2903 5095 2950 5098 __
3091 5096 3104 5098 _

2054 5077 2326 5135 horreant.
2361 5081 2532 5139 Simili
2556 5088 2714 5143 modo
2743 5101 2797 5145 et
2825 5095 3044 5163 quidam
3080 5077 3310 5156 fratrum
3359 5119 3481 5161 cum
3523 5109 3634 5164 sint

2053 5177 2288 5237 egestate
2314 5178 2370 5226 et
2395 5173 2580 5230 habitu
2623 5170 3071 5252 inhonesti-,lnon
3112 5198 3292 5254 tamen
3340 5206 3467 5252 sunt
3513 5200 3646 5264 sine.

2053 5259 2248 5326 gratia,
2271 5271 2492 5344 propter
2511 5269 2652 5334 quod
2673 5276 2914 5330 membra
2950 5279 3059 5334 sint
3108 5286 3378 5365 corporis.
3405 5292 3576 5360 nostri
3607 5303 3626 5344 :

2054 5365 2180 5404 nam
2211 5353 2383 5409 solent
2413 5359 2676 5417 succincti
2701 5367 2961 5424 vesticula
2991 5373 3178 5429 tetrica
3203 5378 3339 5446 pede
3367 5357 3519 5440 nudo
3538 5383 3629 5438 in-

2049 5441 2270 5509 cedere;
2289 5459 2411 5501 cum
2431 5461 2560 5521 ergo
2580 5454 2860 5512 videantur
2877 5441 3325 5535 contemptibiles,
3339 5453 3511 5545 magis
3533 5473 3627 5530 ho-

1550 5520 1948 5619 unumquodque
2045 5530 2165 5583 nori
2209 5543 2354 5600 sunt,
2387 5520 2513 5607 quia
2555 5543 2732 5599 solent
2767 5547 2931 5604 vitam
2985 5520 3186 5610 habere
3228 5520 3562 5616 mu’ndio'rem
3604 5604 3618 5619 .

1533 5619 1620 5660 um
1637 5616 1770 5721 licet,
1819 5610 1942 5680 quia
2045 5621 2186 5688 quod
2233 5625 2376 5680 enim
2425 5629 2732 5690 hominibus
2777 5638 2989 5695 videtur
3031 5645 3359 5716 despectum,
3398 5650 3542 5721 solet
3588 5671 3622 5710 ει

1486 5707 1592 5793 non
1633 5695 1942 5801 dicerentur
2044 5709 2153 5767 Deo
2179 5714 2460 5783 pulchrum
2479 5721 2730 5789 judicari.
2767 5727 2999 5786 Honesta
3029 5695 3202 5790 autbm
3225 5695 3402 5794 nostin
3418 5741 3615 5801 nullius

1490 5782 1534 5838 is
1577 5788 1938 5848 membrorum
2038 5811 2202 5869 egent.
2226 5802 2328 5860 Sed
2361 5809 2500 5866 Deus
2520 5819 2814 5885 temperavit
2839 5836 3024 5891 corpus
3049 5826 3095 5877 ei
3115 5826 3200 5880 cui
3219 5827 3416 5896 deerat,
3447 5831 3619 5886 abun-
