4082 6332
383 349 484 404 H5
1039 341 1104 395 Β.
1146 337 1399 393 RABANI
1436 333 1650 391 MAURI
1689 328 2002 386 ARCHIEP.
2042 324 2349 383 MOGUNT.
2390 318 2671 379 OPERUM
2708 318 2887 377 PARS
2918 318 3005 375 ιιι.
3521 315 3625 370 “6

380 459 668 516 dantiorem
701 452 973 510 tribuendo
1001 451 1269 506 honorem.
1298 447 1558 519 Apertum
1589 451 1672 499 est
1697 441 1821 511 quia
1859 456 1953 496 ca-
1982 444 2031 503 Α
2059 454 2146 492 nes
2173 435 2282 491 Deo
2308 451 2403 506 pro
2430 433 2597 501 nobis,
2618 432 2804 489 melius
2833 430 3035 504 aliquid
3062 432 3381 501 providente,
3409 445 3471 483 ne
3517 429 3629 485 sine

378 558 477 624 put
504 563 611 603 non
640 552 779 617 eget,
809 557 981 612 neque
1012 540 1179 595 facies
1204 552 1378 607 neque
1410 551 1627 598 manus,
1655 540 1716 587 ut
1736 530 1820 587 his
1850 531 1947 586 ad~
2050 528 2197 583 nobis
2220 534 2720 581 consummarentur.

381 611 546 697 datur
566 611 839 709 per'quod
871 611 1212 697 decorentur,
1241 630 1318 685 ita
1344 635 1399 684 et
1425 626 1701 687 fratribus,
1737 624 1790 678 in
1833 622 1953 693 qui-
2122 619 2192 674 Et
2211 619 2464 709 quosdam
2488 618 2697 709 quidem
2735 619 2908 709 posuit
2948 614 3091 709 Deus
3136 613 3191 669 in
3216 611 3476 709 Ecclesia,

381 733 485 788 bus
505 701 742 786 studium
774 724 981 798 peritiae
1010 732 1067 780 et
1094 718 1516 778 conversationis
1566 717 1708 788 viget
1758 714 1955 770 hones-
2052 724 2196 761 mum
2219 706 2503 778 apostolos.
2543 703 2801 777 (Amhr.')
2857 704 3029 775 Caput
3060 704 3253 773 itaque
3295 702 3349 757 in
3394 701 3634 758 Ecclesia

385 834 493 891 tas,
518 822 649 880 nihil
676 794 918 891 estquod
947 834 979 874 a
1005 817 1162 874 nobis
1183 815 1429 878 addatur,
1453 810 1665 868 debitus
1683 808 1828 864 enim
1852 806 1955 862 illis
2056 799 2324 891 apostolos
2348 800 2547 891 posuit,
2571 798 2854 891 qni-legati
2866 804 3002 891 sunt
3048 795 3271 891 Christi,
3317 794 3636 891 sicut‘dicit

386 883 628 971 redditur
640 883 832 975 honor,
856 907 1125 979 despectis
1150 920 1279 961 vero
1292 904 1375 960 vel
1390 900 1685 963 humilibus
1703 899 1958 959 exhorta-
2056 891 2199 955 idem
2224 888 2509 960 Apostolus
2528 886 2626 979 (Π
2649 884 2771 979 Cor.
2796 902 2849 979 vi
2866 886 2905 957 ),
2932 902 3027 957 pro
3051 901 3153 979 quo
3178 884 3433 979 legatione
3463 883 3640 979 {ungi-

386 1007 463 1061 tio
485 1003 785 1060 necessaria
810 972 916 1068 est,
943 972 1041 1072 per
1067 1014 1228 1070 quam
1255 996 1483 1051 addatur
1512 993 1614 1049 illis
1639 990 1833 1061 aliquis
1854 990 1957 1045 ho-

2084 998 2207 1047 nur;
2229 981 2328 1052 ipsi
2355 988 2480 1036 sunt
2513 977 2772 1050 episcopi,
2788 978 3037 1034 ﬁrmante
3056 975 3201 1032 istud
3219 972 3380 1029 Petro
3401 973 3641 1043 apostolo

387 1114 507 1163 nor,
537 1104 599 1152 ut
624 1094 755 1150 ﬁant
786 1062 975 1159 utiles;
1021 1062 1426 1161 si-quominus,
1483 1086 1600 1158 ipso
1652 1089 1959 1154 contemptu
2060 1082 2115 1129 et
2136 1073 2359 1163 dicente
2377 1073 2516 1126 inter
2533 1077 2726 1125 caetera
2758 1069 2825 1125 de
2863 1066 3023 1135 Iuda,
3069 1076 3118 1123 et
3146 1066 3497 1159 episcopatum
3524 1062 3641 1134 ejus

388 1186 799 1258 negligentiores
828 1185 974 1240 circa
1015 1197 1072 1238 se
1103 1189 1264 1237 erunt
1291 1180 1344 1235 in
1370 1177 1566 1249 quibus
1615 1174 1787 1245 magis
1836 1188 1962 1243 pro-

388 1277 679 1332 ﬁciendum
705 1282 807 1329 est.
834 1271 900 1327 Ut
929 1288 1033 1327 non
1056 1272 1123 1326 sit
1153 1269 1377 1324 scliisma
1397 1268 1453 1322 in
1491 1279 1725 1334 corpore,
1750 1261 1841 1317 sed
1867 1278 1962 1332 pro

388 1367 606 1421 invicem
632 1362 856 1419 sollicita
881 1363 985 1417 sint
1024 1359 1274 1415 membra.
1341 1356 1433 1413 Sic
1482 1354 1614 1410 dicit
1659 1369 1690 1409 a
1735 1351 1965 1408 Domino

389 1456 727 1512 moderatum
752 1456 1044 1510 humanum
1069 1457 1359 1520 corpus,ut
1378 1446 1558 1503 omnia
1580 1442 1820 1500 membra
1850 1440 1967 1511 ejus

390 1550 696 1606 necessaria
725 1548 855 1612 sint,
885 1562 947 1602 ac
973 1560 1071 1616 per
1093 1544 1196 1600 hoc
1223 1557 1322 1615 pro
1343 1556 1400 1597 se
1445 1537 1673 1595 invicem
1715 1534 1960 1600 sollicita,

391 1643 517 1713 quia
542 1641 685 1699 aliud
711 1641 829 1695 sine
854 1638 1024 1694 altero
1069 1652 1178 1693 non
1209 1644 1404 1706 potest,
1451 1640 1506 1688 et
1550 1629 1697 1703 quod
1742 1626 1967 1684 inferius

390 1741 631 1804 putatur,
662 1732 834 1804 magis
862 1728 1225 1786 necessarium
1248 1734 1349 1790 est,
1377 1723 1517 1780 sicut
1538 1729 1593 1776 et
1613 1721 1678 1776 de
1709 1717 1969 1773 fratribus

391 1788 691 1897 expositum
725 1788 807 1878 est
833 1821 919 1877 vel
948 1820 1298 1891 disputatum,
1319 1788 1444 1886 quia
1474 1811 1654 1867 nullus
1676 1808 1839 1897 debet
1854 1821 1968 1897 Ave—
1990 1788 2040 1848 Β

390 1895 476 1969 lut
496 1912 702 1969 inutilis
719 1911 943 1981 despici.
972 1906 1194 1983 (Greg.)
1222 1905 1351 1975 Quae
1376 1911 1627 1974 putamus
1650 1895 1966 1970 ignobiliora

391 2018 512 2061 esse
538 2003 777 2059 membra
805 1999 1070 2071 corporis,
1097 1998 1183 2052 bis
1212 1998 1474 2052 honorem
1520 1987 1967 2046 abundantiorem

392 2093 792 2149 circumdamus
817 2131 833 2158 ,
862 2098 918 2147 et
946 2103 1067 2160 qua:
1090 2088 1375 2144 inhonesta
1414 2089 1539 2139 sunt
1572 2087 1758 2136 nostra
1800 2075 1970 2132 abun-

376 2180 695 2239 dantiorem
736 2182 1077 2237 honestatem
1117 2177 1336 2233 habent.
1379 2175 1614 2231 Honesta
1654 2178 1834 2226 autem
1873 2182 1972 2223 no-

396 2282 510 2328 stra
536 2273 737 2328 nullius
766 2280 942 2344 egent,
970 2271 1113 2327 sicut
1135 2269 1280 2325 enim
1320 2267 1604 2323 inhonesta
1644 2261 1887 2318 membra
1916 2259 1971 2314 in

397 2377 644 2433 corpore,
672 2362 749 2417 ita
772 2361 989 2430 quidem
1024 2368 1152 2415 sunt
1196 2358 1340 2413 intra
1377 2363 1624 2412 sanctam
1673 2351 1970 2408 Ecclesiam

397 2460 644 2531 potentes
673 2460 726 2506 et
747 2449 1005 2524 protervi,
1030 2448 1122 2519 qui
1146 2450 1274 2503 dum
1312 2452 1500 2517 aperta
1547 2443 1849 2499 invectione
1897 2440 1976 2495 fe-

398 2540 493 2595 riri
526 2548 816 2611 nequeunt,
847 2539 1001 2610 quasi
1029 2540 1230 2595 honore
1267 2536 1515 2608 tegminis
1564 2534 1835 2598 velantur,
1881 2531 1977 2587 sed

399 2631 465 2686 de
492 2630 718 2686 occultis
752 2630 870 2685 haec
914 2636 1194 2700 potentum
1243 2627 1454 2684 delictis
1502 2626 1790 2697 loquimur.
1841 2623 1975 2679 Nam

399 2721 615 2790 quando
639 2731 693 2776 et
721 2720 841 2775 aliis
866 2719 1316 2791 cognoscentibus
1359 2725 1621 2790 peccant;
1652 2716 1771 2771 aliis
1813 2715 1977 2771 etiam

399 2810 872 2881 cognoscentibus,
904 2808 1217 2880 increpandi
1255 2817 1403 2875 sunt,
1453 2823 1522 2863 ne
1570 2808 1615 2863 si
1662 2806 1981 2877 praedicator

401 2910 546 2957 tacet
586 2901 799 2972 culpam
845 2901 1174 2973 approbasse
1211 2899 1476 2965 videatur,
1502 2907 1662 2969 atque
1707 2898 1825 2954 haec
1863 2913 1980 2953 cre-

402 3008 561 3049 scens
589 2994 644 3048 in
673 2992 978 3063 exemplum
1001 2992 1203 3058 veniat,
1227 3006 1389 3061 quam
1414 2990 1646 3062 pastoris
1671 2990 1851 3060 lingua
1876 3002 1981 3044 non

403 3093 570 3142 secat.
613 3083 680 3138 Et
704 3084 749 3139 si
770 3084 897 3155 quid
916 3083 1114 3153 patitur
1138 3098 1299 3136 unum
1319 3081 1628 3147 membrum,
1652 3079 1980 3151 compatiun-

403 3188 489 3231 tur
510 3178 685 3232 omnia
708 3143 958 3231 membra.
991 3174 1219 3247 (Amb.)
1246 3175 1359 3232 Hoc
1400 3176 1467 3232 de
1505 3143 1777 3232 membris.
1795 3190 1984 3247 corpo-
2008 3143 2054 3206 δ

404 3268 482 3322 ris
514 3267 695 3322 carnis
722 3267 1030 3338 ambiguum
1052 3282 1160 3322 non
1204 3276 1306 3322 est.
1361 3268 1496 3335 Quia
1537 3269 1585 3323 si
1625 3267 1832 3333 oculus,
1895 3277 1988 3324 aut

404 3370 518 3426 pes,
542 3354 623 3410 vel
654 3369 844 3410 manus
883 3354 1129 3425 capiatur
1166 3355 1480 3425 aegritudine
1529 3355 1709 3426 aliqua
1758 3355 1987 3411 intirmi-

407 3445 552 3509 tatis,
579 3452 748 3500 totum
775 3444 1022 3500 condolet
1049 3460 1265 3516 corpus,
1300 3444 1374 3500 ita
1400 3455 1456 3501 et
1482 3461 1581 3501 nos
1608 3447 1763 3502 decet
1794 3446 1989 3502 condo-

405 3537 518 3592 lere
540 3535 819 3603 fratribus,
842 3537 888 3592 si
917 3536 1120 3609 aliquid
1162 3537 1486 3609 huiusmodi,
1541 3547 1634 3594 aut
1687 3539 1982 3594 necessita-

408 3638 492 3685 tes
516 3630 815 3685 emerseril.
843 3629 960 3685 Sive
985 3628 1312 3700 glorificatur
1338 3646 1500 3685 unum
1523 3630 1830 3695 membrum,
1856 3646 1984 3685 con-

294 3734 307 3746 ’
409 3719 637 3790 gaudent
664 3720 839 3773 omnia
862 3719 1112 3773 membra.
1146 3718 1490 3775 Manifestum
1515 3728 1621 3785 est,
1645 3722 1773 3791 quia
1804 3720 1987 3776 laetum

411 3816 687 3879 estcaput,
721 3810 834 3865 sive
860 3818 1056 3866 czetera
1090 3812 1354 3879 membra,
1378 3812 1424 3867 si
1454 3813 1616 3883 pedes
1664 3812 1867 3869 fuerint
1899 3829 1991 3870 ac-

413 3899 586 3954 curati
611 3898 697 3953 vel
720 3898 835 3954 sani
860 3916 872 3953 :
904 3900 983 3956 sic
1009 3899 1266 3957 debemus
1293 3901 1501 3959 alacres
1533 3902 1672 3971 ﬁeri,
1695 3904 1739 3960 si
1764 3903 1990 3964 fratrem

415 3989 649 4063 aliquem
699 3989 993 4047 viderimus
1033 3990 1336 4058 cultiorem,
1381 4002 1439 4048 et
1475 4002 1656 4048 actum
1709 3994 1991 4050 honestate

416 4094 648 4145 morum,
669 4081 771 4135 hoc
794 4091 877 4135 est
898 4096 1088 4136 sanum
1111 4098 1231 4137 esse
1258 4082 1501 4139 consilio.
1542 4083 1643 4138 Vos
1670 4086 1793 4139 estis
1814 4095 1989 4140 autem

416 4189 602 4244 corpus
623 4171 836 4237 Christi,
858 4182 905 4227 et
932 4174 1160 4227 membra
1181 4174 1246 4228 de
1264 4175 1509 4230 membro.
1532 4175 1777 4232 Ostendit
1803 4185 1990 4247 aperte

418 4271 658 4319 nostram
685 4277 901 4315 causam
926 4277 983 4316 se
1003 4278 1099 4332 per
1122 4264 1484 4319 membrorum
1507 4266 1803 4321 carnalium
1826 4267 1991 4322 ratio-

422 4369 546 4408 nem
570 4360 853 4417 tractasse,
884 4353 1009 4422 quia
1057 4369 1163 4408 non
1217 4368 1405 4410 omnes
1447 4356 1633 4412 eadem
1680 4371 1989 4427 possumus,

2062 1165 2283 1234 accipiat
2306 1161 2455 1216 alter.

2134 1274 2371 1332 Secundo
2393 1274 2688 1345 prophetas.
2738 1271 3037 1341 Prophetas
3077 1264 3275 1340 duplici
3324 1281 3519 1338 genere
3563 1265 3645 1321 iu-

2066 1369 2391 1441 telligamus,
2412 1375 2469 1422 et
2492 1365 2672 1420 futura
2703 1364 2963 1429 dicentes,
2988 1370 3042 1417 et
3063 1360 3371 1430 Scripturas
3401 1355 3646 1412 revelan-

2068 1469 2169 1525 tcs,
2202 1457 2447 1529 quamvis
2470 1457 2577 1512 sint
2610 1462 2666 1510 et
2693 1453 2922 1526 apostoli
2942 1451 3236 1522 prophetae,
3290 1449 3415 1519 quia
3440 1449 3647 1518 primus

2068 1551 2266 1622 gradus
2327 1548 2510 1605 omnia
2562 1543 2804 1615 subjecta
2853 1543 3036 1599 habet.
3101 1539 3340 1610 Denique
3383 1539 3649 1609 pessimus

2068 1639 2300 1709 Caiphas
2319 1645 2539 1708 propter
2570 1635 2712 1707 quo’d
2737 1633 2990 1705 princeps
3019 1630 3359 1687 sacerdotum
3387 1635 3505 1684 erat
3523 1643 3650 1699 pro-

2069 1730 2313 1802 pbetavit
2334 1727 2523 1803 (Ioan.
2546 1725 2657 1799 xi),
2680 1724 2884 1783 ordinis
2906 1723 3092 1794 utique
3113 1736 3298 1788 causa,
3315 1735 3424 1776 non
3446 1718 3651 1789 proprii

2067 1821 2245 1878 meriti
2271 1837 2286 1873 :
2312 1827 2491 1875 tamen
2519 1816 2825 1889 specialiter
2869 1823 3028 1871 erant
3060 1811 3356 1884 prophetae,
3394 1816 3452 1864 et
3501 1806 3649 1863 Scri-

2065 1922 2348 1985 pturarum
2375 1910 2714 1980 interpretes,
2743 1915 2800 1963 et
2847 1903 3027 1961 futura
3059 1902 3333 1967 dicentes;
3365 1899 3505 1955 sicut
3534 1905 3654 1953 erat

2067 2003 2284 2076 Agabus
2321 2002 2457 2075 (Act.
2478 1998 2708 2070 xmm),
2731 1997 2823 2071 qui
2844 1996 3009 2052 exitia
3029 2003 3084 2049 et
3113 1991 3327 2049 vincula
3347 1990 3475 2046 huic
3503 1988 3649 2059 Apo-

2070 2094 2207 2152 stolo
2228 2093 2582 2166 prophetavit,
2600 2088 2777 2145 futura
2788 2084 3157 2166 Jerosolymis,
3172 2094 3227 2141 et
3240 2083 3434 2139 famem
3455 2080 3655 2138 cecinit

2071 2205 2191 2261 qua:
2221 2164 2362 2244 facta
2388 2194 2470 2242 est
2508 2185 2608 2241 sub
2627 2182 2868 2240 Claudio.
2900 2181 3043 2246 ideo,
3083 2164 3394 2250 quanquam
3443 2177 3515 2232 sit
3540 2190 3654 2231 me—

2071 2279 2176 2334 lior
2196 2276 2491 2349 apostolus,
2534 2273 2820 2346 aliquando
2866 2280 3048 2328 tamen
3087 2278 3211 2341 eget
3256 2267 3554 2341 prophetis,
3601 2274 3657 2322 et

2072 2373 2198 2443 quia
2220 2373 2288 2428 ab
2308 2386 2418 2427 uno
2443 2369 2556 2425 Deo
2586 2369 2746 2423 Patre
2773 2374 2899 2423 sunt
2931 2366 3135 2432 omnia,
3168 2364 3409 2436 singulos
3442 2364 3655 2434 episco-

2073 2479 2174 2536 pos
2196 2461 2422 2533 singulis
2461 2460 2706 2516 ecctesiis
2732 2474 2964 2530 praeesse
2989 2458 3249 2514 decrevit.
3284 2456 3454 2513 Tertio
3479 2457 3659 2511 docto-

2077 2571 2180 2609 res.
2208 2552 2331 2609 Illos
2353 2551 2485 2607 dicit
2511 2551 2761 2607 doctores
2781 2550 2873 2620 qui
2902 2549 2957 2604 in
2985 2548 3226 2605 Ecclesia
3252 2546 3447 2604 litteris
3474 2556 3529 2603 et
3576 2547 3654 2604 lc-

2077 2645 2349 2702 ctionibus
2373 2642 2670 2699 retinendis
2697 2654 2897 2712 pueros
2936 2639 3250 2696 imbuebant
3302 2654 3452 2695 more
3484 2638 3659 2710 Syna-

2078 2753 2248 2811 gogaz,
2274 2736 2403 2807 quia
2430 2734 2646 2791 traditio
2690 2733 2900 2789 illorum
2940 2733 3009 2788 ad
3038 2748 3138 2789 nos
3178 2731 3461 2788 transitum
3512 2731 3657 2788 fecit.

2079 2827 2280 2885 Deinde
2319 2827 2554 2891 uirtutes,
2601 2823 2786 2879 exinde
2814 2824 3011 2895 gratias
3062 2820 3431 2887 curationum;
3487 2830 3664 2891 potest

2080 2918 2222 2975 enim
2250 2915 2447 2986 aliquis
2475 2929 2583 2968 non
2609 2928 2731 2969 esse
2753 2914 3042 2984 episcOpus
3070 2920 3125 2969 et
3150 2912 3351 2969 habere
3378 2912 3431 2966 in
3472 2926 3533 2967 se
3570 2912 3662 2968 do-

2082 3022 2211 3065 num
2232 3007 2446 3063 virtutis
2474 3005 2782 3061 sanitatum.
2808 3003 3219 3075 Opitulationes,
3241 3002 3662 3075 gubernationes,

2082 3108 2145 3156 ut
2169 3100 2224 3155 in
2249 3099 2413 3155 rebus
2437 3097 2636 3155 divinis
2659 3096 2844 3169 vigilet
2870 3096 3165 3162 intellectu,
3197 3097 3271 3153 ita
3315 3103 3493 3153 tamen
3516 3105 3577 3151 ut
3610 3096 3663 3151 in

2087 3191 2375 3262 aliquibus,
2402 3205 2525 3261 qum
2552 3187 2775 3260 implere
2800 3203 2906 3245 non
2947 3188 3281 3253 conceditur,
3309 3187 3378 3243 ab
3404 3187 3511 3243 alio
3571 3202 3665 3243 su-

2088 3294 2197 3339 mat
2222 3282 2365 3354 quod
2394 3296 2501 3336 non
2522 3280 2845 3349 habet,quia
2875 3288 3045 3335 totum
3071 3279 3163 3334 uni
3191 3279 3414 3335 concedi
3445 3294 3552 3335 non
3573 3294 3671 3352 po-

2089 3383 2212 3428 test.
2250 3372 2388 3428 Sunt
2416 3380 2470 3427 et
2499 3372 2892 3443 gubernatores
2941 3370 3033 3439 qui
3076 3369 3414 3440 spiritalibus
3458 3372 3663 3427 retina-

2087 3463 2222 3518 culis
2242 3461 2550 3517 hominibus
2583 3459 2906 3515 documento
2934 3467 3079 3514 sunt.
3107 3457 3312 3515 Genera
3346 3458 3666 3532 linguarum.

2091 3552 2160 3610 Ut
2186 3553 2384 3609 donum
2415 3550 2507 3605 Dei
2536 3550 2606 3605 sit
2634 3548 2832 3604 multas
2858 3549 3065 3620 linguas
3089 3548 3252 3613 scire,
3277 3557 3336 3605 ut
3357 3550 3519 3606 alicui
3569 3552 3670 3609 hoc

2087 3643 2257 3713 gratia
2278 3642 2373 3697 Dei
2402 3640 2696 3711 impertiat,
2728 3647 2789 3694 ut
2814 3639 3117 3710 linguarum
3146 3639 3670 3711 iuterpretandarum

2088 3735 2284 3791 habeat
2311 3733 2579 3804 peritiam.
2630 3730 2883 3803 Nunquid
2931 3748 3108 3786 omnes
3160 3731 3423 3803 apostoli?
3469 3733 3669 3789 Verum

2087 3833 2192 3889 est,
2220 3824 2346 3894 quia
2386 3824 2440 3878 in
2481 3821 2725 3877 Ecclesia
2753 3836 2893 3877 unus
2920 3830 3005 3877 est
3046 3822 3351 3893 episcOpus.
3417 3819 3671 3895 Nunquid

2088 3930 2264 3968 omnes
2283 3910 2727 3984 prophetm?Non
2770 3920 2855 3967 est
2905 3912 3214 3983 ambigmuu
3272 3928 3379 3969 non
3424 3914 3673 3971 omnibus

2090 4008 2313 4063 concedi
2343 4006 2701 4079 prophetiam.
2762 4003 3016 4076 Nunquid
3046 4023 3222 4061 omnes
3259 4007 3537 4063 doctores?
3578 4008 3673 4065 Ille

2089 4100 2276 4156 doctor
2298 4078 2400 4164 est,
2423 4078 2509 4154 cui
2539 4097 2872 4152 conceditur.
2937 4096 3197 4167 Nunquid
3217 4113 3395 4154 omnes
3416 4100 3631 4153 virtutes
3650 4100 3677 4153 2’

2044 4212 2053 4229 ι
2092 4192 2189 4246 llic
2218 4198 2399 4261 potest
2422 4189 2622 4244 habere
2662 4189 2914 4243 virtutem
2959 4188 3045 4243 cui
3094 4189 3187 4243 dat
3228 4190 3369 4244 Deus
3408 4191 3675 4245 daemonia

2089 4280 2306 4351 ejicere.
2359 4279 2608 4351 Nunquid
2634 4295 2811 4333 omnes
2836 4279 3063 4350 gratiam
3085 4277 3273 4333 [tabent
3301 4280 3677 4335 curationum?

2091 4374 2371 4443 Quomodo
2394 4381 2573 4445 potest
2606 4371 3003 4427 ﬁeriutomnes
3044 4371 3277 4426 habeant
3313 4371 3453 4426 dona
3509 4385 3674 4427 cura-

422 4444 516 4499 sed
547 4442 740 4512 singuli
765 4458 863 4513 pro
887 4442 1145 4513 qualitate
1179 4444 1301 4499 ﬁdei
1346 4452 1402 4498 et
1445 4446 1673 4515 gratiam
1728 4447 1986 4503 habemus

2094 4442 2333 4522 tionum?
2357 4442 2610 4535 Nunquid
2645 4478 2820 4517 omnes
2843 4462 3033 4532 linguis
3065 4460 3388 4532 loquuntur?
3413 4461 3530 4516 Non
3573 4463 3677 4518 uti-

421 4551 754 4628 concessam.
782 4536 996 4609 (ϐακε.)
1111 4540 1457 4594 habuerimus
1500 4543 1638 4596 hanc
1683 4542 1988 4609 scientiam,
2014 4536 2062 4552 ν
2090 4573 2195 4628 que
2218 4556 2318 4613 nisi
2349 4554 2441 4626 qui
2463 4555 2657 4626 accipit,
2689 4554 2886 4609 donum
2914 4551 2968 4607 in
3002 4552 3105 4608 hac
3148 4568 3226 4607 re,
3275 4550 3529 4623 Nunquid
3569 4568 3679 4607 om.

423 4626 533 4681 imo
554 4626 732 4692 fidem,
758 4644 920 4698 quam
956 4630 1202 4699 superius
1226 4632 1630 4700 comprehendi,
1655 4640 1787 4687 utet
1809 4632 1994 4688 omnia

424 4730 523 4785 per
543 4715 711 4771 Deum
736 4717 876 4785 fieri,
905 4729 958 4772 ct
1010 4734 1109 4790 pro
1162 4719 1392 4775 utilitate
1436 4723 1735 4777 animarum
1777 4723 1995 4795 dispen-

426 4807 532 4861 sari
561 4807 811 4862 universa
839 4809 1143 4875 credamus,
1168 4826 1273 4865 non
1301 4811 1473 4866 solum
1518 4826 1854 4881 nequaquam
1908 4813 2001 4867 de-

426 4896 717 4965 spiciemus
759 4912 873 4964 eos,
929 4898 1023 4953 sed
1063 4898 1228 4954 etiam
1278 4916 1376 4973 pro
1424 4901 1552 4970 ipsis
1604 4910 1855 4971 tanquam
1901 4916 2001 4973 pro

427 4991 684 5045 membris
704 4993 905 5050 nostris
940 4992 1269 5048 incessanter
1306 4994 1597 5057 orabimus,
1643 4995 1829 5064 eisque
1872 4994 1999 5050 totis

427 5081 727 5138 visceribus
750 5096 815 5139 ac
837 5084 996 5154 pleno
1029 5085 1419 5155 compatiemur
1444 5082 1635 5141 alicctu
1664 5102 1676 5137 :
1706 5099 1826 5141 cum
1852 5084 1997 5139 enim

428 5172 630 5242 patitur
662 5191 827 5230 unum
856 5177 1178 5242 membrum,
1201 5178 1599 5248 compatiuntur
1622 5177 1800 5231 omnia
1832 5191 1999 5231 mem-

428 5262 548 5326 bra,
571 5263 803 5318 scientes
824 5278 922 5319 nos
944 5264 1145 5335 absque
1166 5264 1271 5321 illis
1293 5276 1343 5320 ut
1378 5272 1499 5337 pote
1519 5266 1776 5321 membris
1800 5267 1999 5323 nostris

430 5354 752 5411 omnimodis
780 5358 1140 5411 consummari
1167 5373 1273 5411 non
1316 5374 1495 5428 posse,
1552 5358 1999 5429 quemadmodum

432 5443 661 5515 legimus
680 5460 748 5502 ne
766 5449 1065 5504 anteriores
1092 5449 1307 5519 quidem
1340 5459 1555 5505 nostros
1583 5451 1700 5506 sine
1725 5451 1882 5507 nobis
1911 5466 2000 5507 re-

432 5536 809 5603 promissionis
828 5554 1092 5595 summam
1117 5540 1375 5609 consequi
1406 5542 1662 5612 potuisse,
1690 5542 1764 5597 ita
1792 5542 1857 5598 de
1899 5542 2005 5599 illis

434 5623 687 5692 Apostolo
716 5629 1091 5697 pronuntiante
1119 5628 1314 5698 (Hebr.
1338 5630 1423 5703 xi)
1452 5649 1464 5684 :
1500 5630 1564 5685 Et
1591 5631 1643 5684 Ιιὶ
1668 5648 1844 5686 omnes
1865 5632 2007 5687 testi-

438 5714 610 5769 monia
643 5717 768 5785 ﬁdei
815 5717 1132 5785 comprobnti
1173 5736 1271 5771 non
1321 5731 1623 5791 acceperunt
1658 5721 2008 5793 repromissio-

2093 4664 2181 4701 nes
2216 4643 2663 4716 interpretantur?
2711 4642 2804 4699 Ille
2855 4649 3030 4712 potest
3072 4641 3282 4713 linguas
3332 4641 3677 4716 interpretari

2095 4735 2181 4790 cui
2215 4734 2307 4789 dat
2337 4714 2498 4798 Deus;
2531 4734 2585 4787 in
2631 4747 2794 4803 supra
2849 4732 3053 4787 dictum
3100 4745 3319 4786 sensum
3370 4732 3485 4786 hmc
3530 4714 3676 4787 hise-

2098 4824 2293 4889 rcnda;
2317 4822 2625 4893 eXplanavit
2651 4821 2819 4887 enim,
2850 4820 3057 4877 reddita
3088 4821 3320 4887 ratione,
3361 4837 3552 4877 omnes
3578 4823 3675 4879 hau

2102 4915 2228 4969 bere
2256 4912 2494 4967 diversas
2522 4911 2743 4982 gratias,
2765 4919 2820 4965 et
2866 4925 2967 4965 nec
3012 4918 3182 4965 totum
3224 4909 3385 4964 alicui
3430 4909 3673 4975 concedi,

2099 5003 2344 5074 exemplo
2371 5002 2751 5057 membrorum.
2797 5002 3053 5071 Exemplo
3085 5002 3232 5057 enim
3267 5003 3510 5073 corporis
3556 5018 3681 5058 car-

2100 5095 2186 5149 nis
2210 5090 2451 5164 spiritale
2471 5106 2667 5163 corpus
2697 5092 2955 5159 insinuat,
2982 5106 3046 5146 ac
3074 5107 3172 5163 per
3203 5094 3305 5148 hoc
3328 5093 3383 5147 in
3425 5092 3681 5147 oumibus

2101 5182 2270 5236 Deum
2304 5180 2748 5243 benedicendum,
2796 5191 2852 5237 ct
2879 5181 2932 5235 in
2967 5180 3135 5250 ipsius
3185 5182 3402 5236 nomine
3444 5180 3681 5251 glorian-

2103 5271 2229 5325 dum
2252 5267 2402 5336 cuius
2424 5268 2599 5339 gratia
2630 5277 2732 5331 est,
2760 5269 2900 5323 hanc
2934 5268 3196 5327 rationem
3219 5270 3381 5324 etiam
3434 5269 3487 5323 in
3521 5268 3684 5323 rebus

2101 5360 2338 5433 physicis
2366 5359 2687 5414 invenimus.
2723 5358 2928 5414 Aurum
2958 5342 3138 5414 autem
3185 5374 3306 5414 cum
3352 5358 3543 5413 melius
3594 5371 3684 5411 ar-

2104 5458 2266 5521 genio
2292 5449 2384 5513 sit,
2413 5449 2534 5520 plus
2565 5457 2743 5503 tamen
2780 5449 2833 5504 in
2855 5464 2954 5503 usu
2975 5457 3257 5519 argentum
3311 5455 3413 5513 est,
3467 5455 3524 5503 et
3558 5463 3680 5503 cum

2104 5555 2180 5595 ms
2210 5538 2572 5599 necessarium
2598 5538 2687 5604 sit,
2709 5538 2828 5610 plus
2852 5547 3032 5594 tamen
3063 5536 3207 5593 ferro
3233 5554 3370 5609 opus
3401 5544 3504 5601 est,
3551 5536 3681 5591 nihil

2106 5647 2244 5702 pene
2283 5633 2401 5688 sine
2423 5629 2567 5686 ferro
2593 5631 2653 5687 fit
2673 5646 2792 5687 cum
2823 5633 2893 5685 sit
2933 5629 3178 5685 inferius.
3236 5630 3301 5684 Et
3352 5636 3499 5699 post'
3524 5629 3680 5683 hinc:

2110 5721 2459 5776 .Emulamini
2484 5730 2655 5777 autem
2671 5722 2984 5777 charismata
3007 5720 3239 5776 meliora.
3298 5720 3410 5776 Hoc
3462 5735 3585 5773 mox
3630 5718 3681 5771 in
