4082 6332
341 465 445 523 117
836 461 1381 520 ENARRATIONUM
1412 461 1481 518 IN
1518 462 1668 519 EPP.
1703 461 1908 518 PAULI
1943 461 2072 518 LIB.
2114 460 2203 517 XI.
2245 490 2315 501 —-
2349 458 2419 515 ιΝ
2453 446 2670 515 EPIST.
2711 458 2733 513 l
2764 459 2857 514 AD
2890 458 3047 515 00R.
3482 459 3589 515 118

341 580 606 652 subjectis
648 576 879 634 absolvit
925 593 938 628 :
1000 572 1070 628 Et
1113 574 1287 629 adhuc
1325 572 1734 628 excellentiorem
1778 570 1918 627 vobis
1944 574 1997 635 Α
2020 577 2076 624 et
2099 569 2250 625 asina
2276 568 2454 625 locuta
2478 576 2565 623 est
2599 569 2833 624 humana
2861 566 3041 638 lingua
3067 566 3135 622 ad
3164 566 3382 622 Balaam
3416 566 3585 623 lilium

342 674 483 729 uiam
530 670 849 725 demonstro.
915 666 1211 731 Gradatim.
1244 664 1365 722 illos
1416 664 1485 719 ad
1538 663 1752 720 utiliora
1799 677 1923 732 pro-

342 763 517 828 vehit,
544 761 838 819 ostendens
858 759 966 814 illis
986 758 1212 830 gratiam
1242 771 1404 827 supra
1428 756 1558 812 dicti
1583 755 1761 811 omnis
1772 755 1918 821 doni,

344 868 469 923 quae
480 852 536 907 in
548 848 859 906 hominibus
868 849 1138 913 videntur,
1151 847 1265 903 sive
1279 845 1551 916 loquendi,
1565 851 1659 899 aut
1671 842 1917 908 curandi,

347 943 433 998 vel
461 940 843 1013 prophetandi,
868 953 977 994 non
998 937 1066 993 ad
1090 937 1338 993 meritum
1363 936 1600 991 hominis
1627 934 1916 1006 pertinere,

346 1031 446 1087 sed
467 1032 535 1086 ad
552 1029 1018 1085 honoriﬁcentiam
1040 1029 1156 1083 Dei.
1206 1029 1436 1097 Ideoque
1456 1043 1599 1083 nunc
1638 1027 1782 1080 viam
1818 1024 1922 1080 illis

347 1122 480 1178 dicit
504 1136 564 1176 se
586 1119 872 1175 ostendere
883 1119 1201 1190 planiorem,
1220 1132 1325 1187 qua
1341 1118 1450 1173 itur
1472 1116 1541 1171 ad
1568 1115 1923 1184 coelum,qu:e

348 1211 608 1268 meritum
642 1207 873 1265 collocat
909 1207 1048 1278 apud
1078 1208 1269 1263 Deum.
1303 1204 1439 1260 Nam
1466 1205 1592 1274 quia
1618 1203 1923 1274 supradicta

348 1318 462 1360 non
499 1316 717 1370 semper
751 1299 819 1354 ad
858 1300 1111 1355 meritum
1144 1297 1439 1369 pertinent,
1466 1296 1595 1352 dicit
1634 1294 1921 1351 Salvator:

352 1391 511 1448 Iulli
530 1392 660 1445 mihi
698 1390 869 1445 dicent
893 1390 952 1443 in
976 1388 1070 1443 illa
1095 1388 1201 1454 die,
1242 1387 1296 1443 id
1329 1385 1657 1456 est,judicii,
1679 1384 1923 1450 Domine,

350 1481 595 1546 Domine,
635 1496 807 1536 nonne
827 1479 885 1533 in
915 1480 1120 1535 nomine
1140 1488 1231 1532 tuo
1251 1475 1707 1548 prophetavimus?
1739 1483 1789 1529 et
1815 1474 1925 1535 da:-

347 1571 529 1626 nsonia
557 1570 844 1641 ejecimus?
865 1578 916 1623 et
959 1567 1173 1623 virtutes
1211 1564 1402 1620 multas
1428 1563 1684 1634 fecimus?
1707 1561 1921 1631 (blattis.

346 1659 448 1732 vn)
470 1668 527 1714 et
551 1659 679 1728 quia
703 1672 812 1714 non
838 1658 943 1712 hoc
964 1656 1032 1712 ad
1061 1655 1313 1711 meritum
1346 1652 1599 1724 pertinet,
1629 1650 1721 1707 sed
1750 1648 1925 1706 cilicia

346 1759 477 1805 sunt
504 1748 783 1814 Ecclesiae,
815 1746 881 1802 ad
906 1745 1275 1803 confusionem
1296 1743 1596 1815 gentilium,
1625 1749 1681 1797 et
1712 1741 1808 1797 Dei
1834 1741 1927 1796 ho-

346 1839 746 1896 norificentiam
766 1837 1192 1909 protestandum,
1219 1836 1351 1892 dicit
1362 1834 1619 1890 Dominus
1633 1835 1739 1889 eis:
1761 1832 1923 1888 Rece-

2017 658 2158 714 Beor
2181 659 2369 732 (Num.
2399 658 2559 732 χχιι),
2601 666 2664 713 ιιι
2690 658 2992 713 addisceret
3017 657 3114 713 Dei
3140 655 3500 729 maiestatem,
3529 666 3587 715 et

2018 749 2171 820 pueri
2196 748 2427 805 infantes
2450 756 2864 820 prorumperent
2895 747 3203 805 inclaudem
3238 744 3341 805 Dei
3366 749 3436 805 ad
3457 764 3587 807 cou-

2018 844 2285 900 fusionem
2332 843 2658 899 Iudaeorum.
2716 838 2968 897 Salvator
3020 848 3200 896 autem
3252 855 3362 897 nou
3412 841 3585 899 solum

2020 933 2173 998 istos,
2206 932 2302 987 sed
2330 939 2386 986 et
2413 932 2547 987 istos
2578 930 2784 1001 lapides
2814 930 2881 985 ad
2907 929 3410 987 condemnationem
3434 930 3591 1002 perii-

2020 1021 2232 1086 dorum,
2267 1028 2323 1076 et
2348 1021 2572 1092 gloriam
2598 1020 2694 1075 Dei
2718 1018 2952 1075 clamare
2978 1033 3138 1091 posse
3160 1019 3415 1086 ostendit,
3440 1028 3497 1077 et
3515 1020 3597 1076 in-

2021 1120 2104 1168 ter
2148 1112 2262 1183 ipsa
2306 1112 2601 1182 primordia
2642 1112 2709 1168 ad
2752 1110 3267 1168 commendationem
3307 1110 3453 1178 ﬁdei,
3496 1114 3592 1183 qui

2019 1202 2435 1272 baptizabantur
2472 1203 2674 1275 linguis
2704 1201 3079 1273 loquebantur.
3117 1203 3323 1276 (Ct-eg.)
3380 1203 3439 1260 Si
3489 1203 3592 1259 lin-

2020 1294 2156 1366 guis,
2183 1294 2378 1367 inquit,
2421 1296 2689 1351 hominum
2714 1293 2902 1364 loquar
2928 1303 2979 1350 et
3003 1294 3329 1366 angelorum,
3356 1296 3588 1350 charita-

2021 1394 2124 1441 tem
2160 1393 2334 1440 autem
2360 1402 2466 1440 non
2493 1384 2730 1451 habeam,
2759 1384 2930 1455 factus
2968 1401 3085 1440 sum
3111 1383 3247 1441 velut
3289 1401 3362 1441 trs
3399 1401 3594 1441 sonans

2022 1484 2115 1531 aut
2153 1474 2444 1546 cymbalum
2486 1475 2732 1529 tinniens.
2776 1473 2925 1531 Bona
2974 1474 3170 1547 quippe
3217 1475 3461 1546 loquens,
3501 1475 3597 1532 sed

2022 1581 2120 1638 per
2140 1581 2378 1622 amorem
2403 1566 2593 1622 eadem
2638 1565 2780 1623 bona
2807 1580 2914 1622 non
2940 1582 3196 1638 sequens,
3229 1567 3378 1624 velut
3402 1583 3485 1624 res
3503 1576 3599 1623 aut

2024 1656 2323 1728 cymbalum
2384 1657 2619 1713 sonitum
2674 1656 2871 1723 reddit,
2926 1658 3053 1727 quia
3113 1658 3228 1730 ipse
3274 1674 3383 1715 non
3434 1658 3601 1714 sentit

2023 1747 2207 1813 verba,
2237 1762 2357 1818 quae
2393 1748 2507 1819 ipse
2534 1746 2683 1802 facit.
2715 1747 2785 1802 Et
2824 1748 2871 1802 si
2911 1746 3140 1803 habuero
3176 1749 3517 1820 prophetiam,
3549 1758 3601 1802 et

2027 1840 2252 1894 noverim
2271 1837 2515 1909 mysteria
2541 1838 2717 1893 omnia
2745 1847 2794 1893 et
2818 1854 3023 1893 omnem
3043 1839 3341 1907 scientiam,
3368 1838 3600 1892 charita-

346 1931 457 1984 dite
480 1948 515 1984 a
550 1945 650 1994 me,
686 1946 792 1984 non
818 1929 935 1983 novi
976 1944 1089 1993 vos,
1127 1925 1351 1998 operarii
1391 1924 1701 1996 iniquitatis.
1734 1922 1921 1978 Securi
1948 1922 1997 1982 B
2023 1936 2124 1983 tem
2152 1935 2325 1981 autem
2362 1942 2465 1981 non
2491 1925 2734 1995 habeant,
2780 1925 2912 1981 nihil
2942 1926 3071 1982 mihi
3102 1926 3332 1997 prodest.
3361 1926 3598 2000 (Ambr.)

347 2023 520 2087 enim,
550 2021 696 2092 quod
744 2020 838 2091 Dei
879 2021 934 2075 in
974 2019 1082 2075 illis
1110 2019 1350 2090 operatio
1377 2018 1723 2084 cernebatur,
1765 2015 1929 2088 negli-

348 2125 540 2187 gentes
564 2128 693 2185 erga
730 2127 791 2169 se
829 2111 1065 2167 fuerunt.
1089 2109 1225 2166 Nam
1251 2120 1306 2166 et
1340 2098 1689 2181 Septuaginta
1721 2107 1927 2163 duobus

348 2201 628 2273 discipulis
670 2200 1024 2273 gaudentibus
1072 2200 1215 2270 quod
1261 2198 1524 2254 daemonia
1568 2197 1675 2254 illis
1714 2197 1926 2253 subdita

348 2292 587 2357 fuerant,
620 2292 753 2349 dicit
772 2290 1020 2347 Salvator
1049 2309 1062 2345 :
1096 2289 1276 2345 Nolite
1300 2290 1356 2344 in
1388 2289 1488 2344 hoc
1512 2289 1760 2360 gaudere,
1788 2287 1927 2359 quod

348 2382 617 2437 daemonia
660 2380 799 2436 nobis
845 2381 1077 2452 subjecta
1128 2388 1268 2446 sunt,
1320 2379 1410 2433 sed
1458 2379 1514 2433 in
1556 2378 1654 2433 hoc
1684 2378 1925 2449 gaudete,

348 2472 491 2543 quod
533 2471 746 2526 nomina
783 2482 949 2526 vestra
989 2470 1183 2540 scripta
1227 2478 1347 2524 sunt
1387 2469 1443 2524 in
1487 2468 1612 2523 caelo
1670 2467 1820 2542 (Luc.
1846 2467 1926 2540 ι).

350 2564 572 2632 Quare?
593 2563 698 2619 nisi
727 2564 855 2635 quia
888 2564 1092 2620 nomini
1121 2563 1216 2620 Dei
1250 2563 1464 2618 subdita
1496 2571 1643 2629 sunt,
1687 2577 1793 2617 non
1824 2561 1927 2617 ho-

350 2657 736 2729 minis‘merito
759 2664 856 2728 get
880 2671 1057 2727 quare
1091 2672 1232 2712 nunc
1260 2670 1367 2710 non
1413 2655 1488 2710 ita
1524 2654 1585 2709 fit
1608 2664 1667 2708 ut
1695 2653 1930 2710 habeant

350 2746 600 2803 homines
622 2745 849 2817 gratiam
892 2746 1023 2801 Dei?
1052 2745 1193 2800 inter
1236 2745 1390 2799 initia
1421 2744 1537 2799 ﬁeri
1577 2744 1838 2814 oportuit,
1870 2750 1930 2797 ut

348 2836 703 2895 fundamenta
729 2837 851 2893 lidei
874 2838 1181 2909 acciperent
1215 2836 1553 2903 firmitatem;
1584 2850 1727 2890 nunc
1751 2842 1930 2890 autem

349 2945 460 2987 non
489 2937 577 2985 est
594 2943 728 2998 opus
746 2929 871 2998 quia
893 2928 1119 3001 populus
1145 2926 1397 2997 populum
1421 2925 1639 2981 adducit
1661 2925 1725 2979 ad
1747 2924 1928 2989 ﬁdem,

349 3039 478 3079 cum
506 3022 760 3076 videntur
782 3037 968 3078 eorum
1005 3036 1167 3091 opera
1200 3020 1339 3075 bona
1369 3028 1421 3074 et
1450 3018 1760 3090 praedicatio
1797 3019 1931 3075 sim-

346 3114 495 3186 plex.
528 3111 711 3185 (Aug)
743 3111 847 3178 Qui
889 3113 1017 3166 dicit
1059 3128 1114 3166 se
1160 3112 1217 3164 in
1256 3109 1462 3165 Christo
1509 3124 1739 3175 manere,
1786 3108 1931 3163 debet

346 3204 487 3259 sicut
508 3203 616 3273 ipse
640 3201 946 3269 ambulavit,
972 3210 1018 3257 et
1044 3200 1132 3256 ille
1151 3199 1418 3255 ambulare
1439 3198 1493 3272 (Ι
1513 3198 1674 3254 Joan.
1693 3198 1776 3272 tt).
1801 3198 1933 3266 Quae

2028 2017 2167 2074 Vere
2192 2006 2326 2072 nihil
2361 2015 2599 2087 prodest,
2632 2016 2701 2071 ad
2743 2014 2840 2073 Dei
2876 2015 3022 2074 enim
3052 2017 3280 2089 gloriam
3306 2019 3599 2090 propheta-

2027 2121 2135 2179 tnr,
2164 2113 2304 2169 sicut
2330 2113 2461 2169 dicit
2485 2112 2756 2187 Propheta
2781 2131 2795 2169 :
2822 2113 2947 2170 Non
2996 2115 3164 2182 nobis,
3210 2114 3455 2183 Domine,
3499 2131 3605 2171 non

2029 2205 2196 2269 nobis,
2219 2204 2311 2259 sed
2340 2206 2537 2259 nomini
2561 2214 2653 2260 tuo
2687 2205 2758 2260 da
2790 2204 3015 2276 gloriam
3042 2203 3216 2277 (Psal.
3259 2204 3436 2277 cxru).
3466 2203 3605 2260 Nam

2028 2302 2083 2351 et
2108 2294 2326 2350 Balaam
2358 2296 2701 2366 prOphetavit
2725 2310 2847 2352 cum
2873 2296 3137 2367 propheta
3171 2312 3279 2352 non
3304 2304 3471 2359 esset,
3510 2296 3609 2352 sed

2028 2383 2248 2452 ariolus,
2270 2393 2327 2441 et
2351 2385 2582 2457 Caiphas
2606 2387 2966 2457 prophetavit,
2994 2401 3104 2443 non
3147 2386 3360 2448 merito,
3393 2385 3490 2442 sed
3516 2386 3604 2441 di-

2028 2477 2232 2550 gnitate
2293 2477 2498 2535 ordinis
2556 2477 2923 2545 sacerdotalis,
2982 2486 3040 2534 et
3094 2476 3224 2535 Saul
3264 2478 3612 2549 prophetarit

2028 2582 2148 2623 cum
2171 2566 2284 2637 jam
2312 2568 2688 2625 inobedientiae
2712 2583 2876 2626 causa
2908 2570 3098 2641 spiritu
3144 2569 3285 2626 malo
3309 2569 3501 2626 fuisset
3518 2578 3606 2626 rd-

2027 2658 2223 2729 pletus,
2269 2660 2365 2715 sed
2406 2668 2627 2731 propter
2650 2659 2745 2716 Dei
2789 2674 3008 2716 causam
3036 2675 3109 2715 ne
3134 2667 3318 2731 posset
3355 2673 3602 2730 compre-

2028 2749 2264 2805 hendere
2316 2749 2503 2814 David,
2553 2757 2605 2805 et
2658 2750 2905 2806 occidere
2952 2765 3113 2821 quem
3162 2749 3396 2805 volebat.
3450 2747 3521 2805 Et
3562 2748 3651 2803 si‘

2030 2840 2194 2894 sciero
2230 2840 2405 2894 omnia
2434 2840 2703 2910 mysteria.
2734 2838 2885 2895 Juda:
2912 2839 3056 2896 enim
3084 2838 3217 2895 nihil
3239 2837 3442 2910 profuit
3483 2853 3611 2895 cum

2032 2927 2288 2998 apostolis
2326 2935 2380 2982 et
2408 2928 2662 2984 didicisse
2706 2929 2984 3000 mysteria,
3025 2944 3148 2985 cum
3190 2928 3477 2985 charitatis
3513 2930 3611 2985 ho-
3658 2958 3663 2965 -

2032 3020 2129 3075 stis
2155 3019 2373 3075 tradidit
2399 3017 2758 3086 Salvatorem,
2780 3027 2836 3075 et
2859 3020 3120 3091 propheta
3146 3019 3399 3076 Ezechiel
3425 3019 3610 3076 diabo-

2032 3109 2140 3164 lum
2166 3110 2424 3184 mysteria
2450 3110 2690 3168 caelestia
2735 3109 2875 3166 scire
2903 3109 3160 3178 ostendit,
3194 3109 3412 3180 quando
3436 3110 3613 3166 incre-

2030 3202 2146 3273 pita
2175 3217 2307 3259 voce
2335 3203 2390 3256 in
2423 3202 2677 3272 paradiso
2721 3201 2870 3257 illum
2913 3201 3008 3256 Dei
3044 3199 3212 3259 fuisse
3241 3210 3298 3258 et
3345 3201 3612 3273 pretiosos

346 3304 435 3351 est
468 3295 574 3350 ista
602 3295 706 3359 via,
736 3295 791 3349 in
815 3309 919 3364 qua
946 3292 1193 3353 Christus
1214 3292 1543 3349 ambulavit?
1572 3307 1690 3361 quae
1715 3300 1799 3346 est
1822 3289 1928 3345 alia
1955 3279 2000 3342 C
2032 3291 2237 3363 lapides
2258 3290 2512 3348 habuisse
2540 3300 2789 3355 testatur.
2814 3306 2950 3363 quos
2978 3291 3184 3364 lapides
3211 3292 3356 3349 idem
3385 3292 3615 3363 Aposto—

346 3386 454 3441 nisi
480 3384 739 3450 charitas,
768 3384 836 3440 de
878 3400 984 3455 qua
1020 3382 1151 3439 dicit
1176 3382 1463 3453 Apostolus
1491 3400 1505 3436 :
1532 3382 1714 3436 Adhuc
1747 3396 1928 3452 super-

345 3477 741 3531 eminentiorem
792 3476 930 3530 viam
972 3475 1266 3530 demonstro
1311 3474 1472 3528 vobis.
1514 3472 1572 3529 Si
1604 3488 1735 3544 ergo
1777 3472 1929 3528 Chri-

347 3574 494 3621 stum
514 3564 760 3621 volumus
787 3564 1012 3631 imitari,
1033 3578 1129 3636 per
1155 3564 1325 3634 ipsam
1352 3563 1494 3619 viam
1525 3560 1780 3619 debemus
1800 3578 1925 3618 cur-

348 3669 492 3720 rere,
521 3669 685 3725 quam
731 3653 977 3710 Christus
1023 3662 1077 3709 et
1114 3653 1169 3708 in
1213 3669 1375 3709 cruce
1416 3653 1655 3725 pendens
1679 3653 1927 3725 dignatus

347 3754 436 3802 est
461 3744 759 3801 ambulare.
800 3744 857 3800 In
889 3759 1048 3801 cruce
1085 3745 1229 3800 enim
1265 3745 1405 3799 fixus
1431 3752 1569 3810 erat,
1607 3750 1661 3798 et
1690 3743 1927 3800 charita-

350 3837 425 3891 tis
451 3836 593 3890 viam
631 3851 858 3891 currens
902 3850 999 3907 pro
1039 3836 1152 3891 suis
1183 3834 1615 3906 persecutoribus
1654 3832 1923 3905 supplica-

348 3927 465 3981 bat.
498 3924 740 3996 Denique
776 3922 855 3981 sic
880 3925 1052 3981 dixit:
1080 3924 1264 3990 Pater,
1291 3924 1497 3995 ignosce
1526 3922 1654 3990 illis,
1677 3924 1803 3994 quia
1839 3939 1930 3977 ne-

345 4018 523 4073 sciunt
563 4016 691 4087 quid
739 4015 942 4086 faciunt
984 4014 1135 4089 (Luc.
1177 4012 1370 4087 mn);
1419 4022 1476 4070 et
1514 4028 1612 4068 nos
1658 4026 1788 4083 ergo
1825 4024 1926 4083 pro

344 4107 601 4164 omnibus
623 4106 856 4162 inimicis
876 4105 1075 4161 nostris
1102 4104 1205 4161 hoc
1226 4105 1427 4176 jugiter
1450 4103 1832 4176 supplicentus,
1865 4109 1927 4157 ut

343 4196 453 4253 illis
478 4197 741 4253 Dominus
787 4196 1220 4252 emendationem
1262 4204 1498 4262 morum,
1559 4201 1614 4250 et
1653 4192 1927 4264 indulgen-

347 4288 481 4345 tiam
511 4288 1094 4358 tribuatpeccatorum.

932 4419 1160 4477 CAPUT
1200 4420 1334 4477 XIII.

414 4532 497 4588 De
519 4534 791 4587 charitatis
827 4533 1150 4599 excellentia,
1185 4534 1411 4589 utilitate
1451 4542 1498 4589 et
1525 4532 1824 4588 stabilitate.

2031 3384 2114 3439 lus
2166 3384 2425 3440 doctrina:
2468 3384 2662 3440 divinae
2705 3385 2962 3457 mysteria
3006 3383 3346 3455 significavit,
3380 3392 3436 3440 et
3472 3383 3612 3440 nihil

2029 3474 2103 3531 illi
2131 3465 2365 3546 profuit,
2412 3477 2537 3546 quia
2562 3477 2841 3533 charitatis
2865 3476 3171 3541 immemor,
3201 3476 3257 3531 in
3301 3475 3611 3545 superbiam

2030 3567 2312 3637 prosilivit.
2360 3564 2428 3620 Et
2453 3568 2499 3621 si
2523 3566 2741 3622 habeam
2765 3582 2968 3622 omnem
2991 3566 3283 3620 scientiam.
3319 3563 3466 3620 Nihil
3488 3578 3614 3635 pro—

2029 3657 2147 3712 dest
2174 3655 2395 3712 scientia
2437 3658 2481 3712 si
2523 3657 2762 3731 charitas
2791 3671 2897 3711 non
2926 3656 3017 3711 sit.
3062 3655 3302 3726 Denique
3336 3655 3530 3711 scribis
3553 3662 3612 3711 et

2027 3746 2314 3804 Pharisazis
2337 3747 2705 3821 nihilprofuit,
2737 3748 2946 3804 dicente
2972 3746 3251 3803 Salvatore
3277 3765 3290 3805 :
3321 3745 3425 3803 Vos
3449 3746 3613 3802 habe~

2027 3837 2093 3892 tis
2120 3836 2312 3892 clavem
2346 3838 2598 3902 scientite,
2625 3846 2674 3892 et
2717 3853 2880 3907 neque
2916 3852 3005 3891 uos
3028 3836 3261 3901 intratis,
3287 3851 3449 3906 neque
3477 3833 3613 3891 alios

2026 3926 2195 3981 sinitis
2232 3927 2446 3982 introire
2469 3926 2619 3999 (Luc.
2648 3925 2722 3998 v1)
2750 3941 2765 3980 :
2789 3940 2887 3997 per
2910 3924 3168 3983 invidiam
3194 3925 3339 3980 enim
3361 3923 3612 3991 ._charita-

2029 4021 2136 4070 tem
2183 4023 2612 4085 corrumpentes,
2652 4017 2935 4072 scientiam
2980 4014 3097 4085 ejus
3150 4013 3216 4070 ad
3259 4013 3484 4071 nihilum
3518 4012 3613 4068 de-

2027 4106 2314 4162 duxerunt.
2359 4105 2493 4160 Nam
2536 4114 2591 4162 et
2629 4105 2995 4163 Tertullianus
3039 4114 3094 4160 et
3132 4104 3465 4160 Novatianus
3501 4120 3612 4160 non

2024 4210 2203 4266 parva:
2232 4195 2470 4251 scientiae
2502 4195 2740 4263 fuerunt,
2769 4196 2863 4251 sed
2893 4195 3018 4267 quia
3051 4208 3149 4266 per
3174 4194 3346 4250 zelum
3375 4195 3613 4251 charita-

2027 4286 2096 4341 tis
2123 4282 2327 4341 ftedera
2366 4286 2737 4357 perdiderunt,
2779 4288 2833 4342 iu
2864 4286 3100 4343 schisma
3125 4287 3291 4353 versi,
3332 4286 3399 4343 ad
3429 4286 3611 4358 perdi-

2027 4377 2226 4433 tionem
2283 4378 2365 4433 sui
2410 4378 2647 4436 haereses
2674 4386 3023 4436 creaverunt.
3055 4377 3127 4435 Et
3167 4377 3215 4434 si
3239 4378 3468 4447 habuero
3500 4394 3612 4433 om-

2027 4482 2140 4521 nem
2166 4466 2346 4539 Iidem,
2373 4468 2448 4522 ita
2478 4477 2535 4522 ut
2556 4480 2752 4523 montes
2772 4468 3108 4539 transferam.
3139 4467 3380 4526 Virtutes
3401 4467 3619 4536 iacere,

2026 4570 2121 4617 aut
2152 4530 2414 4616 dae'monia
2454 4578 2552 4633 per
2581 4563 2740 4620 fidem
2770 4530 2986 4635 ejicere,
3012 4563 3107 4619 Dei
3137 4563 3310 4619 virtus
3344 4571 3401 4619 et
3434 4530 3609 4633 gloria

417 4641 480 4698 Si
518 4641 711 4712 linguis
750 4642 1019 4695 hominum
1051 4641 1240 4715 loquar
1261 4653 1309 4697 et
1344 4641 1666 4713 angelorum,
1693 4641 1921 4696 charita-
1945 4648 1999 4708 1)
2023 4660 2125 4715 est,
2161 4666 2261 4707 nec
2300 4652 2402 4706 hoc
2437 4652 2506 4707 ad
2547 4654 2797 4709 meritum
2835 4653 3072 4723 proiicit,
3134 4652 3240 4709 nisi
3288 4653 3414 4723 quis
3453 4655 3608 4710 bona;

341 4743 447 4787 tem
486 4740 661 4786 autem
688 4747 791 4784 non
816 4730 1055 4798 habeam,
1086 4731 1258 4801 factus
1281 4746 1397 4785 sum
1422 4731 1555 4786 velut
1585 4743 1922 4789 teramentum

343 4812 619 4892 resorians,
664 4834 756 4881 aut
809 4824 1102 4895 cymbalum
1146 4823 1388 4878 tinniens.
1442 4820 1676 4895 (Ambr.)
1730 4821 1921 4894 Magna

342 4918 533 4988 utique
571 4918 783 4973 videtur
809 4917 981 4988 gratia
1013 4915 1241 4971 diversis
1266 4913 1410 4984 loqui
1444 4910 1656 4983 linguis,
1683 4911 1805 4981 plus
1830 4928 1923 4967 au-

342 5017 453 5063 tem
483 4990 688 5078 aliquid
710 5017 793 5064 est
820 5009 984 5062 etiam
1023 5005 1359 5075 angelorum,
1387 5004 1432 5059 si
1460 5004 1653 5075 possit,
1684 5005 1918 5075 linguam

342 5105 505 5160 scire.
532 5103 591 5158 ld
616 5110 721 5168 est,
751 5101 797 5157 si
839 5099 1156 5175 spiritaliter
1189 5099 1462 5169 cognitum
1508 5100 1680 5169 possit
1719 5099 1918 5154 habere

343 5196 644 5268 angelicum
685 5201 911 5258 motum,
941 5193 1034 5248 sed
1056 5190 1160 5246 hoc
1186 5191 1255 5245 ad
1280 5190 1532 5247 meritum
1561 5204 1668 5244 non
1696 5188 1916 5254 ascribi,

341 5292 440 5349 sed
472 5292 540 5347 ad
566 5289 664 5345 Dei
691 5288 916 5360 gloriam
939 5285 1195 5358 subjectis
1212 5284 1447 5342 ostendit
1466 5284 1671 5349 dicens,
1702 5284 1779 5338 sic
1799 5298 1918 5339 esse

342 5394 405 5439 ut
434 5402 452 5435 ι
482 5390 837 5437 temulentum
856 5385 1239 5444 resonans,aut
1257 5376 1559 5448 cymbalum
1583 5375 1815 5431 tinnicns
1841 5392 1853 5427 :
1894 5394 1911 5424 ι

341 5479 470 5551 quia
503 5476 645 5533 sicut
670 5482 1022 5530 mramentum
1070 5469 1300 5541 impulsu
1331 5468 1553 5524 alterius
1595 5474 1827 5529 resonat,
1862 5474 1917 5519 et

339 5568 647 5641 cymbalum
678 5566 858 5630 tinnit,
884 5565 959 5620 ita
983 5572 1038 5620 et
1057 5560 1147 5619 hic
1171 5563 1262 5634 qui
1290 5561 1487 5631 linguis
1510 5559 1769 5630 loquitur,
1796 5557 1918 5635 Spif

342 5661 480 5717 ritus
508 5659 683 5716 sancti
701 5656 949 5714 effectum
977 5656 1141 5712 habet
1167 5663 1223 5711 et
1262 5660 1486 5718 motum,
1526 5661 1587 5707 ut
1614 5651 1759 5721 loqui
1788 5667 1914 5723 pos-

343 5753 434 5809 sit.
477 5750 605 5807 Non
647 5751 785 5805 enim
825 5765 911 5804 vos
939 5750 1060 5803 estis
1086 5745 1173 5819 qui
1211 5744 1504 5816 loquimini,
1548 5742 1639 5796 sed
1688 5741 1916 5814 Spiritus

344 5844 520 5901 Patris
554 5841 710 5899 uestri
751 5840 840 5912 qui
888 5838 1119 5910 loquitur
1160 5838 1215 5896 iu
1250 5836 1392 5895 vobis
1413 5832 1630 5907 (Matth.
1656 5832 1737 5906 ι).
1779 5831 1912 5887 Nam

2029 4741 2453 4796 conversationis
2483 4740 2646 4798 fuerit
2664 4741 2909 4807 aemulus,
2940 4742 3080 4796 sicut
3104 4757 3265 4813 supra
3291 4744 3606 4799 memoravi.

2028 4828 2096 4883 Et
2121 4830 2167 4885 si
2199 4847 2475 4902 erogavero
2517 4849 2721 4887 omnem
2754 4831 3098 4889 substantiam
3123 4847 3316 4887 meam.
3346 4831 3608 4903 Apertum

2026 4932 2128 4991 est,
2158 4924 2283 4994 quia
2311 4926 2355 4980 si
2381 4926 2559 4981 omnis
2589 4926 2889 4981 substantia
2924 4924 3287 4997 impendatur,
3318 4924 3452 4980 nihil
3481 4939 3608 4995 pro-

2027 5015 2160 5078 liczt,
2190 5014 2454 5069 charitate
2488 5014 2753 5087 neglecta,
2784 5006 2913 5085 quia
2937 5022 3101 5084 caput
3129 5012 3405 5084 religionis
3428 5013 3610 5070 chari-

2028 5111 2110 5158 tas
2130 5112 2230 5167 est,
2249 5112 2307 5158 et
2322 5105 2412 5174 qui
2433 5112 2593 5175 caput
2614 5119 2723 5161 non
2745 5105 2926 5171 habet,
2951 5104 3119 5159 vitam
3137 5118 3253 5161 non.
3269 5103 3450 5158 habet.
3466 5101 3537 5157 Et
3557 5105 3607 5158 si

2025 5193 2289 5249 tradidero
2318 5211 2504 5265 corpus
2526 5210 2721 5262 meum,
2745 5196 2819 5251 ita
2842 5204 2897 5249 ut
2926 5194 3162 5260 ardeam,
3180 5192 3312 5250 nihil
3336 5192 3464 5249 mihi
3482 5208 3606 5264 ρω-

2023 5286 2154 5341 dest.
2195 5286 2323 5343 Sine
2362 5288 2630 5344 charitate
2677 5287 2810 5344 nihil
2858 5288 3100 5361 prodest,
3133 5286 3258 5359 quia
3286 5285 3606 5344 fundamen-

2025 5388 2137 5432 tum
2180 5379 2455 5449 religionis
2483 5392 2567 5435 est
2593 5381 2854 5437 charitas.
2876 5379 3150 5451 Quidquid
3190 5380 3459 5452 ergosine
3478 5378 3605 5435 eha«

2022 5471 2184 5527 ritate
2214 5472 2274 5525 iit
2308 5472 2569 5527 caducum
2609 5481 2713 5528 est.
2763 5470 2960 5546 (Cass.)
2994 5471 3124 5527 Sine
3158 5487 3264 5542 qua
3307 5472 3376 5530 ad
3423 5467 3605 5542 perfe—

2021 5570 2165 5614 ctam
2219 5561 2510 5631 puritatem
2550 5564 2729 5619 cordis
2771 5570 2828 5617 et
2863 5563 2931 5618 ad
2960 5563 3471 5635 contemplationem
3506 5557 3603 5614 Del

2020 5666 2178 5707 nemo
2219 5654 2584 5709 conscendere
2619 5655 2839 5724 poterit.
2881 5654 3017 5710 llinc
3060 5667 3297 5723 namque
3335 5658 3420 5706 est
3454 5648 3600 5719 quod

2022 5741 2303 5797 nonnullos
2344 5744 2528 5797 mundi
2570 5743 2728 5814 hujus
2770 5745 3035 5800 maximas
3072 5743 3359 5799 facultates
3400 5745 3457 5794 et
3489 5752 3602 5793 non

2018 5831 2192 5889 solum
2222 5832 2387 5889 multa
2416 5834 2534 5889 auri
2557 5842 2718 5906 atque
2745 5837 2950 5907 argenti
2976 5835 3197 5901 talenta,
3225 5845 3412 5889 verum
3435 5829 3600 5890 etiam
