4082 6332
1138 336 1197 392 Β.
1240 337 1493 396 ΒΛΒΑΝΙ
1534 343 1755 402 MAURI
1790 345 2109 408 ARCHIEP.
2150 352 2456 414 MOGUNT.
2498 358 2781 419 OPERUM
2818 364 2999 425 PARS
3033 370 3123 428 lli.

3657 382 3761 442 ιω

475 444 805 515 praediorum
845 447 1301 518 magniﬁcentiam
1330 462 1761 528 contemnentes,
1788 470 1913 533 post
1956 464 2075 521 haec
2098 467 2149 528 Α
2176 467 2271 524 Dei
2324 471 2657 546 scientiaque
2700 478 3025 549 consistunt,
3073 484 3276 552 dicere,
3319 484 3423 546 nisi
3469 505 3505 547 a
3561 493 3761 554 timore

471 532 713 593 vidimus
738 552 842 608 pro
872 539 1145 611 scalpello,
1188 560 1290 615 pro
1316 547 1508 618 gratio,
1535 565 1638 622 pro
1672 552 1885 610 calamo
1918 569 2067 611 eom-

477 626 709 692 moveri,
734 627 898 698 quisi
923 632 1435 704 contemplationem
1470 641 1653 697 cordis
1684 643 1872 699 mundi
1900 643 2065 701 lixam

475 723 752 786 tenerent,
781 737 1061 793 nunquam
1093 725 1280 796 utique
1308 744 1411 801 pro
1436 733 1622 803 parvis
1662 733 1827 791 rebus
1871 737 2069 793 admit-

476 816 679 878 terent,
708 814 853 883 quod
878 830 947 870 ne
978 833 1080 889 pro
1106 821 1321 893 magnis
1360 839 1425 880 ac
1450 827 1703 895 pretiosis
1724 827 2068 887 incurrerent

475 901 694 970 opibus,
741 906 958 962 easdem
998 910 1215 979 penitus
1238 911 1476 984 abjicere
1506 916 1832 986 maluerunt,
1862 936 1987 976 nam
2010 929 2067 979 et
2098 972 2102 979 .

472 991 793 1066 plerumque
837 1000 1083 1058 nonnulli
1125 1012 1278 1061 tanto
1301 1008 1418 1065 zelo
1442 1010 1686 1068 codicem
1723 1023 1962 1081 servant,
2003 1025 2066 1073 ut

467 1098 594 1179 eum
628 1103 699 1145 ne
739 1089 934 1149 leviter
957 1094 1178 1163 quidem
1205 1096 1335 1169 legi,
1371 1100 1461 1156 vel
1488 1102 1731 1176 contingi
1774 1105 1845 1160 ab
1880 1106 2063 1179 aliquo

467 1175 672 1245 sinant,
698 1189 756 1236 et
783 1181 908 1240 inde
936 1186 1254 1247 occasiones
1280 1184 1633 1263 impatientia:
1656 1175 1720 1252 ac
1755 1198 1949 1254 mortis
1971 1175 2062 1254 in-

468 1280 723 1340 currant;
761 1275 907 1331 unde
946 1288 1237 1336 moventur
1262 1281 1530 1354 stipendia
1557 1288 1831 1357 patientiae
1854 1299 1911 1347 et
1930 1292 2061 1349 cha-

465 1360 647 1418 ritatis
685 1367 992 1436 acquirere.
1028 1369 1273 1451 Cumque
1309 1390 1502 1433 omnes
1528 1377 1751 1437 divitias
1791 1397 1922 1440 suas
1954 1400 2059 1456 pro

463 1448 664 1508 Christi
700 1470 885 1514 amore
922 1448 1297 1532 disperserint,
1340 1466 1631 1537 pristinum
1667 1478 1848 1529 tamen
1876 1448 2057 1534 cordis

462 1539 716 1600 allectum
750 1546 805 1602 in
836 1548 998 1607 rebus
1028 1553 1268 1611 minimis
1293 1566 1656 1628 retentantes,
1704 1571 1762 1620 et
1797 1581 1898 1636 pro
1923 1566 2056 1638 ipsis

460 1648 847 1708 nonnunquam
901 1645 1174 1703 mobiliter
1217 1648 1539 1720 irascentes,
1584 1654 1752 1713 veluti
1800 1659 1893 1728 qui
1938 1674 2053 1716 non

460 1724 701 1784 habeant
729 1734 1081 1801 apostolicam
1112 1740 1468 1810 charitatem,
1493 1760 1562 1801 ex
1591 1724 1845 1805 omnibus
1880 1749 2051 1807 infru-

459 1819 633 1912 ctuosi
667 1823 996 1912 sterilesque
1033 1829 1353 1900 redduntur,
1380 1837 1525 1907 quod
1555 1838 1609 1893 in
1636 1839 1832 1912 spiritu
1858 1841 2049 1900 beatus
2075 1830 2124 1893 Β

454 1907 748 2003 Apostolus
791 1918 1130 1984 praevidens:
1160 1920 1229 1977 Et
1269 1926 1317 1979 si
1363 1907 1702 1996 distribuere,
1751 1931 1950 2003 inquit,
1990 1935 2050 1990 in

455 1998 597 2057 cibos
626 2020 917 2075 pauperum
957 2026 1134 2069 omnes
1165 2015 1444 2085 facultates
1476 2036 1642 2090 meas,
1685 2033 1735 2079 et
1777 1998 2047 2082 tradidero

457 2108 650 2165 corpus
678 2112 849 2152 meum
882 2110 940 2155 ut
981 2104 1220 2174 ardeam,
1258 2110 1569 2168 eharitatem
1602 2124 1779 2171 autem
1822 2133 1928 2172 non
1949 2117 2048 2173 Ita-

457 2183 641 2252 buero,
679 2189 812 2281 nihil
855 2194 984 2249 mihi
1026 2198 1255 2267 prodest.
1314 2201 1466 2261 Unde
1495 2205 1700 2279 liquido
1726 2211 2047 2281 comproba-

453 2283 562 2343 tur,
587 2279 984 2373 perfectionem
1020 2304 1129 2346 non
1158 2293 1341 2350 statim
1385 2297 1633 2356 nuditate
1653 2311 1711 2357 et
1738 2279 2046 2373 privatione

451 2368 695 2462 omnium
721 2371 1060 2447 facultatum,
1088 2397 1187 2439 seu
1232 2386 1554 2459 dignitatum
1590 2368 1893 2462 abjectione
1913 2413 2047 2455 eon-

451 2457 608 2553 tingi,
645 2462 748 2518 nisi
772 2463 937 2523 fuerit
970 2469 1210 2530 charitas
1237 2457 1352 2543 illa,
1381 2479 1539 2551 cujus
1562 2457 1853 2553 Apostolus
1873 2501 2047 2543 mem-

448 2548 550 2644 bra
587 2553 865 2623 describit,
894 2575 1017 2630 qua:
1041 2562 1099 2617 in
1125 2564 1241 2621 sola
1290 2548 1470 2627 cordis
1496 2548 1732 2644 puri—tate
1770 2577 2041 2635 consistit.

447 2638 586 2734 Nam
609 2647 738 2716 quid
768 2661 851 2705 est
880 2651 1026 2710 aliud
1051 2670 1161 2712 non
1192 2660 1457 2732 simulari,
1480 2638 1590 2720 non
1609 2665 1805 2734 inﬂari,
1834 2685 1944 2726 non
1972 2671 2047 2727 ir-

448 2732 625 2802 ritari,
672 2754 781 2794 non
825 2756 988 2814 agerc
1027 2761 1335 2821 perperam,
1359 2768 1467 2810 non
1496 2770 1742 2826 quaerere
1783 2732 1905 2829 qua:
1942 2775 2043 2818 sua

448 2834 597 2893 sunt,
642 2845 753 2886 non
794 2847 958 2905 super
999 2837 1287 2909 iniquitate
1330 2845 1589 2917 gaudere,
1643 2865 1753 2907 non
1797 2854 2042 2927 cogitare

410 2940 415 2947 -
448 2920 674 2991 malum,
702 2933 756 2981 et
785 2928 1012 2999 reliqua,
1058 2934 1163 2991 nisi
1199 2952 1296 2993 eor
1325 2939 1629 3009 perfectum
1673 2951 1838 3017 atque
1868 2920 2039 3003 inun-

448 3011 733 3071 dissimutn
760 3019 873 3075 Deo
904 3035 1121 3094 semper
1161 3025 1361 3085 olferre
1383 3038 1440 3085 et
1469 3031 1733 3089 intactum
1746 3011 1798 3090 ἐ
1826 3038 2040 3096 cunctis

443 3106 947 3201 perturbationibus
968 3117 1260 3174 custodire.
1288 3118 1485 3177 Omnia
1522 3122 1688 3195 igitur
1723 3125 1887 3197 hujus
1906 3144 2034 3201 grao

2167 559 2381 619 Domini
2424 578 2533 621 non
2575 581 2736 637 posse
2767 572 2993 626 servari.
3031 570 3117 630 Ad
3157 577 3304 633 hunc
3345 579 3515 651 igitur
3551 594 3756 644 metum

2166 666 2273 708 non
2320 664 2638 727 peccatores
2687 662 2883 719 sancti.
2917 664 3248 734 propheticis
3296 668 3598 730 invitantur
3640 677 3757 735 elo-

2164 744 2309 814 quiis
2331 786 2348 813 ,
2412 744 2627 806 dicente
2679 750 3145 827 Psalmograpbo:
3176 758 3373 818 Timete
3430 765 3752 841 Dominum,

2163 838 2332 892 sancti
2359 838 2499 909 ejus,
2525 842 2654 912 quia
2683 843 2815 898 nihil
2842 845 2986 902 deest
3009 848 3311 909 timentibus
3338 872 3496 924 eum;
3522 862 3616 932 qui
3646 838 3755 922 hoe

2166 925 2360 984 timore
2386 932 2577 987 metuit
2602 930 2793 1001 Deum,
2820 937 3139 1007 perfectioni
3164 941 3281 1013 ejus
3305 955 3513 1004 eertum
3538 925 3628 1008 est
3664 955 3751 1010 ni-

2161 1014 2238 1072 hil
2264 1018 2471 1076 deesse.
2836 1054 2855 1061 κ

2231 1108 2475 1170 Charitas
2494 1119 2834 1188 magnanima
2856 1130 2953 1187 est,
2973 1122 3218 1195 jucunda
3239 1135 3317 1181 est
3346 1145 3367 1183 :
3386 1129 3620 1187 charitas
3644 1148 3751 1189 non

2158 1201 2460 1273 tumulatur,
2491 1223 2596 1263 non
2623 1211 2863 1280 inﬂatur,
2894 1231 2999 1270 non
3033 1231 3306 1287 perperam
3337 1221 3468 1290 agit,
3501 1237 3606 1277 non
3633 1239 3750 1294 am:

2158 1292 2348 1350 biliosa
2376 1306 2476 1363 est,
2502 1314 2607 1354 non
2643 1302 2832 1371 quierit
2880 1321 2997 1375 qua:
3024 1323 3123 1362 sua
3148 1316 3292 1374 sunt,
3328 1326 3434 1365 non
3471 1292 3747 1378 irritatur,

2157 1400 2264 1440 non
2300 1387 2497 1458 cogitat
2531 1384 2750 1457 malum,
2788 1410 2890 1448 non
2936 1399 3131 1466 gaudet
3175 1415 3333 1471 super
3373 1401 3701 1472 iniquitatem
3722 1418 3747 1458 :

2136 1470 2446 1552 'congaudet
2473 1492 2645 1539 autem
2659 1485 2882 1551 veritati,
2908 1490 3085 1544 omnia
3110 1470 3320 1558 tolerat,
3347 1470 3524 1548 omnia
3551 1496 3743 1565 credit,

2154 1571 2334 1626 omnia
2355 1572 2563 1642 suﬁ‘ert,
2597 1574 2775 1628 omnia
2797 1584 2992 1646 sperat,
3035 1578 3268 1636 charitas
3293 1598 3560 1655 nunquam
3585 1601 3743 1641 cxce—

2152 1661 2253 1717 dit.
2293 1661 2529 1736 (Ambr.)
2574 1663 2747 1721 Tanta
2786 1669 3054 1735 praeconia
3095 1671 3378 1728 charitatis
3415 1674 3651 1744 edocuit,
3678 1684 3745 1733 ut

2151 1769 2261 1811 non
2288 1755 2561 1814 immerito
2589 1758 2733 1815 hanc
2755 1762 2968 1819 caeteris
2990 1772 3318 1836 anteponere
3351 1766 3652 1838 videretur,
3681 1778 3740 1826 et

2150 1844 2425 1905 incassum
2461 1846 2712 1906 laborare
2754 1865 2849 1907 eos
2888 1852 2981 1923 qui
3024 1852 3145 1909 aliis
3197 1856 3466 1914 mandatis
3511 1873 3736 1929 operam

2149 1936 2301 2004 dant,
2333 1937 2463 1994 huic
2487 1954 2594 1995 non
2635 1939 3093 2013 obtemperantes.
3132 1942 3271 2001 Hine
3294 1953 3349 2002 et
3383 1947 3460 2003 ait
3491 1947 3735 2005 Joannes

2149 2026 2424 2098 apostolus
2443 2068 2460 2094 ,
2486 2026 2630 2084 Deus
2656 2030 2888 2087 charitas
2924 2040 3024 2100 est,
3063 2041 3120 2089 et
3146 2034 3239 2104 qui
3267 2035 3589 2092 charitatem
3620 2052 3729 2093 non

2146 2117 2332 2187 habet,
2360 2120 2769 2178 seiatseDeum
2809 2138 2919 2179 non
2954 2123 3177 2191 habere,
3203 2125 3344 2181 unde
3378 2125 3432 2180 in
3454 2125 3561 2180 alia
3596 2125 3727 2198 Epi-

2144 2208 2286 2265 stula
2323 2208 2466 2266 idem
2493 2209 2709 2267 'Paulus
2736 2211 2814 2267 ait
2852 2211 3067 2284 (Ephes.
3112 2212 3177 2287 ιι)
3207 2232 3221 2269 :
3248 2212 3390 2270 Deus
3425 2225 3603 2272 autem
3635 2217 3730 2289 qui

2144 2299 2287 2356 dives
2318 2309 2394 2356 est
2436 2301 2494 2356 in
2534 2301 2895 2357 misericordia
2936 2298 3150 2376 propter
3174 2294 3395 2360 multum
3431 2306 3731 2361 misericor-

2143 2390 2290 2448 diam
2322 2393 2568 2449 misertus
2607 2402 2686 2448 est
2728 2394 2916 2449 nostri.
2953 2392 3061 2463 Qui
3089 2405 3218 2466 ergo
3255 2394 3579 2477 charitatem
3615 2410 3727 2453 non

2143 2484 2330 2554 habet,
2363 2485 2611 2557 ingratus
2638 2494 2722 2543 est
2747 2485 3132 2544 misericordiae
3157 2485 3277 2554 Dei,
3306 2486 3432 2558 quia
3465 2502 3572 2544 non
3598 2487 3726 2545 dili-

2142 2577 2220 2650 git
2238 2592 2336 2649 per
2355 2577 2498 2649 quod
2540 2577 2782 2635 salvatus
2810 2586 2916 2646 est,
2944 2586 3006 2635 ut
3029 2577 3255 2650 perinde
3280 2578 3567 2645 discerent,
3594 2579 3724 2652 quis

2141 2671 2380 2743 graviter
2397 2670 2799 2744 delinquebant,
2829 2672 2923 2744 qui
2963 2686 3147 2729 escam
3177 2671 3429 2729 fraterna:
3467 2672 3723 2729 charitati

2140 2762 2544 2833 Pmponebant.
2575 2761 2710 2818 Nam
2749 2763 2866 2819 hinc
2886 2771 2970 2820 est
2994 2778 3115 2835 qua:
3141 2771 3199 2820 et
3232 2763 3289 2818 in
3313 2763 3566 2834 prresenti
3596 2777 3724 2835 pro-

2140 2852 2262 2909 dest
2284 2861 2341 2909 et
2374 2853 2432 2909 in
2455 2862 2720 2911 aeternum
2754 2869 2877 2911 cum
2906 2854 3018 2912 Deo
3040 2862 3345 2926 permanet.
3373 2852 3569 2928 (Cass.)
3596 2853 3723 2938 0m-

2139 2943 2231 3000 nia
2257 2960 2493 3017 namque
2513 2945 2650 3002 dona
2685 2960 2786 3017 pro
2812 2962 2914 3003 usu
2952 2961 3018 3002 ac
3059 2946 3386 3002 necessitate
3411 2945 3723 3001 tribuuntur

2138 3039 2211 3095 ad
2236 3046 2479 3110 tempus,
2511 3047 2884 3097 consummata
2933 3038 3335 3110 dispensatione
3371 3051 3496 3094 mox
3529 3036 3720 3109 procul

2141 3131 2305 3188 dubio
2335 3131 2673 3200 transitura;
2704 3132 2943 3189 charitas
2976 3146 3109 3189 vero
3154 3131 3303 3188 nullo
3343 3130 3721 3200 intercipietur

444 3192 532 3294 tif“
557 3199 813 3296 gere'fda'
844 3208 1255 3279 3l’l"3‘e“di|¢lllt3
1280 3218 1407 3267 ευηι
1443 3192 1622 3283 nobiS,
1647 3232 1747 3289 pro
1776 3192 2032 3292 hacjeju-
2060 3196 2107 3261 C
2137 3229 2401 3295 tempore,
2436 3238 2546 3279 non
2566 3192 2738 3279 solum
2764 3223 2912 3279 enim
2936 3224 2989 3279 in
3010 3223 3264 3296 presenti
3286 3221 3489 3279 mundo
3510 3192 3720 3278 utiliter

441 3282 553 3349 nia,
584 3286 813 3356 vigilias,
843 3291 1079 3361 labores,
1108 3302 1353 3369 corporis
1374 3282 1689 3375 nuditatem,
1723 3282 2032 3385 lectionem,

441 3381 776 3447 craterasque
802 3380 1030 3440 virtutes
1051 3386 1249 3445 debere
1271 3407 1370 3449 nos
1401 3397 1678 3468 suscipere
1697 3380 2030 3476 noverimus,

441 3471 503 3517 ut
531 3466 739 3523 scilicet
768 3484 867 3539 per
901 3472 1021 3531 illas
1049 3477 1116 3533 ab
1146 3481 1415 3541 universis
1447 3466 1795 3557 passionibus
1828 3466 2028 3565 noxiis,

438 3556 670 3614 illaesum
696 3577 893 3632 parare
922 3583 1020 3623 cor
1040 3582 1306 3645 nostrum,
1333 3587 1391 3634 et
1413 3595 1736 3644 conservare
1761 3591 2031 3658 possimus
2060 3612 2067 3615 ·

437 3657 494 3703 et
527 3651 594 3748 ad
635 3654 1021 3723 perfectionem
1067 3663 1349 3725 charitatis
1415 3672 1538 3729 istis
1590 3651 1846 3748 gradibus
1887 3680 2031 3738 inni-

436 3740 600 3836 tendo
620 3748 1006 3836 conscendere.
1035 3751 1239 3811 Videtis
1273 3770 1403 3831 ergo
1431 3758 1567 3816 nihil
1593 3740 1909 3836 pretiosius,
1940 3772 2025 3827 ni-

438 3830 512 3885 hil
546 3832 862 3905 perfectius,
900 3840 1145 3914 nihilque
1183 3846 1485 3917 sublimius,
1508 3859 1565 3907 et
1586 3830 1647 3909 ut
1673 3855 1745 3910 ita
1771 3830 2023 3928 dixerim,

436 3922 571 3977 nihil
617 3926 884 3985 charitate
928 3935 1226 4004 perennius
1263 3937 1495 3999 inveniri
1533 3962 1546 3998 :
1580 3945 1820 4006 charitas
1877 3922 2025 4008 enim

430 4029 708 4085 nunquam
743 4020 979 4088 excedit,
1004 4025 1123 4082 sine
1144 4042 1252 4097 qua
1275 4045 1385 4087 non
1405 4033 1578 4089 solum
1602 4035 1690 4091 illa
1712 4039 2025 4109 prtecellen-

431 4104 641 4163 tissima
689 4111 1080 4172 charismatum
1136 4133 1355 4188 genera,
1413 4121 1511 4179 sed
1559 4104 1730 4183 etiam
1772 4134 2023 4206 martyrii

2131 3324 2390 3387 operatur
2417 3315 2472 3371 in
2494 3314 2672 3383 nobis,
2712 3315 2807 3373 sed
2845 3317 3009 3373 etiam
3046 3317 3101 3373 in
3128 3315 3310 3372 futuro
3348 3314 3563 3371 sarcina
3598 3330 3718 3372 cor—

2130 3421 2310 3479 porea:
2332 3406 2674 3465 necessitatis
2694 3406 2906 3479 abjecta
2937 3405 3207 3464 ellicaeior
3226 3405 3397 3463 multo
3424 3414 3588 3476 atque
3620 3420 3717 3462 ex—

2129 3497 2415 3555 cellentior
2461 3499 2803 3570 permanebit
2848 3498 2997 3556 nullo
3038 3510 3275 3569 unquam
3317 3498 3714 3569 corrumpenda

2128 3588 2362 3656 defectu,
2393 3589 2486 3646 sed
2526 3603 2624 3660 per
2649 3588 3110 3661 incorruptionem
3136 3595 3450 3660 perpetuam
3478 3586 3713 3659 ﬂagran-

2131 3681 2238 3738 tius
2259 3680 2372 3739 Deo
2391 3690 2555 3753 atque
2584 3680 2847 3737 intentius
2873 3681 3178 3737 adhaesura.
3213 3679 3394 3752 (Λείᾳ.)
3431 3677 3571 3746 Quid
3599 3687 3713 3734 tam

2126 3773 2526 3846 magnanimum
2551 3787 2715 3843 quam
2759 3787 2862 3843 pro
2892 3771 3071 3843 impiis
3101 3770 3282 3827 mori?
3313 3769 3442 3841 quid
3471 3777 3585 3824 tam
3610 3768 3710 3825 be-

2124 3866 2349 3939 nignum
2401 3882 2564 3938 quam
2610 3874 2668 3923 et
2712 3866 2960 3924 inimicos
2996 3865 3263 3939 diligere?
3287 3864 3401 3922 sola
3438 3870 3524 3921 est
3545 3877 3711 3934 quam

2123 3955 2357 4014 felicitas
2381 3958 2557 4015 aliena
2578 3971 2686 4014 non
2707 3956 2925 4029 premit,
2963 3957 3090 4029 quia
3109 3973 3217 4012 non
3240 3955 3527 4012 aemulatur
3551 3972 3565 4010 :
3593 3954 3709 4011 sola

2123 4058 2211 4108 est
2237 4065 2401 4122 quam
2431 4048 2665 4106 felicitas
2709 4063 2808 4105 sua
2836 4064 2945 4106 non
2978 4047 3211 4114 extollit,
3241 4046 3366 4119 quia
3393 4061 3502 4102 non
3548 4043 3706 4101 infla-

2125 4150 2240 4209 tur;
2270 4140 2385 4196 sola
2427 4145 2535 4205 est,
2563 4153 2729 4208 quam
2770 4137 2996 4195 scientia
3031 4152 3141 4193 non
3189 4134 3506 4207 compungit
3536 4133 3704 4199 mala,

430 4196 603 4287 ipsius
629 4201 797 4271 gloria
840 4216 1119 4262 vacuatur.
1155 4209 1411 4282 Quisquis
1441 4215 1606 4287 igitur
1633 4217 1795 4275 fuerit
1833 4223 1888 4277 in
1915 4196 2021 4280 bu-

419 4286 513 4357 jus
546 4291 831 4349 eharitatis
855 4298 1186 4367 perfectione
1211 4286 1483 4374 fundatus,
1515 4322 1740 4365 necesse
1760 4321 1844 4367 est
1868 4321 1929 4368 ut
1954 4316 2021 4371 ad
2121 4286 2220 4385 dit,
2248 4319 2427 4376 omnia
2440 4286 2675 4391 “spe-rat:
2695 4286 2878 4377 omnia
2906 4317 3113 4375 sull'ert.
3142 4317 3269 4374 ideo
3297 4316 3494 4373 tolerat
3516 4316 3701 4373 omnia

429 4379 799 4438 sublimiorem
835 4385 984 4442 illum
1028 4390 1314 4450 charitatls
1354 4395 1605 4454 timorem
1633 4402 1806 4473 gradu
1844 4403 2023 4462 excel-
2121 4408 2176 4464 in
2202 4379 2454 4481 praesenti
2476 4379 2622 4479 vita,
2654 4379 2782 4480 quia
2816 4408 2993 4465 credit
3027 4409 3210 4464 omnia
3252 4407 3319 4464 de
3341 4406 3525 4462 futura
3548 4405 3698 4472 vita;

424 4470 658 4528 lentiore
682 4479 1035 4547 conscendat,
1063 4496 1226 4552 quem
1256 4501 1363 4541 non
1385 4470 1670 4558 prunarum
1695 4501 1891 4564 terrc,
1916 4512 2020 4555 nec
2041 4559 2090 4571 _
2119 4506 2183 4555 et
2203 4470 2407 4557 suffert
2437 4470 2621 4559 omnia
2646 4470 2770 4571 quae
2812 4498 2903 4555 hic
2933 4498 3321 4565 immittuntur,
3360 4496 3486 4568 quia
3516 4503 3703 4569 sperat

427 4563 624 4632 cupido
656 4568 1023 4638 praemiorum,
1053 4574 1149 4630 sed
1187 4578 1394 4635 amoris
1430 4592 1654 4652 generat
1676 4559 2012 4659 magnitudo,
2041 4559 2299 4645 l)omnia
2337 4604 2457 4660 quae
2490 4588 2571 4657 ibi
2615 4559 3022 4659 promittuntur.
3052 4587 3171 4645 Non
3202 4559 3398 4659 quieti;
3436 4559 3564 4659 qui”.
3601 4602 3700 4643 sua

425 4667 537 4722 quo
566 4655 651 4708 vel
682 4655 823 4714 ﬁlius
852 4660 1383 4736 indulgentissimum
1412 4681 1624 4741 patrem
1650 4675 1735 4733 vel
1763 4655 2012 4748 fratrem,
2119 4689 2265 4746 sunt,
2289 4655 2464 4752 neque
2487 4655 2634 4737 enim
2651 4688 2836 4737 essent
2852 4679 3017 4735 etiam
3037 4678 3286 4736 homines
3308 4684 3581 4735 amatores
3604 4692 3699 4748 pe-

426 4744 618 4809 l'rater,
661 4747 745 4803 vel
784 4752 1037 4822 amicum,
1083 4758 1310 4825 amicus,
1340 4761 1425 4818 vel
1472 4763 1779 4839 conjugem,
1816 4744 2015 4839 conjus
2118 4770 2293 4830 cuniae
2326 4770 2434 4827 nisi
2470 4786 2535 4827 eo
2572 4785 2635 4827 se
2658 4778 2918 4841 putarent
2940 4770 3370 4837 excellentiorcs.
3400 4785 3508 4841 quo
3534 4768 3694 4825 ἀίιίο·

425 4834 661 4894 sollicito
711 4852 989 4900 reveretur
1028 4846 1247 4917 affectu,
1295 4850 1423 4908 dum
1455 4834 1581 4926 ejus
1617 4834 1725 4914 non
1762 4834 2011 4928 verbera,
2118 4876 2227 4927 res,
2257 4861 2345 4916 cui
2388 4860 2578 4917 morbo
2614 4860 2890 4919 contraria
2937 4861 3195 4926 charitas,
3224 4875 3333 4916 ηοιι
3357 4860 3551 4949 qua?“
3575 4876 3696 4931 (1⁸³³⁸

424 4940 602 4996 neque
625 4933 889 5000 convicia,
914 4936 1011 4992 sed
1042 4939 1124 4995 vel
1154 4949 1371 4998 tenuem
1413 4947 1617 5003 amoris
1653 4947 1911 5007 formidat
1932 4952 2013 5007 ol-
2116 4967 2213 5007 sua
2237 4960 2384 5017 sunt,
2412 4951 2463 5006 id
2483 4960 2587 5017 est,
2617 4966 2723 5007 non
2744 4950 2954 5023 privata
2983 4951 3301 5008 excellentia
3329 4937 3559 5007 laetatur.
3586 4950 3694 5007 Me-

423 5015 657 5086 l'ensam,
703 5031 867 5095 atque
909 5026 964 5081 in
1007 5032 1258 5088 omnibus
1288 5050 1398 5090 non
1439 5035 1611 5093 solum
1655 5040 1887 5108 actibus,
1917 5057 2008 5098 ve-
2115 5042 2222 5097 rito
2242 5015 2375 5114 ergo
2396 5050 2453 5097 et
2497 5015 2604 5097 non
2633 5041 2869 5106 inﬂatur,
2915 5041 3155 5097 charitas
3177 5042 3359 5099 omnia
3387 5042 3580 5107 credit,
3611 5041 3695 5097 in-

424 5124 545 5164 runt
571 5111 739 5167 etiam
779 5117 960 5174 verbis
1003 5124 1231 5178 attonita
1260 5140 1475 5199 semper
1504 5128 1705 5200 pietate
1738 5129 2006 5211 distendi-
2114 5143 2198 5190 ter
2225 5111 2329 5190 eos
2362 5134 2545 5206 utique
2582 5149 2719 5206 quos
2759 5149 3033 5190 connexos
3077 5135 3293 5192 sibimet
3329 5148 3497 5190 unum
3538 5132 3689 5190 facit.

423 5210 533 5268 tur,
565 5220 635 5260 ne
663 5222 792 5278 erga
827 5224 888 5265 se
922 5215 1457 5293 quantulumcunque
1492 5218 1673 5276 fervor
1702 5210 2007 5279 dilectionis
2112 5222 2316 5299 (Greg.)
2345 5224 2612 5292 Charitas,
2640 5225 2834 5297 inquit,
2848 5225 3049 5297 patiens
3084 5235 3181 5294 est,
3213 5226 3433 5300 benigna
3459 5236 3556 5293 est,
3587 5242 3692 5282 non

420 5293 565 5351 illius
594 5296 919 5370 intepescat;
953 5305 1105 5377 cujus
1131 5307 1345 5365 timoris
1380 5310 1838 5382 magniﬁcentiam
1866 5330 2004 5370 unus
2110 5293 2411 5383 aemulatur,
2443 5334 2546 5373 non
2591 5319 2832 5389 inﬂatur,
2881 5335 2985 5375 non
3009 5322 3118 5391 agit
3150 5336 3444 5392 perperam.
3480 5336 3585 5375 non
3613 5329 3691 5376 εει

418 5390 805 5461 prophetarum
834 5395 1111 5469 eleganter
1131 5403 1403 5471 expressit
1428 5401 1562 5475 (Isa.
1594 5404 1790 5477 χχχιιι)
1817 5424 1830 5459 :
1859 5404 2005 5462 Divi-
2106 5407 2525 5473 ambitiosa,non
2539 5408 2731 5479 quwrit
2748 5424 2866 5479 qua:
2887 5425 2985 5464 sua
3008 5390 3271 5474 sunt,non
3294 5410 3553 5477 irritatur,
3582 5427 3689 5466 non

414 5480 527 5549 tite,
557 5484 826 5556 inquiens,
856 5489 1043 5545 salutis
1078 5494 1336 5564 sapientia
1362 5505 1411 5548 et
1448 5496 1686 5563 scientia,
1711 5497 1869 5552 timor
1888 5498 2001 5553 Do-
2104 5501 2296 5571 cogitat
2344 5499 2561 5563 malum,
2611 5516 2713 5554 non
2750 5500 2942 5576 gaudet
2982 5517 3137 5572 super
3175 5502 3522 5581 iniquitatem,
3563 5518 3687 5557 con-

416 5576 565 5642 mini,
604 5577 712 5647 ipse
753 5581 1030 5636 thesaurus
1069 5583 1207 5652 ejus,
1249 5599 1355 5639 non
1378 5586 1553 5655 potuit
1587 5587 1798 5644 timoris
1842 5588 2000 5644 istius
2035 5657 2051 5677 ο
2103 5590 2294 5661 gaudet
2345 5600 2517 5647 autem
2569 5593 2794 5657 veritati,
2834 5592 3035 5662 patiens
3078 5576 3279 5663 quippe
3316 5601 3390 5646 est
3432 5591 3681 5656 charitas.

417 5667 731 5739 dignitatem
763 5689 826 5728 ac
863 5674 1117 5729 meritum
1157 5676 1327 5747 magis
1353 5677 1632 5734 evidenter
1672 5679 1993 5750 exprimere,
2104 5682 2229 5753 quia
2264 5682 2413 5739 illata
2442 5683 2580 5740 mala
2621 5685 2998 5756 aequanimiter
3026 5684 3256 5750 tolerat;
3298 5683 3520 5754 benigna
3552 5700 3684 5742 vero

414 5779 575 5832 qnam
603 5767 820 5845 divitias
845 5768 1034 5824 salutis
1073 5778 1292 5837 nostrae,
1325 5784 1444 5840 qua:
1485 5771 1539 5831 in
1566 5785 1693 5826 vera
1734 5770 1996 5842 sapientia
2100 5785 2197 5841 est,
2237 5775 2364 5847 quia
2405 5792 2502 5847 pro
2560 5776 2720 5833 malis
2769 5778 2909 5834 bona
2966 5777 3189 5851 largiter
3229 5776 3521 5848 ministrat,
3578 5795 3680 5833 non

2121 4231 2248 4303 quia
2271 4245 2378 4286 non
2406 4229 2517 4302 agit
2556 4243 2841 4300 perperam
2863 4269 2880 4296 ,
2909 4228 3093 4285 omnia
3121 4227 3336 4295 tolerat,
3362 4226 3546 4292 omnia
3581 4240 3702 4282 cre-
