4082 6332
280 361 384 424 121

801 357 1347 416 ENARRATIONUM
1381 357 1448 415 1N
1485 358 1636 415 EPP.
1672 355 1876 414 PAULI
1914 357 2044 414 LIB.
2085 357 2154 414 χι
2221 345 2290 398 -ἑ
2327 357 2654 435 merisr.
2697 358 2717 414 ι
2754 357 2846 412 AD
2883 355 3043 414 con.

3457 362 3562 419 l22

277 476 590 541 cumulatur,
617 473 744 544 quia
769 487 870 543 per
895 473 1000 529 hoc
1025 474 1169 543 quod
1197 473 1252 528 in
1275 473 1527 543 prmsenti
1554 473 1754 528 mundo
1790 471 1874 527 ni—
1899 478 1950 535 Α
1975 471 2206 530 efﬁcitur
2232 481 2546 545 serpentum
2587 491 2651 532 ac
2684 485 2950 539 terarum;
2997 488 3102 530 nec
3128 485 3440 546 expavescit
3475 479 3562 532 vir

277 571 358 628 hil
381 567 590 641 appetit
615 566 858 621 invidere
883 567 1115 621 terrenis
1142 566 1484 622 successibus
1511 565 1723 630 nescit;
1767 581 1872 620 non

275 662 522 730 inﬂatur,
564 657 693 726 quia
734 671 859 711 cum
899 655 1184 726 praemium
1230 657 1456 712 interna:
1499 655 1874 711 retributionis

276 749 442 803 anxia
463 745 759 810 desiderat,
787 745 852 800 de
876 744 1033 799 bonis
1055 761 1114 800 se
1137 746 1499 800 exterioribus
1520 762 1626 801 non
1648 745 1869 801 exaltat.

278 838 409 894 Non
456 837 565 908 agit
591 852 885 907 perperam,
921 837 1049 905 quia
1091 851 1197 906 quo
1246 851 1304 890 se
1344 837 1398 891 in
1440 835 1614 892 solum
1661 836 1754 891 Dei
1806 851 1872 892 ac

275 929 516 1001 proximi
547 943 790 983 amorem
831 927 1043 994 dilatat,
1074 928 1334 998 quidquid
1361 943 1390 982 a
1430 928 1756 984 rectitudine
1790 929 1872 983 di-

275 1031 519 1094 screpat,
547 1021 780 1093 ignorat.
809 1018 930 1074 Non
951 1029 1026 1074 est
1056 1020 1360 1086 ambitiosa,
1395 1021 1520 1091 quia
1542 1035 1652 1090 quo
1681 1021 1870 1074 arden-

275 1123 362 1170 ter
391 1113 537 1167 intus
559 1112 630 1166 ad
659 1127 758 1167 sua
780 1112 996 1184 satagit,
1029 1110 1174 1166 foras
1199 1111 1505 1166 nullatenus
1531 1111 1705 1167 aliena
1733 1127 1867 1168 con-

273 1202 530 1273 cupiscit.
589 1201 714 1256 Non
752 1201 942 1272 quierit
987 1217 1105 1272 qua:
1145 1218 1242 1256 sua
1289 1211 1430 1268 sunt,
1475 1203 1600 1273 quia
1647 1210 1866 1270 cuncta,

271 1311 400 1366 qua:
441 1297 533 1352 hic
573 1295 888 1349 transitoria
930 1294 1172 1366 possedit
1210 1295 1359 1349 velut
1402 1294 1578 1350 aliena
1623 1295 1864 1367 negligit,

272 1402 402 1441 cum
429 1386 563 1442 nihil
595 1385 701 1441 sibi
725 1399 847 1440 esse
874 1385 1173 1456 proprium,
1207 1385 1312 1440 nisi
1339 1386 1482 1454 quod
1527 1399 1710 1441 secum
1739 1400 1865 1454 per-

273 1486 519 1543 maneat,
546 1476 811 1548 agnoscit.
853 1474 978 1530 Non
1008 1477 1269 1541 irritatur,
1292 1475 1419 1546 quia
1445 1485 1500 1530 et
1545 1473 1754 1544 injuriis
1782 1475 1863 1530 la-

270 1566 492 1630 cassita,
524 1564 592 1620 ad
619 1563 796 1619 nullos
821 1579 882 1619 se
907 1562 1128 1618 ultionis
1151 1579 1263 1619 sua:
1289 1572 1468 1619 motus
1488 1563 1710 1629 excitat,
1736 1564 1862 1620 dum

267 1672 372 1726 pro
403 1655 619 1726 magnis
643 1654 922 1712 laboribus
945 1653 1150 1724 majora
1175 1663 1298 1725 post
1315 1654 1538 1725 praemia
1563 1662 1860 1725 exspectat.

271 1745 401 1800 Non
438 1747 632 1817 cogitat
669 1744 893 1811 malum,
921 1745 1048 1814 quia
1078 1745 1134 1800 in
1176 1760 1364 1801 amore
1405 1745 1684 1800 munditiae
1712 1761 1864 1801 men-

1975 565 2100 630 iste,
2129 566 2416 635 quodcum
2443 581 2508 621 co
2532 567 2641 622 sint
2675 566 2805 622 ferae
2843 567 2897 622 in
2927 580 3056 620 arca
3082 583 3096 620 :
3126 566 3238 621 imo
3259 566 3349 622 ubi
3391 583 3560 637 agno;

1973 657 2078 713 scit
2107 657 2352 713 ordinem
2394 673 2550 712 suum
2581 657 2791 724 feritas,
2815 658 2942 727 quia
2979 673 3038 713 se
3077 657 3331 728 cognovit
3368 657 3561 712 burna-

1973 748 2137 814 nitas,
2175 756 2230 803 et
2273 747 2484 817 jubenti
2521 749 2727 804 homini
2775 749 3059 815 obediunt,
3110 750 3235 820 quia
3281 749 3556 803 hominem

1971 840 2237 911 superiori
2283 841 2501 897 domino
2557 843 2805 898 obedisse
2865 849 3222 911 cognoscunt,
3277 847 3554 896 ostensum

1971 938 2076 996 est,
2124 931 2180 986 in
2225 930 2358 998 Noe,
2391 931 2517 1001 quid
2562 932 2732 987 Adam
2780 939 3110 1003 praeceptum
3159 929 3556 986 contemnendo

1970 1023 2286 1093 perdiderit,
2315 1031 2372 1080 et
2397 1024 2828 1080 demonstratum
2877 1032 2962 1079 est
2989 1035 3151 1094 posse
3178 1021 3429 1077 homines
3453 1022 3552 1077 be-

1970 1113 2092 1168 stiis
2141 1113 2306 1169 etiam
2343 1112 2634 1180 dominari,
2666 1115 2711 1169 si
2741 1114 2974 1170 subdant
3017 1113 3384 1169 obedientiam
3423 1129 3556 1169 con-

1969 1202 2150 1258 ditori.
2173 1202 2463 1272 Exspectat
2490 1213 2547 1258 et
2565 1203 2760 1259 tolerat
2787 1213 3006 1260 sanctus
3031 1204 3134 1259 iste
3161 1203 3324 1260 ﬁnem
3345 1203 3550 1268 diluvii,

1967 1307 2070 1348 nec
2090 1301 2379 1363 antequam
2414 1291 2636 1348 ﬁniatur
2658 1309 2821 1349 causa
2868 1291 3106 1349 ferarum
3132 1309 3260 1349 arca
3288 1293 3552 1364 relinqui-

1968 1392 2077 1440 tur.
2105 1383 2324 1440 Tolerat
2349 1385 2522 1440 bonus
2545 1384 2706 1451 mala,
2747 1393 2804 1440 et
2827 1385 2996 1442 donec
3023 1385 3076 1440 in
3105 1385 3212 1440 ﬁne
3236 1385 3402 1442 etiam
3431 1399 3555 1440 cor-

1965 1489 2098 1545 pore
2141 1481 2424 1546 separetur
2462 1474 2609 1530 intus
2648 1489 2874 1530 manens
2920 1476 3101 1540 corde,
3164 1490 3271 1530 non
3323 1489 3554 1546 corpore

1967 1575 2268 1639 separatur.
2301 1566 2359 1621 Si
2395 1582 2504 1636 qua
2529 1582 2590 1622 es
2616 1567 2796 1622 anima
2827 1581 2947 1637 qua:
2966 1566 3118 1636 cupis
3142 1567 3422 1637 possidere
3440 1567 3576 1624 vir-.

1967 1665 2142 1714 tutem
2171 1657 2478 1724 charitatis,
2500 1673 2622 1728 quae
2646 1657 2825 1713 omnia
2866 1657 3084 1723 tolerat,
3116 1657 3360 1729 relinque
3389 1674 3552 1713 mun-

1967 1749 2116 1814 dum,
2144 1748 2373 1820 confuge
2405 1749 2474 1804 ad
2497 1749 2676 1806 crucis
2715 1748 2940 1820 lignum,
2965 1763 3071 1804 non
3103 1757 3313 1804 metuas
3334 1749 3548 1820 procel-

267 1849 382 1893 tem
407 1839 670 1903 solidans,
700 1838 826 1893 dum
856 1854 1019 1894 omne
1045 1838 1230 1894 odium
1266 1837 1526 1894 radicitus
1550 1838 1711 1904 eruit,
1738 1853 1860 1894 ver—
1888 1826 1938 1887 Β
1964 1841 2047 1897 las
2080 1849 2136 1898 et
2175 1841 2418 1898 turbines
2448 1839 2607 1911 hujus
2643 1841 2853 1908 diluvii,
2885 1857 2995 1898 non
3035 1842 3300 1912 mergeris
3325 1841 3371 1897 si
3399 1841 3548 1913 ligno

265 1947 396 1986 sare
417 1932 471 1985 in
492 1931 675 1986 animo
692 1929 837 2000 quod
856 1929 1102 1999 inquinat
1124 1929 1317 1984 nescit.
1348 1927 1474 1983 Non
1496 1929 1689 2000 gaudet
1708 1945 1864 2000 super

265 2027 622 2097 iniquitatem,
652 2025 781 2095 quia
805 2040 914 2095 quo
943 2025 1056 2081 sola
1087 2025 1376 2082 dilectione
1400 2041 1530 2097 erga
1555 2041 1743 2082 omnes
1779 2027 1862 2083 in-

264 2121 458 2182 choat,
476 2134 581 2174 nec
601 2119 669 2174 de
686 2118 993 2190 perditione
1014 2120 1418 2175 adversantium
1438 2120 1692 2176 exsultat.
1721 2119 1862 2176 Con-

261 2214 464 2284 gaudet
494 2221 670 2266 autem
709 2210 938 2276 veritati,
965 2209 1091 2279 quia
1139 2217 1201 2264 ut
1242 2224 1301 2265 se
1339 2217 1565 2266 caeteros
1607 2211 1858 2282 diligens,

261 2321 366 2377 per
393 2305 498 2360 hoc
526 2303 670 2374 quod
700 2305 912 2356 rectum
935 2301 989 2356 in
1019 2300 1140 2356 aliis
1165 2300 1434 2372 conspicit
1458 2301 1612 2372 quasi
1643 2299 1710 2356 de
1731 2316 1861 2373 aug-

264 2405 458 2452 mento
486 2395 692 2466 proprii
719 2392 997 2464 profectus
1027 2393 1327 2451 hilarescit.
1361 2393 1550 2468 (Aug.)
1577 2395 1724 2452 Inter
1749 2411 1858 2452 ca:-

262 2500 414 2546 teras
435 2489 665 2544 virtutes
690 2485 809 2557 ejus
835 2503 972 2558 quas
996 2496 1387 2561 commemorat
1405 2490 1687 2561 apostolus
1719 2490 1857 2546 Pau-

261 2583 372 2646 lus,
399 2580 546 2652 quod
576 2580 806 2634 charitas
835 2596 938 2634 non
966 2578 1266 2646 (emittatur,
1307 2597 1412 2635 non
1433 2580 1538 2651 agit
1560 2597 1854 2651 perperam,

263 2688 372 2725 non
393 2671 641 2724 irritatur
658 2711 673 2735 ,
699 2686 802 2725 non
825 2671 1018 2742 cogitat
1043 2669 1243 2724 malum
1258 2711 1274 2736 ,
1299 2678 1406 2726 etc.
1435 2670 1494 2726 In
1517 2670 1708 2726 ultimo
1729 2687 1860 2742 qua-

262 2772 396 2817 tuor
424 2760 543 2832 ejus
567 2761 798 2818 virtutes
825 2761 1254 2832 comprehendit,
1287 2761 1475 2818 dicens
1501 2779 1516 2816 :
1552 2761 1745 2816 Omnia
1773 2755 1855 2816 to:-

260 2852 418 2916 lerat,
463 2852 642 2905 omnia
679 2851 866 2918 credit,
914 2852 1091 2906 omnia
1139 2861 1338 2922 sperat,
1389 2852 1567 2907 omnia
1613 2853 1854 2918 sustinet,

259 2945 498 2998 charitas
527 2961 796 3016 nunquam
820 2945 1041 3000 excedit.
1073 2945 1154 3002 Ex
1184 2945 1270 3002 his
1307 2946 1472 3018 igitur
1494 2952 1730 3016 quatuor
1748 2945 1858 3000 vir-

263 3037 474 3092 tutibus
521 3044 724 3092 sanctae
755 3037 1038 3093 cbaritatis
1083 3037 1230 3108 loqui
1276 3037 1533 3094 convenit
1573 3037 1854 3093 sanctitati

261 3142 486 3197 vestrae,
517 3131 856 3202 delectatque
879 3131 1134 3203 primitus
1167 3131 1365 3192 intueri
1396 3130 1848 3202 quemadmodum

263 3223 415 3278 velut
434 3231 670 3294 quatuor
693 3222 944 3277 cardines
964 3223 1113 3278 orbis
1132 3223 1440 3289 continens,
1469 3229 1639 3276 totum
1668 3235 1854 3291 posse-

261 3315 411 3368 derit
438 3311 718 3367 mundum.
763 3311 1124 3382 Requiramus
1155 3313 1319 3384 igitur
1356 3313 1403 3368 si
1432 3312 1609 3384 placet
1648 3312 1856 3383 aliquo-

260 3419 390 3460 rum
411 3404 658 3474 exempla
682 3412 1015 3470 sanctorum,
1040 3419 1230 3460 eorum
1256 3405 1464 3461 scilicet
1491 3405 1584 3474 qui
1618 3405 1704 3461 bis
1745 3405 1858 3460 vir-

261 3494 476 3548 tutibus
509 3501 712 3549 sancta:
739 3494 1024 3551 charitatis
1050 3497 1286 3566 possessi
1310 3505 1456 3562 sunt,
1486 3505 1540 3551 et
1565 3497 1646 3553 eis
1673 3498 1857 3568 singu-

263 3588 356 3652 lis,
389 3588 462 3641 ita
489 3587 701 3657 singula
730 3587 1050 3653 tribuamus,
1084 3598 1143 3643 ut
1165 3605 1357 3646 omnes
1384 3589 1442 3645 in
1465 3590 1718 3646 omnibus
1737 3604 1857 3645 esse

261 3691 576 3746 noscamus.
601 3675 864 3743 Quoniam
877 3677 1054 3732 omnis
1067 3679 1160 3748 qui
1173 3679 1260 3748 pie
1273 3679 1469 3735 tolerat
1489 3688 1638 3736 recte
1657 3679 1853 3746 credit,

263 3766 516 3822 etomnis
539 3767 630 3836 qui
652 3775 798 3822 recte
829 3769 1005 3823 credit
1025 3769 1227 3840 aliquid
1253 3778 1459 3840 sperat,
1488 3779 1545 3825 et
1561 3771 1653 3842 qui
1674 3779 1859 3842 sperat

264 3862 503 3917 sustinet
519 3876 584 3918 ne
605 3863 702 3917 abs
719 3877 813 3932 spe
832 3863 1008 3918 cadat.
1034 3863 1141 3919 Sed
1155 3863 1268 3932 jam
1289 3865 1509 3934 quinam
1527 3865 1617 3920 isti
1637 3873 1763 3920 sunt
1783 3865 1860 3920 vi-

265 3955 519 4020 deamus,
553 3970 784 4025 quorum
812 3955 971 4011 ﬁdem
997 3955 1051 4010 in
1083 3963 1348 4027 quantum
1376 3956 1609 4027 desuper
1636 3956 1858 4028 adjuva-

264 4062 416 4110 mur,
450 4045 664 4115 assequi
696 4046 987 4102 valeamus.
1015 4047 1201 4102 Virtus
1222 4047 1506 4102 charitatis
1530 4062 1651 4116 qua:
1676 4047 1857 4102 omnia

267 4142 491 4204 tolerat,
526 4140 756 4195 eminuit
779 4140 834 4195 in
859 4149 1050 4196 saneto
1081 4140 1226 4207 Noe;
1262 4157 1382 4210 qua:
1401 4140 1582 4196 omnia
1606 4140 1780 4196 credit
1803 4141 1856 4194 in

267 4243 466 4289 sancto
491 4233 765 4289 Abraham
789 4251 806 4301 ;
838 4251 959 4305 qua:
979 4235 1160 4290 omnia
1189 4242 1370 4305 sperat
1401 4235 1454 4289 in
1484 4234 1738 4289 Patribus
1758 4249 1858 4289 no-

267 4327 422 4392 stris,
445 4327 500 4381 id
516 4338 621 4392 est,
646 4327 698 4382 in
721 4327 917 4397 populo
937 4326 1121 4382 Israel.
1149 4327 1300 4382 Unde
1327 4328 1441 4397 ipse
1460 4335 1646 4382 noster
1664 4327 1862 4381 exhor-

270 4426 421 4472 tatus
434 4427 520 4473 est
539 4417 798 4472 Dominus
821 4435 836 4484 ;
861 4433 984 4488 qum
1010 4417 1192 4473 omnia
1213 4417 1446 4472 sustinet
1466 4417 1519 4472 in
1546 4417 1662 4487 ipso
1683 4417 1861 4486 capite

1961 1933 2292 2006 portaheris,
2326 1933 2476 1989 novit
2497 1933 2800 2004 gubernare
2827 1933 2919 2004 qui
2942 1933 3194 2003 dignatus
3220 1939 3303 1987 est
3326 1946 3547 1997 creare;

1964 2032 2173 2079 tantum
2209 2023 2354 2078 adsit
2400 2023 2574 2078 virtus
2607 2023 2914 2088 charitatis,
2946 2038 3069 2093 quae
3095 2023 3278 2077 omnia
3326 2023 3540 2086 tolerat,

1961 2115 2108 2170 nulla
2147 2130 2237 2172 res
2277 2123 2334 2172 te
2393 2115 2464 2172 ab
2514 2129 2656 2171 arca:
2703 2115 2978 2171 soliditate
3020 2115 3236 2180 evellat,
3279 2129 3541 2186 permane

1959 2205 2134 2262 bonus
2177 2213 2234 2262 et
2273 2204 2443 2262 tolera
2489 2206 2703 2262 malos:
2735 2205 2927 2261 melius
2971 2214 3057 2260 est
3103 2205 3250 2260 enim
3294 2213 3354 2260 ut
3393 2205 3542 2259 intus

1957 2299 2165 2371 positus
2212 2307 2435 2370 propter
2476 2299 2649 2355 bonos
2695 2298 2895 2355 toleres
2933 2297 3104 2353 malos
3127 2337 3143 2364 ,
3193 2313 3356 2369 quam
3401 2293 3548 2352 foras

1957 2391 2148 2448 exiens
2163 2399 2221 2447 et
2237 2391 2453 2461 periens
2473 2399 2530 2445 et
2550 2391 2721 2446 bonos
2740 2389 3016 2460 relinquas
3035 2397 3091 2443 et
3115 2388 3305 2443 malos.
3325 2386 3382 2442 Si
3411 2401 3543 2458 ergo

1957 2491 2085 2540 sunt
2118 2490 2296 2538 tecum
2340 2481 2501 2549 ferae,
2533 2481 2590 2538 id
2613 2491 2728 2549 est,
2760 2482 2809 2536 si
2837 2487 2962 2537 sunt
2988 2488 3166 2535 tecum
3191 2479 3244 2534 in
3269 2478 3510 2535 Ecclesia
3530 2518 3546 2544 ,
3591 2543 3596 2546 _

1954 2587 2122 2644 prava
2143 2574 2419 2639 docentes,
2442 2572 2577 2628 falsa
2600 2573 2894 2628 sentientes
2914 2571 3155 2627 haeretici
3176 2569 3259 2625 vel
3287 2569 3550 2626 schisma-

1957 2665 2084 2730 tici,
2128 2672 2224 2719 aut
2251 2666 2414 2719 etiam
2463 2663 2566 2733 ipsi
2607 2662 2734 2718 mali
2779 2661 3062 2728 catholici,
3108 2675 3261 2716 more
3307 2659 3549 2715 ferarum

1958 2756 2174 2812 animas
2205 2756 2470 2812 devorare
2513 2755 2905 2825 quaerentium,
2931 2753 3234 2809 tolerentur
3269 2765 3443 2822 usque
3478 2749 3547 2804 ad

1957 2848 2122 2904 ﬁnem
2145 2847 2350 2912 smculi,
2379 2853 2640 2916 tanquam
2669 2845 2834 2901 ﬁnem
2862 2844 3074 2910 diluvii,
3101 2844 3317 2915 rugiant
3338 2843 3465 2898 licet
3489 2849 3546 2898 et

1956 2940 2194 2998 fremant
2241 2939 2526 3004 dentibus,
2568 2947 2731 3008 atque
2774 2939 2944 3007 ipsam
2979 2951 3164 2992 arcam
3207 2935 3550 3006 confringere

1955 3043 2240 3102 conentur,
2270 3048 2380 3089 non
2401 3045 2760 3103 expavescas,
2788 3029 2942 3084 ﬁnito
2971 3028 3171 3084 diluvio
3209 3027 3328 3084 illos
3371 3028 3551 3098 capiat

1957 3126 2134 3184 inanis
2160 3139 2225 3180 ac
2247 3123 2464 3195 spinosa
2495 3123 2650 3188 silva,
2683 3130 2736 3178 te
2761 3119 2960 3176 fertilis
2980 3119 3206 3191 suscipit
3227 3128 3393 3174 terra.
3417 3118 3550 3175 Post

1958 3221 2121 3277 ﬁnem
2150 3216 2334 3275 saeculi
2357 3215 2508 3287 impii
2535 3214 2812 3286 rapientur
2839 3212 2906 3267 ad
2934 3211 3186 3266 tenebras
3211 3210 3513 3266 exteriores
3531 3250 3547 3276 ,

1958 3315 2035 3371 ibi
2065 3319 2150 3368 est
2189 3309 2346 3366 fletus
2375 3316 2427 3363 et
2469 3308 2672 3363 stridor
2699 3305 2940 3360 dentium
2961 3345 2977 3369 ,
3005 3303 3126 3374 pios
3153 3303 3380 3372 suscipit
3401 3310 3548 3358 terra

1957 3406 2284 3471 viventium;
2313 3418 2438 3457 nam
2462 3409 2517 3455 et
2548 3401 2662 3472 ipse
2689 3406 2910 3454 sanctus
2938 3396 3050 3452 Noe
3069 3405 3192 3467 post
3215 3395 3376 3450 ﬁnem
3408 3395 3548 3450 dilu-

1957 3501 2032 3556 vii
2056 3497 2251 3555 obtulit
2270 3493 2597 3551 sacriﬁcium
2623 3492 2753 3558 Deo,
2779 3491 2872 3546 sed
2895 3491 2960 3546 de
2981 3487 3305 3544 animalibus
3333 3486 3550 3543 mundis

1959 3610 2066 3650 non
2093 3593 2159 3648 de
2181 3588 2509 3654 immundis;
2535 3585 2694 3642 simul
2723 3584 2868 3640 enim
2893 3591 2950 3638 et
2973 3581 3174 3637 munda
3196 3590 3251 3636 et
3273 3577 3550 3646 immunda

1959 3684 2213 3742 animalia
2261 3683 2316 3738 in
2348 3695 2475 3736 arca
2498 3685 2686 3733 natare
2716 3683 3042 3746 potuerunt,
3072 3675 3166 3729 sed
3200 3672 3328 3728 mali
3356 3671 3424 3727 ad
3450 3670 3548 3726 Dei

1959 3778 2287 3836 sacriﬁcium
2315 3791 2420 3832 non
2440 3779 2822 3844 pervenerunt.
2847 3769 2953 3825 Sed
2966 3767 3080 3838 jam
3107 3768 3234 3823 hinc
3255 3765 3546 3837 aliquando

1967 3882 2342 3933 transeamus,
2387 3874 2449 3921 ut
2477 3871 2671 3920 caetera
2703 3859 3038 3932 perscrutari
3077 3858 3372 3913 valeamus.
3409 3854 3546 3910 Pro-

1959 3963 2118 4019 cedat
2151 3963 2204 4016 in
2234 3959 2468 4014 medium
2500 3964 2721 4012 sanctus
2748 3954 2839 4008 ille
2867 3952 3165 4016 Abraham,
3213 3958 3268 4007 et
3309 3965 3407 4005 suo
3444 3965 3544 4004 nos

1959 4055 2151 4111 doceat
2176 4051 2424 4121 exemplo
2453 4049 2730 4119 possidere
2771 4045 3026 4099 virtutem
3069 4041 3384 4105 charitatis,
3427 4056 3547 4110 quze

1959 4147 2140 4202 omnia
2194 4143 2401 4207 credit,
2435 4141 2527 4210 qui
2573 4155 2680 4194 non
2725 4146 2808 4192 est
2842 4143 3126 4193 cunctatus
3165 4134 3230 4188 ad
3267 4149 3428 4198 unam
3457 4148 3549 4186 vo-

1959 4237 2227 4294 cationem
2261 4233 2569 4303 relinquere
2597 4229 2828 4301 patriam
2857 4227 3038 4282 sedem
3059 4267 3074 4292 ,
3103 4225 3322 4280 domum
3341 4263 3356 4289 ,
3386 4221 3549 4276 fami-

1960 4332 2122 4396 liam,
2168 4328 2350 4384 omnia
2405 4323 2780 4393 relinquuntur
2831 4327 2892 4373 ut
2931 4317 3159 4372 Domino
3215 4312 3551 4386 prmcipicnti

1959 4431 2249 4496 pareatur.
2291 4417 2397 4472 Exi
2421 4457 2437 4483 ,
2473 4415 2651 4486 inquit
2686 4414 2736 4468 ei
2777 4411 2956 4476 Deus,
2995 4410 3058 4464 de
3090 4407 3398 4480 cognatione
3429 4414 3546 4496 tua,

271 4495 463 4566 nostro
499 4508 727 4564 Domino
765 4508 893 4565 Jesu
916 4508 1158 4575 Christo,
1191 4509 1283 4579 qui
1311 4518 1396 4565 est
1432 4525 1560 4566 vera
1587 4510 1851 4575 charitas,
1883 4526 1939 4587 1)
1961 4495 2009 4570 et
2045 4513 2108 4568 de
2146 4495 2300 4566 domo
2339 4519 2465 4574 tua,
2506 4515 2554 4561 et
2591 4506 2706 4560 veni
2743 4505 2800 4558 in
2837 4512 3031 4558 terram
3059 4513 3422 4570 quamcunque
3454 4495 3551 4549 tibi

270 4616 392 4669 quae
420 4615 700 4670 nunquam
723 4599 889 4666 cadit,
915 4615 1015 4657 nec
1041 4609 1268 4656 cancros
1293 4608 1512 4656 sanctos
1536 4602 1607 4656 ab
1641 4601 1726 4656 his
1747 4601 1861 4655 vir-

273 4691 482 4746 tutibus
527 4698 705 4746 vestra
751 4691 993 4746 charitas
1035 4690 1260 4762 deputet
1306 4691 1534 4759 alienos,
1583 4706 1720 4763 quos
1761 4706 1861 4763 pro

271 4782 542 4836 brevitate
584 4781 862 4850 temporis,
913 4791 968 4838 et
1009 4796 1110 4852 pro
1158 4795 1412 4838 sermone
1454 4789 1729 4852 suscepto,
1783 4783 1860 4837 ita

271 4873 672 4946 przetermissos
709 4887 832 4928 esse
873 4873 1207 4944 cognoscite,
1247 4881 1308 4929 ut
1336 4881 1516 4928 tamen
1559 4875 1862 4929 certissime

273 4963 560 5030 noveritis,
602 4977 792 5018 omnes
843 4977 964 5018 esse
1003 4962 1059 5018 in
1096 4961 1336 5030 Christo,
1384 4972 1440 5019 et
1493 4964 1548 5018 in
1609 4963 1862 5020 omnibus

273 5055 576 5110 Christum.
623 5053 731 5110 Sed
760 5053 874 5122 jam
923 5056 1202 5111 videamus
1237 5056 1689 5126 quemadmodum
1741 5072 1864 5111 san-

275 5157 396 5204 ctus
423 5149 538 5205 Noe
572 5149 898 5220 possederit,
937 5151 1022 5206 vel
1049 5164 1331 5220 possessus
1362 5149 1433 5204 sit
1460 5150 1660 5204 virtute
1685 5149 1867 5204 chari-

277 5244 428 5306 tatis,
455 5257 579 5310 qua:
600 5241 781 5296 omnia
809 5241 1019 5297 tolerat.
1049 5240 1306 5296 Praedixit
1329 5241 1379 5295 ei
1405 5240 1567 5306 Deus,
1593 5241 1736 5309 quod
1759 5239 1863 5294 ini-

277 5335 489 5403 quitate
538 5333 818 5388 hominum
867 5340 1147 5389 crescente
1198 5331 1400 5388 diluvio
1426 5331 1677 5402 perderet
1714 5346 1863 5385 mun.

279 5427 428 5491 dum,
462 5426 647 5482 statim
680 5425 771 5481 ille
819 5425 1127 5482 admonitus
1171 5423 1412 5495 confugit
1457 5423 1525 5478 ad
1554 5423 1777 5494 lignum,
1807 5431 1864 5478 et

281 5528 400 5586 post
422 5534 738 5588 camporum
782 5532 1121 5572 ammnorum
1153 5515 1348 5570 faciem
1385 5515 1649 5586 angustiis
1689 5529 1747 5569 se
1777 5529 1862 5568 re-

282 5609 446 5663 cludit
495 5625 662 5674 arcm,
708 5607 902 5663 tolerat
929 5609 1052 5664 οωιί
1093 5608 1388 5673 fremitum,
1416 5607 1652 5662 sonitum
1694 5621 1864 5677 aqua-

285 5715 423 5764 rum,
456 5700 729 5772 fragorem
755 5700 1084 5764 nimborum,
1105 5708 1159 5754 et
1185 5707 1306 5769 post
1333 5699 1433 5754 ista
1458 5698 1640 5754 omnia
1665 5699 1756 5769 qui
1782 5713 1867 5754 so-

288 5788 355 5844 let
383 5791 620 5859 gaudere
649 5792 922 5848 consortio
941 5792 1242 5857 hominum,
1275 5791 1452 5846 socius
1473 5791 1870 5858 quodammodo

1965 4602 2235 4658 ostendero
2284 4597 2456 4671 (Gen.
2505 4595 2646 4668 xu).
2707 4593 2818 4649 Nec
2867 4592 3008 4662 apud
3059 4606 3118 4645 se
3174 4590 3276 4644 iste
3333 4596 3553 4643 sanctus

1967 4692 2246 4767 cogitavit,
2285 4697 2378 4745 aut
2414 4688 2569 4753 dixit,
2602 4701 2709 4758 quo
2747 4683 2900 4741 eam?
2932 4683 3018 4738 cui
3058 4697 3144 4736 me
3177 4677 3552 4737 committam?

1969 4785 2020 4839 in
2059 4799 2220 4854 quam
2266 4791 2467 4836 terram
2491 4777 2726 4834 vadam?
2771 4776 2865 4832 sed
2908 4774 3092 4830 statim
3135 4772 3308 4838 audit,
3355 4771 3550 4842 surgit,

1967 4875 2157 4940 currit,
2207 4871 2451 4936 festinat,
2487 4869 2774 4924 accelerat.
2803 4866 3026 4922 Terram
3077 4864 3400 4936 promissam
3442 4876 3550 4916 non

1972 4968 2132 5032 videt,
2164 4965 2258 5022 sed
2284 4962 2552 5021 credendo
2578 4977 2698 5018 eam
2727 4960 2958 5015 ﬁrmiter
2988 4967 3156 5023 tenet,
3189 4956 3430 5012 ambulat
3468 4972 3552 5010 re-

1966 5071 2054 5118 cto
2101 5061 2319 5124 itinere,
2367 5072 2467 5112 nec
2511 5054 2890 5112 oberrantibus
2913 5051 3156 5121 vestigiis
3193 5049 3342 5114 alibi,
3389 5064 3551 5119 quam

1967 5151 2152 5208 debuit
2175 5148 2498 5204 declinavit:
2535 5146 2664 5216 quia
2699 5145 2791 5216 qui
2819 5160 2942 5199 eum
2971 5144 3039 5199 ad
3079 5145 3316 5213 ignotam
3347 5149 3548 5196 terram

1967 5242 2234 5306 mittebat,
2288 5242 2399 5310 ipse
2442 5238 2531 5308 qui
2579 5238 2846 5303 mittebat,
2897 5253 3006 5292 non
3061 5235 3405 5300 dimittebat,
3449 5247 3551 5288 nec

1967 5349 2090 5388 eum
2130 5332 2244 5401 ipse
2271 5329 2480 5393 fefellit,
2515 5329 2758 5385 redditur
2789 5344 2998 5383 merces
3031 5327 3298 5393 credenti,
3335 5326 3402 5381 ad
3439 5331 3550 5380 ter-

1971 5441 2084 5480 ram
2125 5424 2399 5494 pervenit,
2435 5422 2712 5489 dilatatur,
2759 5421 3168 5492 multiplicatur,
3219 5436 3286 5476 ex
3319 5434 3555 5492 paupere

1969 5516 2200 5573 efﬁcitur
2235 5516 2405 5580 dives,
2445 5531 2510 5570 ex
2554 5515 2774 5586 ignobili
2814 5523 3024 5584 potens,
3065 5513 3268 5567 (litatur
3303 5511 3555 5566 omnibus

1970 5606 2146 5672 bouis,
2177 5615 2233 5660 et
2259 5605 2312 5660 in
2343 5605 2432 5660 illo
2455 5605 2708 5675 impletur
2732 5606 2875 5676 quod
2899 5604 3156 5659 Dominus
3185 5603 3238 5658 in
3264 5599 3556 5670 Evangelii)

1975 5698 2088 5754 suis
2132 5697 2408 5769 discipulis
2453 5697 2720 5768 promisit,
2767 5697 2952 5752 dicens
2995 5713 3007 5748 :
3056 5694 3117 5752 Si
3156 5693 3273 5765 quis
3297 5689 3555 5744 dimiserit

1977 5791 2210 5856 domum,
2250 5799 2339 5843 aut
2377 5805 2581 5859 agrum,
2607 5799 2696 5843 aut
2724 5798 2959 5842 parentes
2986 5803 3146 5840 causa
3182 5782 3405 5836 nominis
3430 5781 3554 5839 mci,
