4082 6332
487 338 591 394 125

1118 329 1178 383 Β.
1219 325 1472 382 RABANI
1506 321 1725 380 unum
1761 319 2081 377 ARCHIEP.
2123 312 2430 373 uocum.
2460 303 2745 369 ornant!
2779 294 2958 367 PARS
2996 309 3079 365 ιιι.

3634 309 3739 365 124

486 454 544 508 in
578 450 676 505 hac
712 456 819 503 vita
855 441 1155 513 centuplum
1195 441 1431 512 accipiet,
1472 448 1520 493 et
1550 438 1607 492 in
1646 436 1825 507 futuro
1868 431 2062 489 saeculo
2089 434 2139 494 Α
2165 430 2212 485 si
2248 428 2301 483 in
2338 435 2396 482 te
2418 424 2623 482 eminet
2640 425 2816 480 virtus
2846 421 3130 479 charitatis
3159 434 3280 491 qua:
3315 419 3498 513 omnia
3534 431 3742 492 sperat,

486 543 646 598 vitam
681 544 1021 608 consequetur
1048 541 1318 588 wternam.
1365 528 1680 586 Cumulatur
1707 526 1882 581 adhuc
1904 525 2064 595 hujus

486 629 616 688 ﬁdei
642 642 869 693 merces,
898 632 954 680 et
986 623 1103 679 seni
1135 620 1473 693 promittitur
1509 618 1669 672 ﬁlius.
1698 616 1867 671 Adest
1892 614 2065 669 virtus

486 721 791 786 charitatis,
812 732 931 788 qua:
952 716 1132 773 omnia
1155 714 1347 778 credit,
1370 712 1542 777 audit,
1562 709 1820 773 exsultat,
1835 706 2065 777 amplius

489 812 681 884 diligit.
713 809 950 879 Suscipit
984 806 1151 863 ﬁlium
1179 821 1247 861 ex
1267 803 1492 875 conjuge
1518 800 1713 866 sterili,
1747 815 1912 870 quam
1943 812 2067 869 spes

489 901 737 979 pariendi
770 899 1110 963 destitutam,
1140 895 1423 959 sterilitas,
1448 903 1686 962 aetasque
1699 890 1812 962 jam
1842 888 2063 955 fecerat,

491 1002 655 1065 atque
687 992 745 1048 in
780 990 871 1046 illo
902 986 1333 1045 benedictionem
1371 984 1612 1040 omnium
1641 981 1896 1038 Gentium
1938 995 2066 1051 pro-

491 1084 715 1139 missam
753 1078 1063 1135 ﬁrmissime
1102 1083 1268 1132 tenet.
1322 1073 1432 1130 Sed
1472 1072 1650 1128 adhuc
1679 1086 1802 1126 eum
1826 1069 2067 1125 charitas

490 1173 706 1244 probat,
731 1170 1122 1242 probatumque
1145 1152 1509 1228 commendat,
1533 1172 1590 1219 et
1616 1160 2068 1232 quemadmodum

492 1260 628 1317 nihil
668 1259 780 1314 Deo
811 1256 1084 1328 praeferat,
1132 1254 1366 1326 posteris
1402 1258 1686 1309 monstrat.
1734 1250 1908 1306 Vocat
1945 1264 2070 1306 eum

494 1350 756 1406 Dominus
809 1347 876 1403 de
923 1345 1062 1402 cmlo
1110 1345 1296 1400 dicens
1338 1341 1493 1417 (Gen.
1537 1341 1672 1412 mi)
1723 1358 1738 1395 :
1782 1339 2069 1404 Abraham,

494 1439 782 1504 Abraham,
831 1444 886 1494 et
930 1436 1021 1491 ille
1073 1442 1333 1505 tanquam
1377 1448 1565 1490 servus
1605 1431 1894 1497 ohediens,
1938 1428 2072 1484 Ecce

496 1528 684 1583 adsum
731 1527 828 1593 ait,
859 1534 916 1582 et
947 1524 1226 1591 Dominus,
1264 1524 1452 1594 Accipe
1493 1521 1665 1590 ﬁlium
1702 1529 1851 1575 tuum
1897 1517 2069 1584 illum,

2167 535 2263 590 per
2309 532 2552 575 eremum
2598 525 2654 572 te
2684 530 2908 572 necesse
2944 523 3031 571 est
3064 513 3319 579 transire,
3357 512 3413 568 id
3435 520 3540 580 est,
3572 514 3749 570 utaris

2168 615 2270 668 hoc
2299 610 2499 667 mundo
2540 621 2794 680 tanquam
2825 624 2935 664 non
2959 616 3136 673 utens,
3172 615 3229 662 et
3268 606 3324 660 in
3350 606 3453 662 hac
3474 600 3562 661 via
3589 620 3752 675 perc-

2167 708 2379 777 grinum
2429 716 2482 762 te
2532 704 2750 761 noveris
2791 716 2912 759 esse
2937 742 2953 768 ,
3010 702 3059 758 si
3107 709 3309 757 terram
3373 699 3754 772 promissionis

2168 798 2320 869 cupis
2348 797 2570 852 intrare.
2596 795 2723 851 Ιίωο
2748 802 2893 849 terra
2922 792 3095 848 estde
3118 806 3222 863 qua
3242 790 3513 860 Propheta
3540 796 3755 856 cantat,

2167 899 2225 946 et
2248 890 2415 946 dicit:
2439 888 2605 944 Credo
2634 887 2807 943 videre
2830 887 2965 941 bona
2986 884 3197 941 Domini
3226 884 3283 938 in
3308 893 3450 939 terra
3473 884 3753 940 viventium

2169 983 2343 1059 (Psal.
2386 984 2606 1055 xxvm).
2638 981 2840 1038 Ultima
2874 981 3049 1034 virtus
3082 978 3364 1034 charitatis
3407 984 3597 1044 restat,
3631 992 3760 1047 quae

2169 1076 2351 1132 omnia
2379 1074 2613 1131 sustinet
2641 1081 2696 1129 et
2733 1086 3011 1143 nunquam
3052 1070 3219 1136 cadit,
3262 1071 3407 1127 hanc
3444 1071 3548 1143 ipsi
3585 1071 3761 1143 capiti

2169 1176 2358 1225 nostro
2410 1166 2638 1222 Domino
2698 1164 2826 1220 Jesu
2873 1164 3093 1221 Christo
3152 1163 3441 1220 convenire
3485 1163 3757 1219 videmus.

2170 1259 2296 1315 ldeo
2342 1258 2397 1312 in
2444 1257 2660 1322 ultimo,
2712 1256 2967 1327 quoniam
3018 1254 3142 1311 ﬁnis
3185 1255 3319 1327 legis
3366 1261 3450 1311 est
3486 1252 3759 1312 Christus.

2173 1348 2388 1416 Quanta
2431 1354 2612 1403 autem
2642 1346 2756 1416 ipse
2782 1361 2880 1418 pro
2909 1344 3066 1402 nobis
3100 1345 3436 1410 sustinuerit,
3462 1346 3592 1416 puto
3622 1347 3762 1402 cha—

2174 1440 2389 1496 ritatem
2420 1447 2656 1494 vestram
2692 1437 2941 1509 ignorare
2970 1454 3077 1493 non
3112 1452 3306 1508 posse,
3349 1444 3529 1493 tamen
3561 1437 3766 1494 exinde

2174 1529 2377 1599 aliquid
2411 1528 2609 1593 dicam,
2638 1535 2819 1583 tamen
2858 1529 2922 1584 de
2952 1534 3102 1583 tanto
3126 1527 3325 1597 aliquid
3367 1527 3528 1598 digne
3556 1526 3763 1596 dicam,

494 1636 648 1691 quem
686 1618 862 1690 diligis
893 1618 1072 1683 Isaac,
1114 1626 1163 1671 et
1202 1615 1334 1671 vade
1372 1616 1427 1670 in
1468 1625 1665 1670 terram
1705 1612 1987 1678 excelsam,
2024 1622 2073 1667 et

2184 1620 2324 1691 prius
2358 1619 2489 1675 illud
2517 1618 2660 1689 quod
2686 1619 2828 1674 Deus
2858 1618 3052 1685 homo,
3079 1617 3224 1688 quod
3249 1617 3474 1672 verbum
3509 1631 3640 1672 caro
3676 1616 3766 1672 fa-

499 1712 720 1780 oﬁ'erens
765 1726 885 1766 eum
926 1708 1291 1764 holocaustum
1333 1708 1391 1762 in
1430 1723 1534 1762 uno
1577 1706 1832 1762 montium
1861 1744 1878 1771 ,
1922 1719 2074 1775 quem
2124 1723 2138 1743 ο
2176 1721 2321 1767 ctum
2352 1717 2457 1777 est,
2492 1710 2635 1781 quod
2669 1709 2836 1764 multa
2875 1708 3012 1765 bona
3048 1707 3195 1773 fecit,
3224 1715 3280 1764 et
3307 1706 3446 1762 mala
3474 1721 3772 1779 perpessus

499 1800 681 1855 dixero
709 1800 821 1853 tibi.
860 1797 973 1854 Nec
1005 1799 1108 1853 hac
1147 1797 1365 1867 quidem
1403 1795 1644 1866 jussione
1692 1794 1939 1849 turbatur
1981 1800 2077 1849 aut
2105 1782 2151 1843 B
2179 1811 2281 1869 est,
2307 1802 2451 1874 quod
2495 1812 2738 1859 mortuos
2782 1801 3064 1858 suscitavit
3105 1809 3161 1857 ει
3208 1808 3454 1856 ωσι-ωας
3486 1808 3591 1866 εει,
3619 1798 3773 1871 quod

503 1891 771 1963 frangitur
797 1905 989 1947 servus
1018 1889 1211 1947 ﬁdelis.
1250 1890 1420 1945 Adest
1462 1889 1606 1945 enim
1648 1887 1703 1944 εἰ
1725 1887 1899 1942 Virtus
1941 1887 2075 1941 Char
2178 1895 2462 1966 singularis
2488 1895 2576 1950 illa
2605 1895 2845 1966 patentia
2873 1893 3096 1965 pertulit
3125 1892 3397 1949 diabolum
3416 1899 3769 1958 tentatorem,

502 1987 698 2052 ritatis,
745 2002 865 2061 quae
903 1986 1085 2042 omnia
1125 1986 1328 2051 credit;
1372 1984 1574 2055 Surgit.
1612 1983 1831 2039 domum
1880 1981 2075 2053 pergil.
2177 1987 2500 2057 discipulum
2545 1985 2884 2051 traditorem,
2926 1984 3072 2056 quod
3115 1983 3295 2055 ipsum
3336 1980 3554 2049 Judam,
3582 1981 3772 2053 prius-

499 2078 710 2133 asinum
749 2077 979 2143 sternit,
1024 2077 1168 2148 ligna
1216 2075 1481 2141 condidit,
1524 2073 1760 2145 gladium
1805 2080 1861 2127 et
1902 2072 2077 2143 ignem
2116 2094 2119 2097 ·
2177 2094 2344 2149 quam
2370 2078 2680 2134 ostenderet
2711 2077 3051 2141 traditorem,
3078 2073 3302 2145 pertulit
3331 2072 3530 2139 furem,
3555 2080 3612 2128 et
3639 2078 3773 2127 ante

500 2168 684 2234 sumit,
725 2182 955 2238 puerum
992 2166 1153 2222 simul
1190 2166 1440 2231 adducit,
1479 2171 1535 2220 et
1565 2163 1741 2234 pergit
1777 2162 1845 2218 ad
1878 2162 2075 2218 locum.

503 2261 654 2317 Tunc
690 2261 931 2316 intentus
967 2259 1145 2315 factus
1181 2259 1330 2314 Isaac
1354 2264 1563 2327 patrem
1599 2254 1971 2324 interrogabat
1993 2252 2080 2308 di-

502 2368 662 2410 cens:
684 2350 861 2415 Pater,
895 2352 994 2417 ait,
1028 2360 1075 2404 et
1098 2349 1205 2415 ille,
1227 2349 1353 2422 quid
1379 2356 1477 2414 est,
1504 2345 1623 2417 ﬁli?
1649 2352 1704 2401 et
1726 2345 1891 2410 ﬁlius,
1919 2342 2079 2409 Ecce,

502 2445 598 2509 ait,
633 2442 767 2514 ignis
798 2450 847 2497 et
886 2440 1052 2512 ligna,
1085 2438 1175 2495 ubi
1198 2448 1274 2494 est
1301 2438 1410 2493 ovis
1434 2452 1592 2508 quam
1625 2433 1996 2491 immolatum
2025 2449 2080 2488 es

502 2534 572 2587 ad
597 2531 999 2587 holocaustum?
1027 2538 1081 2585 et
1109 2536 1263 2601 pater
1292 2526 1605 2597 respondit:
1630 2524 1771 2578 Deus
1795 2521 2081 2594 providebit

502 2623 601 2678 sibi
629 2636 773 2676 ovem
808 2620 878 2675 ad
903 2619 1244 2688 sacriﬁcium,
1271 2617 1371 2688 ﬁli.
1399 2617 1649 2687 Magnum
1684 2614 1773 2669 hic
1801 2621 1856 2669 et
1876 2611 2081 2684 grande

501 2712 656 2768 video
693 2704 1093 2768 sacramentum
1126 2727 1140 2766 :
1177 2709 1324 2765 aliud
1371 2707 1648 2764 Abraham
1693 2705 1855 2763 corde
1902 2712 2082 2774 gesta-

505 2803 621 2870 bat,
651 2803 796 2858 aliud
833 2801 945 2857 filio
971 2800 1342 2871 promittebat,
1374 2799 1472 2854 sed
1511 2812 1689 2867 neque
1709 2811 1830 2867 quae
1856 2794 2083 2864 promit-

505 2892 654 2948 tebat
700 2890 865 2947 ﬁlium
912 2888 1187 2955 fallebant,
1236 2904 1410 2959 neque
1446 2887 1627 2961 aliqua
1671 2882 1960 2943 iniirmitas
1987 2899 2084 2941 cor

503 2980 621 3051 ejus
657 2996 688 3036 a
711 2981 990 3052 proposito
1019 2981 1421 3036 immutaverat.
1459 2977 1637 3033 Aliam
1662 2977 1917 3031 virtutem
1947 2975 2081 3032 cha-

504 3074 680 3129 ritatis
706 3088 826 3143 qua:
857 3073 1039 3129 omnia
1070 3078 1271 3141 sperat,
1302 3070 1478 3140 placet
1502 3068 1790 3138 inspicere,
1818 3068 1956 3123 hanc
1984 3082 2080 3123 su-

2178 2171 2607 2241 experimentum
2645 2169 2980 2225 vinculorum
3025 2166 3207 2224 crucis
3249 2182 3314 2223 ac
3356 2167 3568 2233 mortis,
3605 2166 3773 2223 labiis

2178 2261 2295 2331 ejus
2350 2260 2550 2318 dolosis
2601 2276 2707 2316 non
2763 2260 2981 2331 negavit
3028 2257 3273 2314 osculum
3317 2257 3488 2327 pacis.
3538 2255 3598 2313 In
3649 2257 3771 2326 ipsa

2181 2358 2363 2406 autem
2408 2357 2582 2407 morte
2626 2356 2829 2420 quanta
2882 2348 3178 2404 sustinuit?
3240 2346 3461 2418 pertulit
3518 2345 3775 2403 odiorum

2182 2440 2449 2510 flammas,
2486 2441 2769 2498 ministros
2812 2440 3035 2513 pessimi
3079 2440 3260 2497 cordis
3307 2438 3536 2512 linguas,
3567 2438 3775 2495 clama-

2182 2541 2376 2591 verunt
2401 2531 2594 2599 Judaei,
2625 2532 2912 2604 Cruciﬁge,
2945 2532 3219 2604 cruciﬁge,
3247 2538 3383 2587 etut
3413 2532 3490 2587 rei
3516 2545 3773 2587 remane-

2181 2630 2304 2679 rent
2342 2621 2546 2688 Judtei,
2591 2620 2854 2679 innocens
2897 2623 2967 2678 ab
3013 2621 3094 2677 eis
3116 2619 3408 2677 cruciﬁxus
3452 2626 3564 2686 est,
3592 2618 3771 2675 Filius

2184 2716 2303 2781 Dei,
2327 2715 2396 2770 ad
2423 2728 2643 2771 crucem
2667 2715 2887 2770 ducitur
2912 2721 2969 2769 et
2998 2712 3364 2783 expalmatur,
3390 2710 3481 2781 qui
3524 2720 3611 2766 est
3638 2724 3770 2767 vera

2181 2805 2363 2877 palma
2388 2804 2664 2871 victoriae;
2711 2804 2883 2874 spinis
2914 2809 3211 2858 coronatur
3235 2802 3328 2873 qui
3365 2802 3550 2872 spinas
3577 2814 3775 2871 pecca-

2188 2907 2366 2955 torum
2398 2897 2551 2952 venit
2589 2894 2969 2966 confringere;
3008 2892 3209 2965 ligatur
3234 2892 3329 2963 qui
3364 2891 3525 2947 solvit
3556 2905 3775 2961 compe.

2183 2987 2325 3043 ditos
2369 3001 2383 3041 :
2430 2985 2575 3056 ligno
2615 2981 2962 3056 suspenditur
3006 2982 3098 3054 qui
3152 2982 3311 3054 erigit
3352 2981 3516 3038 elisos
3557 2999 3572 3036 :
3614 2989 3772 3038 aceto

2184 3075 2558 3153 potatur‘fons
2592 3076 2717 3132 vitae
2750 3092 2764 3129 :
2802 3072 3086 3144 disciplina
3121 3073 3364 3141 caeditur,
3402 3071 3548 3128 salus
3584 3071 3773 3128 vulne-

504 3165 687 3233 perius
720 3141 878 3233 plebi
926 3160 1091 3217 Israel
1134 3169 1190 3216 et
1236 3159 1483 3231 patribus
1526 3158 1728 3214 nostris
1775 3157 2082 3229 assignasse
2110 3141 2155 3203 C
2185 3141 2357 3236 λεεωεν,
2394 3146 2501 3224 vita
2544 3167 2793 3232 moritur,
2825 3141 3026 3221 oeci—di;
3061 3166 3128 3221 ad
3158 3172 3370 3235 tempus
3392 3162 3559 3219 vitam
3598 3179 3769 3230 πηοί-ε,

505 3254 901 3327 cognoscimus.
950 3252 1080 3322 Ejus
1126 3264 1360 3325 namque
1399 3250 1616 3305 virtutis
1644 3264 1747 3305 vox
1773 3256 1861 3304 est
1897 3249 1952 3303 in
1982 3264 2082 3305 usu

505 3346 599 3401 illo
623 3345 937 3417 prophetico
965 3361 978 3397 :
1004 3343 1071 3399 In
1098 3353 1146 3398 te
1165 3352 1501 3414 speraverant
1542 3351 1718 3413 patres
1754 3341 1938 3407 nostri,
1970 3356 2085 3411 spe-

508 3446 751 3493 raserunt
788 3446 839 3491 et
863 3435 1096 3490 liberasti
1128 3451 1214 3489 eos
1245 3432 1419 3507 (Psal.
1443 3433 1579 3504 XXI).
1608 3433 1673 3488 Et
1698 3425 1798 3504 ipsi
1827 3448 1895 3488 ex
1920 3430 2088 3503 Egy-

512 3538 606 3601 pto
632 3528 816 3600 fugere
837 3527 1115 3598 jubentur,
1145 3536 1291 3583 terra
1318 3527 1400 3582 eis
1432 3527 1517 3583 lac
1545 3536 1600 3584 et
1624 3527 1731 3583 mel
1762 3526 1935 3582 ﬂuens
1958 3541 2086 3596 pro-

508 3621 762 3688 mittitur,
805 3636 903 3691 per
939 3635 1088 3675 mare
1107 3618 1351 3674 Rubrum
1393 3627 1689 3685 transeunt,
1735 3617 1802 3675 ad
1844 3632 2087 3673 eremum

508 3715 753 3781 veniunt,
796 3712 1028 3769 ducebat
1076 3727 1170 3767 eos
1208 3726 1332 3782 spes
1375 3711 1674 3775 charitatis,
1721 3719 1780 3766 ut
1819 3709 2088 3766 discerent

508 3806 677 3862 Deum
726 3818 910 3859 amare
953 3803 1150 3875 gratis,
1198 3802 1441 3858 redditur
1473 3811 1527 3858 et
1564 3803 1649 3858 bis
1687 3816 1896 3858 merces
1928 3801 2084 3856 ﬁdei:

509 3913 625 3954 non
643 3895 787 3952 enim
808 3902 985 3968 potest
1015 3910 1124 3950 non
1150 3895 1397 3960 reddere,
1427 3894 1522 3964 qui
1552 3908 1610 3949 se
1632 3893 1884 3963 dignatur
1908 3890 2088 3947 facere

509 3988 826 4046 debitorem.
871 3987 999 4045 Post
1032 4002 1275 4042 eremum
1318 3987 1477 4042 mella
1519 3986 1585 4042 de
1616 3994 1768 4057 petra
1804 3994 2087 4052 suxerunt,

510 4078 706 4152 pauein
732 4079 857 4137 coeli
890 4079 1374 4145 manducaverunt,
1405 4093 1510 4134 non
1545 4086 1672 4132 sunt
1703 4078 1899 4148 privati
1941 4094 1972 4132 a
1999 4077 2090 4132 de-

512 4172 711 4229 siderio
748 4187 847 4228 suo
868 4170 1010 4241 quod
1040 4178 1414 4240 speraverant,
1446 4176 1646 4223 terram
1682 4169 1844 4222 etiam
1868 4166 2091 4237 promis-

510 4263 680 4319 sionis
705 4268 1048 4333 acceperunt.
1067 4261 1377 4331 Exsurgant
1405 4259 1605 4324 omnia,
1635 4247 1753 4330 qua:
1779 4257 1939 4327 hujus
1964 4259 2091 4313 cha-

509 4354 689 4409 ritatis
714 4354 915 4408 virtute
941 4352 1332 4423 comprehensa
1363 4359 1447 4406 est
1479 4348 1698 4421 eﬁ‘ugiat
1736 4365 1803 4404 ex
1832 4348 2086 4421 rEgypto,

510 4443 566 4499 id
596 4451 699 4509 est,
743 4458 809 4498 ex
850 4440 1009 4510 hujus
1046 4441 1225 4497 saeculi
1274 4439 1565 4506 desiderio,
1594 4447 1783 4512 pergat
1823 4439 1892 4495 ad
1939 4452 2091 4493 mare

509 4532 774 4602 Rubrum,
808 4533 1013 4590 scilicet
1051 4531 1252 4589 Christi
1285 4530 1637 4603 baptismum,
1690 4528 1810 4586 ideo
1864 4533 2093 4586 rubrum‘

510 4623 639 4694 quia
666 4621 865 4678 Christi
896 4622 1155 4694 sanguine
1180 4631 1555 4692 purpuratum,
1574 4628 1968 4692 persequantur
1994 4621 2090 4677 lio-

510 4722 642 4779 stes,
693 4721 915 4783 peccata
963 4727 1086 4767 cum
1130 4727 1228 4767 suo
1278 4710 1490 4766 diabolo
1531 4720 1775 4777 auctore,
1834 4719 2090 4783 tanquam

511 4808 753 4882 Egyptii
774 4823 899 4864 cum
921 4823 1019 4863 suo
1045 4821 1169 4883 rege
1193 4806 1493 4872 Pharaone,
1519 4807 1763 4872 smviant,
1793 4815 2092 4876 sequantur

511 4899 795 4971 fugientes,
843 4897 974 4970 quid
1001 4896 1232 4953 metuis?
1276 4896 1456 4967 Usque
1502 4896 1571 4951 ad
1593 4910 1790 4967 aquam
1839 4894 2086 4951 saeviunt.

512 4991 833 5063 lngredieris
862 5000 939 5056 tu,
969 4988 1346 5061 ingrediuntur
1371 4996 1426 5043 et
1454 4987 1527 5043 illi
1552 4998 1677 5060 post
1707 4996 1757 5043 te
1782 5005 1794 5041 :
1834 4989 1927 5045 sed
1950 5005 2089 5059 aqua

513 5096 775 5138 conversa
824 5081 929 5137 illis
970 5089 1088 5137 erat
1132 5081 1187 5136 in
1235 5079 1555 5152 perniciem,
1602 5079 1698 5135 tibi
1742 5080 1991 5148 proﬁciet
2020 5081 2091 5137 ad

512 5174 774 5239 salutem;
822 5172 941 5229 illos
971 5173 1175 5239 obruit,
1216 5180 1267 5228 te
1297 5172 1509 5238 abluet;
1554 5170 1674 5226 illos
1711 5171 2006 5237 damnabit,
2037 5180 2091 5227 te

514 5267 780 5323 liberabit.
830 5267 1066 5323 Posthac
1105 5267 1403 5338 suscipiens
1448 5264 1555 5322 mel
1611 5266 1678 5322 de
1738 5274 1925 5335 petra,
1983 5281 2091 5338 quo

513 5358 660 5414 sitim
712 5366 856 5413 tuam
902 5358 1114 5415 saties:
1158 5354 1321 5414 Petra
1362 5357 1499 5412 enim
1548 5367 1659 5413 erat
1696 5354 1937 5413 Christus
1968 5398 1984 5425 ,
2024 5372 2094 5413 ex

511 5448 668 5518 cujus
706 5450 991 5520 praeceptis
1018 5455 1275 5519 tanquam
1301 5464 1368 5504 ex
1399 5446 1637 5503 fontibus
1677 5447 1979 5504 dulcedinis
2008 5464 2095 5505 sa-

514 5542 698 5608 tieris;
732 5540 973 5613 gustabis
1013 5549 1068 5597 et
1100 5555 1295 5611 panem
1332 5540 1503 5607 illum,
1542 5539 1770 5607 scilicet,
1801 5540 1895 5611 qui
1927 5541 2088 5598 dixit:

516 5633 630 5707 Ego
660 5652 774 5690 sum
801 5637 951 5707 panis
982 5637 1125 5691 vivus
1147 5637 1235 5706 qui
1269 5634 1333 5689 de
1367 5634 1491 5690 cotlo
1521 5635 1763 5691 descendi
1785 5634 1970 5708 (Joan.
1995 5635 2091 5708 vi).

518 5726 776 5786 Gustabis
825 5737 881 5785 et
922 5727 1128 5785 videbis
1166 5744 1327 5800 quam
1368 5728 1547 5784 suavis
1589 5732 1673 5784 est
1699 5727 1979 5785 Dominus.
2027 5727 2095 5782 Et

2186 3270 2247 3317 ut
2291 3262 2346 3316 in
2387 3268 2652 3332 perpetuo
2696 3275 2727 3315 a
2766 3258 2877 3314 vita
2907 3257 3251 3314 occideretur
3284 3270 3454 3312 mors.
3499 3255 3638 3324 Quid
3682 3257 3773 3314 hic

2184 3351 2355 3408 Judaei
2398 3351 2452 3406 in
2489 3352 2593 3407 hac
2626 3358 2801 3406 morte
2828 3349 3029 3406 Christi
3067 3349 3475 3405 exsultaverunt
3509 3348 3659 3419 quasi
3689 3349 3773 3405 vi-

2184 3443 2401 3501 ctores?
2421 3451 2476 3500 et
2500 3444 2626 3498 dum
2647 3449 2924 3498 terrenum
2952 3448 3009 3497 et
3034 3440 3295 3496 caducum
3325 3452 3549 3512 regnum
3566 3439 3773 3495 timue-

2188 3542 2316 3589 runt
2344 3532 2591 3603 perdere,
2622 3532 2825 3603 Regem
2848 3530 2973 3588 coeli
2998 3538 3053 3586 et
3074 3538 3233 3586 terrae
3254 3544 3363 3585 non
3390 3529 3776 3585 dubitaverunt

2187 3620 2454 3681 occideie.
2481 3624 2589 3680 Sed
2614 3638 2717 3679 nec
2744 3623 2886 3678 sicut
2916 3629 3267 3693 putaverunt,
3290 3620 3525 3677 victores
3548 3620 3776 3677 exstite-

2189 3724 2335 3772 runt.
2354 3716 2411 3772 Si
2430 3716 2575 3772 enim
2588 3716 2855 3779 vicerunt,
2867 3712 3136 3784 quomodo
3156 3727 3379 3784 regnum
3392 3711 3777 3781 perdiderunt?

2189 3806 2462 3879 quomodo
2490 3821 2635 3862 nunc
2659 3820 2833 3878 usque
2856 3804 3001 3860 servi
3027 3803 3445 3860 remanserunt?
3482 3803 3586 3859 ista
3613 3819 3774 3859 nam-

2188 3914 2297 3972 que
2343 3913 2509 3955 causa
2552 3905 2656 3963 est,
2704 3897 2832 3966 quia
2874 3897 2944 3952 ab
2997 3895 3079 3952 eis
3118 3892 3369 3951 Christus
3412 3895 3628 3950 occisus
3667 3902 3773 3949 est.

2188 3992 2561 4059 Dixeruntquc
2597 3988 2738 4060 apud
2768 4002 2827 4044 se
2856 3986 3131 4057 principes
3164 3984 3495 4051 Iudaeorum,
3528 3992 3590 4040 ut
3614 3999 3778 4041 evan-

2189 4083 2380 4155 gelista
2408 4089 2633 4138 narrat:
2674 4077 2889 4145 Videtis,
2930 4078 3199 4148 inquiunt,
3230 4077 3357 4147 quia
3391 4085 3529 4131 totus
3550 4076 3779 4132 mundus

2190 4174 2315 4229 abiit
2346 4181 2459 4245 post
2492 4187 2632 4235 eum,
2671 4171 2717 4225 si
2763 4170 3115 4225 dimiserimus
3155 4167 3307 4224 illum
3347 4168 3536 4234 vivere,
3577 4167 3779 4222 venient

2192 4263 2419 4319 Romani
2442 4272 2490 4318 et
2514 4261 2694 4317 tollent
2723 4261 2871 4317 nobis
2898 4271 2945 4317 et
2967 4260 3140 4316 locum
3165 4269 3216 4315 et
3240 4276 3452 4331 regnum
3473 4259 3657 4332 (Joan.
3674 4261 3778 4333 χι),

2190 4364 2246 4412 et
2270 4354 2549 4411 Christum
2588 4353 2936 4420 occiderunt,
2974 4361 3028 4409 et
3067 4352 3244 4409 locum
3284 4366 3616 4433 regnumque
3650 4367 3780 4423 per-

2193 4449 2466 4504 diderunt.
2517 4447 2659 4514 Quid
2688 4445 2841 4503 vobis
2870 4444 3092 4517 profuit,
3123 4460 3158 4501 o
3185 4444 3362 4501 insani
3390 4442 3581 4510 Judaei,
3635 4446 3783 4516 quod

2194 4552 2404 4599 tantum
2458 4542 2638 4599 scelus
2693 4540 3032 4598 admisistis?
3083 4540 3333 4610 Nunquid
3388 4540 3516 4611 quia
3560 4540 3783 4598 Christo

2191 4634 2421 4691 Domino
2468 4641 2529 4689 ut
2573 4633 2753 4690 decuit
2799 4633 3007 4689 servire
3055 4630 3304 4687 noluistis
3329 4671 3345 4697 ,
3387 4631 3508 4687 ideo
3541 4631 3784 4693 dominio

2192 4723 2311 4795 ejus
2335 4725 2592 4782 caruistis
2627 4741 2641 4777 :
2678 4724 2805 4780 dum
2846 4723 2925 4778 illi
2969 4723 3212 4778 serviunt
3242 4734 3428 4793 reges,
3461 4722 3657 4792 quibus
3686 4737 3783 4778 vos

2192 4819 2431 4884 servitis,
2475 4817 2605 4874 facti
2651 4817 2783 4874 estis
2829 4817 2957 4871 mali
3006 4816 3147 4872 servi
3186 4815 3453 4871 bonorum
3499 4830 3782 4872 servorum

2194 4909 2428 4975 Christi,
2472 4924 2571 4980 per
2610 4909 2757 4979 ipsos
2808 4907 3059 4975 conterit,
3107 4906 3505 4963 contumaciam
3542 4913 3783 4961 vestram

2197 5017 2298 5073 per
2338 5002 2487 5071 ipsos
2524 5000 2772 5070 dissipat,
2817 4998 3043 5055 consilia
3089 5006 3273 5055 vestra
3302 5012 3402 5068 per
3447 4997 3592 5069 ipsos
3621 4998 3783 5053 retri-

2197 5093 2326 5149 buet
2347 5090 2556 5148 scelera
2582 5090 2638 5145 in
2663 5089 2844 5158 capita
2870 5095 3073 5144 vestra.
3121 5087 3398 5144 Hactenus
3423 5087 3779 5159 Augustinus.

2271 5181 2388 5238 Sive
2431 5188 2607 5235 autem
2644 5179 2930 5250 prophetia:
2970 5177 3393 5243 evacuabuntur,
3440 5178 3546 5233 sive
3586 5177 3783 5248 lingua:

2199 5274 2491 5338 cessabunt,
2515 5274 2620 5328 sive
2643 5270 2861 5327 scientia
2884 5270 3215 5335 destruetur;
3249 5283 3314 5325 es
3340 5279 3488 5340 parte
3519 5268 3658 5323 enim
3693 5283 3783 5323 co-

2198 5365 2519 5437 gnoscimus,
2554 5371 2605 5417 et
2629 5379 2695 5418 ea:
2724 5371 2874 5432 parte
2902 5361 3289 5434 prophetamus,
3325 5376 3442 5415 cum
3479 5368 3655 5414 autem
3691 5374 3781 5414 ve-

2201 5456 2335 5511 nerit
2362 5454 2500 5526 quod
2519 5452 2805 5525 perfectum
2833 5463 2932 5519 est,
2962 5448 3356 5507 evacuabuntur
3393 5466 3513 5521 qua:
3534 5464 3603 5514 ea:
3634 5457 3783 5521 parte

2198 5557 2340 5603 sunt.
2394 5544 2622 5620 (Ambr.)
2673 5544 2867 5602 Omnia
2912 5541 3299 5600 charismatum
3344 5541 3483 5596 dona
3525 5538 3781 5596 cvacuan’

2200 5639 2339 5695 dixit
2360 5679 2376 5706 ,
2419 5639 2545 5709 quia
2594 5654 2702 5695 non
2755 5644 2962 5694 tantum
3017 5641 3245 5705 possunt
3300 5632 3780 5705 comprehendere,

2203 5737 2463 5800 quantum
2512 5729 2627 5800 ipsa
2674 5728 2873 5784 veritas
2914 5725 3097 5790 habet,
3126 5736 3301 5794 neque
3329 5737 3427 5779 nos
3450 5729 3540 5777 aut
3562 5733 3780 5797 capere,
