4082 6332
230 391 336 446 ηδ

731 381 1275 442 ENARBATIONUM
1310 381 1380 438 1N
1420 381 1566 438 EPP.
1591 380 1808 437 ‘PAULI
1841 378 1968 435 LIB.
2007 379 2098 435 XL
2141 407 2209 418 -
2242 376 2309 434 ΙΝ
2345 379 2563 435 EPIST.
2600 381 2623 435 l
2655 381 2748 436 AD
2786 381 2943 439 COR.

3373 388 3475 443 136

220 506 322 554 aut
367 510 595 553 narrare
638 511 924 566 possumus
967 494 1354 566 plenitudinem
1392 492 1654 549 veritatis.
1696 490 1797 559 Qui
1828 498 1877 557 Α
1902 491 2006 547 nisi
2034 498 2241 561 tropus,
2264 492 2357 549 ubi
2381 492 2527 549 aliud
2562 508 2627 549 ex
2652 494 2759 550 alio
2787 495 3135 568 intelligitur?
3160 500 3321 570 quale
3347 501 3476 560 illud

218 588 369 644 enim
411 585 534 642 ﬁeri
572 594 748 657 potest
783 593 843 640 ut
883 584 1066 656 lingua
1106 584 1341 640 humana
1363 598 1538 638 omne
1577 581 1809 652 comple-

219 684 407 733 ctatur
448 674 594 746 quod
634 673 729 730 Dei
777 674 902 729 est?
947 674 1074 729 Ideo
1123 673 1431 730 destruetur
1471 672 1809 744 imperfectio

220 774 438 831 nostra,
464 780 571 820 non
599 763 653 818 id
678 764 820 834 quod
837 779 1033 824 .vcrum
1060 772 1143 819 est
1171 762 1534 828 evacuabitur,
1558 763 1654 818 sed
1682 762 1810 817 dum

220 856 446 910 additur
482 853 799 925 imperfecto
838 852 981 924 quod
1025 854 1195 919 deest,
1222 852 1549 909 destruetur.
1590 853 1813 908 Destru-

221 946 341 1000 ctio
365 946 515 1001 enim
542 944 961 1016 imperfectionis
985 953 1089 1010 est,
1116 945 1329 1015 quando
1363 944 1418 1000 id
1444 946 1589 1015 quod
1615 946 1808 1016 imper-

222 1034 433 1091 fectum
466 1043 551 1091 est
581 1034 835 1106 impletur
871 1035 926 1089 in
954 1052 1162 1090 verum.
1193 1034 1325 1089 Cum
1363 1052 1527 1091 essem
1560 1036 1809 1106 parvulus

222 1128 384 1199 quasi
423 1126 678 1197 parvulus
730 1124 999 1196 loquebar,
1038 1120 1190 1197 quasi
1238 1124 1486 1197 parvulus
1524 1126 1808 1197 sapiebam,

221 1218 384 1286 quasi
427 1215 677 1287 parvulus
719 1215 1009 1287 cogitabam
1035 1232 1055 1270 :
1088 1233 1206 1270 cum
1262 1216 1435 1284 factus
1471 1232 1587 1271 sum
1631 1217 1708 1272 vir
1747 1234 1812 1273 ea

222 1324 348 1378 quae
375 1305 581 1378 parvuli
612 1316 780 1371 erant,
807 1304 1062 1359 destruxi.
1094 1303 1210 1358 Hoc
1233 1303 1370 1358 dixit
1396 1304 1520 1374 quia
1550 1312 1812 1360 exeuntes

224 1398 413 1454 sancti
450 1398 518 1454 de
550 1396 657 1452 hoc
700 1396 901 1451 mundo
942 1394 1064 1467 plus
1109 1409 1332 1450 necesse
1377 1402 1461 1449 est
1508 1393 1807 1462 inveniant,

226 1506 402 1561 quam
432 1504 575 1545 nunc
604 1495 815 1559 putant,
844 1487 985 1543 sicut
1020 1486 1256 1544 Joannes
1302 1485 1577 1557 apostolus
1596 1486 1663 1542 de
1692 1484 1810 1541 Sal-

225 1576 423 1637 vatore
468 1578 641 1634 dixit:
680 1576 826 1631 Tunc
862 1577 1145 1633 videbimus
1180 1574 1332 1630 illum
1368 1576 1504 1630 sicut
1546 1584 1719 1631 etest.
1747 1575 1808 1632 In

227 1674 338 1728 hac
369 1685 504 1743 ergo
531 1669 643 1725 vita
670 1667 880 1739 parvuli
904 1683 1109 1734 sumus,
1140 1667 1207 1723 ad
1233 1667 1691 1737 comparationem
1725 1665 1810 1723 fu-

228 1773 372 1818 turae
404 1762 531 1816 vitae
557 1760 684 1831 quia
719 1759 861 1816 sicut
896 1759 1006 1814 vita
1035 1759 1151 1814 haec
1177 1756 1489 1827 imperfecta
1522 1766 1623 1824 est,
1655 1758 1726 1812 ita
1753 1766 1810 1814 et

1906 592 1992 641 cst
2014 585 2082 640 ad
2101 584 2607 642 Thessalonicenses
2628 602 2643 641 ;
2666 585 2853 658 Itaque
2873 604 2978 643 non
2997 587 3319 647 dominatus
3342 593 3478 648 sicut

1905 684 1954 731 et
1975 676 2172 742 cateri,
2196 676 2287 730 sed
2309 676 2576 746 vigilemus
2608 687 2655 732 et
2682 678 2843 732 sobrii
2865 679 3029 734 simus
3058 698 3076 737 :
3100 696 3222 736 nam
3240 683 3330 753 qui
3352 683 3477 738 dor-

1908 767 2075 822 miunt
2108 775 2255 820 nocte
2285 766 2568 834 dormiunt,
2599 776 2648 822 et
2680 768 2772 839 qui
2800 768 3144 838 iuebriaatur,
3177 781 3325 828 nocte
3348 773 3480 829 ebrii

1907 864 2050 911 sunt.
2079 854 2192 910 Nos
2211 864 2404 920 autem,
2426 857 2515 928 qui
2540 857 2646 913 diei
2665 874 2847 913 sumus
2867 858 3028 914 sobrii
3046 860 3209 916 simus
3251 859 3305 933 (1
3324 860 3475 919 Thes.

1907 945 1984 1017 v).
2027 946 2134 1003 Sed
2170 946 2286 1003 haec
2329 946 2583 1018 allegoria
2633 963 2741 1004 non
2785 956 2872 1005 est
2906 950 3132 1021 muigma
3158 970 3174 1005 :
3204 967 3332 1007 nam
3374 953 3481 1009 nisi

1909 1035 2135 1091 multum
2165 1036 2339 1092 tardis
2363 1036 2466 1093 iste
2506 1052 2695 1093 sensus
2734 1038 2789 1092 in
2822 1047 3075 1108 promptu
3102 1049 3217 1107 est;
3248 1041 3478 1113 aenigma

1909 1132 1995 1183 est
2016 1134 2216 1191 autem,
2251 1133 2310 1180 ut
2333 1126 2574 1183 breviter
2613 1127 2876 1198 explicem
2921 1128 3151 1184 obscura
3199 1129 3479 1202 allegoria,

1911 1216 2050 1273 sicut
2074 1224 2220 1283 sunt,
2253 1206 2594 1289 sanguisuga:
2620 1226 2731 1274 tres
2771 1224 2928 1275 erant
2953 1218 3100 1285 tiliae,
3130 1228 3185 1276 et
3225 1235 3479 1290 quaecun-

1910 1321 2015 1377 que
2038 1304 2256 1361 similia.
2289 1304 2396 1363 Sed
2423 1307 2515 1363 uhi
2536 1306 2848 1378 allegoriam
2872 1309 3169 1365 nominavit
3190 1308 3482 1381 Apostolus

1855 1454 1860 1459 ,
1910 1411 2017 1451 non
2064 1396 2119 1451 in
2158 1395 2323 1452 verbo
2365 1411 2487 1452 eam
2531 1396 2748 1466 reperit,
2796 1397 2891 1453 sed
2936 1397 2990 1452 in
3039 1396 3201 1464 facto,
3246 1413 3372 1457 eum
3413 1414 3482 1455 ex

1862 1500 1871 1509 '
1909 1484 2115 1543 duobus
2136 1484 2260 1541 [iliis
2278 1485 2531 1553 Abrahae,
2550 1501 2659 1542 uno
2682 1486 2749 1543 de
2773 1486 2985 1551 ancilla,
3009 1487 3179 1546 altero
3198 1489 3265 1545 de
3288 1489 3482 1558 libera,

1908 1577 2053 1647 quod
2115 1591 2225 1631 non
2281 1576 2514 1644 dictum,
2574 1577 2671 1634 sed
2729 1576 2892 1633 etiam
2932 1575 3139 1633 factum
3192 1577 3325 1645 fuit,
3376 1580 3483 1635 duo

1910 1674 2233 1724 testamenta
2273 1667 2623 1740 intelligenda
2669 1668 2991 1725 monstravit
3016 1667 3157 1741 (Gal.
3196 1670 3296 1742 iv),
3336 1672 3481 1742 quod

1910 1767 2200 1831 antequam
2250 1768 2545 1830 exponeret
2585 1760 2876 1817 obscurum
2916 1758 3039 1827 fuit,
3069 1760 3190 1817 ideo
3227 1761 3481 1833 allegoria

229 1853 487 1908 scientia.
528 1850 772 1906 Videmus
811 1867 948 1906 nunc
984 1865 1078 1921 per
1113 1848 1379 1919 speculum
1425 1848 1480 1902 in
1516 1846 1808 1919 tenigmate,
1842 1851 1888 1913 Β
1916 1851 2058 1918 talis,
2104 1852 2248 1923 quod
2277 1860 2360 1909 est
2405 1850 2656 1925 generale
2697 1867 2916 1920 nomen,
2952 1862 3133 1923 posset
3177 1854 3484 1925 specialiter

226 1956 357 1999 tunc
380 1960 500 1999 vero
527 1943 664 2014 facie
686 1942 756 1996 ad
778 1942 985 2013 faciem.
1010 1940 1267 2012 Apertum
1282 1940 1367 1997 θέε
1392 1955 1536 1997 nunc
1552 1940 1811 2012 imagines

227 2034 405 2091 videri
452 2049 550 2104 per
575 2032 755 2097 ﬁdem,
789 2040 914 2087 tunc
942 2047 1031 2087 res
1078 2031 1242 2102 ipsas.
1285 2027 1488 2103 (Greg.)
1520 2029 1811 2085 Videamus

224 2126 460 2183 Paulum
489 2126 726 2197 quadam
762 2123 987 2196 caligine
1027 2124 1180 2194 quasi
1224 2122 1463 2179 infantize
1487 2123 1681 2194 pannis
1715 2123 1812 2179 ob-

224 2220 500 2277 vulutum.
549 2219 662 2284 Ait,
710 2214 941 2273 ridemus
987 2234 1122 2272 nunc
1158 2235 1252 2288 per
1284 2217 1548 2289 speculum
1586 2220 1643 2273 in
1683 2219 1812 2275 teni-

225 2318 427 2382 gmate,
470 2318 595 2363 tunc
640 2316 813 2362 autem
855 2308 990 2378 facie
1023 2307 1093 2362 ad
1131 2304 1359 2379 faciem:
1388 2326 1526 2364 nunc
1557 2327 1809 2382 cognosco

223 2422 294 2460 ea:
318 2414 491 2480 parte,
517 2412 640 2456 tunc
672 2417 980 2472 cognoscam
1010 2402 1143 2456 sicut
1175 2410 1224 2456 et
1265 2402 1500 2473 cognitus
1524 2419 1673 2483 .sum.
1706 2402 1809 2472 Qui

223 2496 274 2551 si
316 2509 380 2550 se
428 2493 497 2548 ad
541 2492 1043 2561 comprehendenda
1093 2491 1332 2548 caelestia
1390 2492 1653 2549 infantem
1700 2510 1809 2551 non

226 2594 481 2643 cerneret
523 2584 701 2639 aetatis
728 2599 871 2652 suas,
907 2584 975 2640 ad
1002 2584 1117 2641 haec
1158 2586 1620 2655 comparationem
1660 2586 1811 2645 nullo

227 2679 393 2734 modo
418 2678 790 2748 prtemisisset,
818 2678 1039 2734 dicens:
1065 2676 1196 2735 Cum
1228 2695 1388 2734 essem
1424 2680 1697 2747 paruulus,
1724 2680 1808 2736 lo-

223 2768 429 2839 quebar
456 2777 511 2822 ut
538 2768 812 2838 paruulus,
842 2768 1104 2840 sapiebam
1130 2778 1187 2823 ut
1216 2769 1487 2841 parvulus,
1517 2772 1808 2842 cogitabam

227 2873 284 2915 ut
306 2860 581 2931 parvulus.
609 2859 761 2916 Tunc
787 2875 916 2933 ergo
952 2862 1019 2917 ad
1047 2862 1213 2918 robur
1231 2861 1469 2933 juvenile
1494 2864 1809 2923 conscendi:

229 2970 351 3008 mus
374 2968 501 3008 cum
528 2951 653 3009 forti
683 2969 872 3021 sensu,
911 2970 1029 3011 eam
1060 2955 1129 3011 ad
1155 2971 1316 3027 quam
1350 2955 1618 3014 tendimus
1640 2959 1809 3013 vitam

228 3044 517 3101 videmus:
544 3062 691 3102 nunc
718 3054 896 3102 autem
937 3049 1065 3118 quia
1100 3048 1414 3105 intentionis
1437 3057 1638 3120 nostrte
1664 3052 1810 3108 acies

228 3152 327 3208 per
373 3134 745 3190 inﬁmitatem
793 3151 946 3192 suam
990 3139 1059 3193 ab
1100 3139 1312 3197 interna
1352 3140 1472 3196 luce
1510 3142 1810 3198 retunditur

1906 1943 2135 2014 aenigma
2164 1937 2453 2000 nominari.
2503 1941 2757 2010 Proinde,
2789 1952 3050 2015 quantum
3078 1945 3215 2001 mihi
3242 1945 3474 2012 videtur,

1908 2034 2047 2091 sicut
2090 2035 2308 2091 nomine
2353 2036 2555 2106 speculi
2601 2036 2893 2109 imaginem
2916 2035 3087 2091 voluit
3128 2035 3371 2109 intelligi,
3400 2037 3476 2092 ita

1906 2126 2125 2183 nomine
2177 2126 2478 2198 tenigmatis
2525 2127 2772 2197 quamvis
2812 2111 3251 2194 nsimilitudinem,
3303 2137 3483 2186 tamen

1906 2217 2194 2275 obscuram
2224 2224 2282 2272 et
2315 2218 2382 2273 ad
2430 2217 2863 2289 perspiciendum
2895 2216 3186 2274 diliicilem.
3217 2219 3350 2275 Cum
3381 2220 3483 2292 igi-

1908 2315 1999 2362 tur
2030 2305 2236 2378 speculi
2264 2315 2319 2363 et
2346 2307 2647 2377 aenigmatis
2675 2302 2893 2365 nomine
2927 2324 3262 2380 quaecunque
3298 2310 3485 2367 simili-

1906 2399 2121 2455 tudines
2164 2397 2236 2455 ab
2279 2398 2538 2468 Apostolo
2588 2398 2907 2471 significata:
2960 2400 3184 2471 intelligi
3232 2401 3480 2472 possint.

1906 2505 2026 2561 quae
2056 2489 2477 2546 accommodata:
2515 2498 2643 2547 sunt
2670 2491 2739 2546 ad
2771 2490 3176 2563 intelligendum
3200 2491 3392 2558 Deum,
3416 2507 3484 2548 eo

1906 2580 2067 2637 modo
2115 2597 2223 2652 quo
2247 2589 2443 2651 potest,
2488 2581 2626 2637 nihil
2670 2592 2852 2641 tamen
2899 2590 2984 2639 est
3025 2583 3483 2639 accommodatius

1906 2689 2067 2744 quam
2103 2672 2156 2728 id
2180 2674 2326 2743 quod
2356 2675 2535 2745 imago
2560 2671 2676 2742 ejus
2703 2688 2811 2729 non
2835 2673 3037 2729 frustra
3063 2673 3279 2730 dicitur.
3315 2673 3485 2730 Nemo

1908 2765 2091 2836 itaque
2121 2765 2347 2821 miretur
2379 2765 2540 2820 etiam
2570 2765 2626 2820 in
2652 2765 2759 2821 isto
2783 2764 2999 2820 videndi
3023 2766 3207 2831 modo,
3234 2764 3328 2834 qui
3355 2779 3481 2821 con-

1908 2868 2093 2911 cessus
2134 2859 2217 2907 est
2254 2852 2381 2907 huic
2414 2852 2539 2909 vitae
2574 2866 2671 2923 per
2707 2852 3010 2922 speculum,
3036 2853 3245 2909 scilicet
3273 2853 3329 2909 in
3352 2853 3486 2908 aeni-

1907 2949 2087 3015 gmate
2110 2941 2359 2997 laborare
2383 2956 2513 3008 nos,
2547 2949 2610 2997 ut
2636 2943 3122 3011 quomodocuuque
3161 2943 3438 2999 videamus
3468 2962 3481 2997 :

1908 3048 2105 3088 nomen
2142 3032 2342 3104 quippe
2385 3031 2475 3089 bic
2511 3048 2619 3088 non
2648 3040 2868 3088 sonaret
2903 3032 3227 3104 aenigmatis,
3268 3034 3316 3089 si
3344 3042 3487 3090 esset

1908 3124 2144 3181 facilitas
2168 3124 2423 3180 visionis..
2468 3124 2526 3179 lu
2554 3123 2845 3195 Evangelio
2886 3139 3102 3196 quoque
3130 3125 3392 3183 Dominus
3419 3127 3486 3182 ad

228 3241 391 3280 meus
420 3232 624 3291 nostra,
653 3225 816 3305 ligata
853 3226 1093 3283 infantiae
1119 3229 1315 3299 pannis
1345 3236 1577 3287 tenetur.
1624 3229 1807 3306 (Δίῳ.)
1835 3209 1880 3274 C
1910 3218 2201 3290 discipulos
2228 3219 2338 3273 ait:
2383 3217 2513 3273 Dico
2554 3217 2692 3273 enim
2740 3217 2880 3273 vobis
2916 3218 3056 3288 quod
3097 3218 3267 3289 angeli
3308 3235 3488 3274 eorum

230 3312 367 3369 Nam
397 3314 452 3369 in
484 3314 691 3386 psalmo
715 3315 972 3386 scriptum
1000 3324 1083 3372 est
1120 3335 1133 3370 :
1177 3316 1464 3387 Miriﬁcata
1494 3329 1569 3375 est
1596 3321 1813 3376 scientia

231 3416 324 3461 tua
366 3423 434 3460 ex
480 3422 584 3472 me,
633 3406 913 3475 convaluit,
954 3425 1060 3463 non
1098 3420 1275 3481 potero
1322 3410 1391 3464 ad
1437 3410 1584 3464 illam
1637 3411 1807 3484 (Psal.

230 3496 517 3569 cxxxvm),
540 3512 609 3552 ex
643 3513 749 3564 me,
782 3499 977 3569 quippe
1005 3499 1244 3571 intelligo
1269 3516 1428 3571 quam
1457 3503 1527 3558 sit
1551 3503 1813 3560 mirabilis

230 3594 285 3640 et
323 3586 894 3657 incomprehensibilis
934 3590 1159 3645 scientia
1208 3599 1318 3657 tua,
1362 3608 1468 3663 qua
1492 3608 1577 3647 me
1599 3580 1808 3661 fecisti,

229 3677 451 3747 quando
496 3692 598 3732 nec
639 3677 903 3750 meipsum
954 3680 1409 3750 comprehendere
1455 3682 1605 3738 valeo
1651 3699 1811 3754 quem

228 3766 415 3821 fecisti
438 3784 451 3818 :
475 3774 530 3821 et
556 3774 733 3822 tamen
763 3768 816 3822 in
840 3756 1177 3845 meditatione
1199 3787 1312 3824 mea
1343 3773 1639 3829 exardescet
1675 3776 1810 3845 ignis

227 3855 412 3927 (Ἐπεί.
459 3855 710 3932 mviu),
756 3868 818 3915 ut
856 3875 1093 3932 quaeram
1144 3858 1337 3917 faciem
1389 3870 1535 3917 tuam
1576 3878 1808 3935 semper.

224 3950 632 4020 lncorporalem
674 3951 1031 4006 substantiam
1076 3952 1190 4007 scio
1224 3967 1345 4009 esse
1377 3954 1718 4022 sapientiam,
1758 3963 1813 4012 et

226 4041 414 4097 lumen
454 4055 595 4107 esse,
624 4042 677 4097 in
705 4056 811 4112 quo
835 4043 1102 4111 videntur,
1132 4060 1254 4114 quae
1292 4044 1463 4101 oculis
1503 4046 1810 4102 carnalibus

228 4149 336 4188 non
364 4132 631 4197 videntur,
678 4143 733 4189 et
759 4142 937 4191 tamen
966 4136 1047 4189 vir
1074 4143 1255 4191 tantus
1278 4145 1494 4208 tamque
1524 4137 1807 4206 spiritalis,

237 4221 491 4277 Videmus
532 4240 701 4291 nunc,
750 4225 944 4296 inquit,
983 4242 1077 4295 per
1119 4225 1385 4296 speculum
1419 4227 1474 4281 in
1514 4228 1807 4299 a’nigmate,

224 4320 355 4367 tunc
399 4322 575 4366 autem
611 4312 745 4381 facie
783 4313 853 4367 ad
890 4314 1099 4395 faciem.
1152 4315 1320 4382 Quale
1359 4317 1431 4371 sit
1465 4326 1517 4372 et
1553 4319 1694 4387 quod
1739 4318 1813 4375 sit

226 4405 332 4460 hoc
364 4404 641 4475 speculum
688 4405 734 4460 si
770 4421 1093 4476 qu:eramus,
1119 4407 1362 4478 profecto
1408 4408 1539 4464 illud
1571 4411 1811 4466 occurrit

225 4498 374 4570 quod
402 4498 620 4568 speculo
648 4498 751 4569 nisi
788 4502 965 4571 imago
995 4516 1103 4555 non
1130 4502 1386 4561 cernitur.
1426 4501 1541 4558 Hoc
1571 4515 1701 4575 ergo
1729 4502 1809 4558 fa-

1909 3327 2111 3383 semper
2138 3311 2197 3365 in
2225 3310 2365 3366 caelis
2392 3310 2564 3381 vident
2596 3310 2785 3380 faciem
2806 3308 2983 3364 Patris
3005 3309 3125 3376 mei,
3150 3311 3240 3380 qui
3272 3311 3328 3364 in
3347 3309 3486 3365 cretis

1911 3413 2008 3469 est,
2047 3403 2189 3459 sicut
2217 3417 2347 3475 ergo
2385 3403 2459 3457 illi
2488 3403 2705 3468 vident,
2739 3402 2815 3457 ita
2850 3408 2905 3458 et
2944 3417 3044 3457 nos
3071 3401 3238 3474 visuri
3277 3416 3484 3467 sumus,

1912 3474 2006 3549 sed
2038 3474 2383 3549 nondumita
2414 3492 2685 3559 videmus;
2719 3498 2941 3562 propter
2978 3492 3120 3562 quod
3156 3492 3236 3547 ait
3254 3490 3484 3562 Aposto-

1912 3582 1996 3638 lus
2024 3598 2036 3635 ;
2071 3579 2320 3636 Videmus
2352 3598 2489 3636 nunc
2520 3597 2613 3652 per
2642 3579 2910 3652 speculum
2943 3580 2998 3634 in
3032 3580 3329 3649 (enigmata,
3362 3587 3488 3632 tunc

1910 3680 2085 3725 autem
2116 3670 2251 3740 facie
2274 3671 2344 3725 ad
2368 3670 2577 3741 faciem:
2620 3669 2908 3726 Praemium
2947 3670 3133 3739 itaque
3166 3669 3292 3724 lidei
3330 3664 3487 3731 nobis

1910 3760 2046 3815 visio
2103 3759 2207 3815 ista
2251 3767 2516 3815 servatur.
2592 3761 2670 3817 De
2706 3776 2812 3831 qua
2851 3766 2907 3814 et
2942 3757 3178 3814 Joannes
3229 3758 3482 3828 loquens:

1910 3849 2041 3904 Cum
2081 3850 2405 3921 apparuerit,
2450 3850 2645 3921 inquit,
2683 3849 2878 3905 similes
2918 3850 2966 3903 ei
2989 3849 3204 3915 erimus,
3234 3849 3485 3920 quoniam

1911 3941 2192 3996 videbimus
2223 3928 2340 4001 eum
2370 3941 2525 4021 siculi
2549 3950 2625 3997 est
2657 3940 2708 4012 (Ι
2729 3940 2891 3997 Joan.
2924 3939 3031 4012 tu).
3081 3939 3269 3997 Facies
3304 3949 3486 3997 autem

1911 4031 2002 4089 Dei
2052 4030 2413 4087 manifestatio
2447 4029 2565 4100 ejus
2609 4030 2952 4101 intelligenda
2988 4038 3091 4096 est,
3129 4046 3238 4086 non
3270 4031 3487 4101 aliquod

1912 4122 2017 4177 tale
2058 4121 2378 4184 membrum,
2408 4119 2568 4191 quale
2606 4134 2707 4174 nos
2736 4119 2997 4174 habemus
3034 4119 3092 4174 in
3127 4133 3372 4188 corpore,
3405 4127 3487 4173 at-

1909 4226 2013 4283 que
2062 4210 2166 4267 isto
2214 4210 2429 4265 nomine
2474 4224 2867 4279 nuncupamus.
2915 4207 3102 4279 itaque
3149 4208 3320 4267 visuri
3361 4216 3488 4263 sunt

1908 4303 2077 4358 Deum
2109 4301 2279 4357 sancti
2319 4301 2376 4356 in
2407 4301 2511 4356 isto
2549 4315 2797 4371 corpore,
2832 4299 2927 4355 sed
2957 4308 3137 4353 utrum
3178 4313 3276 4370 per
3310 4299 3484 4368 ipsum

1908 4396 2049 4450 sicut
2087 4408 2185 4464 per
2229 4408 2424 4462 corpus
2488 4407 2632 4448 nunc
2690 4391 2935 4446 videmus
2999 4389 3206 4455 solem,
3264 4389 3484 4453 lunam,

1905 4484 2108 4549 stellas,
2160 4498 2311 4557 mare
2354 4497 2418 4541 ac
2464 4490 2684 4547 terram,
2726 4488 2783 4535 et
2819 4495 2942 4550 quae
2985 4487 3113 4535 sunt
3156 4480 3207 4535 iu
3249 4494 3336 4546 ea,
3376 4494 3483 4534 non

224 4605 351 4646 cere
388 4591 569 4646 conati
605 4580 790 4668 sumus
815 4599 874 4645 ut
898 4606 994 4661 per
1018 4593 1156 4648 hanc
1198 4592 1506 4664 imaginem,
1537 4594 1681 4665 quod
1708 4608 1808 4650 nos

1909 4589 2076 4645 parva
2119 4556 2347 4645 quaestio
2393 4580 2495 4628 est.
2544 4572 2750 4627 Durum
2798 4579 2885 4626 est
2929 4569 3077 4625 enim
3118 4570 3299 4627 dicere
3340 4570 3487 4639 quod

225 4695 416 4735 sumus
465 4679 808 4745 videremus,
865 4676 1137 4751 utcunque
1203 4696 1234 4736 a
1299 4697 1407 4753 quo
1452 4682 1582 4739 facti
1620 4698 1806 4739 sumus

226 4785 487 4844 tanquam
518 4789 614 4843 per
642 4773 917 4844 speculum
959 4793 973 4831 :
1015 4775 1139 4845 quia
1164 4790 1292 4832 vero
1312 4775 1543 4849 addidit,
1589 4775 1646 4830 in
1676 4776 1806 4831 wai-

224 4876 401 4936 gmate
445 4864 630 4918 multis
672 4865 773 4920 hoc
806 4864 1133 4936 incognitum
1167 4874 1271 4930 est,
1314 4865 1407 4936 qui
1454 4881 1548 4923 eas
1594 4865 1804 4925 litteras

223 4956 481 5012 nesciunt
507 4955 558 5009 in
580 4955 773 5025 quibus
803 4963 906 5022 est,
934 4938 1175 5013 doctrina
1198 4957 1439 5027 quaedam
1469 4958 1537 5015 de
1572 4959 1805 5019 locutio-

222 5065 355 5104 num
377 5047 576 5113 modis,
604 5062 739 5118 quos
759 5046 931 5103 Graeci
960 5049 1183 5124 τρόπους
1207 5058 1419 5117 vocant.
1458 5049 1802 5121 Singulorum

222 5146 407 5194 autem
450 5136 754 5202 modorum,
797 5136 911 5191 sive
958 5146 1231 5207 traporum
1280 5139 1520 5203 nomina,
1557 5137 1805 5196 diliicilli-

221 5243 376 5287 mum
404 5234 490 5282 est
534 5235 589 5282 et
611 5226 1083 5281 insolentissimum
1107 5226 1295 5283 Latine
1317 5230 1620 5285 enuntiare.
1654 5212 1805 5289 [inde

222 5316 447 5388 quidam
493 5318 816 5387 interpretes
856 5316 1025 5373 nostri
1055 5320 1198 5389 quod
1241 5320 1317 5374 ait
1343 5320 1653 5392 Apostolus,
1681 5339 1801 5395 quae

223 5417 351 5463 sunt
392 5407 448 5460 in
485 5405 761 5477 allegoria,
799 5407 1040 5464 nolentes
1075 5406 1316 5463 Caecum
1350 5410 1671 5465 vocabulum
1705 5426 1802 5483 po-

224 5514 356 5553 nere
418 5498 895 5568 circumloquendo
952 5498 1287 5571 interpretati
1348 5511 1472 5556 sunt
1520 5503 1799 5559 dicentes:

227 5588 362 5653 ρυω
398 5598 522 5642 sunt
562 5585 711 5642 aliud
753 5605 818 5642 ea:
848 5588 952 5644 alio
995 5590 1367 5661 signiﬁcantia.
1425 5590 1594 5660 llujus
1624 5602 1804 5648 autem

228 5679 369 5747 tropi
413 5679 468 5733 id
503 5686 587 5732 est
617 5677 885 5747 allegoria;
908 5680 1091 5753 plures
1115 5688 1241 5755 sunt
1266 5682 1492 5751 species,
1526 5682 1580 5735 in
1609 5683 1804 5753 quibus

224 5779 314 5830 est
339 5782 397 5830 et
418 5772 565 5846 quod
587 5771 784 5827 dicitur
806 5772 1051 5842 :enigma.
1099 5772 1237 5839 Quid
1264 5782 1346 5828 est
1375 5787 1502 5843 ergo
1531 5773 1805 5844 allegoria,

1914 4663 2083 4721 sancti
2122 4663 2244 4719 talia
2280 4678 2508 4733 corpora
2546 4670 2675 4739 tunc
2711 4662 2987 4718 habebunt
3026 4667 3085 4716 ut
3141 4676 3246 4715 non
3271 4661 3485 4732 possint

1910 4759 2097 4815 oculos
2146 4756 2395 4812 claudere
2438 4764 2598 4825 atque
2643 4755 2854 4825 aperire
2896 4769 3019 4808 cum
3052 4753 3250 4808 volent.
3289 4753 3486 4809 Durius

1909 4858 2109 4915 autem,
2140 4847 2282 4919 quod
2311 4846 2382 4902 ibi
2405 4844 2574 4901 Deum
2601 4844 2844 4915 quisquis
2868 4843 3050 4901 oculos
3069 4842 3344 4911 clauserit,
3374 4858 3481 4899 non

1908 4939 2127 4995 videbit.
2182 4935 2239 4992 Si
2282 4936 2428 4991 enim
2467 4936 2730 5008 propheta
2782 4932 3006 4989 Elisams
3054 4948 3279 5004 puerum
3311 4949 3481 5001 ,suum

1905 5026 2054 5083 Giezi
2084 5027 2277 5082 absens
2300 5040 2525 5096 corpore
2548 5024 2682 5080 vidit
2710 5024 3061 5094 accipientem
3088 5039 3332 5091 munera,
3361 5040 3501 5094 quae.

1903 5117 2049 5172 dedit
2073 5118 2122 5172 ei
2153 5117 2389 5172 Naaman
2439 5117 2609 5188 Syrus
2639 5114 2744 5187 (IV
2766 5114 2891 5187 Reg.
2930 5114 3007 5186 v),
3060 5124 3262 5184 quanto
3308 5116 3482 5185 magis

1904 5208 1958 5263 in
1998 5208 2088 5263 illo
2113 5224 2342 5279 corpore
2379 5207 2606 5278 spiritali
2637 5207 2892 5263 videbunt
2928 5207 3101 5262 sancti
3133 5207 3335 5272 omnia,
3372 5223 3481 5263 non

1906 5298 2078 5354 solum
2122 5298 2168 5353 si
2212 5298 2397 5354 oculos
2429 5297 2706 5362 claudant,
2752 5313 2939 5353 verum
2984 5298 3147 5352 etiam
3176 5297 3317 5352 unde
3356 5306 3482 5355 sunt

1907 5402 2131 5458 corpore
2164 5387 2447 5453 absentes;
2476 5396 2529 5442 et
2556 5386 2705 5453 illud,
2737 5386 2933 5457 inquit,
2961 5386 3103 5456 quod
3133 5386 3210 5441 ait
3242 5386 3479 5455 Aposto-

1908 5479 1991 5533 lus
2020 5477 2155 5533 facie
2186 5476 2253 5533 ad
2277 5476 2488 5533 faciem.
2516 5476 2633 5533 Non
2663 5478 2806 5548 cogit
2827 5485 2885 5532 ut
2914 5476 3078 5533 Deum
3107 5492 3205 5548 per
3231 5477 3372 5534 hanc
3396 5475 3479 5531 la—
3541 5534 3549 5542 ,

1908 5572 2045 5627 ciem
2071 5568 2402 5641 corporalem
2430 5570 2519 5626 ubi
2547 5578 2671 5626 sunt
2697 5569 2835 5625 oculi
2865 5570 3174 5640 corporales
3204 5585 3304 5625 nos
3334 5569 3476 5623 visu-

1910 5677 2000 5717 ros
2032 5675 2151 5717 esse
2184 5661 2483 5727 credamus,
2511 5677 2669 5731 quem
2698 5660 2900 5732 Spiritu
2931 5661 3047 5717 sine
3077 5660 3474 5717 intermissione

1909 5752 2227 5809 videbimus.
2274 5751 2384 5809 Nisi
2412 5754 2555 5809 enim
2581 5762 2727 5809 esset
2747 5754 2909 5809 etiam
2940 5752 3213 5810 interioris
3240 5750 3471 5808 hominis
