4082 6332
573 334 674 388 197
1221 330 1281 384 Β.
1323 327 1574 384 RABANI
1609 327 1826 385 MAURI
1862 324 2146 382 ARCHIEF

2247 324 2531 384 rIOGUNT.
2570 325 2852 382 OPERUM
2890 323 3067 381 PARS
3105 323 3190 380 lll.
3285 373 3304 384 ,.
3724 324 3854 382 128

570 452 770 516 facies,
836 461 942 504 non
987 447 1190 502 diceret
1239 446 1380 500 idem
1420 444 1708 516 Apostolus
1743 442 1829 515 (ΙΙ
1873 441 1996 497 Cor.
2021 441 2136 514 ut):
2167 442 2218 505 Α
2244 450 2442 498 nostrae
2476 458 2582 497 non
2610 443 2840 498 sustinet
2876 451 2930 498 et
2954 444 3060 497 hoc
3087 442 3228 512 quod
3259 443 3324 497 de
3353 441 3472 512 ejus
3505 446 3858 505 :eternitatis

573 543 689 598 Nos
711 549 888 596 autem
907 537 1129 592 revelata
1152 537 1286 607 facie
1315 537 1537 607 gloriam
1559 536 1770 590 Domini
1800 533 2146 605 speculantes,

573 648 630 686 in
652 630 886 686 eamdem
906 627 1184 698 imaginem
1211 626 1653 696 transformamur
1677 629 1741 678 de
1766 624 1935 695 gloria
1955 624 2012 678 in
2033 622 2148 694 glo-

580 722 716 775 riam
748 721 997 790 tanquam
1027 734 1061 770 a
1091 717 1295 770 Domini
1322 716 1544 786 Spiritu.

556 865 558 868 .
645 811 803 866 Nunc
843 812 950 865 scio
991 825 1057 864 ea:
1095 818 1276 880 parte,
1325 818 1448 862 tunc
1485 825 1603 863 vero
1639 823 1978 878 cognoscam,
2016 809 2148 862 sicut

601 914 619 958 t
653 904 890 974 cognitus
919 901 1056 956 sum.
1090 899 1286 972 (Amb.)
1312 899 1366 954 ld
1395 907 1498 966 est,
1520 899 1710 955 videbo
1739 914 1858 968 qum
1885 900 2148 968 promissa

569 1002 694 1050 sunt
743 994 885 1050 sicut
930 993 1148 1056 videor,
1207 992 1310 1046 hoc
1357 998 1441 1046 est
1465 1032 1480 1058 ,
1535 977 1855 1060 pracSentem
1905 1003 2028 1044 esse
2081 989 2150 1042 ad

569 1087 760 1153 Deum,
800 1085 891 1140 ubi
919 1084 1168 1140 Christus
1207 1092 1308 1138 est.
1364 1082 1546 1155 (Aug.)
1578 1081 1659 1136 Ad
1703 1081 1849 1136 illam
1886 1079 2149 1134 visionem

572 1160 688 1242 Dei,
719 1191 839 1246 qua:
868 1176 1023 1231 nobis
1057 1175 1112 1229 in
1141 1174 1534 1230 resurrectione
1557 1174 1914 1244 promittitur,
1941 1187 2047 1228 non
2081 1187 2148 1227 ex

572 1268 676 1322 hoc
703 1267 904 1322 mundo
936 1267 1095 1321 istam
1127 1264 1615 1334 concupiscentiam
1643 1263 1922 1318 oculorum
1965 1270 2147 1317 trans-

571 1359 716 1414 ferre
749 1372 1028 1413 conemur.
1081 1355 1188 1411 Sed
1236 1355 1557 1410 mundandis
1606 1352 1857 1409 cordibus
1899 1351 1989 1422 pio
2036 1359 2150 1406 stu-

545 1450 793 1506 -deamus
831 1448 1046 1514 affectu,
1083 1463 1185 1504 nec
1219 1446 1552 1518 corporalem
1592 1444 1784 1501 faciem
1829 1442 2148 1514 cogitemus,

571 1557 694 1596 cum
721 1540 852 1596 dicit
875 1539 1166 1610 Apostolus
1195 1557 1206 1592 :
1229 1535 1485 1592 Videmus
1515 1554 1653 1591 nunc
1677 1553 1770 1606 per
1795 1533 2063 1605 speculum
2093 1535 2150 1589 in

570 1632 866 1701 amigm‘ate,
905 1623 1036 1683 tunc
1083 1639 1256 1683 autem
1299 1628 1446 1697 facie‘
1483 1627 1552 1681 ad
1595 1625 1805 1696 faciem,
1847 1625 2148 1694 praesertim

570 1721 696 1790 quia
726 1721 1037 1790 expressius
1057 1719 1226 1775 dixit:
1253 1717 1408 1772 Nunc
1433 1717 1541 1772 scio
1570 1733 1634 1771 ea:
1656 1713 1952 1788 parte,tunc
1974 1723 2148 1769 autem

2252 534 2405 589 radio
2433 547 2594 604 super
2628 549 2727 589 nos
2755 533 3163 588 intolerabiliter
3199 530 3384 602 fulget.
3436 532 3570 588 Cum
3606 550 3743 605 ergo
3773 549 3856 592 se

2249 624 2404 679 nobis
2448 624 2790 694 omnipotens
2811 623 2953 678 Deus
2999 638 3099 692 per
3142 623 3310 678 rimas
3357 623 3857 694 contemplationis

2247 717 2471 784 indicat,
2517 732 2862 788 nequaquam
2904 716 3062 772 nobis
3111 715 3369 784 loquitur,
3421 715 3514 769 sed
3546 724 3844 770 susurrat:

2247 808 2372 878 quia
2403 809 2502 864 etsi
2541 809 2699 878 plene
2731 823 2838 862 non
2879 807 3122 870 intimat,
3163 805 3408 878 quaedam
3449 815 3632 863 tamen
3670 808 3742 864 de
3775 822 3852 864 se

2249 901 2496 956 humanm
2528 899 2694 954 menti
2723 897 3054 970 manifestat.
3089 897 3240 952 Tunc
3265 905 3446 952 autem
3488 913 3850 970 nequaquam

2242 992 2357 1062 jam
2400 993 2652 1057 susurrit,‘
2699 992 2793 1046 sed
2837 969 3077 1060 loquitur
3113 1005 3235 1045 cum
3273 990 3392 1058 ejus
3435 989 3589 1045 nobis
3624 969 3852 1060 species

2248 1089 2396 1136 certa
2445 1081 2736 1137 revelatur.
2788 1081 2925 1136 Hinc
2969 1090 3051 1136 est
3091 1081 3233 1134 enim
3265 1078 3410 1150 quod
3453 1079 3505 1134 in
3539 1079 3849 1151 Evangelia

2249 1170 2462 1227 Veritas
2483 1173 2638 1228 dicit:
2658 1169 2848 1225 Palam
2873 1171 2937 1225 de
2959 1169 3118 1224 Patre
3138 1169 3459 1224 annuntiabo
3485 1168 3624 1223 vobis
3646 1168 3840 1238 (Joan.

2249 1261 2392 1335 xvr);
2437 1262 2563 1318 hinc
2605 1261 2747 1333 quod
2773 1259 3012 1318 Joannes
3040 1261 3114 1316 ait
3145 1277 3158 1313 :
3196 1259 3494 1314 Videbimus
3535 1277 3658 1314 eum
3697 1261 3846 1314 sicut

2249 1363 2326 1408 est
2366 1352 2728 1422 (IJoan.m);
2763 1353 2887 1408 hinc
2907 1351 3106 1407 Paulus
3131 1351 3260 1406 dicit
3291 1370 3304 1406 :
3342 1350 3485 1405 Tunc
3523 1366 3844 1420 cognoscam

2251 1447 2382 1501 sicut
2408 1455 2456 1501 et
2479 1445 2716 1516 cognitus
2749 1461 2862 1499 sum
2888 1458 2906 1496 :
2943 1443 3098 1499 Nunc
3125 1452 3308 1498 autem
3333 1442 3547 1498 divinus
3576 1457 3846 1496 susurrus

2253 1544 2331 1593 tot
2358 1536 2427 1592 ad
2456 1550 2556 1590 nos
2594 1549 2762 1590 venas
2802 1535 2991 1600 habet,
3033 1542 3164 1603 quot
3203 1533 3403 1588 creatis
3431 1532 3691 1602 operibus
3721 1531 3844 1601 ipsa

2253 1625 2505 1681 divinitas
2526 1625 2810 1696 praesidet:
2828 1625 2953 1680 dum
2979 1625 3123 1681 enim
3150 1640 3271 1694 qua:
3290 1631 3414 1680 sunt
3435 1630 3631 1679 cuncta
3649 1632 3846 1678 creata

2254 1721 2565 1786 cernimus,
2623 1719 2678 1775 in
2710 1717 2985 1774 Creatoris
3040 1716 3398 1772 admiratione
3467 1715 3845 1771 sublevamur.

570 1805 881 1880 cognoscam
925 1811 1062 1865 sicut
1091 1821 1138 1864 et
1170 1809 1406 1880 cognitus
1433 1825 1569 1862 sunt.
1619 1806 1676 1862 Si
1714 1821 1844 1878 ergo
1870 1815 1998 1862 tunc
2031 1821 2152 1861 cor-
2177 1799 2226 1859 B
2254 1811 2390 1867 Nam
2433 1811 2576 1867 sicut
2614 1825 2754 1880 aqua
2797 1807 3078 1880 aequaliter
3110 1806 3281 1862 fluens
3319 1805 3513 1860 rimata
3544 1821 3642 1875 per
3667 1819 3848 1858 venas

567 1901 736 1970 porali
767 1899 906 1957 facie
930 1901 1100 1956 Deum
1127 1913 1536 1972 cognoscemus,
1568 1895 1836 1967 corporali
1865 1911 2008 1951 nunc
2030 1895 2147 1966 ejus

568 1989 710 2047 facie
740 1993 941 2062 cogniti
989 2006 1215 2046 sumus:
1251 1982 1375 2044 tunc
1407 1989 1540 2044 enim
1574 2003 1916 2060 cognoscam,
1954 1986 2144 2056 inquit,

567 2081 702 2136 sicut
736 2092 784 2136 et
817 2083 1053 2152 cognitus
1085 2097 1220 2134 sum.
1259 2079 1413 2136 Unde
1435 2078 1559 2149 quis
1592 2093 1716 2132 eum
1743 2092 1851 2131 non
1887 2075 2151 2146 intelligat

568 2188 633 2228 eo
695 2173 814 2228 loco
864 2173 1028 2227 etiam
1090 2171 1292 2226 faciem-
1327 2178 1565 2224 nostram
1631 2166 1779 2221 illam
1846 2165 2152 2237 signiﬁcare

565 2265 823 2329 voluisse,
850 2266 916 2320 de
943 2279 1049 2334 qua
1085 2263 1214 2318 dicit
1247 2247 1356 2317 alio
1377 2261 1535 2316 loco:
1565 2257 1678 2314 Nos
1718 2271 1890 2312 autem
1928 2256 2150 2312 revelata

567 2354 704 2422 facie
723 2354 944 2424 gloriam
965 2354 1172 2407 Domini
1198 2351 1522 2423 speculantes
1544 2352 1599 2404 in
1615 2350 1848 2405 eamdem
1870 2349 2150 2419 imaginem

567 2444 1018 2513 transformamur
1053 2443 1116 2496 de
1137 2436 1394 2513 gloria'in
1425 2441 1670 2511 gloriam,
1695 2448 1948 2511 tanquam
1983 2456 2016 2493 a
2038 2438 2149 2492 Do-

567 2536 698 2588 mini
720 2535 942 2606 Spiritu.
973 2535 1050 2590 De
1076 2534 1244 2606 gloria
1274 2533 1484 2590 scilicet
1510 2533 1636 2588 ﬁdei
1665 2534 1719 2588 in
1755 2531 1982 2604 gloriam
2017 2545 2150 2586 con-

568 2627 932 2697 templationis
969 2635 1204 2692 πίει-ηαξ,
1242 2626 1348 2681 hoc
1382 2625 1578 2696 quippe
1615 2626 1712 2692 ait,
1743 2625 1857 2679 haec
1893 2621 2153 2678 transfor-

568 2721 743 2774 matio
788 2735 892 2789 qua
927 2718 1154 2773 interior
1189 2719 1350 2772 homo
1378 2726 1672 2773 renovatur
1697 2717 1762 2772 de
1785 2716 1874 2770 die
1902 2715 1956 2769 in
1984 2714 2147 2770 diem.

565 2808 768 2882 (Greg.)
794 2809 850 2863 In
876 2806 976 2863 Job
997 2823 1210 2878 quoque
1240 2807 1314 2862 ita
1344 2808 1602 2878 scriptum
1629 2815 1748 2864 est:
1775 2805 1940 2872 Quasi
1961 2804 2151 2876 furtive

565 2903 782 2972 suscipit
809 2901 956 2954 auris
979 2916 1094 2954 mea
1116 2917 1275 2954 venas
1298 2902 1504 2956 susurri
1525 2901 1640 2972 ejus
1668 2898 1810 2973 (Job.
1836 2898 1935 2971 ιν).
1971 2897 2152 2954 Venas

563 2992 782 3063 superni
829 2991 1036 3047 susurri
1075 2992 1224 3047 auris
1261 2993 1442 3048 cordis
1479 2991 1678 3048 furtive
1718 2991 1974 3061 suscipit,
2023 2991 2149 3061 quia

563 3085 919 3140 subtilitatem
967 3085 1259 3140 locutionis
1311 3084 1515 3140 intimae
1559 3083 1733 3139 alllata
1765 3097 1938 3151 mens,
1978 3091 2034 3139 et
2060 3097 2149 3137 ra-

562 3174 697 3242 ptim
740 3182 795 3228 et
836 3173 1045 3228 occulte
1069 3175 1377 3244 cognoscit;
1417 3174 1522 3230 nisi
1552 3174 1697 3230 enim
1726 3188 1785 3229 se
1813 3175 1881 3229 ab
1907 3173 2144 3229 exterio-
2174 3150 2219 3214 ο

563 3264 716 3318 ribus
760 3264 1046 3320 desideriis
1102 3265 1422 3332 abscondat,
1469 3265 1683 3320 interna
1726 3279 1832 3321 non
1872 3263 2152 3336 penetrat.

562 3353 877 3423 Occultatqr
923 3365 1105 3409 autem
1151 3364 1210 3408 ut
1254 3355 1456 3419 audiat,
1483 3364 1538 3411 et
1563 3355 1714 3410 audit
1738 3363 1798 3410 ut
1823 3354 2143 3422 occultetur,

561 3447 688 3518 quia
733 3455 789 3501 et
824 3448 1100 3502 subtracta
1153 3447 1456 3503 visibilibus
1509 3447 1799 3503 invisibilia
1859 3447 2141 3519 conspicit,

560 3547 617 3592 et
653 3537 859 3608 repleta
894 3538 1254 3594 invisibilibus
1288 3539 1520 3595 visibilia
1559 3539 1797 3610 perfecte
1824 3540 2141 3596 contemnit.

564 3627 868 3682 Notandum
899 3643 1045 3690 vero,
1077 3629 1290 3698 quando
1316 3645 1422 3684 non
1455 3630 1528 3684 ait
1560 3630 1714 3700 quasi
1751 3629 1944 3686 furtive
1968 3630 2143 3685 susci-

563 3721 643 3790 pit
677 3721 826 3775 auris
868 3736 985 3774 mea
1015 3737 1183 3776 venas
1221 3722 1430 3777 susurri
1470 3721 1618 3792 ejus,
1661 3736 1914 3776 susurrus
1950 3721 2146 3792 quippe

559 3811 756 3865 occulti
798 3811 946 3867 verbi
981 3820 1087 3878 est,
1129 3813 1246 3868 haec
1290 3813 1403 3884 ipsa
1442 3813 1642 3869 locutio
1670 3812 2015 3882 aspirationis
2058 3812 2142 3866 iu-

561 3905 747 3964 ιρι-ηαξ,
778 3893 928 3955 vente
957 3910 1136 3957 autem
1169 3903 1379 3957 susurri
1423 3904 1678 3958 dicuntur
1703 3918 1992 3959 causarum
2035 3902 2146 3958 ori-

560 3988 734 4058 gines,
760 3990 956 4059 quibus
983 3991 1096 4046 hinc
1129 3992 1244 4063 ipsa
1283 3994 1544 4064 aspiratio
1577 3995 1642 4050 ad
1661 4003 1898 4050 mentem
1924 3995 2142 4059 dicitur,

557 4079 710 4147 quasi
763 4080 909 4134 enim
959 4097 1125 4136 venas
1183 4085 1393 4138 susurri
1443 4085 1526 4138 sui
1575 4085 1766 4156 aperit,
1819 4100 1941 4140 cum
1992 4083 2145 4139 nobis

557 4167 698 4223 Deus
741 4169 973 4225 latenter
1016 4172 1288 4237 insinuat,
1356 4174 1554 4243 quibus
1603 4175 1775 4230 modis
1823 4175 1889 4230 ad
1946 4183 2145 4229 nostra:

559 4258 928 4330 intelligentia:
996 4277 1181 4315 aurem
1243 4264 1408 4318 venit.
1487 4265 1788 4334 Aliquando
1853 4265 1998 4319 enim
2046 4280 2146 4320 nos

559 4364 784 4434 amore,
838 4350 1127 4421 aliquando
1183 4362 1390 4410 terrore
1439 4357 1791 4426 compungit,
1853 4356 2144 4427 aliquando

555 4443 861 4512 prmsentia,
905 4445 1030 4516 quia
1060 4446 1204 4500 nulla
1236 4447 1344 4501 sint
1379 4449 1632 4513 ostendit,
1665 4448 1734 4503 ad
1765 4456 1968 4504 alterna
1997 4449 2155 4504 desi-‘

557 4532 708 4587 deria
745 4533 1017 4606 diligenda
1065 4537 1228 4608 erigit
1263 4556 1276 4590 :
1311 4539 1599 4608 aliquando
1627 4539 1779 4611 prius
1816 4549 2024 4596 teterna
2059 4541 2141 4594 in-

557 4625 722 4693 dicat,
752 4637 810 4681 ut
833 4637 953 4698 post
986 4632 1302 4701 temporalia
1331 4633 1613 4698 vilescaut,
1643 4634 1934 4704 aliquando
1955 4642 2140 4689 nostra

559 4717 714 4772 nobis
758 4719 898 4799 mala
934 4723 1130 4791 aperit,
1169 4731 1223 4778 et
1253 4724 1319 4779 ad
1360 4725 1461 4779 hoc
1502 4741 1601 4780 nos
1639 4741 1830 4798 usque,
1861 4733 1920 4781 ut
1951 4726 2142 4782 alienis

555 4808 720 4862 etiam
757 4810 916 4866 malis
957 4813 1268 4884 doleamus,
1323 4819 1598 4882 extendit,
1643 4817 1934 4888 aliquando
1965 4819 2138 4873 aliena

559 4897 704 4952 mala
728 4902 930 4957 nostris
955 4903 1234 4960 obtutibus
1261 4905 1465 4976 objicit,
1499 4916 1554 4964 ct
1582 4918 1935 4978 compunctos
1975 4909 2140 4962 mira-

558 4986 742 5043 biliter
790 5004 823 5044 a
869 5001 1055 5048 nostra
1109 4995 1378 5064 pravitate
1425 4999 1668 5070 corrigit.
1718 5000 1896 5055 Venas
1960 5001 2141 5068 itaque

559 5076 728 5133 divini
772 5084 982 5138 susurri
1029 5083 1212 5140 furtim
1257 5089 1481 5155 audire,
1531 5098 1616 5144 est
1658 5090 1897 5146 occultos
1943 5090 2140 5146 divinae

558 5169 902 5240 aspirationis
952 5165 1424 5235 modos'tcnuiter
1462 5190 1516 5237 et
1556 5181 1786 5237 latenter
1824 5197 2137 5253 agnoscere,

559 5264 807 5334 quamvis
835 5267 1010 5324 adhuc
1040 5269 1123 5325 vel
1163 5271 1470 5340 susurrum,
1499 5275 1581 5331 vel
1613 5291 1777 5332 vcnas
1817 5277 2025 5331 susurri
2058 5277 2139 5331 iu-

557 5354 800 5425 telligerc
829 5358 988 5415 aliter
1010 5363 1284 5420 valeamus
1310 5385 1322 5419 :
1347 5367 1437 5436 qui
1464 5367 1610 5423 enim
1637 5378 1898 5435 susurrat,
1929 5370 2138 5426 occulte

557 5443 815 5517 loquitur,
843 5462 897 5506 ct
923 5469 1110 5510 vocem
1153 5473 1258 5512 non
1289 5459 1560 5527 exprimit,
1605 5461 1698 5514 sed
1738 5461 1999 5516 imitatur.
2030 5460 2138 5517 Nos

558 5538 724 5613 igitur
751 5557 1032 5615 quousque
1057 5550 1240 5603 carnis
1267 5551 1612 5620 correptione
1643 5549 1960 5620 premimur,
1990 5552 2138 5607 nullo

559 5634 722 5689 nodo
747 5635 1044 5695 claritatem
1074 5641 1268 5695 divinre
1305 5644 1583 5712 potentirc,
1613 5642 1752 5697 sicut
1785 5643 1898 5712 ipse
1932 5643 2138 5698 incom-

561 5725 836 5783 mutabilis
879 5740 1059 5785 mauet
1106 5731 1390 5793 videmus.
1429 5733 1554 5802 quia
1604 5733 1750 5788 acies
1805 5733 2138 5788 infirmitatis

2169 4502 2221 4563 D

2251 1905 2445 1976 quaerit
2494 1911 2557 1960 ut
2599 1910 2888 1974 augeatur,
2965 1908 3225 1970 tantoque
3275 1913 3333 1954 se
3376 1898 3583 1953 vastius
3637 1885 3846 1958 fundit,

2249 2003 2451 2068 quanto
2496 2010 2663 2051 venas
2705 1993 3003 2065 apertiores
3049 1990 3318 2046 invenerit
3363 2007 3376 2041 :
3425 1988 3501 2043 ita
3559 2001 3662 2042 nos
3705 1987 3851 2041 dum

2251 2087 2505 2144 studiosae
2540 2085 2838 2142 divinitatis
2868 2084 3114 2140 notitiam
3155 2097 3224 2138 ex
3265 2089 3530 2136 creatura:
3558 2078 3676 2148 ejus
3706 2094 3850 2134 con-

2250 2180 2578 2235 sideratione
2630 2174 2968 2247 colligimus,
3011 2173 3165 2244 quasi
3205 2171 3413 2228 susurri
3450 2169 3596 2225 illius
3630 2169 3700 2223 ad
3737 2184 3850 2224 nos

2249 2283 2416 2324 venas
2453 2266 2746 2338 aperimus,
2787 2265 2913 2335 quia
2950 2279 3051 2336 per
3089 2265 3193 2319 hoc
3229 2261 3374 2332 quod
3413 2260 3613 2316 factum
3653 2260 3846 2316 cerni-

2250 2374 2393 2425 mus,
2429 2359 2684 2413 virtutem
2723 2356 2946 2412 factoris
2983 2355 3333 2418 admiramur,
3379 2361 3436 2409 et
3473 2369 3572 2423 per
3608 2365 3674 2408 ea
3716 2367 3848 2422 quae

2250 2454 2399 2514 sunt;
2425 2446 2480 2501 in
2503 2446 2743 2517 publico,
2779 2445 2908 2501 illud
2935 2447 3004 2501 ad
3028 2459 3128 2500 nos
3154 2451 3390 2509 emanat,
3424 2442 3570 2514 quod
3599 2443 3732 2499 latet
3783 2445 3845 2499 in

2248 2535 2478 2594 occulto.
2512 2534 2729 2590 Manent
2763 2544 2934 2590 autem
2963 2533 3114 2604 fides,
3141 2549 3274 2604 spes,
3302 2533 3554 2598 charitas,
3574 2533 3677 2585 tria
3701 2533 3844 2598 ha-c,

2248 2628 2423 2698 major
2465 2635 2640 2681 autem
2685 2626 2871 2680 horum
2924 2634 2999 2680 est
3046 2625 3299 2679 charitas.
3349 2621 3616 2695 (Ambr.)
3665 2621 3845 2690 Digne

2248 2719 2424 2791 major
2455 2727 2540 2774 est
2580 2719 2854 2784 charitas,
2896 2718 3022 2788 quia
3061 2725 3122 2772 ut
3163 2716 3298 2782 ﬁdes
3337 2715 3749 2788 praedicaretur,
3782 2724 3844 2770 et

2250 2825 2372 2882 spes
2417 2819 2561 2866 esset
2607 2802 2804 2865 futurae
2851 2810 3006 2876 vitae,
3059 2808 3298 2864 charitas
3343 2807 3630 2880 praestitit,
3692 2807 3846 2863 sicut

2249 2917 2411 2972 supra
2433 2901 2753 2956 memoravi.
2779 2899 2935 2956 Unde
2961 2908 3018 2956 et
3036 2899 3272 2956 Joannes
3298 2898 3574 2969 apostolus
3599 2896 3716 2952 :Ex
3735 2899 3842 2952 hoc

2249 2991 2630 3061 cognoscimus,
2680 2990 2877 3060 inquit,
2912 2990 3222 3044 charitatem
3264 2989 3410 3058 ejus,
3449 2990 3574 3060 quia
3601 2990 3712 3060 ipse
3739 3005 3841 3059 pro

2250 3082 2398 3136 nobis
2429 3082 2661 3136 animam
2683 3097 2831 3135 suam
2853 3081 3026 3152 posuit
3059 3078 3144 3150 (II
3166 3080 3328 3135 Joan.
3355 3078 3460 3152 ιιι).
3490 3077 3642 3134 Juste
3669 3077 3843 3149 igitur

2248 3176 2424 3247 major
2465 3175 2726 3240 Charitas,
2767 3157 2864 3246 per
2906 3190 3066 3244 quam
3125 3174 3481 3230 reformatum
3527 3183 3612 3230 est
3660 3190 3841 3246 genus

2246 3266 2562 3322 humanum.
2601 3266 2780 3338 (Aug.
2806 3266 2825 3339 )
2864 3266 3050 3337 Itaque
3082 3265 3184 3321 tria
3215 3274 3342 3322 sunt
3374 3266 3518 3332 lucc,
3552 3266 3749 3340 quibus
3776 3275 3840 3323 et

2247 3358 2474 3414 scientia
2519 3357 2698 3413 omnis
2743 3365 2799 3413 et
2845 3359 3128 3431 prophetia
3177 3359 3412 3425 militat,
3461 3358 3626 3424 ﬁdes,
3678 3374 3834 3429 spes,

2247 3447 2506 3504 Charitas.
2557 3447 2666 3504 Sed
2712 3447 2833 3503 fidei
2883 3448 3124 3506 succedit
3167 3449 3380 3522 species
3421 3464 3584 3518 quam
3624 3449 3836 3504 videbi-

2245 3555 2399 3607 mus,
2430 3549 2486 3596 et
2515 3541 2629 3610 spei
2660 3540 2905 3599 succedit
2932 3533 3213 3595 beatitudo
3242 3540 3388 3611 ipsa,
3420 3539 3486 3594 ad
3514 3554 3674 3608 quam
3712 3553 3840 3609 per-

2245 3632 2457 3688 venturi
2486 3647 2671 3687 sumus
2701 3648 2715 3685 :
2741 3631 2982 3687 Charitas
3023 3642 3202 3688 autem
3234 3632 3396 3686 etiam
3430 3631 3550 3686 istis
3581 3631 3838 3686 deciden-

2246 3721 2392 3778 tibus
2431 3721 2718 3794 augebitur
2745 3722 2948 3794 potius.
2980 3721 3037 3777 Si
3069 3722 3212 3778 enim
3259 3721 3530 3777 credendo
3561 3721 3838 3792 diligimus

2246 3813 2390 3884 quod
2426 3812 2661 3870 nondum
2700 3813 2982 3878 videmus,
3027 3821 3231 3884 quanto
3271 3811 3444 3882 magis
3483 3825 3605 3866 cum
3650 3812 3838 3868 videre

2247 3903 2611 3975 coeperimus;
2643 3912 2697 3958 et
2726 3903 2770 3958 si
2803 3903 3069 3974 sperando
3109 3902 3410 3974 diligimus,
3444 3917 3550 3972 quo
3593 3903 3836 3957 nondum

2247 3994 2625 4065 pervenimus,
2655 4002 2857 4064 quanto
2887 3993 3058 4064 magis
3087 4007 3208 4046 cum
3240 3990 3644 4062 pervenerimus
3671 4007 3686 4044 :
3721 3989 3835 4043 Ma-

2247 4093 2405 4150 nent,
2433 4084 2638 4152 inquit,
2671 4083 2802 4152 ﬁdes
2823 4124 2838 4146 ,
2869 4099 2985 4154 spes
3009 4125 3024 4150 ,
3054 4083 3318 4149 charitas,
3350 4084 3456 4137 tria
3489 4083 3630 4148 Iure,
3659 4081 3835 4151 major

2245 4182 2420 4226 autent
2474 4173 2662 4226 horum
2718 4173 2970 4228 charitas.
3027 4173 3167 4241 Quia
3211 4181 3266 4227 et
3315 4188 3438 4228 cum
3488 4172 3716 4242 quisque
3764 4169 3833 4224 ad

2246 4274 2446 4320 aeterna
2486 4266 2834 4336 pervenerit,
2876 4265 3088 4322 duobus
3130 4267 3248 4321 istis
3288 4263 3662 4320 decidentibus
3701 4265 3833 4317 cha-

2245 4355 2382 4411 ritas
2411 4357 2622 4412 auctior
2663 4363 2718 4411 et
2758 4357 2962 4413 certior
2997 4357 3361 4429 permanebit.
3405 4356 3566 4412 Fides
3597 4369 3832 4425 namque

2247 4454 2332 4502 est
2360 4461 2480 4518 quae
2508 4447 2674 4502 futuri
2699 4447 2890 4518 judicii
2917 4489 2931 4514 ,
2963 4463 3027 4504 ac
3056 4447 3442 4519 suppliciorum
3483 4454 3630 4502 metu
3669 4445 3829 4498 vitio-

2247 4556 2366 4596 rum
2415 4539 2547 4596 facit
2585 4541 2838 4610 cnntagia
2881 4541 3186 4607 declinari;
3239 4556 3363 4612 spes
3406 4555 3529 4612 qua:
3588 4547 3829 4594 mentem

2243 4640 2484 4688 nostram
2515 4632 2582 4688 de
2611 4633 2970 4702 praesentibus
3000 4649 3238 4688 avocans
3267 4633 3550 4689 universas
3580 4631 3830 4702 corporis

2242 4721 2544 4792 voluptates
2565 4721 2867 4777 caalestium
2888 4723 3235 4794 praemiorum
3259 4722 3669 4792 exspectatione
3698 4735 3831 4776 con-

2241 4812 2472 4878 temnit;
2522 4812 2764 4868 charitas
2803 4828 2923 4883 qua:
2981 4828 3082 4868 nos
3123 4811 3198 4867 ad
3231 4828 3474 4870 amorem
3514 4811 3719 4870 Christi
3772 4821 3830 4868 et

2242 4902 2564 4971 Spiritalium
2603 4903 2864 4958 virtutum
2909 4902 3184 4969 fructum,
3223 4903 3421 4958 mentis
3461 4903 3656 4958 ardore
3707 4918 3829 4958 suc-

2244 4996 2514 5060 cendens,
2564 4995 2825 5066 quidquid
2876 4994 2982 5049 illis
3029 4995 3365 5049 contrarium
3410 5001 3522 5057 est,
3551 5003 3665 5049 toto
3697 4993 3830 5049 facit

2241 5090 2367 5145 odio
2395 5090 2680 5156 detestari,
2714 5105 2834 5158 quae
2875 5088 2980 5144 tria
3020 5087 3147 5143 licet
3187 5088 3255 5143 ad
3295 5103 3461 5142 unum
3505 5087 3666 5146 linem
3709 5096 3829 5142 ten-

2243 5180 2369 5236 dere
2401 5180 2701 5234 videantur.
2735 5179 3037 5234 Provocant
3069 5179 3212 5234 enim
3243 5194 3340 5234 nos
3371 5194 3400 5232 a
3429 5178 3592 5234 rebus
3621 5177 3832 5239 illicitis

2242 5270 2546 5335 abstinere,
2581 5269 2792 5340 magnis
2823 5278 3002 5325 tamen
3043 5268 3378 5325 excellentiae
3418 5284 3529 5324 sua:
3569 5267 3833 5338 gradibus

2245 5361 2313 5418 ab
2359 5362 2593 5418 invicem
2640 5362 3069 5432 disseparantur.
3112 5357 3232 5416 Duo
3268 5356 3501 5430 namque
3544 5372 3832 5436 superiora

2244 5454 2457 5524 preprie
2508 5453 2785 5509 hominum
2831 5463 2959 5510 sunt
3001 5470 3223 5520 corum,
3271 5454 3364 5524 qui
3411 5453 3478 5508 ad
3530 5460 3831 5532 profectum

2243 5546 2523 5601 tendentes
2551 5587 2565 5610 ,
2616 5547 2842 5602 necdum
2893 5546 3144 5601 atl'ectum
3194 5561 3498 5617 concepere
3545 5553 3828 5607 virtutum.

2244 5635 2482 5690 Tertium
2525 5639 2830 5708 specialiter
2868 5638 2963 5692 Dei
3003 5645 3117 5702 cst,
3148 5646 3424 5693 eteorum
3471 5644 3561 5715 qui
3615 5643 3670 5697 iu
3713 5657 3833 5698 sese

2244 5729 2530 5800 imaginem
2554 5731 2644 5786 Dei
2671 5746 2734 5785 ac
2759 5729 3162 5784 similitudinem
3193 5745 3538 5800 receptu-unt.
3563 5735 3656 5791 llle
3679 5750 3832 5789 nam-
