4082 6332
161 319 267 376 129

660 317 1206 378 ENARRATIONUM
1243 319 1311 378 IN
1348 321 1496 377 EPP.
1539 320 1742 378 PAULI
1777 321 1906 378 LIB.
1949 323 2036 378 XI.
2076 353 2150 365 —-
2183 325 2250 380 IN
2289 325 2502 382 EPIST.
2545 327 2566 382 I
2604 328 2695 384 AD
2733 330 2888 386 COR.

3307 339 3413 395 I50

158 471 270 528 que
308 453 461 512 solus
497 468 562 510 ea
592 454 880 524 quabona
910 463 1066 522 sunt,
1094 453 1242 510 nullo
1270 462 1446 521 metu,
1478 451 1622 509 nulla
1651 467 1738 508 re-
1763 455 1815 516 Α
1841 460 2072 523 quatuor
2113 453 2322 524 species
2370 455 2439 510 ad
2487 457 2876 527 quadrifariam
2921 475 3088 519 sacrm
3116 463 3412 538 Scriptum

156 549 564 608 munerationis
591 547 765 620 gratia
794 555 1161 617 provocante,
1199 547 1292 603 sed
1331 547 1446 602 solo
1483 544 1740 602 bonitatis

157 650 422 712 operatur
450 639 668 694 affectu.
703 637 894 692 Omnia
919 637 1088 703 enim,
1114 645 1176 692 ut
1199 637 1276 692 ait
1301 637 1552 692 Salomon
1569 676 1585 702 ,
1615 651 1737 706 ope-

155 744 304 788 ratus
339 743 420 788 est
449 732 707 786 Dominus
745 739 953 800 propter
983 731 1309 801 semetipsum
1343 729 1362 801 (
1378 727 1536 784 Prov.
1563 744 1652 784 xvr
1676 726 1695 798 )
1721 766 1737 793 ,

153 840 268 879 suae
295 835 542 892 namque
566 820 824 876 bonitatis
849 819 1072 874 obtentu
1107 833 1324 874 omnem
1353 819 1617 874 bonorum
1648 831 1740 872 co-

150 914 300 984 piam
329 911 514 982 dignis
541 909 882 981 indignisque
913 908 1160 979 largitur,
1200 909 1326 979 quia
1376 923 1476 964 nec
1525 907 1739 978 fatigari

149 1002 372 1072 injuriis
410 1007 616 1072 potest,
653 1014 755 1054 nec
783 997 1161 1068 iniquitatibus
1194 998 1471 1054 hominum
1504 997 1736 1068 passibi-

149 1094 276 1147 liter
293 1091 626 1163 permoveri,
647 1104 863 1160 semper
889 1090 1098 1145 scilicet
1124 1103 1350 1145 manens
1372 1088 1613 1160 perfecta
1642 1088 1738 1144 bo-

149 1183 295 1238 nitas
313 1221 330 1247 ,
359 1179 824 1250 immutabilisque
851 1186 1066 1234 natura.

746 1285 974 1344 CAPUT
1019 1287 1156 1345 XIV.

150 1381 404 1435 Ostendit
441 1365 781 1452 eminentiam
809 1380 1286 1452 prophetitesuperi
1301 1379 1496 1452 donum
1523 1380 1731 1452 linguae

305 1468 400 1504 um
419 1491 436 1516 ,
465 1460 512 1504 et
539 1449 800 1521 quomodo
829 1449 1052 1520 utroque
1077 1449 1214 1504 dono
1243 1451 1310 1504 sit
1335 1449 1606 1504 utendum.

259 1541 513 1594 ectamini
538 1541 871 1606 charitatem,
903 1540 1224 1595 cemulamini
1248 1541 1506 1612 spiritalia
1524 1582 1540 1608 ,
1565 1542 1736 1613 magis

147 1639 326 1682 autem
363 1639 421 1681 ut
459 1629 802 1698 prophetetis:
842 1628 973 1684 Post
1019 1630 1338 1685 charitatem
1378 1629 1733 1700 prophetandi

147 1719 390 1774 studium
438 1719 612 1789 magis
652 1718 960 1774 habendum
1010 1719 1280 1786 hortatur,
1321 1720 1447 1790 quia
1487 1719 1733 1789 quamvis

1841 541 2288 612 intelligentiam,
2335 544 2439 600 hoc
2485 554 2605 614 est,
2658 547 2976 618 historiam,
3027 554 3406 627 tropologiam,

1838 629 2184 702 allegoriam,
2233 647 2540 704 anagogen,
2573 636 2877 694 transferri.
2925 641 3003 696 De
3047 642 3132 698 his
3177 655 3410 714 quatuor

1838 718 2339 792 interpretationum
2367 725 2655 794 generibus
2687 727 2878 783 heatus
2901 730 3190 800 Apostolus
3220 734 3296 790 ita
3325 735 3410 792 di-

1837 811 1914 866 cit
1937 827 1953 866 :
1980 811 2139 867 Nunc
2163 823 2355 878 autem,
2373 814 2584 883 fratres,
2616 817 2662 870 si
2689 834 2870 872 venero
2897 821 2966 874 ad
2995 837 3081 875 vos
3108 822 3299 891 linguis
3329 824 3410 878 lo-

1835 917 2028 971 quens,
2067 903 2194 974 quid
2231 904 2374 958 vobis
2403 904 2653 974 prodero,
2683 908 2783 961 nisi
2809 911 2949 964 vobis
2978 909 3166 982 loquar
3184 913 3210 966 Ρ
3234 924 3326 968 aut
3351 915 3408 970 in

1839 993 2184 1061 reuelatione,
2216 1005 2308 1049 aut
2335 996 2391 1050 in
2417 997 2668 1064 scientia,
2699 1008 2790 1052 aut
2819 1002 2874 1054 in
2897 1001 3199 1072 praphetia,
3227 1015 3318 1060 aut
3345 1005 3404 1062 in

1821 1083 2096 1137 doctrina.
2131 1083 2409 1139 Revelatio
2437 1101 2672 1156 namque
2701 1089 2770 1144 ad
2801 1088 3110 1158 allegoriam
3137 1094 3403 1163 pertinet,

1833 1185 1931 1242 per
1955 1187 2116 1242 quam
2159 1187 2223 1228 ea
2262 1189 2382 1244 qua:
2421 1175 2552 1246 tegit
2595 1177 2850 1234 historica
2891 1183 3132 1236 narratio
3171 1184 3399 1253 spiritali

1835 1279 1994 1320 sensu
2034 1273 2089 1320 et
2137 1267 2474 1337 expositione
2498 1279 2846 1335 reserantur;
2875 1283 2936 1328 ut
2961 1275 3110 1332 verbi
3135 1277 3328 1346 gratia,
3357 1279 3404 1336 si

1833 1355 1962 1410 illud
1991 1356 2205 1426 aperire
2246 1366 2532 1415 tentemus.
2577 1360 3039 1428 Quemadmodum
3082 1375 3265 1436 patres
3306 1385 3405 1424 no-

1833 1447 1934 1514 tri,
1965 1464 2142 1503 omnes
2174 1449 2270 1504 sub
2299 1451 2430 1506 nube
2461 1451 2673 1520 fuerunt
2691 1494 2707 1520 ,
2735 1464 2786 1509 et
2815 1472 2992 1511 omnes
3024 1459 3078 1511 in
3107 1457 3287 1529 Moyse
3313 1461 3405 1515 ba—

1831 1539 2016 1610 ptizati
2035 1549 2156 1594 sunt
2185 1541 2241 1594 in
2268 1541 2402 1596 nube
2426 1552 2474 1597 et
2501 1544 2555 1596 in
2577 1546 2709 1598 mari
2740 1544 2791 1616 (Ι
2819 1544 2942 1604 Cor.
2972 1547 3058 1618 κ),
3086 1558 3141 1604 ει
3161 1589 3177 1615 ,
3207 1565 3398 1620 quem-

1835 1628 2118 1684 admodum
2131 1646 2305 1685 omnes
2319 1631 2551 1687 eamdem
2571 1650 2738 1689 escam
2755 1636 3039 1706 spiritalem
3060 1640 3402 1695 manducaue-

1833 1731 1956 1775 runt
1995 1721 2235 1793 (Ibid.),
2264 1732 2319 1778 et
2346 1725 2592 1781 eumdem
2631 1727 2924 1796 spiritalem
2955 1729 3020 1783 de
3049 1733 3396 1801 consequenti

146 1811 328 1880 magni
371 1811 486 1865 sint
526 1810 796 1882 spiritales
838 1812 1072 1883 gradus,
1113 1827 1248 1883 quos
1285 1821 1590 1877 enumerat,
1635 1811 1724 1867 hic
1751 1811 1799 1870 B
1824 1819 1976 1882 petra
1991 1812 2241 1868 biberunt
2258 1821 2474 1883 potum;
2497 1825 2642 1886 petra
2666 1828 2837 1872 autem
2857 1829 2968 1872 erat
2991 1817 3247 1875 Christus.
3270 1821 3400 1888 Quas

144 1907 330 1954 tamen
383 1899 600 1965 melior,
632 1901 724 1970 qui
771 1901 839 1957 ad
867 1902 1154 1958 utilitatem
1189 1903 1444 1959 Ecclesia;
1482 1903 1725 1974 prolicit,

141 1998 201 2043 ut
224 1981 449 2045 discant
470 2005 660 2046 omnes
685 1990 881 2046 divina:
905 1991 1037 2062 legis
1062 1992 1346 2047 rationem.
1371 1991 1429 2046 In
1453 2007 1559 2062 quo
1585 1992 1728 2047 enim

139 2081 262 2148 quis
307 2081 557 2135 animum
601 2080 840 2147 dederit,
886 2081 943 2136 in
989 2096 1055 2137 eo
1097 2082 1213 2152 ipso
1254 2083 1452 2152 accipit
1497 2082 1728 2149 donum,

140 2171 363 2225 dicente
411 2169 702 2227 Salomone
729 2187 743 2224 :
791 2169 941 2226 Scire
979 2169 1143 2242 legem
1171 2187 1352 2227 sensus
1380 2181 1455 2226 est
1484 2172 1726 2242 Optimus.

140 2259 387 2313 Scientia
435 2260 582 2314 enim
626 2259 853 2314 subnixa
897 2259 1152 2315 charitati
1197 2275 1304 2317 non
1353 2260 1590 2328 inﬂatur,
1635 2263 1728 2318 sed

137 2358 221 2404 est
251 2359 572 2413 mansueta,
593 2350 889 2421 proﬁciens
914 2351 1166 2408 omnibus
1186 2353 1254 2408 ad
1284 2351 1597 2408 utilitatem.
1625 2350 1730 2418 Qui

138 2441 280 2492 enim
330 2439 570 2510 loquitur
593 2439 807 2510 linguis,
844 2457 966 2512 _non
993 2441 1289 2496 hominibus
1340 2441 1590 2513 loquitur,
1637 2444 1726 2497 sed

139 2531 248 2584 Deo
264 2549 285 2596 ;
318 2548 474 2584 nemo
505 2531 641 2585 enim
669 2531 1062 2603 audit,Spiritu
1090 2543 1265 2589 autem
1292 2534 1524 2606 loquitur
1541 2545 1730 2605 myste-

137 2623 240 2674 ria.
278 2621 534 2692 (Amb.)
571 2621 683 2678 Hoc
717 2631 800 2677 est
835 2625 980 2692 quod
1013 2625 1177 2691 dicit,
1211 2627 1337 2694 quia
1366 2626 1457 2696 qui
1492 2625 1730 2696 loquitur

139 2711 422 2782 incognita
449 2711 666 2782 lingua,
695 2712 803 2767 Deo
833 2711 1092 2782 loquitur,
1121 2714 1246 2784 quia
1279 2715 1394 2786 ipse
1420 2715 1601 2769 omnia
1631 2731 1728 2770 no-

138 2804 237 2868 vit,
277 2804 533 2859 homines
570 2804 716 2858 enim
754 2804 1040 2859 nesciunt:
1081 2805 1307 2875 ideoque
1341 2805 1516 2860 nullus
1551 2813 1728 2860 estex

138 2893 243 2949 hac
271 2909 334 2949 re
369 2893 648 2964 prolectus
672 2934 688 2961 ,
724 2893 927 2964 Spiritu
965 2904 1147 2950 autem
1182 2895 1436 2966 loquitur,
1469 2911 1576 2951 non
1603 2910 1727 2956 sen-

139 3001 202 3039 su
228 3026 246 3052 ,
278 2987 410 3054 quia
444 2984 658 3056 ignorat
711 2985 856 3055 quod
889 2985 1040 3041 dicit.
1094 2985 1199 3051 Qui
1234 2986 1370 3040 enim
1421 2986 1723 3056 prophetat,

140 3074 444 3128 hominibus
462 3073 694 3146 loquitur
713 3075 783 3129 ad
799 3074 1216 3144 adiﬁcationem,
1231 3086 1277 3131 et
1293 3077 1722 3143 exhortationem,

138 3173 185 3217 et
222 3164 660 3218 consolationem.
703 3163 1026 3220 .Ediﬁcatur
1052 3166 1196 3221 enim
1226 3166 1441 3237 quando
1467 3166 1720 3236 quaestio—
1749 3156 1792 3218 C

139 3271 270 3308 num
293 3255 623 3310 solutionem
647 3255 904 3322 addiscit,
932 3257 1240 3312 exhortatio
1268 3265 1446 3312 autem
1475 3256 1536 3312 ﬁt
1557 3257 1634 3312 illi
1663 3264 1722 3312 ut

137 3345 472 3400 desiderium
519 3347 758 3417 patiatur
800 3348 1202 3418 prophetaudi:
1248 3349 1557 3406 consolatur
1592 3365 1723 3405 vero

141 3438 272 3506 quia
311 3445 686 3506 contemptum
723 3438 1018 3508 disciplinae
1050 3440 1105 3494 in
1139 3456 1234 3511 spe
1266 3441 1412 3496 videt
1443 3458 1456 3494 :
1496 3441 1722 3497 scientia

138 3530 284 3582 enim
317 3528 458 3598 legis
488 3528 668 3584 ﬁrmat
696 3531 940 3596 animos,
976 3544 1032 3587 et
1065 3542 1322 3604 provocat
1356 3534 1424 3589 ad
1458 3534 1572 3604 spei
1606 3549 1724 3589 me-

138 3622 293 3676 lioris
325 3621 651 3692 proiectum.
696 3622 800 3688 Qui
837 3623 1070 3695 loquitur
1095 3624 1276 3696 lingua
1302 3627 1528 3696 seipsum
1557 3626 1726 3694 (ediﬁ-

137 3721 221 3763 cat
244 3751 262 3776 ,
299 3712 394 3782 qui
428 3728 546 3766 vero
582 3712 856 3782 prophetat
899 3712 1191 3768 Ecclesium
1239 3714 1484 3783 ludiﬁcat.
1534 3715 1638 3770 Per
1670 3714 1724 3770 id

135 3803 287 3857 enim
318 3804 464 3873 quod
491 3803 638 3859 solus
666 3802 806 3859 forte
833 3804 943 3860 scit
973 3805 1115 3876 quod
1151 3805 1388 3876 loquitur
1409 3847 1425 3873 ,
1460 3822 1518 3862 se
1547 3806 1718 3862 solum

137 3889 380 3946 aediﬁcat
400 3930 418 3955 ,
447 3906 569 3945 nam
599 3892 692 3962 qui
722 3892 1008 3964 prophetat
1047 3909 1265 3950 omnem
1303 3895 1516 3966 plebem
1553 3895 1724 3950 aedili-

140 3990 250 4036 cat.
297 3981 628 4052 Intelligitur
655 3983 724 4038 ab
752 3982 1004 4040 omnibus
1031 3985 1162 4054 quid
1189 3985 1455 4055 loquatur.
1489 3983 1725 4054 Prophe-

139 4081 226 4126 tas
276 4071 603 4140 interpretes
644 4072 775 4128 dicit
801 4071 1223 4144 Scripturarum,
1255 4075 1390 4152 sicut
1419 4074 1564 4130 enim
1593 4088 1722 4144 pro-

143 4164 310 4232 pheta
367 4163 552 4220 futura
601 4164 766 4231 dicit,
809 4181 928 4235 qua:
967 4167 1312 4233 nesciuntur,
1352 4169 1424 4224 ita
1466 4167 1555 4223 hic
1595 4167 1722 4222 dum

145 4253 554 4321 Scripturarum
598 4270 837 4322 sensum,
868 4256 958 4325 qui
989 4257 1170 4311 multis
1208 4257 1448 4314 occultus
1479 4265 1581 4322 est,
1612 4271 1726 4311 ma-

147 4341 332 4408 festat,
361 4343 562 4397 dicitur
581 4344 924 4414 prOphetare.
964 4343 1088 4400 Volo
1117 4355 1289 4400 autem
1318 4362 1406 4400 vos
1436 4363 1614 4401 omnes
1642 4344 1722 4398 lo-

147 4433 231 4500 qui
260 4431 489 4501 linguis,
519 4433 682 4503 magis
711 4443 884 4488 autem
908 4444 965 4488 ut
989 4435 1320 4505 prophetetis.
1359 4435 1480 4501 Non
1507 4443 1723 4506 poterat

148 4499 437 4588 prohibere
466 4499 623 4591 loqui
642 4522 867 4592 linguis,
899 4499 1024 4594 quia
1052 4499 1299 4594 superius
1326 4499 1723 4594 dixin-donum
1748 4499 1802 4559 Β

149 4612 290 4666 istud
337 4628 463 4668 esse
505 4612 737 4684 Spiritus
787 4615 1004 4670 sancti:
1055 4617 1150 4672 sed
1201 4617 1322 4672 ideo
1367 4619 1725 4689 prophetandi

150 4702 323 4771 magis
349 4702 587 4756 studium
615 4703 920 4758 habendum
947 4704 1075 4776 quia
1097 4705 1283 4761 utilius
1311 4715 1414 4762 est.
1443 4706 1623 4776 Major
1651 4716 1725 4762 est

150 4793 286 4846 enim
324 4793 417 4863 qui
456 4794 761 4864 prophetat,
803 4811 961 4861 quam
1001 4797 1090 4867 qui
1125 4795 1356 4868 loquitur
1380 4797 1592 4869 lingua,
1621 4799 1726 4852 nisi

151 4885 539 4956 interpretetur.
569 4884 705 4952 Quia
735 4887 783 4941 si
814 4871 1161 4956 interpretari
1201 4888 1437 4958 poterit,
1466 4901 1574 4942 non
1614 4887 1721 4942 erit
1751 4951 1753 4954 ,

151 4976 333 5029 minor
359 4976 487 5046 quia
512 4975 740 5031 aediﬁcat
766 4975 1061 5031 Ecclesiam
1077 5016 1092 5043 ,
1123 4975 1227 5031 hoc
1250 4976 1394 5030 enim
1421 4975 1594 5046 majus
1616 4983 1725 5043 est,

153 5065 296 5134 quod
334 5065 591 5121 omnibus
626 5065 887 5135 prodest:
930 5064 1020 5120 hic
1055 5065 1200 5119 enim
1241 5079 1341 5134 per
1389 5065 1587 5120 donum
1627 5064 1724 5119 Dei

153 5155 352 5224 linguis
400 5154 656 5224 loquitur,
702 5154 796 5224 qui
835 5154 995 5208 etiam
1037 5153 1445 5232 interpretatur,
1489 5153 1629 5208 sicut
1669 5161 1725 5208 ει

157 5243 228 5299 illi
277 5246 566 5301 duodecim
611 5245 665 5299 in
705 5245 928 5300 Actibus
985 5233 1346 5316 apostolorum
1389 5244 1546 5318 (Act.
1600 5244 1720 5317 iv).

163 5334 337 5401 Nunc,
368 5335 583 5405 fratres,
611 5336 658 5388 si
684 5351 866 5389 venero
909 5334 978 5387 ad
1005 5350 1089 5388 vos
1117 5333 1306 5404 linguis
1335 5332 1566 5403 loquens,
1597 5334 1724 5404 quid

161 5425 298 5478 vobis
339 5424 566 5494 prodero
591 5424 616 5476 .9
661 5423 722 5479 Si
766 5441 869 5478 non
909 5424 1096 5494 loquar
1141 5425 1306 5488 vobis,
1336 5425 1510 5478 autin
1536 5424 1728 5478 revela-

163 5516 326 5580 tione,
374 5525 468 5567 aut
511 5515 565 5567 in
609 5514 858 5578 scientia,
891 5524 980 5567 aut
1009 5514 1065 5567 in
1093 5514 1362 5583 prophetia
1384 5554 1399 5579 ,
1427 5523 1518 5567 aut
1550 5513 1604 5566 in
1633 5514 1728 5568 do-

165 5607 346 5660 urina.
383 5605 511 5662 Haec
538 5605 722 5661 omnia
763 5621 929 5660 unum
969 5603 1308 5675 signiﬁcant,
1348 5604 1543 5659 docere
1582 5603 1727 5658 enim

167 5713 318 5754 neme
362 5699 600 5772 poterit,
647 5698 753 5754 nisi
793 5698 1117 5770 intelligatur
1145 5716 1158 5752 :
1189 5705 1412 5768 possunt
1439 5706 1618 5753 tamen
1647 5697 1730 5754 ha:

1832 1905 2095 1975 expositio
2107 1905 2521 1977 praeﬁgurationi
2539 1909 2780 1978 corporis
2797 1918 2850 1964 et
2875 1911 3148 1982 sanguinis
3177 1911 3394 1977 Christi,

1831 2008 1992 2064 quem
2021 1995 2260 2064 quotidie
2287 1997 2568 2063 sumimus,
2599 2010 2910 2069 comparata
2931 2041 2946 2066 ,
2976 2001 3242 2072 allegoria:
3271 2019 3401 2058 con-

1831 2085 1968 2140 tinet
1992 2085 2256 2142 rationem
2275 2127 2291 2153 ,
2320 2087 2543 2142 scientia
2571 2103 2700 2143 vero
2728 2105 2848 2158 qua:
2875 2090 3124 2146 similiter
3153 2093 3221 2147 ab
3249 2092 3396 2162 Apo-

1830 2173 1968 2232 stolo
1997 2186 2345 2243 memoratur,
2385 2176 2680 2248 tropologia
2719 2189 2839 2246 est,
2868 2195 2972 2250 qua
3001 2183 3250 2238 universa
3279 2199 3398 2252 qua:

1832 2265 1900 2320 ad
1929 2264 2311 2322 discretionem
2351 2267 2626 2337 pertinent
2664 2270 2928 2328 actualem
2951 2313 2965 2339 ,
2994 2280 3170 2328 utrum
3215 2274 3394 2340 utilia,

1829 2353 1910 2410 vel
1955 2355 2182 2410 honesta
2219 2356 2360 2421 sint,
2405 2357 2656 2426 prudenti
2697 2361 3092 2416 examinatione
3134 2362 3396 2420 discerni-

1831 2460 1984 2510 mus,
2033 2453 2095 2500 ut
2135 2453 2219 2500 est
2261 2445 2390 2501 illud
2427 2462 2550 2501 cum
2580 2449 2722 2519 apud
2764 2451 3119 2520 nosmetipsos
3153 2450 3398 2520 judicare

1830 2539 2198 2609 praecipimur,
2230 2547 2409 2594 utrum
2441 2540 2628 2596 deceat
2654 2541 2937 2598 mulierem
2968 2559 3074 2598 non
3105 2544 3281 2600 velato
3308 2560 3398 2598 ca-

1828 2630 1938 2700 pite
1975 2645 2134 2685 orare
2175 2630 2389 2686 Deum?
2429 2629 2557 2697 Quae
2596 2633 2772 2697 ratio,
2818 2641 2877 2687 ut
2907 2633 3106 2688 dictum
3137 2642 3252 2698 est,
3285 2649 3398 2688 mo-

1829 2721 1996 2776 ralem
2041 2723 2285 2778 continet
2329 2721 2676 2778 intellectum.
2716 2722 2849 2778 Item
2900 2724 3183 2795 prophetia
3231 2740 3394 2793 quam

1830 2814 1990 2868 tertio
2015 2813 2306 2884 Apostolus
2351 2814 2532 2868 intulit
2575 2816 2692 2870 loco
2743 2831 3019 2887 anagogen
3066 2824 3252 2880 sonat,
3299 2832 3397 2885 per

1828 2917 1990 2973 quam
2019 2903 2088 2958 ad
2117 2904 2404 2960 invisibilia
2426 2919 2489 2958 ac
2527 2903 2703 2959 futura
2733 2921 2912 2961 sermo
2955 2906 3296 2970 transfertur,
3340 2915 3397 2959 ut

1827 3003 1912 3049 est
1939 2995 2066 3050 illud
2096 3013 2108 3048 :
2145 2993 2408 3048 Nolumus
2449 3004 2622 3049 autem
2660 2997 2902 3066 ignorare
2931 3013 3019 3050 vos
3038 3036 3052 3061 ,
3084 2997 3270 3065 fratres
3289 3035 3304 3060 ,
3333 2997 3398 3049 de

1827 3082 2231 3147 dormientibus,
2260 3092 2316 3135 ut
2359 3098 2461 3136 non
2500 3083 2910 3148 contristemini,
2951 3085 3088 3137 sicut
3134 3092 3179 3137 et
3222 3084 3396 3138 cwteri

1822 3176 1912 3246 qui
1960 3191 2102 3244 spem
2148 3189 2252 3228 non
2295 3173 2504 3227 habent.
2555 3171 2614 3227 Si
2658 3173 2796 3227 enim
2845 3173 3102 3228 credimus
3147 3174 3394 3243 quoniam

1823 3262 2062 3318 Christus
2107 3271 2345 3316 mortuus
2375 3269 2450 3315 est
2497 3270 2545 3314 et
2592 3261 2892 3315 resurrexit.
2923 3260 3012 3314 Ita
3048 3269 3096 3314 et
3131 3259 3272 3314 Deus
3309 3277 3395 3314 eos

1822 3369 1914 3424 per
1931 3350 2114 3405 Iesum
2138 3349 2360 3404 adducet
2386 3365 2502 3403 cunt
2529 3365 2609 3414 eo,
2639 3349 2736 3402 hoc
2757 3349 2894 3402 enim
2925 3348 3064 3406 vobis
3089 3347 3312 3402 dicimus
3340 3350 3396 3402 in

1826 3441 1976 3498 verbo
2009 3440 2248 3505 Domini,
2275 3439 2522 3510 quoniam
2551 3454 2644 3492 nos
2665 3477 2680 3504 ,
2706 3437 2796 3508 qui
2823 3438 3036 3492 vivimus
3071 3439 3125 3492 in
3169 3437 3392 3492 adventu

1822 3531 2071 3595 Domini,
2119 3547 2224 3585 non
2267 3531 2639 3600 prtereniemus
2691 3546 2778 3584 eos
2828 3530 2918 3600 qui
2967 3530 3293 3584 dormierunt
3343 3530 3396 3582 in

1823 3619 2064 3688 Christo,
2089 3623 2338 3694 quoniam
2362 3623 2470 3693 ipse
2515 3621 2768 3676 Dominus
2811 3622 2867 3675 in
2897 3621 3056 3691 jussu
3097 3630 3145 3674 et
3185 3621 3240 3673 in
3279 3635 3399 3674 voce

1823 3715 2143 3786 archangeli,
2173 3724 2226 3770 et
2250 3716 2305 3769 in
2334 3715 2458 3768 tuba
2483 3713 2580 3772 Dei
2607 3713 2878 3768 descendet
2903 3714 2967 3767 de
2993 3712 3117 3767 caelo
3139 3752 3154 3777 ,
3181 3721 3228 3765 et
3257 3728 3397 3764 mor-

1822 3805 1900 3858 tui
1933 3805 2023 3876 qui
2057 3805 2114 3858 in
2145 3803 2351 3860 Christo
2386 3813 2508 3859 sunt
2536 3813 2800 3874 resurgent
2830 3803 2984 3874 primi
3013 3801 3080 3874 (1
3101 3801 3252 3857 Thes.
3280 3817 3330 3855 Iv
3353 3801 3393 3872 ).

1823 3894 1959 3961 Quia
1983 3893 2375 3949 exhortationis
2397 3893 2575 3963 specie
2601 3907 2869 3964 anagoges
2895 3892 3062 3963 ﬁgura
3088 3891 3395 3961 prmfertur.

1823 3983 2079 4039 Doctrina
2111 3997 2241 4040 vero
2279 3983 2575 4053 simplicem
2615 3982 2889 4037 historicas
2925 3981 3276 4051 expositionis
3305 3996 3398 4034 or-

1825 4074 2003 4129 dinem
2039 4073 2260 4144 pandit,
2295 4071 2349 4126 in
2383 4085 2488 4140 qua
2535 4071 2712 4126 nullus
2753 4070 3016 4126 occultior
3059 4071 3394 4134 intellectus,

1825 4161 1929 4216 nisi
1966 4161 2059 4230 qui
2093 4160 2272 4216 verbis
2307 4167 2525 4214 resonat
2560 4159 2888 4225 continetur,
2929 4160 3069 4214 sicut
3098 4167 3183 4215 est
3217 4160 3346 4216 illud
3373 4179 3392 4215 :

1828 4247 2047 4302 Tradidi
2064 4248 2202 4302 enim
2219 4247 2359 4302 vobis
2386 4247 2639 4318 imprimis
2663 4247 2801 4318 quod
2825 4256 2872 4301 et
2898 4248 3071 4319 accepi
3098 4249 3219 4319 quia
3243 4247 3396 4304 Chri-

1825 4350 1937 4397 stus
1974 4351 2210 4397 mortuus
2250 4351 2326 4396 est
2348 4358 2445 4413 pro
2467 4343 2692 4412 peccatis
2721 4343 2910 4397 nostris
2936 4343 3223 4398 secundum
3250 4343 3394 4399 Scri-

1825 4439 2040 4501 pturas,
2066 4441 2112 4487 et
2137 4432 2261 4502 quia
2283 4428 2514 4502 sepultus
2537 4441 2645 4498 est,
2675 4442 2720 4486 et
2754 4434 2878 4503 quia
2922 4435 3203 4488 resurrexit
3242 4435 3395 4490 tertia

1825 4521 1911 4575 die
1934 4561 1950 4588 ,
1975 4529 2024 4576 et
2049 4521 2171 4593 quia
2194 4523 2334 4576 visus
2359 4531 2435 4577 est
2459 4521 2645 4592 Cephre
2677 4523 2749 4594 (Ι
2775 4523 2896 4578 Cor.
2930 4523 3040 4596 xv)
3072 4541 3087 4591 ;
3121 4534 3215 4580 et:
3248 4525 3394 4580 Misit

1830 4611 1968 4667 Deus
2009 4609 2057 4664 F
2059 4611 2206 4666 ilium
2245 4629 2399 4667 suum
2440 4613 2637 4683 factum
2677 4630 2740 4668 ex
2785 4613 3031 4680 muliere,
3067 4614 3261 4683 factum
3301 4617 3395 4670 sub

1826 4697 1934 4768 lege
1953 4739 1970 4764 ,
2000 4709 2057 4752 ut
2088 4715 2175 4754 eos
2205 4700 2298 4769 qui
2323 4699 2418 4754 sub
2445 4699 2556 4770 lege
2589 4710 2735 4754 erant
2770 4700 3040 4755 redimeret
3075 4700 3238 4774 (Gal.
3270 4719 3324 4758 ιν
3351 4703 3392 4775 ).

1828 4788 1953 4844 Sive
1983 4789 2113 4844 illud
2143 4807 2158 4844 :
2188 4791 2366 4856 Audi,
2410 4789 2612 4857 Israel,
2644 4789 2900 4845 Dominus
2928 4791 3068 4846 Deus
3096 4801 3218 4849 tuus
3239 4833 3254 4858 ,
3283 4793 3392 4847 Do-

1826 4878 1998 4932 minus
2024 4895 2157 4932 unus
2182 4888 2256 4934 est
2285 4879 2481 4951 (Deut.
2505 4896 2558 4934 v1
2581 4881 2620 4952 ).
3243 4931 3246 4934 .

1905 4967 2101 5024 Tamen
2141 4987 2257 5041 qua:
2297 4971 2406 5026 sine
2449 4973 2626 5026 anima
2668 4982 2806 5038 sunt,
2839 4989 3008 5028 vocem
3049 4974 3263 5038 danlia,
3291 4991 3395 5028 sive

1831 5060 1957 5114 tibia
1978 5100 1993 5127 ,
2021 5061 2125 5115 sive
2151 5060 2376 5129 cithara,
2401 5064 2446 5117 si
2473 5063 2856 5118 distinctionem
2880 5066 3082 5118 sonitus
3120 5082 3222 5119 non
3247 5065 3398 5120 dede-

1832 5152 1935 5205 rint
1955 5190 1970 5216 ,
2008 5153 2264 5222 quomodo
2305 5164 2636 5223 cognoscetur
2659 5155 2797 5225 quod
2821 5171 2914 5224 per
2938 5155 3118 5210 tibiam
3166 5157 3393 5222 canitur,

1831 5251 1920 5294 aut
1948 5243 2086 5311 quod
2111 5244 2492 5308 citharizatur;
2518 5248 2702 5300 etenim
2726 5248 2771 5300 si
2797 5247 3044 5302 incertam
3072 5265 3242 5302 vorem
3271 5250 3396 5302 tuba

1832 5331 2066 5398 dederit,
2089 5335 2205 5403 quis
2232 5351 2286 5388 se
2305 5335 2508 5402 parabit
2537 5337 2606 5391 ad
2629 5338 2868 5407 prtelium
2884 5340 2910 5392 .9
2931 5338 3192 5404 Quoniam
3219 5355 3397 5394 exem-

1831 5424 1920 5494 pla
1948 5424 2158 5480 facilius
2189 5427 2416 5481 suadent
2443 5444 2604 5497 quam
2632 5431 2814 5497 verba,
2846 5431 3107 5502 exemplis
3127 5448 3400 5488 commen~

1834 5517 1957 5582 dat,
1995 5531 2092 5588 per
2123 5533 2244 5589 qua;
2303 5517 2464 5575 facile
2498 5530 2856 5590 assequamur
2905 5538 3012 5578 non
3052 5524 3248 5580 debere
3280 5523 3400 5579 illos

1833 5608 1888 5662 in
1921 5607 2158 5664 Ecclesia
2193 5609 2338 5680 loqui
2370 5609 2601 5682 linguis,
2632 5612 2725 5682 qui
2758 5612 3100 5683 interpretari
3136 5631 3242 5669 non
3272 5630 3397 5684 pos-

1833 5706 1990 5768 sunt;
2024 5700 2092 5755 ad
2121 5700 2249 5770 quid
2279 5701 2421 5758 enim
2451 5700 2708 5773 loquitur,
2740 5719 2898 5775 quem
2928 5720 3084 5762 nemo
3112 5695 3400 5772 intelligit?
