4082 6332
653 350 748 403 151

1296 336 1354 390 Β.
1393 330 1643 388 ΒΑΒΑΝΙ
1680 327 1897 385 MAURI
1934 325 2249 382 ARCHIEP.
2292 323 2600 379 MOGUNT.
2631 321 2913 379 OPERUM
2952 319 3129 377 PARS
3164 321 3250 375 Ill.

3631 301 3913 379 '-tsa

651 464 738 518 Ita
760 471 808 517 et
833 475 920 515 uos
943 473 1033 528 per
1059 455 1291 524 linguam
1313 451 1414 505 nisi
1436 448 1812 517 signiﬁcantem
1833 419 2121 498 sermonem
2144 439 2231 492 de-
2258 443 2307 500 Α
2333 433 2580 528 tellectus
2607 432 2925 528 accesserit,
2968 431 3089 528 qui_
3107 429 3303 528 mentis
3349 438 3436 528 φι
3452 469 3466 494 ,
3514 431 3792 528 proprius,
3847 432 3916 487 ﬁt.

657 553 838 608 deritis
855 591 870 616 ,
899 546 1156 620 quomodo
1181 545 1373 597 scietur
1396 540 1533 610 quod
1560 537 1829 607 loquimini
1854 537 1878 589 .9
1901 535 2046 588 eritis
2087 533 2223 586 enim

651 645 708 696 in
750 655 874 694 aera
916 637 1179 706 loquentes
1227 631 1369 702 (hoc
1397 637 1509 692 εει,
1543 626 1678 680 nihil
1704 625 2049 694 proﬁcientes
2077 622 2128 693 ),
2168 629 2224 673 ut

650 739 810 802 puta,
849 740 1035 797 genera
1075 723 1372 791 linguarum
1411 725 1530 772 sunt
1572 717 1625 769 in
1665 716 1762 768 hoc
1803 714 1996 768 mundo
2023 722 2068 766 et
2095 711 2225 766 nihil

649 820 762 874 sine
787 831 924 871 uoce.
954 813 1118 867 Multa
1146 811 1361 881 quidem
1393 816 1517 863 sunt
1547 821 1742 877 genera
1772 806 2076 876 linguarum
2095 841 2110 868 ,
2145 803 2228 856 in-

653 907 797 977 quit,
829 905 923 958 sed
954 903 1154 958 habent
1183 913 1377 954 vocum
1405 896 1829 968 signiﬁcationes
1859 893 2135 964 proprias,
2168 898 2228 944 ut

653 996 1044 1066 intelligantur.
1081 991 1141 1048 Si
1183 1007 1303 1061 ergo
1342 989 1568 1044 nesciero
1602 988 1840 1041 virtutem
1869 987 2004 1039 vocis
2023 1025 2038 1050 ,
2067 1001 2154 1039 ero
2179 985 2226 1038 ei

652 1088 737 1140 cui
765 1085 953 1155 loquar
982 1082 1236 1136 barbarus
1255 1120 1268 1144 ,
1303 1088 1349 1133 et
1376 1081 1444 1142 is,
1475 1079 1563 1148 qui
1598 1077 1847 1146 loquitur,
1877 1075 2004 1128 mihi
2042 1072 2227 1126 barba-

655 1195 763 1232 rus.
807 1175 922 1230 Non
968 1174 1155 1242 utique
1197 1171 1251 1225 id
1297 1169 1614 1225 studendum
1650 1175 1862 1229 monet,
1903 1173 1962 1219 ut
1998 1164 2225 1218 invicem

651 1282 750 1336 per
778 1263 1108 1334 incognitam
1141 1261 1377 1330 linguam
1408 1258 1622 1313 barbari
1654 1257 1754 1312 sibi
1784 1258 2083 1317 videantur,
2133 1257 2227 1309 sed

653 1358 777 1427 quia
832 1354 1133 1411 concordiae
1177 1366 1264 1405 res
1301 1359 1414 1415 est,
1452 1349 1535 1404 his
1570 1346 1845 1402 nitendum
1882 1355 1995 1411 εει,
2034 1352 2093 1398 ut
2132 1357 2229 1414 per

652 1443 1059 1499 unanimitatem
1085 1439 1388 1494 intellectus
1409 1434 1679 1491 communi
1702 1433 1884 1488 [attitia
1907 1433 2224 1504 glorientur.

653 1533 742 1588 Sic
781 1542 830 1586 et
867 1548 976 1596 vos,
1001 1530 1246 1600 quoniam
1288 1525 1616 1581 a’mulatores
1656 1525 1777 1578 estis
1816 1524 2116 1593 spirituum,
2158 1521 2226 1575 ad

653 1622 1048 1691 aediﬁcationem
1075 1617 1325 1672 Ecclesia:
1373 1615 1610 1686 qumrite,
1641 1623 1696 1666 ut
1725 1611 2056 1682 prophetetis.
2093 1609 2227 1676 Quia

637 1713 870 1784 .prodest
901 1711 1209 1780 Scripturas
1238 1707 1549 1778 explanare.
1581 1705 1712 1760 Nam
1741 1704 1996 1758 incitatur
2023 1710 2078 1756 et
2105 1717 2229 1772 gau-

2327 527 2583 582 revelatio
2628 526 2714 580 vel
2758 527 2982 596 agnitio,
3008 524 3093 579 vel
3137 523 3453 592 prophetia,
3493 523 3575 578 vel
3618 524 3908 591 doctrina;

2325 618 2551 688 proinde
2581 617 2658 671 ait
2687 632 2701 669 :
2737 615 2794 670 Si
2825 631 3005 670 venero
3033 615 3102 668 ad
3133 631 3220 668 vos
3261 613 3454 684 linguis
3493 614 3736 684 loquens,
3775 617 3912 685 quid

2327 707 2468 762 vobis
2497 707 2719 776 prodero
2737 745 2752 772 ,
2785 705 2884 758 nisi
2907 705 2954 756 si
2981 703 3167 773 loquar
3191 703 3330 757 vobis
3359 703 3414 756 in
3444 702 3786 770 reuelatione,
3815 715 3915 759 aut

2325 799 2382 851 in
2421 798 2715 866 agnitione,
2755 804 2846 850 aut
2887 795 2940 847 in
2981 793 3280 863 prophetia,
3324 801 3414 846 aut
3453 794 3509 846 in
3545 793 3819 856 doctrina,
3854 795 3915 848 id

2327 896 2440 952 est,
2474 903 2594 941 cum
2625 887 2794 956 signis
2821 925 2835 949 ,
2870 885 2972 939 hoc
2997 893 3112 948 est,
3144 883 3338 952 lingua:
3367 885 3659 940 accesserit
3697 885 3918 941 intelle—

2327 989 2480 1042 ctus,
2515 987 2574 1031 ut
2599 993 2714 1031 non
2739 977 2930 1046 spiritu
2963 983 3204 1040 tantum,
3237 975 3333 1030 sed
3359 977 3522 1030 etiam
3555 985 3737 1032 mente
3778 993 3914 1045 aga-

2327 1078 2416 1125 tur
2457 1067 2599 1139 quod
2646 1069 2841 1138 agitur.
2898 1066 3166 1132 Proinde,
3210 1065 3406 1135 quibus
3444 1067 3632 1136 signa,
3673 1083 3770 1137 per
3809 1068 3916 1122 ali-

2329 1175 2465 1229 quas
2515 1173 2695 1213 rerum
2745 1156 3106 1226 corporalium
3147 1155 3527 1212 similitudines
3567 1158 3915 1212 demonstra-

2327 1249 2522 1304 bantur
2553 1248 2606 1302 in
2640 1247 2854 1316 spiritu,
2885 1247 2988 1299 nisi
3019 1252 3327 1300 accesserat
3355 1246 3553 1301 mentis
3581 1245 3819 1301 ollicium
3851 1256 3915 1300 ut

2329 1341 2490 1395 etiam
2530 1339 2978 1408 intelligercntur,
3003 1337 3240 1392 nondum
3274 1345 3392 1391 crat
3427 1339 3746 1406 prophetia,
3782 1354 3907 1392 ma-
3987 1338 3990 1341 ’

2328 1433 2517 1503 gisque
2543 1431 2804 1500 propheta
2829 1438 2946 1484 erat
2972 1429 3065 1498 qui
3091 1428 3565 1497 interpretabatur,
3592 1430 3734 1498 quod
3758 1429 3908 1484 aliud

2327 1524 2594 1589 vidisset,
2651 1538 2818 1592 quam
2871 1522 2985 1591 ipse
3033 1521 3124 1592 qui
3183 1521 3420 1576 vidisset.
3477 1521 3629 1576 Unde
3681 1530 3909 1592 apparet

2327 1619 2500 1688 magis
2537 1617 2603 1671 ad
2637 1625 2874 1672 mentem
2909 1615 3188 1684 pervenire
3220 1616 3556 1685 prophetiam
3585 1657 3600 1681 ,
3638 1631 3802 1686 quam
3836 1617 3907 1671 ad

2327 1709 2489 1762 istum
2520 1707 2765 1776 spiritum
2789 1747 2802 1771 ,
2836 1706 2928 1776 qui
2963 1705 3122 1760 modo
3155 1705 3387 1774 quodam
3425 1706 3646 1774 proprio
3679 1716 3908 1760 vocatur

653 1803 743 1857 det
779 1803 989 1856 animus
1011 1841 1025 1866 ,
1057 1799 1272 1869 quando
1308 1797 1508 1868 aliquid
1540 1797 1605 1850 de
1637 1793 1931 1864 Scripturis
1963 1791 2223 1862 percutit,
2254 1816 2300 1874 Β
2329 1799 2577 1868 spiritus,
2629 1797 2711 1851 vis
2759 1797 2954 1850 animm
3003 1795 3246 1865 quadam
3293 1803 3471 1850 mente
3516 1795 3759 1861 inferior,
3813 1795 3907 1850 ubi

651 1901 705 1948 et
734 1903 994 1961 quantum
1021 1892 1342 1962 propensior
1369 1891 1423 1945 in
1454 1892 1555 1944 hac
1585 1897 1739 1960 parte
1770 1888 1860 1950 lit,
1901 1894 2108 1940 tantum
2137 1885 2228 1938 dc-

651 1985 783 2040 serit
811 1985 940 2039 vitia
967 2002 982 2050 ;
1014 1994 1299 2055 propterea
1332 1983 1398 2036 ad
1428 1983 1571 2036 hanc
1598 1989 1806 2050 partem
1841 1979 2081 2034 studium
2111 1991 2228 2030 mo-

653 2084 744 2132 net
771 2076 1164 2146 applicandum.
1202 2075 1328 2128 Ideo
1356 2073 1445 2144 qui
1487 2071 1718 2143 loquitur
1760 2071 1972 2141 lingua,
2023 2079 2130 2124 oret
2172 2077 2228 2121 ut

653 2171 1037 2239 interpretetur.
1076 2168 1210 2221 Eum
1239 2167 1330 2236 qui
1363 2164 1560 2237 linguis
1590 2164 1737 2234 loqui
1766 2163 2069 2226 desiderat,
2099 2161 2231 2214 dicit

651 2273 808 2315 orare
850 2259 1076 2324 debere,
1120 2266 1179 2312 ut
1216 2257 1447 2327 accipiat
1487 2255 1686 2310 donum
1722 2251 2140 2323 interpretandi,
2171 2259 2232 2304 ut

649 2349 894 2418 proﬁciat
924 2349 1134 2402 caeteris
1177 2348 1412 2402 studium
1455 2345 1594 2416 ejus.
1641 2345 1701 2400 Si
1750 2361 1962 2398 oravere
2011 2343 2224 2412 lingua,

649 2441 864 2510 spiritus
899 2455 1044 2492 meus
1082 2448 1232 2503 orat,
1273 2455 1414 2492 mens
1450 2447 1623 2490 autent
1659 2453 1770 2489 mea
1797 2437 1908 2488 sine
1937 2435 2110 2503 fructu
2132 2443 2224 2487 est.

652 2531 990 2586 Manifestum
1019 2538 1101 2586 est
1131 2531 1383 2602 ignorare
1413 2531 1653 2584 animum
1682 2536 1926 2582 nostrum
1959 2527 2004 2581 si
2046 2526 2227 2596 lingua

653 2623 903 2693 loquatur
930 2638 1089 2692 quam
1121 2623 1316 2689 nescit,
1367 2623 1506 2676 sicut
1553 2621 1730 2676 solent
1760 2619 1936 2674 Latini
1983 2618 2227 2673 homines

653 2710 837 2766 Graece
863 2721 1108 2776 cantare,
1134 2712 1388 2767 Oblectati
1415 2726 1548 2766 sono
1575 2712 1864 2765 verborum
1881 2749 1896 2774 ,
1927 2709 2227 2764 nescientes

653 2812 830 2857 tamen
858 2803 985 2872 quid
1012 2804 1214 2858 dicant.
1245 2802 1479 2873 Spiritus
1505 2815 1634 2872 ergo
1664 2800 1756 2870 qui
1783 2800 1945 2853 datur
1967 2799 2023 2853 in
2048 2797 2226 2868 bapti-

652 2911 799 2958 smo,
844 2895 946 2949 scit
993 2895 1135 2964 quod
1176 2903 1295 2950 oret
1352 2894 1601 2960 animus,
1651 2894 1775 2947 dum
1830 2891 2087 2960 loquitur,
2135 2896 2227 2942 aut

649 2993 868 3056 perorat
893 2985 1072 3054 lingua
1103 2985 1204 3039 sibi
1236 2985 1418 3056 ignota
1446 3003 1458 3037 :
1491 2999 1644 3037 mens
1667 2990 1846 3036 autem
1863 2996 1982 3050 quae
2001 2988 2082 3034 εει
2110 2979 2225 3032 ani-

649 3089 770 3128 mus
799 3075 912 3129 sine
940 3073 1120 3130 fructu
1152 3082 1255 3129 est.
1289 3074 1460 3141 Quem
1487 3073 1630 3126 enim
1659 3081 1840 3142 potest
1870 3070 2071 3124 habere
2099 3081 2224 3138 pro-

650 3161 848 3217 fectum
880 3165 970 3232 qui
1003 3165 1216 3234 ignorat
1241 3179 1358 3232 quae
1388 3163 1680 3232 loquatur?

723 3255 863 3322 Quid
887 3266 960 3310 est
987 3273 1108 3327 ergo
1131 3258 1155 3310 ?
1177 3257 1337 3310 orabo
1365 3257 1577 3327 spiritu,
1604 3255 1762 3309 orabo
1792 3262 1840 3308 et
1867 3263 2051 3319 mente,
2080 3251 2222 3323 psal-

651 3363 793 3401 mum
835 3347 1007 3415 dicam
1048 3349 1236 3417 spiritu
1256 3388 1271 3413 ,
1303 3347 1563 3418 psalmum
1594 3347 1765 3400 dicant
1793 3355 1841 3400 et
1887 3355 2074 3399 mente.
2109 3344 2222 3398 Hoc

653 3441 798 3505 dicit,
816 3440 938 3508 quia
969 3456 1090 3494 cum
1123 3439 1244 3508 quis
1275 3440 1377 3494 hac
1405 3439 1586 3508 lingua
1607 3437 1844 3507 loquitur
1865 3450 2028 3506 quam
2049 3434 2218 3498 novit,

652 3542 761 3586 tam
810 3531 1000 3602 spiritu
1041 3546 1201 3600 quam
1234 3539 1412 3585 mente
1440 3537 1592 3594 orat,
1626 3528 1751 3598 quia
1783 3543 1888 3582 non
1918 3525 2089 3581 solum
2113 3525 2222 3595 spi-

656 3622 793 3676 ritus
819 3621 932 3690 cjus
953 3663 966 3686 ,
996 3637 1156 3692 quem
1179 3623 1313 3678 dixit
1333 3621 1518 3677 datum
1543 3622 1596 3676 in
1617 3619 1886 3691 baptismo
1907 3660 1921 3685 ,
1945 3619 2049 3674 scit
2078 3618 2222 3689 quod

651 3720 856 3777 oratur,
906 3712 999 3766 sed
1043 3721 1097 3767 et
1143 3713 1356 3768 animus
1407 3711 1627 3783 (Aug.)
1673 3710 1836 3765 simili
1883 3709 2043 3764 modo
2070 3717 2126 3764 et
2155 3709 2221 3763 de

650 3801 858 3870 psalmo
888 3816 990 3855 non
1031 3801 1265 3872 ignorat.
1296 3802 1529 3871 Spiritus
1571 3817 1602 3855 a
1646 3807 1825 3856 mente
1873 3799 2223 3871 distinguitur

651 3891 1051 3945 evidentissimo
1097 3891 1401 3946 testimonio
1434 3909 1447 3944 :
1508 3890 1568 3946 Si
1599 3891 1734 3945 enim
1764 3907 2004 3953 oravero,
2050 3887 2224 3959 inquit

653 3984 866 4054 lingua,
905 3983 1116 4053 spiritus
1153 3999 1297 4037 meus
1333 3992 1482 4048 orat,
1521 3999 1666 4036 mens
1711 3991 1882 4035 autem
1918 3997 2031 4034 mea
2057 3979 2225 4048 infru-

651 4084 829 4129 ctuosa
857 4085 966 4139 est;
994 4090 1118 4130 cum
1161 4091 1290 4146 ergo
1337 4074 1517 4144 lingua
1567 4073 1897 4144 intelligatur
1946 4072 2050 4127 hoc
2098 4070 2220 4124 loco

650 4163 830 4219 dicere
863 4164 1122 4219 obscuras
1161 4171 1216 4220 et
1255 4163 1511 4234 mysticas
1540 4161 1995 4232 signiﬁcationes,
2038 4173 2069 4213 a
2106 4159 2225 4228 qui-

648 4253 751 4308 bus
791 4254 836 4308 si
884 4253 1214 4309 intellectum
1261 4255 1457 4310 mentis
1502 4267 1814 4316 removeas,
1857 4266 2015 4306 nemo
2061 4251 2218 4306 rediti-

651 4352 806 4398 catur
845 4345 1111 4400 audiendo
1141 4347 1283 4415 quod
1314 4363 1420 4400 non
1451 4345 1720 4415 intelligit.
1756 4344 1910 4399 Unde
1937 4343 2100 4398 etiam
2139 4342 2222 4397 di-

650 4435 723 4490 cit
751 4453 763 4489 :
801 4433 903 4500 Qui
946 4436 1082 4490 enim
1122 4435 1354 4507 loquitur
1381 4436 1560 4507 lingua
1591 4452 1693 4489 non
1724 4435 2017 4489 hominibus
2058 4434 2222 4505 loqui-

2329 1890 2694 1961 corporalium
2727 1904 2910 1944 rerum
2947 1887 3326 1942 similitudines
3357 1886 3750 1956 exprimuntur.
3791 1885 3894 1940 Ita-

2328 1999 2434 2056 que
2472 1985 2643 2054 magis
2669 1983 2866 2054 Joseph
2897 1983 3190 2054 propheta,
3233 1983 3324 2051 qui
3363 1982 3621 2037 intellexit
3664 1965 3792 2052 qﬁid
3833 1985 3906 2038 si-

2328 2076 2648 2148 gniﬁcarent
2682 2084 2916 2145 septena:
2942 2076 3121 2146 spicre,
3151 2082 3207 2128 ct
3240 2083 3474 2143 septenas
3509 2075 3704 2140 boves,
3737 2091 3902 2145 quam

2329 2167 2540 2220 Pharao
2575 2166 2666 2235 qui
2701 2181 2794 2220 eas
2833 2166 2964 2219 vidit
3010 2165 3062 2219 in
3099 2165 3300 2220 somnis
3344 2162 3514 2235 (Gen.
3551 2181 3637 2219 xm
3663 2165 3714 2236 ),
3759 2167 3904 2221 illius

2318 2261 2471 2315 enim
2499 2260 2720 2330 spiritus
2746 2257 3064 2313 in-fdrmatus
3091 2265 3173 2312 εει
3197 2267 3256 2311 ut
3281 2258 3486 2312 videret
3511 2274 3526 2322 ;
3559 2257 3718 2326 hujus
3746 2275 3903 2314 mens

2328 2353 2655 2414 illuminata,
2699 2359 2758 2404 ut
2795 2351 3142 2419 intelligeret,
3177 2364 3242 2403 ac
3277 2364 3377 2418 per
3411 2349 3514 2403 hoc
3552 2347 3604 2402 in
3632 2339 3736 2404 'illo
3781 2360 3903 2404 erat

2327 2443 2506 2514 lingua
2529 2484 2543 2507 ,
2579 2444 2634 2497 in
2667 2443 2770 2498 isto
2803 2442 3119 2513 prophetia,
3155 2443 3278 2512 quia
3317 2443 3369 2496 in
3409 2442 3501 2496 illo
3541 2458 3720 2497 rerum
3760 2443 3900 2497 ima-

2327 2535 2561 2604 ginatio,
2596 2534 2647 2587 in
2681 2533 2782 2587 isto
2812 2533 3252 2602 imaginationum
3283 2532 3678 2600 interpretatio.
3723 2533 3905 2590 Minus

2326 2638 2453 2693 ergo
2502 2624 2796 2694 pr0pheta,
2849 2624 2942 2692 qui
2992 2639 3171 2677 rerum
3225 2639 3344 2693 quae
3377 2624 3748 2694 signiﬁcantur
3784 2625 3903 2681 sola

2327 2712 2441 2781 ipsa
2475 2713 2623 2782 signa
2666 2714 2720 2767 in
2755 2713 2945 2782 spiritu
2979 2727 3077 2782 per
3113 2726 3294 2766 rerum
3323 2713 3680 2781 corporalium
3711 2715 3904 2785 imagi-

2285 2853 2293 2868 ,
2326 2817 2422 2856 nes
2452 2803 2633 2868 videt;
2667 2811 2720 2857 et
2748 2803 2920 2874 magis
2957 2804 3216 2874 propheta
3252 2804 3344 2874 qui
3379 2805 3492 2859 solo
3521 2820 3705 2860 earum
3745 2806 3904 2862 intel-

2327 2892 2468 2947 lectu
2497 2892 2756 2975 prteditus
2783 2900 2864 2948 est
2891 2909 2904 2956 ;
2950 2893 3044 2947 sed
3075 2893 3308 2947 maxime
3335 2895 3597 2964 propheta
3628 2895 3719 2965 qui
3753 2904 3902 2951 utro-

2325 2998 2429 3051 que
2483 2982 2773 3051 prazcellit,
2833 2992 2891 3037 ut
2948 2983 3127 3037 videat
3178 2983 3232 3037 in
3287 2983 3488 3054 Spiritu
3537 2986 3900 3055 corporalium

2330 3087 2508 3126 rerum
2546 3073 2930 3138 signiﬁcativas
2965 3074 3374 3140 similitudines,
3407 3083 3460 3129 et
3487 3091 3577 3130 eas
3611 3077 3901 3131 vivacitate

2250 3166 2294 3227 C
2327 3163 2520 3217 mentis
2555 3163 2838 3233 intelligat.
2883 3164 3035 3219 Sicut
3079 3165 3316 3222 Danielis
3345 3167 3662 3222 excellentia
3693 3176 3899 3222 tentata

2323 3260 2408 3306 εει
2447 3261 2500 3306 ει
2539 3254 2764 3322 probata
2785 3294 2799 3318 ,
2833 3255 2924 3324 qui
2954 3255 3066 3326 regi
3097 3263 3152 3310 et
3181 3257 3480 3322 somnium,
3513 3260 3653 3327 quod
3691 3259 3901 3313 viderat

2323 3343 2487 3407 dixit,
2519 3351 2574 3397 et
2602 3343 2726 3412 quid
2757 3345 3112 3415 signiﬁcaret,
3142 3347 3353 3416 aperuit
3379 3348 3395 3418 (
3423 3347 3564 3402 Dan.
3597 3365 3673 3413 iv,
3700 3365 3732 3400 v
3753 3349 3772 3420 )
3793 3389 3808 3412 ,
3841 3359 3899 3403 et

2323 3432 2454 3501 ipsae
2482 3435 2678 3504 quippe
2709 3435 2972 3505 imagines
3001 3437 3308 3505 corporales
3339 3437 3392 3490 in
3433 3438 3621 3506 spiritu
3653 3437 3772 3506 ejus
3799 3454 3899 3494 ex-

2321 3538 2522 3592 pressa:
2543 3532 2687 3590 sunt,
2711 3535 2766 3578 et
2789 3540 2974 3578 earum
3005 3525 3306 3580 intellectus
3329 3527 3596 3582 revelatus
3616 3528 3670 3581 in
3695 3537 3897 3582 mente.

2323 3613 2582 3667 Craterum
2610 3615 2654 3668 si
2683 3615 3005 3670 benedixeris
3056 3617 3261 3686 spiritu.
3296 3618 3312 3687 (
3337 3618 3526 3672 Ambr.
3551 3618 3569 3689 )
3600 3618 3712 3674 Hoc
3741 3629 3827 3674 est
3854 3622 3900 3674 si

2321 3706 2533 3763 laudem
2564 3709 2659 3762 Dei
2693 3709 2873 3778 lingua
2905 3709 3138 3778 loquaris
3168 3710 3345 3779 ignota
3376 3711 3732 3767 audientibus.
3768 3713 3900 3779 Quis

2322 3797 2520 3867 supplet
2565 3797 2734 3852 locum
2774 3798 2950 3853 idiota:
2974 3800 2998 3852 ν
3026 3799 3298 3864 Quomodo
3338 3802 3475 3869 [dicit
3513 3802 3698 3868 Amen,
3741 3820 3901 3874 super

2322 3898 2466 3941 tuam
2497 3889 2918 3956 benedictionem,
2963 3891 3208 3960 quoniam
3235 3892 3361 3962 quid
3389 3893 3535 3947 dicas
3565 3896 3772 3948 nescit?
3799 3896 3900 3950 lm-

2323 3981 2528 4049 peritus
2578 3981 2722 4035 enim
2770 3981 2994 4036 audiens
3043 3983 3186 4051 quod
3243 3998 3349 4036 non
3399 3983 3675 4054 intelligit,
3725 3987 3900 4042 nescit

2323 4070 2484 4124 ﬁnem
2513 4071 2798 4136 orationis,
2829 4079 2885 4125 et
2914 4087 3020 4126 non
3074 4073 3360 4140 respondet
3390 4088 3547 4128 amcn
3568 4115 3582 4140 ,
3611 4075 3663 4130 id
3693 4085 3778 4130 est
3807 4092 3900 4132 ve-

2322 4175 2474 4224 rum,
2509 4167 2568 4213 ut
2598 4159 2944 4214 conﬁrmetur
2980 4161 3314 4228 benedictio;
3355 4177 3452 4230 per
3481 4165 3578 4218 hos
3607 4165 3751 4220 enim
3793 4166 3897 4220 im-

2320 4249 2498 4320 pletur
2521 4249 2858 4306 conﬁrmatio
2906 4252 3082 4320 precis
3101 4293 3114 4318 ,
3142 4253 3234 4322 qui
3265 4254 3590 4323 respondent
3622 4270 3778 4310 amen
3797 4296 3810 4320 ,
3844 4267 3899 4310 ut

2323 4341 2503 4394 omnia
2532 4341 2672 4395 dicta
2703 4342 2818 4396 veri
2849 4343 3153 4398 testimonio
3183 4343 3237 4397 in
3267 4345 3596 4400 audientium
3627 4349 3898 4403 mentibus

2323 4431 2729 4486 conﬁrmentur.
2775 4431 2917 4486 Nam
2949 4443 3004 4486 tu
3047 4433 3254 4505 quidem
3281 4433 3406 4487 bene
3428 4437 3627 4505 gratias
3653 4438 3787 4507 agis.
3822 4438 3897 4492 De

647 4538 756 4592 tur,
784 4528 874 4581 sed
903 4527 1032 4593 Deo,
1061 4545 1210 4582 nemo
1242 4530 1379 4582 enim
1407 4529 1597 4592 audit;
1621 4529 1834 4597 spiritus
1859 4537 2030 4581 autem
2055 4526 2224 4597 loqui-
2249 4513 2301 4572 Ι)
2326 4534 2392 4575 eo
2419 4521 2548 4575 dicit
2573 4521 2663 4590 qui
2696 4525 2908 4594 cognita
2939 4525 3042 4579 sibi
3073 4524 3330 4594 loquitur,
3361 4527 3486 4594 quia
3529 4528 3632 4582 scit
3661 4529 3790 4597 quid
3820 4529 3899 4584 di-

649 4627 736 4669 tur
760 4618 1036 4686 mysteria,
1069 4619 1202 4672 satis
1233 4617 1436 4671 indicat
1463 4631 1582 4670 eam
1614 4631 1671 4671 se
1699 4616 1935 4686 linguam
1967 4616 2073 4672 hoc
2103 4617 2220 4670 loco

651 4707 954 4775 appellare,
990 4708 1082 4762 ubi
1117 4717 1241 4762 sunt
1297 4707 1716 4778 signiﬁcationes
1761 4706 1908 4761 velut
1957 4707 2220 4778 imagines

653 4801 832 4851 rerum
871 4813 933 4852 ac
968 4797 1374 4864 similitudines,
1413 4813 1532 4867 quae
1565 4806 1624 4852 ut
1667 4796 2038 4868 intelligantur
2084 4795 2220 4851 indi-

653 4887 778 4956 geiit
829 4889 1024 4942 mentis
1074 4889 1296 4953 obtutu,
1348 4903 1471 4942 cum
1520 4895 1701 4942 autem
1747 4888 2119 4958 intelliguntur
2167 4887 2222 4942 in

654 4977 855 5048 Spiritu
903 4993 994 5033 eas
1031 4978 1162 5032 dicit
1195 4993 1349 5042 esse,
1387 4994 1493 5032 non
1538 4979 1593 5032 in
1639 4987 1839 5032 mente.
1878 4977 2030 5033 Unde
2077 4993 2221 5049 aper-

655 5069 762 5124 tius
791 5069 904 5122 ait:
945 5068 1004 5123 Si
1039 5069 1360 5124 benedixeris
1397 5071 1619 5140 spiritu,
1653 5071 1769 5140 quis
1815 5069 2014 5140 supplet
2053 5069 2222 5124 locum

652 5157 860 5226 idiotw,
891 5159 1148 5230 quomodo
1191 5160 1358 5226 (licet,
1403 5162 1597 5226 Amen,
1645 5176 1799 5230 super
1840 5170 1980 5214 tuam
2022 5160 2229 5215 benedi-

653 5252 871 5306 ctionem
893 5293 906 5318 ,
939 5254 1356 5325 quandoquidem
1389 5255 1546 5308 nescit
1576 5253 1702 5323 quid
1732 5253 1898 5306 dicas.
1933 5254 2069 5319 Quia
2101 5268 2226 5323 ergo

653 5342 814 5397 etiam
843 5342 1022 5414 lingua
1043 5385 1057 5410 ,
1089 5343 1142 5398 id
1171 5353 1246 5399 est
1284 5347 1525 5400 membro
1556 5344 1800 5414 corporis
1823 5385 1836 5409 ,
1867 5345 2009 5414 quod
2039 5359 2225 5400 movc~

653 5449 774 5490 tuus
819 5433 872 5487 in
917 5449 1042 5499 ore,
1095 5451 1217 5490 cum
1267 5435 1554 5506 loquimur,
1605 5437 1758 5506 signa
1811 5438 1998 5506 utique
2048 5453 2227 5492 rerum

655 5523 871 5589 dantur,
916 5540 1021 5579 non
1055 5541 1140 5580 res
1168 5527 1296 5596 ipsa:
1333 5527 1702 5598 proferuntur,
1728 5536 2010 5597 propterea
2055 5537 2230 5582 trans-

659 5610 765 5666 lato
799 5614 966 5669 verbo
998 5613 1232 5685 linguam
1282 5617 1570 5687 appellavit
1611 5617 1910 5686 quamlibet
1951 5619 2224 5688 signorum

658 5703 1005 5766 prolationem
1047 5708 1360 5778 priusquam
1397 5707 1784 5778 intelligantur.
1833 5710 1949 5776 Quo
1978 5727 2098 5764 cum
2143 5711 2225 5762 in-

2327 4621 2432 4667 cat.
2469 4610 2572 4666 Sed
2596 4612 2730 4668 alter
2753 4630 2856 4667 non
2882 4615 3195 4682 tedi/icatur.
3230 4615 3287 4670 Si
3319 4616 3504 4686 utique
3532 4617 3598 4670 ad
3627 4619 3899 4673 aediﬁcan-

2326 4705 2450 4760 dam
2490 4704 2785 4760 Ecclesiam
2823 4706 3156 4771 convenitis,
3183 4721 3244 4761 ea
3277 4707 3472 4762 debent
3498 4709 3603 4763 dici
3625 4749 3640 4772 ,
3671 4725 3793 4778 quae
3822 4711 3901 4763 in-

2327 4796 2569 4866 telligant
2589 4796 2889 4860 audientes,
2912 4801 3037 4850 nam
3064 4796 3191 4866 quid
3215 4800 3466 4866 prodest,
3493 4807 3550 4852 ut
3576 4799 3698 4867 quis
3718 4799 3902 4869 lingua

2323 4886 2592 4955 loquatur,
2609 4903 2770 4956 quam
2794 4887 2940 4941 solus
2960 4888 3080 4955 scit,
3105 4897 3162 4942 ut
3182 4890 3273 4957 qui
3297 4890 3444 4944 audit
3465 4890 3599 4944 nihil
3617 4890 3906 4960 proﬁciat?

2324 4977 2448 5032 Ideo
2489 4987 2670 5032 tacere
2715 4978 2872 5032 debet
2903 4979 2956 5031 in
2990 4978 3229 5033 Ecclesia
3250 5021 3264 5044 ,
3295 4989 3356 5034 ut
3385 4981 3437 5034 hi
3467 4981 3776 5050 loquantur,
3812 4984 3904 5051 qui

2280 5057 2282 5059 ’
2326 5069 2534 5138 prosint
2559 5068 2920 5123 audientibus.
2954 5067 3166 5122 Gratias
3195 5087 3292 5139 ago
3322 5070 3430 5124 Deo
3474 5087 3586 5124 meo
3613 5073 3756 5141 quod
3788 5089 3904 5126 om-

2329 5160 2472 5212 nium
2505 5171 2727 5214 vestrum
2757 5159 2937 5229 lingua
2969 5160 3168 5232 loquor.
3203 5163 3466 5228 Quoniam
3509 5164 3756 5232 superius
3801 5163 3906 5218 lin-

2330 5252 2448 5321 guis
2477 5251 2624 5320 loqui
2653 5251 2850 5304 donum
2883 5268 3002 5306 esse
3042 5253 3176 5307 dixit
3207 5254 3439 5323 Spiritus
3471 5257 3660 5320 sancti,
3689 5257 3811 5311 ideo
3836 5257 3906 5310 ad

2331 5343 2498 5396 Deum
2541 5342 2738 5408 refert,
2787 5345 2929 5412 quod
2977 5346 3216 5399 omnium
3265 5345 3446 5416 lingua
3489 5347 3818 5415 loqueretur,
3853 5357 3909 5400 et

2329 5449 2396 5488 ne
2425 5434 2562 5488 forte
2600 5435 2753 5503 quasi
2794 5437 3017 5490 :ernulus
3055 5453 3152 5506 per
3183 5439 3435 5492 invidiam
3463 5439 3564 5492 hoc
3609 5438 3791 5492 dicere
3820 5438 3874 5490 vi

2330 5528 2567 5593 deretur,
2609 5529 2845 5583 ostendit
2885 5530 3124 5584 omnium
3168 5531 3383 5599 quidem
3425 5531 3616 5584 horum
3659 5544 3717 5584 se
3759 5526 3910 5597 loqui

2330 5619 2559 5690 linguis,
2605 5628 2659 5673 et
2705 5621 2832 5689 quia
2875 5635 2982 5673 non
3028 5619 3182 5674 valde
3227 5621 3475 5689 prodest,
3507 5621 3688 5675 addit:
3716 5619 3820 5674 Sed
3852 5621 3911 5672 in

2333 5710 2566 5764 Ecclesia
2611 5710 2728 5764 t'olo'
2755 5713 2979 5779 quinque
3015 5709 3164 5764 verba
3200 5710 3369 5775 loqui,
3407 5722 3460 5764 ut
3499 5721 3545 5763 et
3583 5711 3714 5764 alios
3749 5725 3908 5762 sensu
