4082 6332
228 347 334 409 ινδ

722 342 1275 403 ENARRATIONUM
1311 345 1379 402 IN
1417 344 1567 402 EPP.
1606 346 1813 405 PAULI
1846 348 1976 405 LIB.
2020 348 2107 405 XI.
2147 380 2217 391 —
2250 349 2321 407 ΙΝ
2354 350 2571 408 EPIST.
2609 352 2631 408 l
2665 354 2760 410 AD
2792 354 2948 412 COR.

3388 367 3490 424 134

232 472 349 512 meo
368 460 629 518 inunctis
651 470 852 531 quam
881 459 1058 515 decem
1089 458 1259 514 millia
1296 460 1569 516 verborum
1590 459 1804 532 lingua.
1834 463 1887 524 Α
1914 477 2090 517 omnes
2126 461 2324 535 linguis
2359 464 2660 537 loquantur,
2699 468 2893 524 intrent
2926 479 3099 527 autem
3134 473 3346 545 idiotis,
3398 489 3492 536 aut

228 552 431 615 Utilius
456 552 591 608 dicit
606 552 804 623 paucis
830 552 1014 608 verbis
1044 552 1102 607 in
1131 552 1409 622 apertione
1432 553 1699 608 sermonis
1736 552 1816 609 lo-

225 641 355 712 qui,
388 643 531 711 quod
571 653 765 696 omnes
803 639 1107 710 intelligant
1133 655 1293 709 quam
1319 639 1585 711 prolixam
1612 641 1817 697 oratio-

226 747 353 788 nem
396 731 602 787 habere
631 731 687 785 in
714 731 991 787 obscuro:
1022 731 1081 787 hi
1118 746 1188 786 ex
1227 731 1469 787 Hebmis
1502 740 1692 798 erant,
1721 732 1814 801 qui

226 822 522 894 aliquando
547 823 684 896 Syra
712 824 915 896 lingua,
942 824 1263 895 plerumque
1284 823 1509 880 Hebraea
1531 823 1586 878 in
1614 832 1816 881 tracta-

228 913 376 968 tibus
416 920 511 969 aut
538 913 595 969 in
626 912 997 970 oblationibus
1048 914 1343 969 utebantur
1371 915 1441 969 ad
1470 915 1818 970 commenda-

227 1004 454 1059 tionem.
485 1001 873 1060 Gloriabantur
899 1004 1045 1060 enim
1074 1019 1134 1061 se
1162 1005 1267 1060 dici
1299 1004 1557 1062 Hebraeos
1594 1014 1817 1077 propter

226 1094 483 1151 meritum
513 1092 777 1161 Abrahae,
810 1095 953 1165 quod
996 1095 1140 1151 idem
1172 1094 1466 1166 Apostolus
1506 1112 1606 1168 pro
1645 1098 1816 1152 nihilo

227 1186 418 1242 habuit
447 1187 677 1242 dicens:
728 1187 865 1243 Mihi
910 1195 1084 1243 autem
1133 1189 1267 1244 absit
1313 1189 1565 1262 gloriari,
1616 1191 1719 1245 nisi
1758 1190 1815 1245 in

226 1294 383 1333 cruce
422 1277 636 1333 Domini
676 1279 842 1332 nostri
887 1277 1016 1335 Jesu
1062 1276 1278 1335 Christi.

298 1367 555 1435 Fratres,
597 1368 760 1425 nolite
798 1370 950 1440 pueri
983 1371 1112 1441 eﬁici
1152 1370 1416 1426 sensibus.
1459 1371 1567 1427 Sed
1608 1369 1815 1426 malitia

227 1459 439 1530 parvuli
467 1468 631 1515 estote
654 1500 671 1525 ,
700 1458 937 1515 sensibus
967 1469 1143 1514 autem
1174 1461 1391 1531 perfecti
1418 1470 1601 1517 estote.
1630 1459 1817 1516 Perfe-

226 1558 346 1606 ctos
374 1565 497 1606 esse
522 1551 639 1605 vult
666 1550 819 1616 illos,
848 1560 909 1606 ut
937 1551 1114 1607 sciant
1143 1552 1273 1622 quid
1303 1552 1371 1608 ad
1403 1552 1815 1609 instructionem

226 1641 489 1698 Ecclesia:
514 1642 588 1698 sit
614 1642 979 1698 necessarium
999 1683 1015 1709 ,
1044 1652 1106 1698 ut
1132 1643 1447 1700 recedentes
1473 1659 1504 1699 a
1530 1645 1735 1700 malitia
1763 1652 1817 1699 et

224 1733 539 1800 erroribus,
571 1734 656 1789 his
684 1734 996 1800 studerent,
1037 1750 1159 1806 quae
1184 1735 1516 1807 proficerent
1558 1737 1627 1792 ad
1668 1737 1817 1792 utili-

1915 549 2153 619 infideles
2177 593 2192 618 ,
2227 570 2400 609 nonne
2434 554 2604 610 dicent
2652 558 2794 628 quod
2840 560 3123 617 insanitis?
3148 563 3493 627 Manifestum

1915 647 2028 706 est,
2064 641 2191 711 quia
2228 642 2277 697 si
2313 658 2501 700 omnes
2537 644 2767 702 diversis
2802 647 2998 721 linguis
3046 652 3354 725 loquantur,
3407 667 3492 715 tu-

1916 732 2119 789 multus
2154 733 2217 789 lit
2248 734 2468 804 quidam
2506 737 2815 795 inconditus
2857 743 3039 813 populi
3062 785 3076 810 ,
3129 746 3286 817 quasi
3331 749 3496 820 phre-

1914 824 2086 879 nesim
2124 825 2400 895 patientis.
2441 826 2501 883 Si
2537 838 2711 885 autem
2747 848 2925 889 omnes
2966 837 3297 907 prophetent,
3338 841 3495 899 intret

1915 922 2090 967 autem
2122 914 2239 986 quis
2272 915 2500 985 infidelis
2525 958 2540 985 ,
2572 930 2663 973 aut
2697 920 2894 988 idiota,
2928 926 3257 983 convincitur
3283 929 3349 984 ab
3379 948 3493 987 om-

1917 1004 2090 1071 nibus,
2123 1006 2454 1077 dijudicatur
2481 1008 2547 1064 ab
2575 1012 2814 1066 omnibus
2834 1052 2849 1079 ,
2884 1015 3089 1071 occulta
3136 1020 3308 1075 cordis
3338 1023 3496 1077 etiam

1914 1096 2030 1166 ejus
2054 1099 2337 1168 manifesta
2362 1099 2584 1169 fiunt,et
2603 1111 2725 1156 tunc
2738 1104 2929 1159 cadens
2954 1106 3011 1160 in
3039 1107 3226 1177 faciem
3254 1112 3495 1174 adorabit

1912 1188 2084 1245 Deum
2097 1230 2122 1257 ,.
2120 1192 2487 1262 pronuntians
2516 1193 2657 1267 quod
2686 1211 2801 1250 vere
2829 1195 2974 1251 Deus
2998 1199 3054 1252 in
3078 1200 3219 1255 vobis
3243 1202 3328 1256 sit.
3355 1202 3495 1258 Dum

1915 1280 2061 1335 enim
2091 1281 2342 1353 intelligit
2368 1291 2424 1338 et
2452 1283 2773 1353 intelligitur
2798 1289 3025 1346 audiens
3051 1290 3260 1348 laudari
3288 1294 3455 1351 Deum
3476 1337 3492 1363 ,

1914 1376 1971 1424 et
1999 1370 2215 1427 adorari
2245 1372 2553 1440 Christum,
2588 1376 2834 1446 pervidet
2862 1396 3047 1436 veram
3077 1398 3222 1448 esse,
3254 1392 3308 1439 et
3332 1400 3496 1442 vene-

1914 1462 2141 1517 randam
2177 1462 2526 1535 religionem,
2562 1467 2616 1521 in
2649 1483 2757 1538 qua
2791 1470 2928 1525 nihil
2961 1470 3200 1529 fucatum
3220 1515 3236 1539 ,
3272 1476 3407 1532 nihil
3441 1478 3496 1533 in

1919 1552 2162 1608 tenebris
2194 1554 2343 1610 videt
2391 1557 2539 1627 geri,
2594 1557 2735 1614 sicut
2789 1562 2931 1632 apud
2976 1577 3215 1636 paganos
3239 1607 3255 1633 ,
3302 1568 3499 1638 quibus

1920 1644 2170 1700 velantur
2191 1646 2335 1702 oculi
2354 1688 2369 1712 ,
2398 1663 2469 1703 ne
2491 1663 2613 1719 qum
2658 1666 2813 1707 saera
2859 1664 3057 1709 vocant
3085 1659 3495 1728 perspicientes,

1917 1738 2083 1793 variis
2133 1753 2192 1793 se
2234 1739 2565 1796 vanitatibus
2611 1752 2836 1798 cernant
2888 1743 3058 1800 illudi.
3114 1746 3303 1804 Omnis
3353 1752 3498 1807 enim

229 1832 408 1885 tatem,
429 1822 664 1881 fratrum
693 1842 708 1880 :
740 1825 831 1881 hic
858 1834 946 1882 est
987 1827 1133 1882 enim
1184 1841 1347 1883 sensu
1395 1827 1687 1899 perfectus,
1720 1829 1813 1901 qui
1843 1816 1889 1885 Β
1917 1829 2212 1901 impostura
2252 1834 2505 1888 tenebras
2542 1834 2695 1904 petit,
2749 1843 2805 1890 et
2833 1834 2968 1892 falsa
2996 1853 3097 1908 pro
3130 1840 3273 1896 veris
3314 1851 3498 1899 osten-

226 1916 337 1986 agit
366 1924 429 1973 ut
456 1917 634 1986 prosit
661 1917 855 1985 alicui,
905 1919 1140 1975 maxime
1184 1918 1364 1975 fratri.
1413 1920 1482 1975 In
1525 1920 1635 1993 lege
1675 1922 1813 1978 enim

224 2007 483 2077 scriptum
509 2017 628 2063 est:
659 2007 799 2074 Quia
825 2010 882 2063 in
907 2008 1028 2064 aliis
1052 2009 1282 2081 linguis,
1323 2021 1372 2066 et
1408 2012 1466 2065 in
1504 2011 1661 2067 labiis
1692 2012 1814 2068 aliis

225 2098 420 2171 loquar
445 2098 639 2171 popqu
663 2100 806 2166 huic,
822 2110 871 2155 et
893 2101 1126 2156 nondum
1152 2118 1233 2156 me
1255 2102 1521 2170 exaudiet,
1552 2103 1678 2157 dicit
1705 2102 1817 2158 Do-

225 2190 425 2245 minus.
450 2189 566 2247 Hoc
594 2191 856 2248 Dominus
885 2193 951 2248 de
979 2193 1065 2251 his
1093 2193 1411 2265 dixit,quos
1438 2196 1674 2266 prmsciit
1712 2210 1816 2252 nec

229 2280 506 2337 Salvatori
548 2284 898 2340 credituros:
951 2285 1007 2340 in
1053 2284 1175 2341 aliis
1218 2286 1364 2341 enim
1416 2285 1613 2359 linguis
1656 2295 1713 2342 et
1758 2286 1815 2342 in

228 2373 353 2429 aliis
396 2373 557 2430 labiis
595 2375 772 2446 loqui,
805 2374 1017 2431 Novum
1047 2375 1453 2432 Testamentum
1497 2386 1583 2434 est
1624 2378 1818 2450 praedi-

226 2478 393 2530 care,
430 2465 578 2522 sicut
613 2466 749 2523 dicit
784 2465 1051 2535 leremias
1091 2469 1355 2540 propheta
1388 2486 1402 2522 :
1450 2469 1588 2524 Ecce
1616 2470 1817 2525 venient

227 2559 375 2627 dies,
410 2561 539 2616 dicit
581 2561 866 2630 Dominus,
904 2573 953 2619 et
987 2565 1357 2621 consummabo
1393 2565 1574 2622 domui
1611 2565 1814 2635 Israel,

226 2660 276 2707 et
304 2650 493 2707 domui
513 2650 677 2708 Iuda:
702 2652 1090 2709 Testamentum
1120 2653 1328 2710 Novum
1347 2697 1362 2721 ,
1395 2673 1500 2711 non
1529 2658 1816 2713 secundum

225 2741 371 2815 quod
397 2741 631 2814 disposui
661 2744 895 2813 patribus
939 2743 1153 2799 illorum
1200 2742 1439 2815 (Ierem.
1470 2761 1599 2801 XXXI
1623 2746 1645 2818 )
1666 2788 1681 2812 ,
1714 2749 1819 2803 hoc

228 2843 349 2901 est,
384 2835 671 2891 immutata
713 2837 923 2892 ratione
959 2837 1120 2893 aliter
1160 2836 1343 2907 loqui,
1388 2852 1551 2907 quam
1590 2853 1649 2893 se
1687 2838 1821 2910 legis

230 2924 435 2980 veteris
494 2926 660 2981 verba
716 2925 1009 2982 habebant.
1068 2926 1205 2981 Dum
1261 2926 1470 2982 audivit
1523 2924 1819 2983 Sabbatum

230 3017 399 3083 solvi,
421 3018 738 3076 neomenias
761 3019 1014 3076 evacuari
1030 3060 1046 3086 ,
1072 3018 1540 3077 circumcisionem
1568 3032 1787 3074 cessare
1802 3058 1817 3085 ,

188 3116 211 3137 ’
230 3111 503 3169 sacriﬁcia
532 3111 813 3169 immutari
842 3155 859 3180 ,
890 3127 1046 3170 escas
1071 3112 1273 3169 dudum
1311 3113 1615 3184 prohibitus
1656 3110 1822 3167 licere

1917 1920 2024 1985 dit;
2052 1918 2174 1976 i'deo
2209 1922 2348 1992 apud
2386 1937 2487 1978 nos
2527 1923 2664 1978 nihil
2699 1932 2890 1991 astute,
2922 1927 3057 1993 nihil
3085 1925 3185 1986 sub
3211 1930 3496 2000 velamine,

1916 2011 2009 2066 sed
2039 2011 2367 2082 simpliciter
2392 2028 2531 2068 unus
2551 2013 2801 2070 laudatur
2823 2016 2984 2086 Deus,
3016 2033 3082 2073 ex
3111 2034 3217 2090 quo
3238 2032 3364 2077 sunt
3387 2038 3504 2078 om-

1914 2102 2028 2168 nia,
2074 2110 2131 2157 et
2171 2117 2312 2159 unus
2352 2101 2615 2158 Dominus
2657 2101 2815 2160 Jesus
2859 2121 2957 2176 per
3000 2123 3159 2177 quem
3205 2110 3403 2165 omnia.
3441 2109 3501 2166 Si

1914 2192 2059 2247 enim
2094 2190 2275 2248 nullus
2308 2192 2399 2259 sit,
2424 2193 2516 2263 qui
2541 2194 2829 2266 intelligat,
2865 2205 2960 2252 aut
2987 2213 3019 2252 a
3043 2213 3151 2267 quo
3178 2198 3293 2269 ipse
3320 2198 3501 2263 discu-

1917 2284 2104 2351 tiatur,
2134 2293 2313 2354 potest
2348 2286 2529 2346 dicere
2567 2286 2933 2344 seductionem
2961 2304 3082 2345 esse
3129 2291 3417 2360 quamdam
3446 2298 3503 2347 et

1915 2377 2200 2443 unitatem,
2254 2392 2377 2448 qua:
2424 2378 2547 2434 ideo
2580 2378 2780 2447 linguis
2816 2379 3050 2450 caninis,
3103 2381 3230 2453 quia
3282 2382 3503 2455 pudoris

1916 2477 2022 2534 est,
2061 2469 2108 2525 si
2156 2469 2446 2525 reveletur.
2493 2468 2782 2544 Prophetia
2823 2474 2890 2530 de
2924 2476 3177 2544 prtesenti
3217 2483 3298 2531 cst
3338 2491 3501 2546 quam
3568 2536 3573 2541 ,

1916 2561 2117 2619 Paulus
2157 2562 2433 2636 apostolus
2463 2562 2595 2621 dicit
2623 2581 2638 2621 :
2671 2564 2730 2620 Si
2758 2574 2930 2621 autem
2974 2583 3150 2621 omnes
3178 2567 3503 2638 prophetent,

1917 2656 2079 2710 intret
2102 2666 2275 2711 autem
2304 2657 2421 2728 quis
2448 2656 2694 2726 infidelis,
2739 2656 2815 2712 vel
2844 2657 3031 2724 idiota,
3072 2657 3397 2713 convincitur
3437 2658 3503 2712 ab

1920 2746 2181 2812 omnibus,
2207 2747 2534 2817 dijudicatur
2560 2747 2624 2802 ab
2648 2747 2910 2814 omnibus,
2956 2748 3159 2803 occulta
3186 2748 3356 2803 cordis
3387 2748 3502 2819 ejus

1918 2836 2199 2905 manifesta
2246 2838 2405 2906 ﬁunt,
2459 2848 2507 2892 et
2531 2848 2655 2893 tunc
2680 2839 2872 2893 cadens
2921 2841 2974 2893 in
3022 2839 3216 2907 faciem
3270 2839 3509 2893 adorabit

1923 2925 2130 2994 Deum,
2188 2928 2535 2999 pronuntians
2591 2930 2731 2999 quod
2782 2946 2898 2984 vere
2948 2928 3091 2984 Deus
3137 2931 3193 2984 in
3234 2930 3373 2985 vobis
3419 2929 3507 2983 sit.

1924 3016 2163 3090 (Greg.)
2214 3017 2349 3073 Cum
2389 3018 2555 3091 igitur
2592 3018 2803 3074 occulta
2852 3019 3032 3074 cordis
3069 3018 3184 3088 ejus
3223 3019 3510 3074 manifesta

1925 3106 2080 3174 ﬁunt,
2131 3108 2372 3179 profecto
2418 3117 2784 3176 monstratur,
2819 3109 2944 3180 quia
2982 3125 3080 3181 per
3108 3109 3253 3165 hunc
3289 3110 3508 3165 modum

230 3206 429 3271 edere,
459 3204 741 3262 Christum
770 3205 840 3262 de
864 3207 1011 3274 Deo,
1035 3207 1203 3262 Deum
1228 3204 1544 3276 praedicari,
1570 3205 1673 3260 hoc
1700 3211 1816 3271 est,
1848 3193 1892 3255 C
1925 3199 2222 3271 prophetia:
2257 3199 2492 3271 Spiritus
2531 3216 2638 3257 non
2669 3186 2911 3272 praedicit
2944 3202 3087 3272 quod
3129 3202 3373 3258 futurum
3401 3212 3507 3272 est,

233 3294 358 3351 aliis
385 3294 577 3361 labiis,
607 3304 665 3351 et
691 3295 814 3352 aliis
840 3295 1038 3368 linguis
1065 3295 1248 3367 loqui,
1278 3312 1380 3352 nec
1415 3295 1611 3366 perﬁdi
1649 3296 1819 3353 Deum

232 3386 500 3443 obaudire
546 3387 853 3445 voluerunt.
906 3389 1094 3446 Potest
1141 3397 1196 3445 et
1244 3391 1326 3446 sic
1379 3389 1634 3459 intelligi,
1694 3390 1822 3460 quia

232 3476 397 3533 multi
440 3476 750 3534 Judeeorum
794 3478 1043 3536 malevoli
1084 3488 1270 3545 erant,
1304 3488 1371 3536 et
1411 3491 1694 3552 prepterea
1743 3480 1824 3536 di-

233 3584 403 3640 gnum
432 3583 541 3624 non
568 3579 691 3626 erat
713 3570 801 3626 his
825 3570 880 3626 in
910 3569 1241 3626 revelatione
1270 3569 1417 3641 loqui
1448 3568 1819 3641 Evangelium.

232 3659 292 3717 in
338 3659 616 3732 parabolis
665 3661 988 3733 loquebatur
1034 3664 1102 3717 ad
1145 3677 1271 3728 eos,
1320 3670 1381 3717 ut
1426 3662 1822 3734 intelligerent,

234 3752 362 3809 ideo
410 3752 516 3809 sibi
561 3768 669 3811 non
722 3753 987 3821 revelari,
1037 3754 1164 3825 quia
1204 3754 1332 3809 mali
1380 3764 1569 3820 erant,
1620 3769 1722 3810 nec
1765 3769 1827 3810 se

238 3845 583 3916 corrigerth
604 3854 667 3901 ut
699 3854 1052 3902 merentesse
1073 3844 1315 3901 facerent
1352 3860 1450 3916 per
1488 3846 1823 3916 explanatio-

234 3948 369 3991 nem
418 3935 608 3993 audire
658 3936 825 3993 verba
870 3934 988 3993 Dei.
1036 3934 1193 3991 Unde
1234 3935 1422 3990 dicunt
1466 3934 1711 4006 discipuli
1758 3934 1825 3988 ad

233 4027 529 4085 Dominum
553 4045 569 4083 :
598 4028 845 4096 Domine,
869 4044 1035 4101 quare
1060 4028 1115 4082 in
1136 4026 1403 4098 parabolis
1429 4026 1658 4098 loqueris
1682 4025 1830 4081 illis?

235 4119 307 4177 Et
344 4121 643 4189 Dominus,
677 4121 804 4193 quia
850 4122 993 4177 vobis
1040 4121 1223 4175 datum
1264 4128 1376 4187 est,
1419 4120 1629 4191 inquit,
1677 4134 1830 4175 nosse

236 4218 549 4288 mysterium
596 4217 742 4288 regni
772 4214 902 4282 Dei,
951 4214 1058 4270 illis
1106 4223 1283 4269 autem
1331 4230 1458 4279 non,
1493 4222 1551 4268 ut
1600 4212 1829 4269 videntes

237 4325 345 4365 non
375 4308 609 4375 videant,
640 4316 687 4364 et
714 4308 984 4363 audientes
1013 4323 1117 4361 non
1146 4304 1441 4377 intelligant
1462 4303 1617 4377 (Luc.
1646 4319 1743 4359 vm
1766 4301 1785 4374 )
1810 4342 1826 4368 ,

236 4415 308 4456 ne
351 4399 558 4470 indigni
598 4397 831 4455 salutem
875 4396 1253 4469 perciperent,
1300 4394 1443 4466 quod
1483 4393 1826 4449 animadver-

1924 3294 2020 3349 sed
2060 3294 2299 3350 ostendit
2328 3295 2471 3365 quod
2507 3302 2609 3352 est.
2652 3294 2770 3363 Quo
2816 3304 2998 3352 autem
3041 3304 3199 3368 pacto
3226 3296 3511 3368 prophetia

1925 3385 2140 3440 dicatur
2166 3384 2424 3457 Spiritus,
2451 3387 2545 3457 qui
2568 3385 2701 3441 nihil
2730 3385 2969 3441 futurum
2990 3387 3210 3455 indicat,
3254 3386 3348 3444 sed
3365 3402 3508 3457 prte-

1924 3490 2050 3533 sens
2079 3477 2299 3531 narrat?
2343 3492 2451 3547 qua
2481 3476 2534 3532 in
2565 3492 2625 3533 re
2665 3477 3200 3535 animadvertendum
3235 3486 3339 3545 est,
3369 3479 3515 3551 quod

1927 3578 2074 3626 recte
2102 3571 2389 3641 prophetia
2437 3569 2658 3636 dicitur,
2692 3584 2797 3625 non
2838 3570 2965 3640 quia
2991 3569 3235 3641 praedicit
3257 3578 3507 3638 ventura,

1926 3661 2020 3717 sed
2049 3661 2176 3732 quia
2202 3662 2381 3733 prodit
2408 3662 2618 3719 occulta
2636 3705 2651 3731 ,
2685 3677 2799 3718 rem
2827 3664 3025 3733 quippe
3051 3662 3347 3733 quamlibet
3371 3663 3514 3718 sicut

1928 3753 1996 3808 ab
2037 3753 2210 3808 oculis
2237 3753 2439 3810 nostris
2471 3755 2526 3809 in
2552 3753 3094 3810 futuro'subtrahunt
3137 3762 3401 3825 tempora,
3435 3754 3510 3810 ita

1927 3844 1996 3901 ab
2023 3844 2196 3900 oculis
2234 3846 2434 3901 nostris
2467 3846 2522 3901 in
2556 3846 2809 3918 praesenti
2836 3846 3122 3902 subtrahet
3158 3861 3340 3902 causa.
3374 3844 3518 3903 Ven-

1930 3944 2052 3991 tura
2077 3937 2280 3992 etenitn
2312 3952 2400 3994 res
2437 3938 2741 3994 occultatur
2776 3938 2830 3992 in
2861 3937 3043 3994 futuro
3087 3945 3346 4008 tempore,
3379 3954 3517 4010 pra:-

1929 4042 2055 4084 sens
2100 4038 2282 4085 autem
2328 4030 2587 4101 cogitatio
2615 4029 2965 4085 absconditur
3003 4028 3058 4083 in
3102 4028 3290 4084 latenti
3330 4029 3513 4084 corde.

1928 4118 2027 4174 Est
2052 4119 2214 4175 etiam
2242 4118 2529 4190 prophetia
2564 4132 2824 4190 praesens,
2856 4133 2980 4174 cum
3009 4134 3097 4175 res
3128 4117 3378 4186 quaelibet
3407 4134 3516 4174 non

1928 4227 2026 4283 per
2055 4210 2320 4279 animum,
2348 4211 2441 4267 sed
2482 4227 2583 4282 per
2610 4211 2888 4267 absentem
2928 4208 3105 4264 locum
3138 4209 3358 4282 tegitur,
3397 4223 3518 4279 qua:

1933 4312 2115 4357 tamen
2149 4315 2249 4372 per
2285 4300 2549 4372 Spiritum
2597 4301 2922 4367 denudatur,
2966 4306 3023 4357 et
3063 4299 3138 4355 ibi
3181 4298 3243 4354 ﬁt
3278 4314 3519 4371 praesens

1929 4393 2306 4464 prophetantis
2344 4393 2594 4459 animus,
2634 4391 2726 4447 ubi
2760 4406 2860 4462 per
2892 4390 3237 4461 praesentiam
3276 4404 3384 4445 non
3433 4400 3520 4445 est

236 4500 422 4547 tentes
468 4504 571 4560 pro
617 4489 831 4545 meritis
876 4489 991 4544 suis
1035 4487 1235 4543 factum
1255 4527 1271 4553 ,
1317 4501 1421 4541 nec
1463 4485 1542 4542 sic
1581 4483 1828 4541 conversi
1859 4546 1902 4560 ﬁ
1933 4499 2148 4556 corpus.
2170 4482 2307 4539 Nam
2334 4482 2486 4539 Giezi
2511 4482 2670 4555 longe
2692 4496 2723 4537 a
2747 4483 3012 4554 propheta
3042 4488 3364 4545 recesserat,
3393 4495 3518 4535 cum

236 4579 354 4635 Deo
392 4546 713 4634 satisfacere
753 4577 1059 4634 voluerunt.
1102 4573 1293 4647 Itaque
1322 4573 1517 4646 lingua:
1539 4575 1595 4628 in
1620 4574 1830 4642 signum
1858 4546 1908 4607 D
1934 4576 2197 4633 Naamam
2242 4577 2365 4649 Syri
2405 4591 2630 4632 munera
2657 4574 3010 4646 percipiebat,
3042 4572 3127 4629 cui
3162 4579 3345 4627 tamen
3375 4570 3520 4626 idem

237 4680 388 4728 sunt.
420 4669 539 4727 lloc
565 4679 651 4726 est
678 4669 949 4725 velamine
999 4666 1289 4739 incognita:
1321 4665 1517 4738 lingua:
1552 4664 1833 4722 obscurati

238 4772 369 4818 sunt
398 4777 683 4818 sermones
706 4762 800 4819 Dei
820 4803 836 4825 ,
862 4776 931 4817 ne
959 4761 1248 4817 videantur
1273 4775 1304 4815 a
1334 4759 1587 4830 perﬁdis,
1617 4768 1679 4814 ut
1707 4772 1830 4814 cum

237 4855 541 4910 audiuntur
568 4855 859 4927 incognita:
903 4853 1122 4924 linguae,
1164 4853 1378 4924 signum
1429 4852 1500 4907 sit
1533 4850 1662 4921 quia
1706 4865 1834 4921 pro-

236 4954 365 5015 pter
412 4944 695 5016 perﬁdiam
748 4944 951 5002 factum
999 4955 1121 5011 est,
1167 4960 1239 5001 ne
1278 4944 1506 5000 audiens
1545 4938 1828 5013 intelligat.

242 5036 373 5091 Non
396 5034 661 5105 ﬁdelibus,
686 5038 777 5093 sed
814 5037 1135 5107 inﬁdelibus.
1176 5036 1293 5093 iloc
1324 5043 1443 5100 est,
1479 5034 1623 5104 quod
1657 5033 1829 5098 dixit,

238 5144 373 5200 quia
423 5127 491 5185 ad
542 5129 899 5186 occultandos
948 5142 1143 5184 sensus
1195 5125 1491 5183 incredulis
1542 5123 1837 5196 proﬁciunt

240 5222 467 5295 linguas.
498 5221 800 5293 Propltetitv
829 5232 1003 5277 autem
1034 5238 1137 5277 non
1178 5219 1476 5290 inﬁdelibus
1498 5258 1513 5284 ,
1542 5216 1631 5272 sed
1662 5213 1836 5286 ﬁdeli-

241 5319 379 5381 bus;
408 5316 515 5373 hoc
543 5324 627 5373 est
647 5357 662 5382 ,
694 5332 802 5371 non
827 5316 1086 5386 competit
1114 5314 1361 5371 ﬁdelibus
1384 5312 1573 5368 audire
1598 5311 1830 5382 linguas,

241 5424 386 5479 quas
416 5423 526 5463 non
558 5407 897 5480 intelligunt,
931 5407 1026 5464 sed
1068 5406 1406 5471 inﬁdelibus,
1438 5404 1529 5475 qui
1564 5418 1671 5459 non
1710 5407 1837 5457 sunt

242 5499 397 5573 digni
440 5499 957 5572 intelligere,‘sicut
984 5501 1116 5557 dicit
1143 5500 1308 5556 Isaias
1330 5500 1595 5571 propheta
1635 5511 1650 5550 :
1693 5494 1835 5549 Vade

243 5602 294 5648 et
334 5591 425 5646 die
451 5590 647 5662 populo
678 5592 802 5648 huic
821 5633 837 5659 ,
869 5592 1010 5648 Aure
1035 5590 1264 5648 audietis
1292 5601 1340 5647 et
1371 5608 1473 5646 non
1502 5589 1832 5660 intelligetis,

244 5690 357 5737 etc.
385 5680 548 5753 (Isa.
577 5683 698 5755 vt).

318 5770 386 5833 Si
429 5790 559 5851 ergo
601 5775 870 5832 conveniat
916 5776 1159 5832 universa
1206 5771 1441 5830 Ecclesia
1483 5772 1539 5827 in
1582 5786 1743 5829 unum
1790 5778 1840 5823 et

1933 4667 2192 4740 propheta
2242 4667 2372 4723 dicit
2407 4686 2420 4722 :
2450 4666 2641 4721 Nonne
2674 4681 2764 4720 cor
2805 4680 2977 4718 nteant
3019 4663 3072 4717 in
3114 4662 3358 4734 pra'senti
3385 4669 3516 4727 erat,

1933 4761 2146 4834 quando
2186 4777 2420 4817 reversus
2447 4769 2523 4815 est
2551 4760 2706 4814 homo
2733 4757 2798 4811 de
2825 4773 2982 4811 cursu
3025 4771 3120 4811 suo
3148 4755 3205 4809 in
3244 4769 3520 4809 occursum

1935 4853 2070 4908 tibi?
2099 4851 2207 4925 (IV
2232 4852 2362 4925 neg‘.
2382 4851 2461 4921 v.)

2009 4944 2149 5010 Quid
2179 4960 2301 5015 ergo
2331 4952 2427 5010 est,
2453 4942 2665 5013 fratres,
2695 4954 2814 4994 cum
2854 4937 3143 4993 convenitis
3166 4933 3521 5009 unusquisque

1931 5046 2159 5092 vestrum
2178 5034 2439 5107 psalmum
2469 5032 2664 5088 habet?
2690 5029 2925 5106 (Ambr.)
2956 5030 3013 5086 Id
3043 5037 3146 5096 est,
3175 5029 3387 5084 laudem
3420 5027 3518 5083 Dei

1932 5144 2034 5200 per
2060 5127 2334 5184 canticum
2383 5125 2673 5196 eloquitur.
2714 5122 3023 5178 Doctrinam
3054 5121 3224 5185 habet,
3273 5120 3379 5175 hoc
3404 5126 3518 5184 est,

1936 5232 2191 5275 sensuum
2220 5231 2317 5287 per
2337 5214 2636 5287 spiritalem
2665 5212 3008 5284 prudentiam
3034 5211 3195 5267 habet
3225 5207 3522 5281 expositio-

1939 5322 2084 5362 nem.
2129 5304 2479 5377 Apocalypsin
2513 5304 2685 5370 habet,
2714 5303 2767 5359 id
2789 5310 2873 5360 est
2898 5344 2913 5369 ,
2945 5303 3131 5358 subest
3161 5301 3209 5357 ei
3241 5299 3523 5370 prophetia

1940 5384 2274 5455 occultorum
2318 5410 2439 5467 quae
2472 5395 2539 5451 ad
2567 5395 2810 5451 omnium
2852 5401 3089 5449 mentem
3122 5390 3424 5463 perveniat,
3448 5388 3526 5444 l'a-

1941 5500 2102 5549 vente
2143 5489 2347 5562 Spiritu
2392 5499 2600 5546 sancto.
2652 5487 2910 5559 Linguam
2956 5485 3141 5551 habet;
3186 5491 3248 5538 ut
3283 5476 3521 5551 eosf'qui

1940 5585 2124 5656 lingua
2154 5582 2299 5652 loqui
2326 5587 2580 5652 poterant
2608 5594 2716 5636 non
2743 5577 3108 5638 contristaret,
3154 5572 3404 5645 permisit
3433 5581 3526 5623 eos

1942 5679 2087 5749 loqui
2116 5676 2315 5748 linguis
2340 5692 2355 5731 :
2384 5676 2459 5730 ita
2483 5682 2661 5730 tamen
2689 5680 2750 5726 ut
2785 5668 3157 5741 interpretatio
3184 5669 3521 5737 sequeretur.

1941 5773 2067 5828 Ideo
2122 5770 2239 5836 ait,
2286 5767 2761 5840 interpretationem
2809 5762 2997 5825 habet,
3050 5768 3111 5815 ut
3163 5757 3209 5812 si
3261 5756 3529 5822 interpres
