4082 6332
488 295 594 353 155

1140 285 1204 343 Β.
1243 280 1497 340 RABANI
1533 274 1754 334 MAURI
1788 269 2107 330 ARCHIEP.
2146 265 2456 326 MOGUNT.
2495 262 2780 323 OPERUM
2815 258 2996 317 PARS
3030 259 3119 316 Ill.

3654 253 3763 310 156

490 407 961 475 adesset,daretur
975 403 1128 460 locus
1160 397 1507 471 loquentibus
1530 391 1746 464 linguis.
1779 387 1972 445 Omnia
2001 384 2070 439 ad
2099 388 2152 449 Α
2176 383 2342 438 tibus.
2376 380 2467 437 Sic
2489 380 2637 436 enim
2668 393 2728 434 se
2761 376 3064 448 iactabant,
3107 373 3265 446 quasi
3297 370 3628 475 beneﬁcium
3666 370 3764 426 da—

491 498 892 568 redi/icationem
917 494 1070 563 ﬁant.
1116 487 1405 547 Conclusio
1445 485 1561 540 haec
1599 491 1704 546 est,
1746 486 1806 534 ut
1829 475 2075 568 nihilin-

493 566 708 644 cassum
755 585 812 640 in
852 582 1093 640 Ecclesia
1137 585 1376 652 geratur,
1423 575 1635 644 hocque
1689 566 2077 627 elaborandum

493 679 690 750 magis,
719 685 780 732 ut
805 684 863 732 et
886 673 1125 746 imperiti
1145 669 1450 742 proﬁciant,
1485 680 1554 721 ne
1582 663 1711 734 quid
1739 662 1810 718 sit
1835 658 2080 733 corporis

493 784 593 839 per
617 766 944 837 imperitiam
983 762 1348 820 tenebrosum.
1393 757 1600 814 Idcirco
1638 767 1828 810 omnes
1863 758 2082 823 paratos

496 859 614 914 vult
652 857 942 914 convenire
965 896 981 922 ,
1019 853 1250 910 diversis
1291 850 1447 906 donis
1481 845 1843 918 spiritalibus,
1879 850 1940 898 ut
1965 843 2082 913 ipsa

498 948 754 1003 aviditate
775 945 942 1000 animi
966 943 1247 1014 vigilantes
1269 940 1501 1000 invicem
1523 953 1583 992 se
1602 935 1950 993 exhortantes
1965 946 2083 987 me-

499 1040 636 1095 liora
669 1040 809 1095 dona
833 1037 1236 1098 aemularentur,
1266 1034 1334 1088 ad
1363 1030 1806 1087 illuminationem
1835 1025 2082 1081 fratrum.

503 1129 622 1185 Sive
658 1128 795 1183 enim
822 1127 1004 1198 lingua
1041 1127 1156 1197 quis
1204 1123 1454 1194 loquitur,
1477 1121 1766 1176 secundum
1808 1119 1942 1173 duos
1971 1125 2084 1182 aut,

503 1231 557 1275 ut
587 1219 835 1285 multum,
857 1227 982 1284 tres,
1008 1227 1058 1272 et
1081 1233 1175 1288 per
1206 1223 1380 1286 partes
1405 1230 1540 1267 unus
1559 1214 1949 1280 interpretatur.
1974 1207 2089 1262 Hoc

503 1320 607 1378 est,
637 1313 742 1367 duo
776 1318 870 1365 aut
898 1317 1040 1374 tres,
1083 1307 1203 1378 plus
1247 1320 1356 1361 non
1391 1303 1588 1374 linguis
1617 1303 1942 1372 loquantur,
1993 1297 2091 1355 sed

503 1402 722 1475 singuli,
764 1417 871 1456 non
898 1399 1057 1456 simul
1080 1412 1304 1463 omnes,
1355 1411 1424 1451 ne
1455 1394 1696 1450 insanire
1737 1392 2088 1456 viderentur;

508 1493 628 1548 ideo
647 1507 776 1564 ergo
805 1509 823 1541 ι
845 1499 903 1545 ιιι
932 1488 1177 1552 multum,
1196 1496 1327 1552 tres,
1354 1503 1373 1537 ι
1401 1500 1469 1540 ne
1489 1489 1817 1552 occuparent
1832 1481 1974 1536 diem
1991 1480 2093 1534 lin-

509 1583 630 1655 guis
653 1582 956 1652 loquentes,
987 1588 1042 1636 et
1069 1579 1394 1650 interpretes
1422 1575 1636 1630 illorum
1663 1588 1770 1628 non
1809 1573 2090 1638 haberent,

511 1684 674 1746 atque
706 1674 982 1745 propheta:
1022 1679 1236 1739 tempus
1275 1668 1588 1737 Scripturas
1629 1663 1954 1729 disserendi,
2001 1663 2094 1733 qui

2180 483 2304 531 rent
2332 474 2522 545 magis,
2549 473 2704 542 quasi
2735 471 3062 540 acciperent,
3107 466 3428 522 accedentes
3461 465 3530 519 ad
3564 463 3766 528 ﬁdem;

2179 565 2322 621 unde
2341 563 2510 620 dicit:
2535 563 2638 616 Aut
2663 563 2716 616 in
2745 578 2832 616 vos
2855 559 2994 614 solos
3017 558 3217 613 devenit
3241 555 3453 610 uerbum
3474 553 3613 608 Dei?
3630 551 3769 608 0m-

2181 655 2266 711 nis
2288 654 2436 710 enim
2457 651 2686 726 quivult
2724 651 2927 721 aliquid
2957 663 3172 714 emere,
3222 645 3367 718 quod
3409 644 3514 699 scit
3539 643 3609 697 ab
3645 643 3776 697 aliis

2182 761 2290 802 non
2318 745 2542 815 requiri,
2562 759 2685 800 cum
2706 743 2939 812 quodam
2968 739 3187 794 fastidio
3212 736 3422 792 accedit
3442 735 3510 790 ad
3535 734 3777 802 emptio-

2184 852 2309 893 nem
2347 834 2506 906 quasi
2553 832 2878 890 beneﬁcium
2926 828 3268 900 praestiturus
3315 823 3592 879 vendenti.
3646 822 3781 876 ideo

2186 927 2291 982 hoc
2317 923 2607 996 Apostolus
2635 921 2815 992 arguit
2860 923 2915 974 in
2949 917 3248 974 Corinthiis
3270 914 3362 984 qui
3398 912 3534 968 tales
3559 926 3618 967 se
3644 925 3780 980 pre-

2185 1017 2409 1071 mebant
2449 1013 2685 1069 elatione
2723 1009 3002 1072 vanitatis,
3035 1007 3191 1078 quasi
3214 1006 3336 1074 ipsi,
3365 1005 3409 1060 si
3448 1019 3556 1058 non
3590 1001 3786 1059 obedi~

2190 1113 2312 1160 rent
2335 1104 2517 1160 verbis
2548 1101 2691 1167 ﬁdei,
2723 1114 2884 1155 nemo
2908 1106 3057 1154 esset
3076 1096 3170 1166 qui
3197 1095 3470 1161 crederet,
3510 1093 3652 1148 sicut
3691 1092 3783 1146 di-

2189 1198 2265 1252 cit
2291 1195 2526 1250 Judzeis:
2559 1193 2715 1247 Vobis
2756 1192 2982 1261 primum
3011 1187 3276 1258 oportebat
3311 1185 3454 1258 loqui
3475 1185 3628 1241 verba
3661 1185 3789 1239 vita

2191 1287 2375 1358 hujus,
2417 1284 2508 1339 sed
2550 1283 2674 1354 quia
2717 1278 2980 1350 repulistis
3021 1293 3083 1331 ea
3121 1276 3365 1346 indignos
3401 1291 3488 1329 vos
3532 1274 3788 1343 facientes

2193 1387 2404 1432 (eterna:
2443 1376 2595 1442 vita,
2639 1389 2754 1428 ecce
2793 1368 3141 1426 convertimus
3182 1383 3276 1422 nos
3317 1366 3387 1420 ad
3417 1374 3592 1438 gentes
3618 1365 3638 1437 (
3661 1364 3785 1419 Act.

2195 1485 2293 1524 xm
2321 1467 2365 1539 ).

2268 1557 2330 1614 Si
2355 1557 2471 1630 quis
2500 1556 2701 1613 videtur
2720 1554 2972 1626 propheta
2998 1569 3130 1619 esse,
3169 1561 3262 1606 aut
3286 1549 3560 1620 spiritalis,
3594 1566 3795 1620 cogno-

2196 1660 2308 1707 seat
2335 1667 2452 1723 quae
2493 1649 2662 1704 scribo
2690 1646 2852 1711 vobis,
2889 1646 3016 1717 quia
3062 1644 3276 1700 Domini
3331 1651 3456 1697 sunt
3507 1640 3794 1695 mandata.

513 1720 638 1820 su‘ht
689 1720 853 1818 tztiurs
893 1720 1162 1817 Ecclesia:r
1197 1720 1608 1814 illumin‘atores.
1671 1753 1734 1811 Si
1777 1764 1950 1808 autem
1992 1720 2096 1807 n-on
2123 1744 2312 1807 B1100
2335 1742 2552 1808 dicenS,
2585 1739 2758 1810 tangit
2794 1753 2960 1808 supra
3003 1743 3334 1792 memoratos
3367 1733 3536 1788 falsos
3571 1720 3820 1803 apostoJ

604 1855 672 1907 rit
696 1855 968 1922 interpres,
992 1861 1161 1905 taceat
1203 1851 1259 1903 in
1286 1847 1548 1912 Ecclesia,
1579 1845 1679 1899 sibi
1697 1855 1881 1898 autem
1909 1842 2098 1913 loqua-

624 1953 672 1998 et
701 1943 827 1997 Deo.
871 1941 984 1998 Hoc
1019 1949 1124 2008 est,
1162 1941 1303 1995 intra
1331 1954 1391 1994 se
1420 1938 1584 1992 tacite
1611 1942 1752 2002 oret,
1790 1943 1885 1988 aut
1909 1933 2099 2004 loqua-

518 2041 608 2087 tur
633 2033 762 2098 Deo,
809 2032 898 2101 qui
928 2030 1079 2085 audit
1109 2038 1258 2084 muta
1303 2029 1485 2084 omnia
1517 2046 1530 2081 :
1561 2028 1616 2082 in
1662 2026 1906 2082 Ecclesia
1957 2027 2103 2080 enim

518 2122 608 2177 ille
637 2121 794 2177 debet
821 2121 999 2190 loqui,
1039 2120 1132 2190 qui
1170 2119 1422 2175 omnibus
1462 2117 1655 2188 prosit.
1688 2115 1971 2187 Propheta:
1997 2115 2104 2170 duo

519 2221 611 2267 aut
637 2222 739 2266 tres
777 2211 954 2265 dicant
977 2220 1026 2265 et
1055 2209 1150 2264 alii
1186 2208 1497 2282 dijudicept.
1535 2207 1717 2277 Ipsum
1754 2206 1974 2262 modum
2022 2213 2099 2260 te-

519 2303 638 2356 nuit
653 2302 908 2358 dicendo:
933 2319 950 2352 ‹
971 2301 1088 2354 1)υο
1101 2308 1190 2354 aut
1209 2307 1318 2353 tres
1333 2298 1644 2367 loquantur,
1666 2317 1686 2348 ι
1705 2297 1901 2368 singuli
1921 2303 2105 2352 autem

523 2393 664 2448 sicut
695 2408 878 2463 supra,
913 2401 1140 2447 crctcros
1179 2398 1360 2445 autem
1395 2390 1732 2460 interrogare
1759 2387 2006 2459 permisit
2042 2387 2110 2442 de

523 2483 611 2538 his
649 2499 770 2554 quae
801 2483 938 2539 forte
966 2484 1020 2538 in
1057 2482 1324 2554 ambiguis
1364 2483 1617 2546 veniunt,
1669 2489 1765 2536 aut
1799 2496 1920 2552 quae
1959 2495 2110 2536 asse-

525 2573 621 2644 qui
650 2573 846 2643 aliquis
869 2589 977 2628 non
1005 2581 1204 2644 potest,
1237 2573 1365 2643 quia
1391 2573 1606 2629 diversa
1635 2581 1765 2628 sunt
1787 2572 2020 2643 ingenia,
2054 2579 2111 2626 ut

524 2665 889 2736 disputatione
932 2665 1175 2735 planiore
1203 2665 1586 2720 dilucidentur.
1637 2663 1791 2732 Quod
1827 2665 1873 2719 si
1900 2663 1995 2717 alii
2027 2679 2111 2717 re-

525 2755 752 2810 velatum
785 2757 943 2826 fuerit
969 2755 1190 2822 sedenti,
1228 2756 1375 2826 prior
1402 2765 1591 2810 taceat.
1620 2755 1679 2810 Id
1704 2763 1810 2821 est,
1836 2754 2117 2825 permittat

526 2845 704 2916 potior
731 2845 994 2913 inferiori,
1025 2854 1085 2900 ut
1115 2846 1162 2902 si
1199 2854 1397 2916 potest,
1445 2847 1592 2903 dicat
1631 2860 1734 2902 nec
1763 2861 1908 2917 aegre
1953 2845 2110 2911 ferat,

530 2935 657 3005 quia
683 2944 863 3005 potest
901 2944 956 2990 et
983 2934 1060 2991 illi
1085 2934 1203 2990 dari
1228 2937 1452 3005 donum,
1477 2945 1537 2991 ut
1557 2936 1724 3002 dicat,
1752 2950 1878 2992 cum
1906 2935 2118 2991 videtur

529 3024 788 3090 inferior,
841 3025 986 3097 quod
1027 3027 1227 3096 potiori
1273 3041 1594 3082 concessum
1635 3040 1744 3082 non
1805 3033 1907 3080 est.
1965 3024 2118 3081 Sicut

2199 1837 2282 1893 los
2307 1852 2338 1891 a
2383 1835 2583 1907 quibus
2621 1833 2840 1888 fuerant
2880 1831 3197 1901 depravati,
3229 1829 3321 1899 qui
3361 1843 3462 1899 pro
3504 1825 3804 1882 desideriis

2200 1927 2482 1984 hominum
2537 1941 2646 1981 non
2689 1923 2894 1990 divina,
2945 1923 3040 1978 sed
3072 1931 3290 1978 terrena
3336 1919 3624 1975 docebant.
3666 1917 3805 1972 Ideo

2202 2018 2338 2074 nihil
2378 2032 2535 2073 suum
2566 2015 2778 2071 tradere
2812 2029 2872 2069 se
2899 2013 3052 2078 dicit,
3100 2011 3198 2067 sed
3233 2010 3470 2076 Domini,
3507 2017 3568 2063 ut
3591 2009 3802 2079 quibus

2203 2110 2416 2174 suadet,
2466 2108 2578 2162 Deo
2631 2105 2916 2176 acquisiti,
2971 2118 3079 2159 non
3126 2103 3437 2158 hominibus
3483 2100 3801 2164 videantur,

2205 2217 2313 2272 qua
2344 2200 2540 2256 ﬁducia
2585 2208 2642 2256 et
2663 2207 2978 2254 constanter
3007 2196 3286 2267 praedicat,
3330 2194 3556 2250 liberam
3589 2193 3807 2248 habens

2205 2294 2618 2358 conscientiam,
2655 2292 2781 2363 quia
2810 2305 2917 2346 non
2962 2287 3271 2344 hominibus
3294 2287 3508 2358 placere
3531 2285 3666 2351 vult,
3700 2287 3806 2340 sed

2208 2388 2354 2453 Deo;
2392 2385 2536 2442 unde
2576 2383 2955 2456 peccatoribus
2995 2397 3099 2436 non
3137 2379 3414 2436 blanditur
3445 2386 3504 2432 ut
3532 2385 3805 2440 crescant,

2209 2478 2305 2536 sed
2349 2479 2604 2534 admonet
2653 2485 2712 2531 ut
2757 2475 3022 2531 desinant.
3067 2471 3127 2529 Si
3171 2472 3288 2544 quis
3340 2479 3517 2525 autem
3561 2469 3806 2540 ignorat.

2212 2571 2564 2644 ignorabitur.
2591 2569 2778 2634 Recte,
2804 2568 2931 2640 quia
2956 2567 3050 2638 qui
3077 2567 3254 2622 nescit
3275 2565 3488 2621 Domini
3515 2578 3655 2626 esse,
3683 2578 3812 2632 qua:

2212 2665 2452 2735 loquitur
2478 2659 2792 2733 Apostolus,
2839 2668 2894 2714 et
2919 2659 3034 2730 ipse
3058 2673 3090 2712 a
3120 2657 3348 2713 Domino
3385 2654 3722 2728 ignorabitur
3751 2655 3812 2708 in

2214 2758 2303 2815 die
2343 2757 2558 2828 judicii,
2601 2756 2817 2811 dicente
2844 2753 3108 2808 Domino:
3137 2752 3302 2808 Amen
3329 2752 3446 2807 dico
3475 2751 3637 2818 vobis,
3665 2751 3812 2822 quod

2216 2849 2389 2904 nescio
2414 2864 2500 2902 vos
2532 2845 2766 2918 (Matth.
2799 2859 2903 2898 xxv
2928 2845 2969 2916 ).

2289 2940 2500 3013 Itaque,
2539 2940 2752 3010 fratres,
2803 2937 3128 2994 remulamini
3179 2937 3508 3009 prophetare.
3547 2934 3816 3003 Quamvis

2220 3040 2414 3102 arguat
2438 3033 2538 3087 hos
2558 3073 2572 3098 ,
2605 3041 2662 3088 et
2707 3031 2761 3086 in
2794 3030 2981 3086 multis
3013 3030 3394 3100 reprehendat,
3429 3037 3486 3084 et
3525 3029 3812 3098 corripiat,

529 3118 676 3171 enim
712 3125 884 3171 totum
919 3117 1013 3171 uni
1052 3117 1276 3174 concedi
1321 3132 1430 3172 non
1475 3125 1686 3188 potest,
1723 3117 1853 3173 licet
1897 3117 2116 3187 potiori,
2145 3110 2192 3175 C
2222 3139 2288 3180 eo
2312 3125 2455 3196 quod
2483 3132 2821 3180 recesserant
2851 3139 2881 3178 a
2915 3123 3202 3178 traditione
3232 3122 3371 3192 ejus,
3399 3130 3581 3175 tamen
3615 3120 3819 3177 fratres

532 3206 611 3262 ita
631 3215 688 3261 et
729 3222 837 3262 non
878 3215 1059 3277 potest
1092 3207 1254 3262 alicui
1279 3208 1527 3278 quamvis
1573 3207 1818 3263 inferiori
1858 3208 1992 3262 nihil
2019 3209 2120 3263 im-

529 3301 744 3374 pertiri,
788 3310 848 3356 ut
889 3317 1049 3358 nemo
1087 3303 1160 3358 sit
1197 3317 1398 3357 vacuus
1447 3317 1478 3356 a
1508 3303 1683 3374 gratia
1725 3301 1840 3357 Dei.
1895 3299 2120 3357 Potestis

531 3395 672 3450 enim
714 3411 806 3465 per
847 3394 1082 3465 singulos
1123 3395 1462 3465 prophetare,
1505 3404 1562 3448 ut
1608 3411 1784 3449 omnes
1831 3394 2036 3449 discant
2070 3403 2120 3450 et

533 3500 712 3539 omnes
759 3495 992 3540 exorent.
1045 3485 1170 3541 Haec
1211 3486 1428 3541 traditio
1477 3485 1772 3557 Synagoga:
1810 3495 1916 3552 est,
1955 3500 2117 3555 quam

535 3591 636 3633 nos
661 3576 778 3631 vult
797 3577 1020 3642 sectari,
1047 3577 1174 3647 quia
1189 3575 1518 3632 Christianis
1541 3577 1760 3648 quidam
1783 3576 1992 3643 scribit,
2023 3575 2120 3632 sed

534 3685 601 3726 ex
640 3670 892 3740 gentibus
929 3669 1117 3737 factis,
1149 3685 1258 3726 non
1297 3685 1366 3725 ex
1394 3668 1616 3735 Iudaeis,
1645 3677 1707 3726 ut
1731 3669 1983 3726 sedentes
2009 3669 2121 3725 dis-

534 3767 746 3830 putent,
768 3759 1012 3816 seniores
1034 3758 1297 3830 dignitate
1329 3760 1384 3814 in
1415 3759 1710 3826 cathedris,
1744 3768 2036 3830 sequentes
2064 3759 2120 3814 in

539 3850 848 3917 subselliis,
899 3851 1182 3906 novissimi
1231 3851 1286 3905 in
1328 3851 1638 3922 pavimento
1680 3866 1844 3922 super
1885 3859 2120 3918 mattas,

538 3943 736 4014 quibus
785 3943 832 3999 si
884 3943 1184 3999 revelatum
1234 3943 1421 4012 fuerit,
1473 3944 1649 4002 dando
1687 3945 1864 4001 locum
1908 3945 2124 4003 dicendi

539 4033 818 4105 praecepit,
865 4050 968 4091 nec
1004 4035 1396 4106 despiciendos,
1441 4038 1568 4108 quia
1599 4039 1845 4094 membra
1880 4038 2126 4110 corporis

539 4134 684 4180 sunt.
710 4123 778 4178 Et
805 4124 1034 4196 Spiritus
1056 4128 1425 4197 prophetarum
1444 4130 1708 4200 prophetis
1734 4129 1998 4200 subjectus
2023 4139 2121 4184 est.

539 4214 676 4282 Quia
718 4215 866 4269 enim
909 4232 1050 4271 unus
1097 4224 1257 4286 atque
1311 4217 1454 4272 idem
1497 4217 1716 4287 spiritus
1764 4228 1849 4274 est
1883 4219 1977 4290 qui
2015 4225 2126 4274 tam

540 4306 821 4374 prophetis
866 4304 1048 4360 futura
1101 4307 1422 4373 dicentibus,
1456 4325 1619 4379 quam
1651 4311 1735 4365 his
1761 4310 1853 4380 qui
1883 4310 2127 4366 revelant

543 4396 878 4466 Scripturas,
908 4396 1143 4452 infundit
1175 4415 1238 4454 se
1266 4416 1363 4470 pro
1389 4401 1601 4456 ratione
1627 4410 1683 4458 et
1702 4403 1965 4474 qualitate
1992 4418 2123 4458 cau-

2220 3216 2321 3272 hos
2348 3224 2530 3283 vocat,
2558 3216 2683 3286 quia
2710 3215 2840 3270 dicit
2878 3215 3046 3270 Isaias
3087 3215 3153 3269 ad
3181 3215 3395 3284 plebem
3436 3213 3668 3278 Domini,
3709 3213 3815 3266 Di-

2219 3309 2318 3363 cite
2360 3307 2443 3362 his
2481 3307 2573 3378 qui
2602 3323 2706 3360 non
2749 3316 2884 3362 recte
2919 3306 3191 3360 ambulant
3217 3305 3272 3359 in
3298 3307 3395 3360 viis
3435 3305 3587 3371 meis,
3619 3304 3816 3371 fratres

2220 3399 2386 3454 nostri
2413 3399 2536 3454 estis
2573 3415 2680 3454 vos.
2719 3397 2790 3454 Ut
2812 3413 2946 3469 ergo
2973 3396 3346 3452 consolaretur
3373 3397 3510 3453 istos
3535 3403 3658 3466 post
3683 3409 3815 3449 cor-

2221 3491 2510 3557 rectiones,
2565 3489 2762 3545 fratres
2814 3489 2935 3544 illos
2972 3496 3152 3554 vocat,
3199 3495 3255 3544 et
3297 3487 3365 3543 ad
3407 3485 3816 3542 aemulationem

2219 3583 2516 3654 prophetiae
2555 3582 2826 3646 hortatur,
2869 3589 2930 3635 ut
2969 3579 3185 3635 assidua
3220 3577 3586 3648 disputatione
3621 3586 3680 3631 et
3718 3590 3818 3630 ex-

2221 3674 2536 3744 planatione
2576 3673 2710 3744 legis
2755 3672 2954 3728 divinae
2991 3672 3186 3728 ﬁerent
3215 3671 3565 3737 structiores,
3604 3679 3666 3724 ut
3691 3684 3820 3741 pos-

2223 3777 2343 3822 sent
2379 3766 2589 3822 discere
2614 3779 2898 3835 perversas
2925 3777 3046 3819 esse
3068 3761 3644 3834 pseudoapostolorum
3675 3775 3817 3830 prae-

2225 3861 2544 3917 dicationes.
2585 3858 2653 3912 Et
2685 3857 2826 3928 loqui
2861 3857 3052 3927 linguis
3077 3855 3235 3910 nolite
3269 3855 3558 3924 prohibere.
3591 3853 3660 3908 Et
3691 3869 3818 3923 pro-

2224 3959 2347 4022 pter
2373 3950 2718 4012 charitatem,
2755 3955 2814 4000 ut
2840 3947 2932 4015 qui
2963 3955 3191 4015 possunt
3218 3944 3363 4014 loqui
3393 3943 3610 4015 linguis,
3638 3952 3694 3998 et
3722 3944 3818 4012 qui

2225 4042 2498 4111 interpres
2535 4038 2699 4094 fuerit
2736 4051 2976 4107 praesens
3022 4051 3128 4090 non
3177 4043 3426 4091 vetentur
3461 4048 3532 4090 ne
3565 4033 3659 4088 ﬁat
3700 4033 3819 4088 dis-

2227 4133 2426 4189 sensio.
2477 4129 2672 4184 Omnia
2714 4138 2886 4184 autem
2928 4128 3139 4182 honeste
3171 4137 3221 4181 et
3253 4127 3540 4182 secundum
3579 4126 3821 4180 ordinem

2227 4223 2380 4292 ﬁant.
2411 4221 2524 4277 [loc
2553 4229 2636 4278 est
2665 4220 2960 4276 secundum
2990 4219 3237 4274 ordinem
3267 4233 3432 4288 supra
3461 4219 3690 4282 dictum,
3722 4218 3822 4272 ho—

2229 4323 2385 4370 neste
2424 4320 2604 4368 autem
2632 4311 2761 4368 illud
2800 4311 2890 4378 ﬁt,
2929 4310 3072 4382 quod
3112 4325 3236 4365 cum
3280 4324 3414 4379 pace
3441 4317 3497 4364 et
3532 4308 3824 4379 disciplina

2229 4408 2311 4463 ﬁt.

542 4491 1000 4557 sarum,«idcirco
1033 4492 1192 4558 dixit,
1234 4493 1499 4564 subjectus
1531 4506 1606 4550 est
1631 4473 1913 4568 prophetis,
1950 4503 2010 4552 ut
2038 4496 2123 4551 in—
2148 4473 2204 4534 Ῑ)
2302 4496 2550 4552 Mulieres
2598 4497 2654 4552 in
2690 4495 2906 4551 ecclesia
2949 4504 3172 4550 taceant.
3231 4493 3384 4550 Nunc
3447 4495 3613 4549 tradit
3675 4495 3822 4564 quod

542 4581 700 4652 genia
745 4582 1070 4638 accenderet
1118 4583 1220 4639 hac
1241 4599 1359 4654 spe,
1405 4587 1550 4655 quod
1593 4586 1814 4656 spiritus
1849 4587 2126 4643 contradi—

543 4671 715 4726 cendo
755 4687 862 4727 non
896 4674 1198 4740 resisteret,
1246 4690 1316 4731 ne
1346 4675 1615 4733 discordia
1643 4679 1737 4732 ﬁat
1763 4678 1818 4732 in
1851 4693 2079 4748 corpore
2112 4695 2126 4732 :

544 4764 636 4834 qui
675 4764 820 4818 enim
871 4764 926 4819 in
960 4780 1094 4834 pace
1134 4775 1416 4831 vocantur,
1463 4769 1738 4838 patientia:
1779 4769 1975 4824 debent
2018 4777 2130 4826 stu-

543 4858 692 4922 dere,
718 4873 786 4913 ne
815 4858 965 4928 pacis
994 4859 1121 4929 jura
1159 4860 1459 4916 solvantur.
1504 4859 1627 4916 Non
1652 4863 1791 4916 enim
1825 4871 1901 4916 est
1931 4862 2132 4930 dissert:

544 4950 707 5006 sionis
730 4949 894 5017 Deus,
920 4953 1010 5006 sed
1041 4954 1187 5023 pacis
1211 4971 1230 5008 :
1254 4955 1344 5008 sed
1369 4955 1505 5009 sicut
1535 4956 1588 5010 in
1621 4955 1862 5010 omnibus
1898 4955 2132 5012 ecclesiis

545 5051 848 5097 sanctorum
887 5043 1069 5098 doceo.
1113 5043 1227 5100 lioc
1256 5045 1401 5101 dicto
1436 5047 1685 5101 hortatur
1719 5047 1873 5113 illos,
1915 5056 1976 5102 ut
2009 5063 2129 5118 qua:

541 5133 800 5203 praecepit
839 5133 1061 5201 faciant,
1091 5137 1310 5206 quando
1337 5136 1588 5192 similiter
1623 5152 1682 5194 se
1711 5137 1956 5193 ecclesiis
1999 5153 2127 5193 san-

543 5234 756 5284 ctorum
800 5229 1100 5298 praedicare
1137 5238 1386 5285 testatur.
1438 5230 1521 5284 An
1546 5231 1744 5285 aoobis
1783 5231 1988 5285 verbum
2033 5229 2131 5285 Dei

541 5319 814 5390 prbcessit,
859 5327 949 5372 aut
977 5319 1031 5372 in
1062 5336 1148 5374 vos
1179 5319 1318 5374 solos
1356 5321 1607 5390 pervenit.
1647 5320 1938 5392 Arguentis
1961 5321 2128 5376 verba

543 5416 691 5476 sunt.
739 5410 819 5466 sic
863 5410 1008 5465 enim
1056 5409 1228 5466 inflati
1273 5419 1450 5477 erant,
1494 5411 1646 5480 quasi
1689 5413 1822 5482 ipsis
1862 5415 2130 5482 promissa

542 5498 735 5556 fuisset
763 5501 878 5559 haec
911 5501 1085 5566 salus,
1116 5509 1171 5554 ct
1193 5500 1442 5570 exemplo
1482 5517 1671 5558 eorum
1707 5513 1916 5560 cantem
1943 5513 2130 5576 gentes

542 5600 871 5648 vocarentur
921 5591 990 5646 ad
1033 5591 1217 5658 ﬁdem,
1272 5601 1369 5646 aut
1410 5607 1517 5648 non
1570 5601 1754 5649 essent
1805 5595 1993 5666 aliqui,
2035 5595 2129 5665 qui

543 5694 767 5754 possent
800 5685 1075 5756 suscipere
1105 5684 1335 5757 gratiam
1370 5686 1497 5754 Dei,
1539 5686 2126 5760 apostolis‘prtediean-

2231 4586 2976 4657 prmtermiseratzsuperius
3033 4586 3180 4642 enim
3233 4585 3408 4641 velari
3457 4586 3718 4641 mulieres
3769 4587 3822 4640 in

2231 4679 2459 4734 ecclesia
2487 4679 2767 4750 prmcepit,
2793 4679 2952 4734 modo
2972 4686 3032 4732 ut
3057 4679 3254 4747 quietae
3279 4678 3390 4733 sint
3417 4685 3474 4732 et
3503 4678 3824 4731 verecunda:

2232 4772 2500 4836 ostendit,
2553 4779 2614 4826 ut
2656 4785 2836 4842 operae
2878 4769 3110 4840 pretium
3161 4770 3232 4824 sit
3268 4769 3393 4838 quia
3437 4767 3708 4823 velantur.
3765 4765 3826 4820 Si

2235 4861 2381 4916 enim
2413 4862 2589 4932 imago
2617 4861 2714 4918 Dei
2749 4861 2832 4916 vir
2855 4869 2977 4926 est,
3027 4876 3134 4916 non
3177 4860 3375 4915 femina
3401 4901 3417 4925 ,
3451 4869 3506 4914 et
3533 4857 3653 4913 viro
3697 4857 3827 4912 sub-

2225 4955 2372 5027 jecta
2401 4965 2486 5012 est
2513 4955 2630 5028 lege
2673 4965 2898 5021 naturae,
2941 4963 3148 5025 quanto
3171 4955 3344 5026 magis
3381 4955 3433 5008 in
3462 4951 3704 5008 Ecclesia
3732 4953 3827 5007 de-

2231 5046 2362 5102 bent
2395 5061 2519 5102 esse
2565 5045 2821 5116 subjectae
2862 5054 3086 5116 propter
3135 5046 3495 5102 reverentiam
3531 5045 3684 5116 ejus,
3730 5043 3827 5112 qui

2231 5137 2375 5193 illius
2423 5137 2631 5209 legatus
2675 5144 2783 5202 est,
2826 5137 2918 5206 qui
2965 5138 3130 5192 etiam
3176 5139 3274 5192 viri
3329 5146 3492 5207 caput
3527 5139 3644 5192 est!
3700 5135 3827 5192 Non

2231 5228 2369 5282 enim
2403 5227 2723 5298 permittitur
2744 5228 2817 5281 eis
2847 5225 3018 5299 loqui,
3064 5229 3154 5282 sed
3195 5229 3431 5283 subditas
3471 5243 3581 5282 esse
3607 5228 3743 5282 sicut
3773 5237 3825 5282 et

2232 5318 2318 5373 lea:
2345 5318 2492 5372 dicit.
2540 5317 2678 5384 Quid
2705 5317 2840 5373 dicit
2877 5318 2994 5374 lex?
3038 5320 3118 5374 Ad
3153 5321 3325 5374 virum
3365 5329 3516 5374 tuum
3558 5319 3828 5374 conversio

2231 5420 2346 5476 tua,
2375 5419 2422 5463 et
2451 5411 2559 5480 ipse
2603 5408 2962 5466 dominabitur
2997 5412 3092 5465 tui.
3124 5411 3235 5465 Lex
3267 5411 3382 5466 haec
3424 5409 3678 5480 specialis
3718 5419 3823 5464 est.

2235 5499 2372 5555 Hinc
2399 5499 2536 5556 Sara
2577 5501 2864 5558 Dominum
2893 5504 3124 5559 vocabat
3150 5503 3425 5558 Abraham
3457 5503 3635 5556 virum
3669 5515 3829 5555 suum

2235 5591 2400 5666 (Gen.
2426 5595 2618 5665 xvm),
2658 5611 2722 5651 ac
2757 5612 2856 5666 per
2899 5596 3001 5651 hoc
3042 5596 3095 5650 in
3132 5595 3346 5651 silentio
3385 5595 3647 5666 jubentur
3679 5607 3823 5660 esse,

2235 5700 2303 5742 ne
2331 5687 2652 5760 supradictae
2688 5689 2824 5760 legis
2849 5689 3113 5745 sententia
3142 5688 3474 5754 infirmatur,
3518 5684 3672 5758 cujus
3713 5700 3826 5740 me-
