4082 6332
264 263 374 324 157

792 258 1342 321 ENARRATIONUM
1377 257 1446 316 IN
1485 257 1635 316 EPP.
1677 253 1887 314 PAULI
1927 253 2052 312 LIB.
2095 254 2186 310 XI.
2227 287 2295 298 —-
2331 256 2401 314 IN
2439 259 2656 318 EPIST.
2693 261 2715 317 I
2751 262 2843 319 AD
2878 262 3034 320 COR.

3437 261 3543 324 138

260 398 385 444 mor
415 379 555 438 Sara
583 379 702 436 viro
739 393 838 435 suo
865 387 987 434 erat
1022 376 1263 448 subjecta
1283 416 1297 440 .
1346 375 1488 432 sicut
1517 374 1717 431 dictum
1745 380 1850 438 est,
1880 375 1933 436 Α
2030 369 2098 424 Et
2127 371 2253 441 quia
2281 375 2564 430 resurrexit
2599 375 2752 430 tertia
2793 376 2877 432 die
2905 379 3190 436 secundum
3218 377 3532 454 Seripturae.

261 476 518 553 quamvis
548 489 653 530 una
681 485 810 530 caro
832 471 905 529 sit
931 489 944 526 :
973 471 1072 528 sed
1096 469 1306 526 duabus
1327 483 1395 524 ex
1421 467 1602 524 causis
1631 465 1856 536 jubetur

259 586 386 631 esse
413 570 690 639 subjecta,
739 566 864 637 quia
904 573 960 622 et
985 578 1054 620 ex
1093 562 1212 618 viro
1247 568 1331 617 est
1364 568 1420 617 et
1443 574 1542 630 per
1572 559 1746 630 ipsam
1774 557 1855 613 in-

261 660 434 718 trav’it
459 665 764 732 peccatum.
798 654 858 711 Si
894 663 1069 709 autem
1093 651 1220 724 quid
1257 649 1437 706 volunt
1459 649 1660 704 discere
1684 647 1852 712 domi,

257 753 402 810 viros
424 765 551 806 suos
579 749 896 816 interrogent
926 758 944 798 .'
975 752 1126 814 turpe
1149 748 1226 796 est
1248 741 1387 796 enim
1429 739 1672 794 mulieres
1713 737 1856 810 loqui

258 843 317 898 in
346 839 610 896 Ecclesia.
649 836 832 908 Turpe
863 841 968 900 est,
998 833 1127 904 quia
1165 837 1354 888 contra
1383 828 1724 901 disciplinam
1748 836 1854 893 est,

258 931 405 990 utin
448 930 612 987 domo
653 927 770 994 Dei,
820 925 914 997 qui
951 920 1356 1004 easosubjectas
1400 921 1538 978 viris
1583 921 1698 977 suis
1736 933 1856 977 esse

257 1019 556 1096 praecepit,
606 1019 674 1074 de
715 1016 833 1089 lege
881 1015 1029 1086 loqui
1074 1020 1448 1084 praesumant,
1496 1026 1619 1068 cum
1658 1011 1852 1079 sciant,

258 1113 376 1170 illic
395 1113 546 1169 viros
569 1111 770 1168 habere
797 1109 1114 1181 primatum,
1135 1115 1188 1162 et
1215 1105 1319 1162 sibi
1347 1104 1521 1176 magis
1546 1112 1857 1176 competere

259 1215 323 1263 ut
350 1204 408 1261 in
432 1204 596 1260 domo
619 1201 716 1258 Dei
736 1200 988 1274 precibus
1011 1204 1224 1264 vacent,
1251 1196 1495 1266 linguam
1532 1195 1854 1261 retinentes,

261 1311 428 1354 aures
479 1294 762 1367 aperiant,
807 1300 869 1348 ut
903 1291 1124 1347 audiant
1162 1287 1435 1360 quomodo
1478 1284 1856 1343 misericordia

263 1390 362 1446 Dei
395 1395 627 1445 mortem
645 1386 780 1444 vicit
815 1400 915 1456 per
939 1384 1238 1449 Christum,
1286 1396 1407 1452 quae
1431 1395 1528 1452 per
1550 1395 1645 1438 eas
1668 1395 1857 1452 regna-

261 1479 363 1535 vit.
401 1476 540 1533 Nam
566 1476 615 1533 si
641 1475 880 1532 audeant
925 1475 979 1529 in
1014 1472 1255 1529 Ecclesia
1281 1461 1455 1544 loqui,
1485 1473 1722 1529 dedecus
1748 1467 1852 1537 e'st,

256 1567 391 1640 quia
427 1567 632 1624 ideirco
666 1565 916 1622 velantur
954 1572 1017 1620 ut
1050 1562 1347 1618 humiliatus
1387 1563 1702 1633 appareant.
1747 1560 1855 1618 Illa:

258 1669 446 1716 autem
485 1675 545 1716 se
568 1658 960 1716 inverecundas
983 1655 1307 1721 ostendunt,
1345 1656 1488 1726 quod
1521 1664 1576 1712 et
1601 1655 1736 1712 viris
1759 1671 1855 1726 op-

256 1749 548 1820 probrium
581 1756 666 1806 est
695 1767 710 1804 :
744 1748 799 1804 in
839 1747 1131 1805 mulierum
1170 1747 1318 1803 enim
1365 1746 1652 1804 insolentia
1691 1747 1856 1804 etiam

257 1838 447 1896 mariti
476 1846 753 1895 notantur.

861 1935 1252 2028 curur'xv.

251 2083 480 2140 Tractat
505 2082 804 2156 Apostolus
837 2085 921 2156 de
957 2085 1141 2156 gratia
1168 2081 1853 2156 resurrectionis,“pra’mit-

389 2154 548 2210 tendo
571 2152 1077 2210 commendationem
1107 2153 1360 2209 doctrina:
1391 2152 1726 2225 evangelica.

333 2286 539 2343 Notum
579 2297 756 2344 autem
804 2289 946 2344 vobis
993 2289 1172 2358 facio,
1227 2289 1454 2360 fratres,
1505 2289 1853 2362 Evangelium

253 2379 403 2451 quod
434 2379 720 2451 praedicari
757 2381 918 2448 vobis,
951 2381 1092 2452 quod
1137 2390 1186 2436 et
1231 2382 1527 2452 accepistis,
1568 2383 1625 2436 in
1666 2398 1768 2453 quo
1805 2391 1855 2437 et

256 2473 436 2538 statis,
475 2487 570 2544 per
595 2470 736 2543 quod
765 2481 815 2526 et
854 2471 1130 2527 salvamini
1160 2489 1179 2526 :
1209 2489 1315 2543 qua
1360 2473 1563 2528 ratione
1598 2473 1856 2544 prwdica-

257 2563 426 2618 verim
445 2562 591 2618 vobis
613 2562 662 2617 si
685 2562 889 2629 tenetis,
915 2563 1018 2617 nisi
1042 2562 1244 2632 frustra
1272 2563 1589 2620 credidistis.
1616 2564 1853 2636 (Ambr.)

259 2654 512 2713 Ostendit
531 2653 662 2720 illis,
690 2653 818 2724 quia
845 2653 893 2708 si
919 2652 975 2708 in
1001 2653 1104 2710 hac
1131 2668 1293 2709 causa
1329 2669 1451 2725 quae
1477 2653 1720 2726 subjecta
1747 2664 1853 2722 est,

260 2763 296 2804 a
320 2747 621 2804 traditione
646 2745 766 2816 ejus
792 2745 999 2802 seducti
1030 2753 1179 2812 sunt,
1204 2745 1558 2816 perdiderunt
1576 2747 1720 2816 quod
1743 2761 1858 2802 cre-

261 2839 540 2897 diderunt.
572 2838 762 2896 Omnis
781 2839 928 2895 enim
957 2852 1083 2908 spes
1111 2839 1450 2895 credentium
1489 2839 1543 2894 in
1569 2840 1674 2896 hoc
1694 2853 1856 2896 sensu

260 2939 378 2995 est,
410 2929 541 3000 quia
571 2930 773 2985 mortui
818 2937 1126 3002 resurgent.
1149 2929 1304 2998 Quod
1337 2938 1518 2986 autem
1554 2929 1717 2999 dicit,
1748 2948 1767 2982 ι
1800 2931 1856 2986 in

1956 459 2149 518 Omnia
2179 463 2233 518 in
2280 463 2386 521 ﬁde
2415 465 2598 522 clausa
2641 477 2789 536 sunt,
2821 469 2945 526 ideo
2969 471 3070 528 sub
3093 486 3326 542 persona
3357 478 3541 549 populi

1957 555 2288 611 resurrectio
2318 555 2532 612 Domini
2584 559 2745 616 tertio
2776 560 2866 616 die
2907 561 3088 617 futura
3114 563 3384 636 descripta
3417 575 3540 636 est;
3589 565 3602 578 '

1957 644 2091 700 dicit
2129 645 2275 702 enim
2300 646 2438 703 Osee
2478 648 2787 719 propheta:
2817 648 2946 706 Post
2974 651 3190 709 biduum
3229 664 3279 709 et
3308 655 3363 710 in
3392 659 3545 714 tertio

1955 735 2042 790 die
2081 753 2444 810 resurgemus,
2483 749 2530 794 et
2577 741 2802 797 vivemus
2835 742 2891 798 in
2931 756 3205 815 conspectu
3239 746 3354 818 ejus
3393 746 3542 819 (Ose.

1956 843 2011 884 vr
2045 828 2083 900 ).
2113 828 2170 883 in
2203 829 2420 888 Christo
2461 824 2605 887 enim
2647 846 2837 889 omnes
2865 838 3250 904 resurrexisse,
3305 837 3447 894 sicut
3489 837 3548 894 in

1955 918 2132 974 Adam
2167 929 2410 978 mortuos
2439 937 2558 981 esse
2580 965 2596 990 ,
2643 939 2804 980 nemo
2824 924 3065 982 ﬁdelium
3091 927 3340 1001 denegat.
3371 927 3548 988 Simili

1957 1011 2119 1067 modo
2141 1021 2198 1067 et
2227 1013 2280 1068 in
2309 1013 2526 1070 Psalmo
2568 1017 2668 1072 sub
2710 1033 2946 1088 persona
2989 1020 3226 1077 hominis
3271 1023 3436 1078 etiam
3479 1022 3550 1078 de

1957 1101 2172 1158 Christo
2189 1102 2472 1176 signiﬁcat
2499 1105 2684 1162 dicens
2709 1125 2722 1161 :
2757 1106 2948 1164 Omnia
2981 1109 3253 1181 subjeeisti
3276 1112 3372 1167 sub
3396 1113 3546 1184 pedi-

1957 1191 2052 1246 bus
2077 1191 2412 1264 ejus,vgloria
2442 1205 2490 1249 et
2511 1195 2707 1250 honore
2734 1198 2999 1254 coronasti
3023 1215 3162 1255 eum.
3196 1199 3370 1272 (Psal.
3401 1204 3546 1273 vm).

2028 1281 2099 1337 Et
2127 1285 2253 1355 quia
2277 1285 2419 1340 visus
2459 1295 2533 1341 est
2561 1285 2768 1357 (Iephte,
2801 1288 2855 1344 id
2881 1297 2982 1358 est,
3019 1289 3199 1356 Petro,
3238 1291 3342 1347 hoc
3381 1285 3549 1348 etiam

1957 1371 2227 1445 Cleophas
2267 1383 2324 1432 et
2375 1376 2578 1433 Emaus
2643 1386 2910 1436 testantur
2958 1381 3012 1436 in
3059 1381 3354 1455 Evangelia
3387 1378 3551 1453 iusta

1957 1461 2181 1533 Lucam,
2210 1467 2354 1537 quod
2379 1468 2631 1539 apparuit
2653 1469 2752 1525 soli
2793 1469 2976 1527 Petro.
3007 1470 3078 1527 Et
3102 1483 3218 1545 post
3246 1475 3357 1530 haec
3378 1474 3546 1531 unde-

1958 1554 2080 1609 cim.
2105 1555 2183 1611 'Et
2228 1557 2334 1614 hoc
2384 1558 2438 1614 in
2470 1558 2765 1632 Evangeiio
2793 1562 3120 1618 continetur.
3157 1563 3360 1620 Deinde
3405 1565 3549 1620 visus

1957 1653 2032 1699 est
2059 1644 2177 1716 plus
2198 1663 2355 1718 quam
2386 1649 2681 1720 quingentis
2707 1650 2960 1721 fratribus
2987 1652 3164 1709 simul.
3181 1653 3297 1710 Hoc
3317 1669 3415 1711 sua
3442 1654 3550 1712 lide

1885 1743 1934 1805 B
1960 1733 2220 1805 loquitur.
2252 1737 2339 1794 Ea:
2361 1739 2549 1810 quibus
2575 1740 2726 1796 multi
2754 1753 2966 1798 manent
2994 1759 3158 1816 usque
3186 1746 3382 1814 adhuc,
3426 1747 3548 1819 qui-

1954 1827 2080 1882 dam
2125 1839 2299 1886 autem
2341 1833 2688 1889 dormierunt.
2729 1834 2806 1892 De
2841 1835 2926 1892 his
2960 1836 3156 1908 quibus
3182 1847 3308 1910 post
3363 1853 3548 1896 resur-

1955 1920 2250 1978 rectionem
2273 1925 2526 1995 apparuit
2549 1925 2808 1984 Dominus
2837 1936 2965 1986 tunc
2994 1931 3194 1988 multos
3222 1931 3354 1988 dicit
3381 1933 3551 1991 fuisse

1953 2009 2010 2066 in
2061 2027 2307 2085 corpore.
2356 2015 2558 2072 Deinde
2595 2010 2742 2074 visus
2790 2030 2866 2075 est
2912 2019 3133 2078 Iacobo.
3189 2023 3552 2096 Singulariter

1953 2102 2155 2163 Jacobo
2178 2109 2424 2179 apparuit
2448 2110 2588 2166 sicut
2614 2119 2670 2167 et
2698 2110 2892 2180 Petro,
2939 2114 3084 2184 quod
3123 2116 3246 2172 ideo
3269 2127 3401 2188 puto
3434 2117 3550 2175 ihe-

1953 2201 2092 2262 tum,
2128 2204 2188 2251 ut
2232 2197 2526 2254 multifaria
2567 2203 2882 2272 apparentia
2926 2203 3088 2260 ﬁdem
3135 2208 3550 2266 resurrectionis

1955 2286 2219 2344 ﬁrmaret.
2271 2289 2472 2346 Deinde
2519 2293 2770 2366 apostolis
2819 2298 3083 2354 omnibus.
3126 2298 3329 2357 lterum
3371 2302 3550 2359 omni-

1954 2375 2058 2433 bus
2093 2379 2350 2450 apostolis
2393 2381 2540 2439 visus
2585 2394 2672 2441 est
2711 2384 2766 2440 in
2795 2397 3011 2456 monte,
3055 2389 3146 2446 ubi
3191 2391 3553 2450 constituerat

1954 2467 2061 2525 illis
2091 2468 2270 2538 J‘esus,
2298 2473 2437 2529 sicut
2471 2474 2642 2531 refert
2683 2475 2970 2536 Matthreus
3006 2479 3370 2554 Evangelisla.
3407 2483 3552 2542 Ante

1954 2559 2012 2615 in
2040 2557 2342 2618 Jerusalem
2389 2573 2512 2636 post
2557 2566 2674 2623 dies
2715 2576 2839 2624 octo
2873 2572 3290 2630 resurrectionis
3333 2588 3465 2643 sum,
3498 2573 3554 2632 id

1955 2659 2060 2717 est,
2086 2652 2368 2711 Dominica
2397 2656 2504 2721 die,
2528 2656 2710 2728 januis
2739 2659 2960 2728 clausis,
2983 2663 3208 2720 intravit
3229 2664 3297 2719 ad
3315 2662 3553 2742 discipu-

1955 2741 2040 2798 los
2061 2753 2122 2798 ut
2148 2743 2369 2800 Thomae
2411 2748 2626 2805 animus
2665 2750 2993 2820 ﬁrmaretur,
3035 2753 3177 2810 sicut
3220 2755 3352 2812 dicit
3388 2749 3551 2815 Joan-

1957 2847 2058 2888 nes
2090 2836 2364 2904 apostolus
2393 2855 2405 2891 :
2436 2839 2494 2893 in
2527 2849 2710 2896 monte
2758 2841 2904 2897 enim
2940 2843 3258 2916 intelligitur
3296 2848 3554 2904 mandata

1957 2923 2066 2980 illis
2116 2918 2350 2982 dedisse.
2387 2927 2586 3000 (Aug.)
2635 2929 2753 2986 Non
2791 2932 2928 2988 dixit
2966 2935 3145 3004 primo
3168 2936 3420 3008 apparuit
3446 2938 3552 2996 Ce-

261 3034 372 3091 quo
397 3027 456 3075 et
488 3020 679 3086 statis,
710 3039 729 3073 ι
759 3019 826 3076 de
853 3019 940 3075 his
967 3019 1116 3083 dicit,
1151 3019 1242 3090 qui
1282 3019 1423 3074 ﬁrmi
1455 3029 1613 3075 erant
1655 3021 1711 3076 in
1749 3021 1855 3078 ﬁde
1895 3090 1928 3096 Δ
1959 3013 2102 3084 phas,
2129 3030 2256 3071 nam
2283 3021 2431 3074 esset
2457 3019 2816 3089 contrarium,
2851 3023 2994 3093 quod
3029 3025 3206 3096 primo
3231 3027 3555 3087 mulieribus

262 3090 578 3170 traditionis
605 3111 796 3182 hujus;
828 3111 1155 3183 promiscuis
1174 3111 1320 3166 enim
1346 3111 1605 3182 loquitur,
1625 3120 1688 3168 ut
1713 3119 1770 3167 et
1797 3112 1855 3168 hi
1884 3090 1929 3154 Ο
1959 3107 2278 3178 apparuisse
2317 3110 2370 3165 in
2401 3109 2703 3184 'Evangelio
2729 3090 2946 3187 legitur.
2987 3115 3206 3187 Postea,
3234 3119 3432 3191 inquit,
3453 3135 3556 3179 un-

261 3204 359 3275 qui
395 3203 492 3258 ﬁxi
518 3203 575 3258 in
606 3202 711 3259 ﬁde
737 3211 866 3259 sunt
891 3202 1196 3273 gaudeant,
1220 3211 1277 3258 et
1297 3201 1391 3273 qui
1430 3210 1626 3259 nutant
1652 3203 1854 3276 corripi

263 3311 325 3353 se
351 3295 574 3353 doleant
600 3303 659 3353 et
685 3297 1051 3365 corrigantur.
1082 3294 1302 3350 Tradidi
1331 3296 1468 3350 enim
1502 3297 1646 3352 vobis
1673 3297 1858 3369 impri-

263 3388 389 3454 mis,
430 3387 574 3458 quod
609 3397 658 3443 et
695 3388 894 3459 accepi,
933 3387 1182 3458 quoniam
1224 3385 1465 3443 Christus
1505 3397 1744 3443 mortuus
1781 3397 1857 3444 est

263 3494 362 3550 pro
395 3479 624 3550 peccatis
654 3479 850 3535 nostris
882 3479 1170 3535 secundum
1197 3476 1520 3552 Scripturas.
1549 3479 1859 3552 Scripturas

267 3569 605 3627 Testamenti
647 3571 860 3628 Veteris
899 3579 1196 3637 memorat,
1218 3586 1339 3642 qua:
1372 3570 1608 3628 futuram
1650 3574 1858 3644 passio-

264 3677 392 3718 nem
417 3661 632 3718 Domini
669 3663 1018 3728 cecinerunt;
1063 3661 1196 3718 dicit
1223 3663 1366 3718 enim
1397 3663 1565 3719 lsaias
1591 3665 1858 3734 propheta

267 3755 428 3826 (Isa.
476 3755 603 3827 Lm)
637 3775 651 3810 :
682 3754 750 3810 Ut
775 3757 883 3811 ovis
921 3755 992 3810 ad
1031 3754 1410 3810 immolandum
1447 3757 1636 3812 ductus
1665 3765 1766 3824 est,
1805 3765 1889 3812 et-

268 3847 419 3903 inter
441 3855 656 3913 caetera,
684 3847 948 3914 Quoniam
983 3845 1194 3901 tolletur
1217 3863 1251 3901 a
1283 3853 1424 3902 terra
1450 3847 1558 3902 vita
1599 3847 1755 3917 ejus;
1794 3846 1860 3902 ab

267 3936 636 4008 iniquitatibus
657 3935 838 4008 populi
860 3937 958 3992 mei
987 3936 1174 3991 ductus
1197 3945 1272 3992 est
1294 3936 1364 3991 ad
1391 3947 1630 3992 mortem.
1656 3936 1784 3994 Ilico
1805 3938 1862 3993 in

267 4029 495 4086 Christo
529 4037 744 4099 reperta
783 4037 1083 4085 noscuntur
1109 4045 1124 4083 :
1149 4028 1247 4084 sed
1273 4028 1398 4099 quia
1427 4029 1686 4100 prmteriti
1722 4037 1862 4084 tem-

267 4122 424 4196 poris
471 4122 798 4194 signiﬁcatio
838 4121 1076 4188 videtur,
1115 4137 1222 4178 non
1254 4129 1339 4178 est
1377 4123 1699 4190 adversum,
1735 4123 1863 4194 quia

273 4215 420 4286 apud
449 4214 646 4281 Deum,
687 4215 778 4286 qui
817 4215 1058 4270 omnium
1101 4213 1363 4285 praescius
1396 4221 1511 4281 est,
1557 4214 1692 4270 nihil
1720 4213 1866 4270 iutu-

271 4321 397 4362 rum
449 4315 569 4374 est;
618 4306 740 4363 ideo
779 4306 860 4364 sic
896 4305 1049 4373 dicit,
1087 4306 1230 4377 quod
1273 4305 1512 4362 futurum
1555 4313 1640 4362 est
1683 4306 1863 4372 nobis,

268 4397 433 4470 quasi
477 4397 680 4454 factum
708 4398 800 4454 sit.
842 4396 978 4454 Nam
1007 4397 1063 4454 in
1104 4398 1427 4470 Apocalypsi
1471 4397 1696 4455 Joannis
1736 4414 1867 4470 apo-

270 4490 399 4546 stoli
427 4489 628 4546 dicitur
657 4488 842 4562 (Apoc.
875 4488 1010 4561 xm)
1042 4508 1055 4543 :
1087 4489 1292 4560 Agnus,
1325 4489 1516 4560 inquit,
1545 4490 1636 4560 qui
1663 4491 1866 4545 occisus

272 4590 348 4637 est
371 4599 410 4635 a
433 4579 799 4635 constitutione
834 4579 1020 4634 mundi
1047 4593 1066 4632 :
1087 4578 1215 4648 quia
1243 4579 1387 4634 enim
1415 4578 1574 4634 aliter
1610 4595 1718 4636 non
1750 4579 1864 4646 ﬁet,

274 4688 443 4744 quam
467 4672 571 4727 scit
595 4672 762 4738 Deus,
793 4669 996 4726 factum
1039 4669 1238 4726 dicitur
1269 4687 1283 4724 :
1315 4669 1472 4726 nobis
1492 4669 1638 4724 enim
1669 4669 1730 4724 ﬁt
1758 4685 1868 4725 non

275 4767 411 4834 Deo,
443 4768 573 4837 quia
607 4751 750 4839 apud
773 4766 942 4823 Deum
971 4765 1106 4821 nihil
1146 4773 1250 4833 est,
1275 4765 1420 4838 quod
1448 4764 1689 4821 futurum
1718 4765 1866 4822 dica-

274 4866 387 4914 tur.
441 4858 513 4914 Et
554 4858 611 4912 in
657 4856 867 4928 psalmo
903 4856 1024 4911 ait:
1054 4855 1311 4911 Dominus
1358 4856 1594 4927 regnavit
1639 4873 1673 4910 a
1724 4857 1865 4928 ligno

275 4952 296 5021 (
321 4947 475 5004 Psal.
501 4948 672 5021 xcv);
706 4957 762 5005 et
789 4948 1002 5020 Moyses
1026 4947 1094 5003 de
1114 4961 1277 5002 cruce
1295 4945 1412 5016 ejus
1441 4947 1515 5002 ita
1542 4945 1867 5018 signiﬁcavit

275 5043 468 5099 dicens
493 5059 507 5095 :
542 5040 689 5095 Tunc
721 5039 958 5096 videbitis
987 5049 1144 5096 vitam
1165 5048 1390 5094 vestram
1417 5040 1722 5124 pendentem
1745 5049 1868 5097 ante

277 5133 460 5190 oculos
483 5143 699 5201 vestros,
727 5143 776 5188 et
800 5149 906 5188 non
931 5132 1150 5188 credetis
1175 5131 1195 5205 (
1221 5132 1374 5188 Deut.
1401 5133 1631 5206 xxvm).
1660 5133 1867 5190 Idcirco

277 5240 412 5296 ergo
438 5225 496 5280 in
516 5225 707 5281 eadem
747 5237 933 5290 causa,
979 5231 1034 5279 et
1073 5223 1241 5279 futuri
1281 5224 1542 5296 temporis
1575 5225 1867 5296 aliquando

276 5316 644 5389 signiﬁcantia
672 5317 894 5392 ponitur
918 5331 987 5372 ne
1031 5331 1064 5371 a
1106 5317 1378 5388 perversis
1403 5333 1512 5374 non
1546 5319 1612 5374 de
1650 5317 1868 5374 Christo

277 5409 489 5466 dictum
515 5407 855 5470 defendatur,
883 5407 928 5464 si
953 5416 1125 5464 totum
1159 5408 1315 5479 quasi
1346 5409 1678 5480 praeteritum
1705 5409 1870 5481 signi-

279 5500 494 5557 ﬁcaret.
527 5498 598 5554 Et
620 5501 746 5570 quia
774 5499 1008 5570 sepultus
1041 5510 1136 5555 est.
1171 5500 1317 5556 Nulli
1349 5501 1571 5558 dubium
1597 5495 1869 5557 mortuum

281 5593 556 5663 sepultum
582 5602 724 5656 esse,
752 5591 894 5647 sicut
914 5590 1046 5648 dicit
1078 5579 1247 5648 Isaias
1267 5595 1534 5666 prepheta
1563 5585 1699 5668 (Isa.
1717 5591 1865 5665 Lm):
1900 5657 1914 5673 ο

288 5682 358 5736 Et
389 5681 527 5739 dabo
557 5680 728 5737 malos
754 5697 850 5751 pro
877 5681 1144 5752 sepultura
1165 5683 1298 5753 ejus.

608 5773 889 5835 Parum.
930 5772 1099 5834 CXII

1957 3197 2134 3254 decim
2163 3201 2512 3270 quibuslibet,
2548 3219 2655 3275 qua
2681 3205 2814 3262 hora
2845 3205 2997 3275 libet,
3023 3209 3141 3279 ipso
3167 3217 3346 3267 tamen
3374 3225 3554 3270 resur-

1959 3289 2218 3347 rectionis
2241 3291 2349 3349 die.
2393 3294 2596 3352 Deinde
2619 3298 2866 3370 apparuit
2898 3299 3017 3371 plus
3039 3317 3201 3374 quam
3241 3299 3555 3380 quingentis

1958 3379 2221 3440 fratribus
2259 3385 2440 3452 simul,
2495 3387 2611 3444 sive
2638 3389 2729 3445 isti
2775 3404 2898 3446 cum
2948 3392 3055 3450 illis
3095 3395 3346 3453 undecim
3388 3379 3556 3456 erant

1959 3475 2270 3546 congregati
2301 3475 2500 3534 clausis
2538 3479 2693 3536 ostiis
2725 3490 2948 3555 propter
2981 3495 3188 3543 metum
3220 3485 3554 3561 Judzeorum,

1959 3562 2103 3619 unde
2138 3578 2262 3619 cum
2289 3566 2492 3624 exisset
2522 3569 2792 3640 Thomas,
2831 3579 2980 3632 venit
3005 3578 3073 3633 ad
3096 3591 3194 3636 eos
3219 3577 3394 3649 Jesus,
3437 3581 3556 3640 sive

1958 3662 2084 3724 post
2111 3663 2236 3712 octo
2265 3656 2384 3714 illos
2407 3659 2524 3716 dies
2551 3663 2768 3730 quando
2792 3663 2923 3722 libet
2947 3667 3081 3733 nihil
3111 3670 3276 3726 habet
3313 3671 3550 3731 adversi.

1959 3743 2180 3813 Postea,
2209 3747 2408 3818 inquit,
2447 3753 2698 3828 apparuit
2726 3753 2949 3812 Jacobo.
2991 3756 3126 3814 Nam
3159 3768 3286 3816 tunc
3315 3761 3552 3832 primum

1961 3837 2208 3906 accipere
2254 3839 2511 3896 debemus
2562 3842 2734 3899 visum
2787 3859 2908 3902 esse
2956 3845 3181 3916 Jacobo,
3229 3852 3325 3908 sed
3371 3851 3556 3925 aiiqua

1963 3929 2181 3999 propria
2209 3931 2652 3990 manifestatione
2694 3936 3060 4006 singulariter.
3090 3936 3295 3999 Deinde
3336 3952 3555 4015 aposto-

1965 4021 2030 4078 lis
2056 4023 2326 4091 omnibus,
2349 4039 2452 4081 nec
2479 4025 2587 4082 illis
2606 4035 2736 4083 tunc
2762 4029 3021 4098 primum,
3064 4032 3158 4088 sed
3173 4029 3289 4104 jam
3310 4043 3372 4090 ut
3398 4035 3557 4094 iami—

1965 4113 2153 4170 liarius
2197 4126 2611 4174 conversaretur
2640 4132 2763 4176 cum
2789 4122 2870 4177 eis
2897 4135 3067 4193 usque
3095 4123 3163 4180 ad
3200 4125 3343 4183 diem
3369 4142 3558 4186 ascen-

1966 4205 2137 4262 sionis
2165 4222 2296 4264 suae.
2349 4207 2646 4266 Novissime
2687 4221 2863 4269 autem
2891 4216 3144 4283 omnium,
3182 4227 3433 4291 tanquam
3461 4222 3556 4278 ab-

1965 4296 2130 4352 ortivo
2153 4297 2295 4353 visus
2337 4308 2409 4354 est
2440 4309 2489 4355 et
2519 4302 2666 4356 mihi.
2710 4302 2971 4378 (Ambr.)
3019 4305 3284 4378 Apparuit
3321 4309 3396 4366 illi
3433 4311 3549 4383 pri—

1967 4401 2115 4444 mum
2146 4391 2202 4444 in
2241 4391 2401 4460 cmlo,
2439 4402 2564 4464 post
2589 4396 2767 4452 oranti
2803 4396 2858 4452 in
2887 4399 3106 4469 templo.
3143 4400 3464 4460 Abortivum
3493 4419 3555 4462 se

1890 4463 1944 4524 D
1970 4479 2125 4548 dixit,
2162 4483 2289 4554 quia
2329 4463 2484 4542 extra
2519 4495 2728 4560 tempus
2756 4497 2917 4548 natus
2942 4463 3244 4550 in_Christo
3284 4497 3555 4567 apostola-

1971 4578 2086 4626 tum
2110 4575 2317 4644 accepit
2359 4574 2475 4645 jam
2503 4577 2720 4636 Christo
2752 4581 2807 4636 in
2833 4581 3002 4640 caelos
3029 4594 3248 4656 recepto
3281 4587 3336 4644 in
3365 4603 3552 4648 carne.

1969 4659 2086 4732 Ego
2113 4665 2250 4718 enim
2271 4682 2389 4720 sum
2416 4669 2662 4726 minimus
2685 4672 3060 4742 apostolorum.
3101 4674 3361 4736 Humiliat
3388 4695 3468 4746 se,
3498 4691 3556 4738 et

1971 4755 2228 4824 temporis
2278 4771 2497 4814 causam
2544 4759 2645 4816 sibi
2693 4763 2955 4818 ascribit:
2988 4773 3230 4836 tempore
3265 4769 3412 4826 enim
3449 4769 3556 4826 mi-

1969 4858 2072 4899 nor
2105 4853 2208 4911 cst,
2257 4861 2363 4902 non
2396 4848 2678 4921 dignitate.
2707 4849 2814 4906 Sed
2853 4853 2977 4923 quia
3004 4863 3062 4911 et
3087 4867 3402 4927 persecutor
3427 4859 3551 4930 fuit,

1970 4933 2193 4990 inclinat
2231 4951 2290 4992 se
2327 4939 2529 4994 dicens.
2567 4941 2672 5006 Qui
2713 4957 2818 4998 non
2845 4959 2961 4999 sum
2993 4945 3184 5018 dignus
3215 4936 3390 5006 vocari
3427 4969 3558 5024 apo-

1968 5024 2156 5091 stolus,
2174 5029 2421 5097 quoniam
2441 5039 2740 5100 persecutus
2763 5049 2879 5087 sum
2902 5033 3192 5094 Ecclesium
3209 5039 3323 5095 Dei.
3340 5039 3552 5116 (Greg.)

1971 5115 2262 5175 Videamus
2275 5119 2500 5176 Paulum
2528 5124 2796 5193 quomodo
2820 5128 3185 5198 apostolorum
3212 5132 3324 5189 ‘alis
3351 5141 3552 5202 tactus,

1971 5216 2132 5278 atque
2154 5209 2222 5263 ad
2247 5209 2621 5280 pmuilcntiam
2643 5215 2906 5274 excitatus
2930 5217 3124 5286 fuerat,
3139 5220 3231 5292 qui
3259 5223 3396 5278 mala
3423 5239 3554 5296 prte-

1970 5299 2144 5355 terita:
2173 5302 2563 5371 persecutionis
2589 5321 2719 5373 sure,
2744 5316 2799 5364 et
2818 5311 3179 5381 apostolorum
3211 5312 3554 5374 innocentem

1971 5389 2140 5444 vitam
2171 5391 2542 5464 considerans,
2569 5396 2780 5454 dicebat
2809 5443 2820 5454 .
2851 5399 2965 5474 Ego
2991 5404 3126 5459 enim
3152 5421 3269 5462 sum
3303 5402 3552 5466 minimus

1973 5481 2350 5553 apostolorum,
2389 5485 2478 5556 qui
2507 5504 2609 5543 non
2649 5507 2765 5544 sum
2805 5491 2994 5564 dignus
3042 5497 3218 5551 vocari
3263 5497 3551 5569 apostolus,

1971 5573 2098 5645 quia
2147 5585 2444 5646 persecutus
2497 5595 2617 5637 sum
2666 5581 2957 5639 Ecclesium
3007 5584 3126 5642 Dei.
3179 5587 3556 5644 Consideravit

1973 5669 2170 5740 quippe
2199 5673 2565 5742 apostolorum
2605 5676 2991 5748 innocentiam,
3019 5689 3074 5736 et
3106 5690 3325 5752 propter
3353 5693 3554 5752 praece-

3114 5772 3154 5834 5
