  <div class='ocr_page' id='page_1' title='image "/cluster/home/n/w/nwhite01/storage/ocr_20150623/112/hvd.32044015685407/075.png"; bbox 0 0 4082 6332; ppageno 0'>
   <div class='ocr_carea' id='block_1_1' title="bbox 539 266 3798 352">
    <p class='ocr_par' dir='ltr' id='par_1_1' title="bbox 539 266 3798 352">
     <span class='ocr_line' id='line_1_1' title="bbox 539 266 3798 352; baseline -0.003 -16"><span class='ocrx_word' id='word_1_1' title='bbox 539 281 642 338; x_wconf 77' lang='grc'><strong>139</strong></span> <span class='ocrx_word' id='word_1_2' title='bbox 1108 350 1110 352; x_wconf 11' lang='grc' dir='ltr'><strong><em>ν</em></strong></span> <span class='ocrx_word' id='word_1_3' title='bbox 1177 277 1236 330; x_wconf 86' lang='grc' dir='ltr'><strong>Β.</strong></span> <span class='ocrx_word' id='word_1_4' title='bbox 1279 273 1534 330; x_wconf 83' lang='lat' dir='ltr'><strong>RABANI</strong></span> <span class='ocrx_word' id='word_1_5' title='bbox 1573 271 1791 330; x_wconf 81' lang='lat' dir='ltr'><strong>MAURI</strong></span> <span class='ocrx_word' id='word_1_6' title='bbox 1828 269 2146 328; x_wconf 78' lang='lat' dir='ltr'><strong>ARCIIIEP.</strong></span> <span class='ocrx_word' id='word_1_7' title='bbox 2188 269 2496 327; x_wconf 79' lang='lat' dir='ltr'><strong>MOCUNT.</strong></span> <span class='ocrx_word' id='word_1_8' title='bbox 2535 268 2821 328; x_wconf 80' lang='lat' dir='ltr'><strong>OPERUM</strong></span> <span class='ocrx_word' id='word_1_9' title='bbox 2858 266 3036 324; x_wconf 81' lang='lat' dir='ltr'><strong>PARS</strong></span> <span class='ocrx_word' id='word_1_10' title='bbox 3072 268 3158 325; x_wconf 82' lang='lat' dir='ltr'><strong>Ill.</strong></span> <span class='ocrx_word' id='word_1_11' title='bbox 3689 267 3798 327; x_wconf 70' lang='grc' dir='ltr'>ιω</span> 
     </span>
    </p>
   </div>
   <div class='ocr_carea' id='block_1_2' title="bbox 537 381 3792 457">
    <p class='ocr_par' dir='ltr' id='par_1_2' title="bbox 537 381 3792 457">
     <span class='ocr_line' id='line_1_2' title="bbox 537 381 3792 457; baseline -0.002 -8"><span class='ocrx_word' id='word_1_12' title='bbox 537 396 752 450; x_wconf 86' lang='lat' dir='ltr'><strong>dentem</strong></span> <span class='ocrx_word' id='word_1_13' title='bbox 781 387 1042 445; x_wconf 73' lang='lat' dir='ltr'><strong>malitiam</strong></span> <span class='ocrx_word' id='word_1_14' title='bbox 1067 386 1188 442; x_wconf 84' lang='lat' dir='ltr'><strong>vilis</strong></span> <span class='ocrx_word' id='word_1_15' title='bbox 1215 387 1268 442; x_wconf 90' lang='lat' dir='ltr'><strong>in</strong></span> <span class='ocrx_word' id='word_1_16' title='bbox 1294 387 1411 457; x_wconf 82' lang='lat' dir='ltr'><strong>ejus</strong></span> <span class='ocrx_word' id='word_1_17' title='bbox 1449 385 1620 442; x_wconf 90' lang='lat' dir='ltr'><strong>oculis</strong></span> <span class='ocrx_word' id='word_1_18' title='bbox 1659 385 1802 440; x_wconf 88' lang='lat' dir='ltr'><strong>facta</strong></span> <span class='ocrx_word' id='word_1_19' title='bbox 1826 393 1911 440; x_wconf 90' lang='lat' dir='ltr'><strong>est</strong></span> <span class='ocrx_word' id='word_1_20' title='bbox 1937 383 2114 439; x_wconf 91' lang='lat' dir='ltr'><strong>omnis</strong></span> <span class='ocrx_word' id='word_1_21' title='bbox 2139 392 2190 452; x_wconf 76' lang='grc' dir='ltr'><strong>Α</strong></span> <span class='ocrx_word' id='word_1_22' title='bbox 2217 381 2370 439; x_wconf 86' lang='lat' dir='ltr'><strong>lestia</strong></span> <span class='ocrx_word' id='word_1_23' title='bbox 2399 383 2591 440; x_wconf 84' lang='lat' dir='ltr'><strong>voletis</strong></span> <span class='ocrx_word' id='word_1_24' title='bbox 2616 401 2628 437; x_wconf 93' lang='lat'><strong>:</strong></span> <span class='ocrx_word' id='word_1_25' title='bbox 2652 381 2837 438; x_wconf 78' lang='lat' dir='ltr'><strong>Gratia</strong></span> <span class='ocrx_word' id='word_1_26' title='bbox 2883 393 3056 438; x_wconf 88' lang='lat' dir='ltr'><strong>autem</strong></span> <span class='ocrx_word' id='word_1_27' title='bbox 3102 381 3200 437; x_wconf 88' lang='lat' dir='ltr'><strong>Dei</strong></span> <span class='ocrx_word' id='word_1_28' title='bbox 3241 397 3357 436; x_wconf 85' lang='lat' dir='ltr'><strong>sum</strong></span> <span class='ocrx_word' id='word_1_29' title='bbox 3397 382 3452 436; x_wconf 89' lang='lat' dir='ltr'><strong>id</strong></span> <span class='ocrx_word' id='word_1_30' title='bbox 3477 381 3618 453; x_wconf 87' lang='lat' dir='ltr'><strong>quod</strong></span> <span class='ocrx_word' id='word_1_31' title='bbox 3649 399 3792 441; x_wconf 83' lang='lat' dir='ltr'><strong>sum.</strong></span> 
     </span>
    </p>
   </div>
   <div class='ocr_carea' id='block_1_3' title="bbox 537 474 3799 554">
    <p class='ocr_par' dir='ltr' id='par_1_3' title="bbox 537 474 3799 554">
     <span class='ocr_line' id='line_1_3' title="bbox 537 474 3799 554; baseline -0.002 -16"><span class='ocrx_word' id='word_1_32' title='bbox 537 497 698 554; x_wconf 89' lang='lat' dir='ltr'><strong>quam</strong></span> <span class='ocrx_word' id='word_1_33' title='bbox 723 477 1018 535; x_wconf 74' lang='lat' dir='ltr'><strong>exhibebat</strong></span> <span class='ocrx_word' id='word_1_34' title='bbox 1041 477 1096 532; x_wconf 91' lang='lat' dir='ltr'><strong>in</strong></span> <span class='ocrx_word' id='word_1_35' title='bbox 1123 476 1364 532; x_wconf 83' lang='lat' dir='ltr'><strong>Ecclesia</strong></span> <span class='ocrx_word' id='word_1_36' title='bbox 1401 477 1703 532; x_wconf 90' lang='lat' dir='ltr'><strong>sollicitudo</strong></span> <span class='ocrx_word' id='word_1_37' title='bbox 1725 489 1842 542; x_wconf 89' lang='lat' dir='ltr'><strong>sua,</strong></span> <span class='ocrx_word' id='word_1_38' title='bbox 1873 481 1929 529; x_wconf 90' lang='lat' dir='ltr'><strong>et</strong></span> <span class='ocrx_word' id='word_1_39' title='bbox 1947 488 2111 544; x_wconf 90' lang='lat' dir='ltr'><strong>quam</strong></span> <span class='ocrx_word' id='word_1_40' title='bbox 2212 474 2475 548; x_wconf 84' lang='lat' dir='ltr'><strong>(Ambr.)</strong></span> <span class='ocrx_word' id='word_1_41' title='bbox 2522 475 2632 531; x_wconf 90' lang='lat' dir='ltr'><strong>Deo</strong></span> <span class='ocrx_word' id='word_1_42' title='bbox 2659 476 2750 530; x_wconf 90' lang='lat' dir='ltr'><strong>dat</strong></span> <span class='ocrx_word' id='word_1_43' title='bbox 2769 475 3020 546; x_wconf 77' lang='lat' dir='ltr'><strong>gloriam,</strong></span> <span class='ocrx_word' id='word_1_44' title='bbox 3047 475 3140 544; x_wconf 88' lang='lat' dir='ltr'><strong>qui</strong></span> <span class='ocrx_word' id='word_1_45' title='bbox 3166 489 3290 530; x_wconf 90' lang='lat' dir='ltr'><strong>eum</strong></span> <span class='ocrx_word' id='word_1_46' title='bbox 3328 474 3512 546; x_wconf 89' lang='lat' dir='ltr'><strong>elegit,</strong></span> <span class='ocrx_word' id='word_1_47' title='bbox 3537 483 3594 530; x_wconf 92' lang='lat' dir='ltr'><strong>et</strong></span> <span class='ocrx_word' id='word_1_48' title='bbox 3619 475 3799 548; x_wconf 88' lang='lat' dir='ltr'><strong>digni-</strong></span> 
     </span>
    </p>
   </div>
   <div class='ocr_carea' id='block_1_4' title="bbox 441 565 3794 638">
    <p class='ocr_par' dir='ltr' id='par_1_4' title="bbox 441 565 3794 638">
     <span class='ocr_line' id='line_1_4' title="bbox 441 565 3794 638; baseline -0.001 -12"><span class='ocrx_word' id='word_1_49' title='bbox 441 597 444 600; x_wconf 91' lang='lat'><strong><em>-</em></strong></span> <span class='ocrx_word' id='word_1_50' title='bbox 538 571 734 634; x_wconf 87' lang='lat' dir='ltr'><strong>multos</strong></span> <span class='ocrx_word' id='word_1_51' title='bbox 755 585 822 625; x_wconf 78' lang='lat' dir='ltr'><strong>ex</strong></span> <span class='ocrx_word' id='word_1_52' title='bbox 845 577 1066 638; x_wconf 89' lang='lat' dir='ltr'><strong>accepto</strong></span> <span class='ocrx_word' id='word_1_53' title='bbox 1087 566 1359 622; x_wconf 85' lang='lat' dir='ltr'><strong>intellectu</strong></span> <span class='ocrx_word' id='word_1_54' title='bbox 1379 568 1707 637; x_wconf 79' lang='lat' dir='ltr'><strong>praecederet</strong></span> <span class='ocrx_word' id='word_1_55' title='bbox 1728 582 1838 622; x_wconf 86' lang='lat' dir='ltr'><strong>non</strong></span> <span class='ocrx_word' id='word_1_56' title='bbox 1861 565 2109 632; x_wconf 90' lang='lat' dir='ltr'><strong>attendit,</strong></span> <span class='ocrx_word' id='word_1_57' title='bbox 2212 574 2381 622; x_wconf 91' lang='lat' dir='ltr'><strong>tatem</strong></span> <span class='ocrx_word' id='word_1_58' title='bbox 2407 582 2558 622; x_wconf 89' lang='lat' dir='ltr'><strong>suam</strong></span> <span class='ocrx_word' id='word_1_59' title='bbox 2582 581 2690 621; x_wconf 83' lang='lat' dir='ltr'><strong>non</strong></span> <span class='ocrx_word' id='word_1_60' title='bbox 2717 565 2821 622; x_wconf 84' lang='lat' dir='ltr'><strong>sibi</strong></span> <span class='ocrx_word' id='word_1_61' title='bbox 2841 565 3099 631; x_wconf 77' lang='lat' dir='ltr'><strong>defendit,</strong></span> <span class='ocrx_word' id='word_1_62' title='bbox 3125 565 3218 621; x_wconf 90' lang='lat' dir='ltr'><strong>sed</strong></span> <span class='ocrx_word' id='word_1_63' title='bbox 3240 566 3518 636; x_wconf 89' lang='lat' dir='ltr'><strong>indignum</strong></span> <span class='ocrx_word' id='word_1_64' title='bbox 3545 581 3604 621; x_wconf 92' lang='lat' dir='ltr'><strong>se</strong></span> <span class='ocrx_word' id='word_1_65' title='bbox 3624 566 3794 637; x_wconf 85' lang='lat' dir='ltr'><strong>dicit;</strong></span> 
     </span>
    </p>
   </div>
   <div class='ocr_carea' id='block_1_5' title="bbox 537 657 2113 732">
    <p class='ocr_par' dir='ltr' id='par_1_5' title="bbox 537 657 2113 732">
     <span class='ocr_line' id='line_1_5' title="bbox 537 657 2113 732; baseline -0.001 -18"><span class='ocrx_word' id='word_1_66' title='bbox 537 663 664 732; x_wconf 87' lang='lat' dir='ltr'><strong>quia</strong></span> <span class='ocrx_word' id='word_1_67' title='bbox 694 660 906 715; x_wconf 90' lang='lat' dir='ltr'><strong>illorum</strong></span> <span class='ocrx_word' id='word_1_68' title='bbox 937 658 1300 713; x_wconf 64' lang='lat' dir='ltr'><strong>innocentiam</strong></span> <span class='ocrx_word' id='word_1_69' title='bbox 1325 672 1558 726; x_wconf 88' lang='lat' dir='ltr'><strong>pensans</strong></span> <span class='ocrx_word' id='word_1_70' title='bbox 1586 666 1990 728; x_wconf 76' lang='lat' dir='ltr'><strong>persecutorem</strong></span> <span class='ocrx_word' id='word_1_71' title='bbox 2015 657 2113 712; x_wconf 78' lang='lat' dir='ltr'><strong>ali~</strong></span> 
     </span>
    </p>
   </div>
   <div class='ocr_carea' id='block_1_6' title="bbox 538 747 2112 822">
    <p class='ocr_par' dir='ltr' id='par_1_6' title="bbox 538 747 2112 822">
     <span class='ocr_line' id='line_1_6' title="bbox 538 747 2112 822; baseline -0.002 -15"><span class='ocrx_word' id='word_1_72' title='bbox 538 750 752 822; x_wconf 86' lang='lat' dir='ltr'><strong>quando</strong></span> <span class='ocrx_word' id='word_1_73' title='bbox 793 765 851 804; x_wconf 91' lang='lat' dir='ltr'><strong>se</strong></span> <span class='ocrx_word' id='word_1_74' title='bbox 889 749 1054 806; x_wconf 81' lang='lat' dir='ltr'><strong>fuisse</strong></span> <span class='ocrx_word' id='word_1_75' title='bbox 1097 747 1284 804; x_wconf 90' lang='lat' dir='ltr'><strong>doluit.</strong></span> <span class='ocrx_word' id='word_1_76' title='bbox 1317 747 1425 803; x_wconf 90' lang='lat' dir='ltr'><strong>Sed</strong></span> <span class='ocrx_word' id='word_1_77' title='bbox 1466 749 1768 816; x_wconf 85' lang='lat' dir='ltr'><strong>videamus,</strong></span> <span class='ocrx_word' id='word_1_78' title='bbox 1815 749 1862 804; x_wconf 90' lang='lat' dir='ltr'><strong>si</strong></span> <span class='ocrx_word' id='word_1_79' title='bbox 1894 749 2016 819; x_wconf 90' lang='lat' dir='ltr'><strong>quis</strong></span> <span class='ocrx_word' id='word_1_80' title='bbox 2045 763 2112 804; x_wconf 80' lang='lat' dir='ltr'><strong>ex</strong></span> 
     </span>
    </p>
   </div>
   <div class='ocr_carea' id='block_1_7' title="bbox 541 837 2110 911">
    <p class='ocr_par' dir='ltr' id='par_1_7' title="bbox 541 837 2110 911">
     <span class='ocr_line' id='line_1_7' title="bbox 541 837 2110 911; baseline -0.001 -17"><span class='ocrx_word' id='word_1_81' title='bbox 541 839 794 911; x_wconf 73' lang='lat' dir='ltr'><strong>apostolis</strong></span> <span class='ocrx_word' id='word_1_82' title='bbox 807 854 927 894; x_wconf 88' lang='lat' dir='ltr'><strong>eum</strong></span> <span class='ocrx_word' id='word_1_83' title='bbox 937 879 951 904; x_wconf 94' lang='lat'><strong>,</strong></span> <span class='ocrx_word' id='word_1_84' title='bbox 969 838 1061 908; x_wconf 86' lang='lat' dir='ltr'><strong>qui</strong></span> <span class='ocrx_word' id='word_1_85' title='bbox 1078 837 1244 892; x_wconf 90' lang='lat' dir='ltr'><strong>Paulo</strong></span> <span class='ocrx_word' id='word_1_86' title='bbox 1257 837 1413 893; x_wconf 90' lang='lat' dir='ltr'><strong>datus</strong></span> <span class='ocrx_word' id='word_1_87' title='bbox 1428 846 1512 894; x_wconf 90' lang='lat' dir='ltr'><strong>est</strong></span> <span class='ocrx_word' id='word_1_88' title='bbox 1524 838 1849 894; x_wconf 89' lang='lat' dir='ltr'><strong>intellectum</strong></span> <span class='ocrx_word' id='word_1_89' title='bbox 1862 837 2110 893; x_wconf 86' lang='lat' dir='ltr'><strong>miratur.</strong></span> 
     </span>
    </p>
   </div>
   <div class='ocr_carea' id='block_1_8' title="bbox 538 927 2113 1000">
    <p class='ocr_par' dir='ltr' id='par_1_8' title="bbox 538 927 2113 1000">
     <span class='ocr_line' id='line_1_8' title="bbox 538 927 2113 1000; baseline -0.002 -15"><span class='ocrx_word' id='word_1_90' title='bbox 538 931 655 1000; x_wconf 87' lang='lat' dir='ltr'><strong>lpse</strong></span> <span class='ocrx_word' id='word_1_91' title='bbox 686 929 840 984; x_wconf 90' lang='lat' dir='ltr'><strong>nobis</strong></span> <span class='ocrx_word' id='word_1_92' title='bbox 875 927 1241 998; x_wconf 87' lang='lat' dir='ltr'><strong>apostolorum</strong></span> <span class='ocrx_word' id='word_1_93' title='bbox 1277 928 1484 997; x_wconf 92' lang='lat' dir='ltr'><strong>primus</strong></span> <span class='ocrx_word' id='word_1_94' title='bbox 1510 928 1863 998; x_wconf 85' lang='lat' dir='ltr'><strong>requirendus</strong></span> <span class='ocrx_word' id='word_1_95' title='bbox 1887 934 1991 993; x_wconf 87' lang='lat' dir='ltr'><strong>est,</strong></span> <span class='ocrx_word' id='word_1_96' title='bbox 2021 927 2113 998; x_wconf 89' lang='lat' dir='ltr'><strong>qui</strong></span> 
     </span>
    </p>
   </div>
   <div class='ocr_carea' id='block_1_9' title="bbox 537 1017 2116 1092">
    <p class='ocr_par' dir='ltr' id='par_1_9' title="bbox 537 1017 2116 1092">
     <span class='ocr_line' id='line_1_9' title="bbox 537 1017 2116 1092; baseline -0.003 -15"><span class='ocrx_word' id='word_1_97' title='bbox 537 1021 826 1092; x_wconf 85' lang='lat' dir='ltr'><strong>discipulos</strong></span> <span class='ocrx_word' id='word_1_98' title='bbox 855 1020 1152 1074; x_wconf 89' lang='lat' dir='ltr'><strong>admonens</strong></span> <span class='ocrx_word' id='word_1_99' title='bbox 1179 1019 1257 1072; x_wconf 89' lang='lat' dir='ltr'><strong>ait</strong></span> <span class='ocrx_word' id='word_1_100' title='bbox 1290 1031 1304 1071; x_wconf 89' lang='lat'><strong>:</strong></span> <span class='ocrx_word' id='word_1_101' title='bbox 1337 1017 1485 1073; x_wconf 80' lang='lat' dir='ltr'><strong>Sicut</strong></span> <span class='ocrx_word' id='word_1_102' title='bbox 1518 1031 1566 1074; x_wconf 88' lang='lat' dir='ltr'><strong>et</strong></span> <span class='ocrx_word' id='word_1_103' title='bbox 1591 1019 1928 1073; x_wconf 79' lang='lat' dir='ltr'><strong>cltarissimus</strong></span> <span class='ocrx_word' id='word_1_104' title='bbox 1949 1018 2116 1092; x_wconf 68' lang='lat' dir='ltr'><strong>frater</strong></span> 
     </span>
    </p>
   </div>
   <div class='ocr_carea' id='block_1_10' title="bbox 538 1108 2115 1180">
    <p class='ocr_par' dir='ltr' id='par_1_10' title="bbox 538 1108 2115 1180">
     <span class='ocr_line' id='line_1_10' title="bbox 538 1108 2115 1180; baseline -0.001 -16"><span class='ocrx_word' id='word_1_105' title='bbox 538 1122 713 1167; x_wconf 88' lang='lat' dir='ltr'><strong>noster</strong></span> <span class='ocrx_word' id='word_1_106' title='bbox 742 1110 943 1165; x_wconf 82' lang='lat' dir='ltr'><strong>Paulus</strong></span> <span class='ocrx_word' id='word_1_107' title='bbox 972 1108 1259 1164; x_wconf 86' lang='lat' dir='ltr'><strong>secundum</strong></span> <span class='ocrx_word' id='word_1_108' title='bbox 1289 1108 1386 1163; x_wconf 91' lang='lat' dir='ltr'><strong>sibi</strong></span> <span class='ocrx_word' id='word_1_109' title='bbox 1427 1109 1606 1163; x_wconf 84' lang='lat' dir='ltr'><strong>datam</strong></span> <span class='ocrx_word' id='word_1_110' title='bbox 1648 1109 1955 1180; x_wconf 82' lang='lat' dir='ltr'><strong>sapientiam</strong></span> <span class='ocrx_word' id='word_1_111' title='bbox 1985 1109 2115 1163; x_wconf 81' lang='lat' dir='ltr'><strong>scri-</strong></span> 
     </span>
    </p>
   </div>
   <div class='ocr_carea' id='block_1_11' title="bbox 537 1197 2117 1270">
    <p class='ocr_par' dir='ltr' id='par_1_11' title="bbox 537 1197 2117 1270">
     <span class='ocr_line' id='line_1_11' title="bbox 537 1197 2117 1270; baseline -0.001 -15"><span class='ocrx_word' id='word_1_112' title='bbox 537 1202 639 1270; x_wconf 84' lang='lat' dir='ltr'><strong>psit</strong></span> <span class='ocrx_word' id='word_1_113' title='bbox 668 1200 808 1254; x_wconf 84' lang='lat' dir='ltr'><strong>vobis</strong></span> <span class='ocrx_word' id='word_1_114' title='bbox 842 1216 859 1254; x_wconf 92' lang='lat'><strong><em>:</em></strong></span> <span class='ocrx_word' id='word_1_115' title='bbox 901 1197 1049 1254; x_wconf 85' lang='lat' dir='ltr'><strong>Sicut</strong></span> <span class='ocrx_word' id='word_1_116' title='bbox 1096 1208 1144 1252; x_wconf 90' lang='lat' dir='ltr'><strong>et</strong></span> <span class='ocrx_word' id='word_1_117' title='bbox 1185 1198 1240 1252; x_wconf 88' lang='lat' dir='ltr'><strong>in</strong></span> <span class='ocrx_word' id='word_1_118' title='bbox 1277 1198 1515 1258; x_wconf 84' lang='lat' dir='ltr'><strong>omnibus</strong></span> <span class='ocrx_word' id='word_1_119' title='bbox 1548 1197 1796 1268; x_wconf 73' lang='lat' dir='ltr'><strong>Epistolis</strong></span> <span class='ocrx_word' id='word_1_120' title='bbox 1826 1198 2037 1270; x_wconf 85' lang='lat' dir='ltr'><strong>loquens</strong></span> <span class='ocrx_word' id='word_1_121' title='bbox 2061 1200 2117 1253; x_wconf 87' lang='lat' dir='ltr'><strong>in</strong></span> 
     </span>
    </p>
   </div>
   <div class='ocr_carea' id='block_1_12' title="bbox 539 1289 2111 1362">
    <p class='ocr_par' dir='ltr' id='par_1_12' title="bbox 539 1289 2111 1362">
     <span class='ocr_line' id='line_1_12' title="bbox 539 1289 2111 1362; baseline -0.001 -18"><span class='ocrx_word' id='word_1_122' title='bbox 539 1291 635 1356; x_wconf 89' lang='lat' dir='ltr'><strong>eis,</strong></span> <span class='ocrx_word' id='word_1_123' title='bbox 667 1291 731 1344; x_wconf 87' lang='lat' dir='ltr'><strong>de</strong></span> <span class='ocrx_word' id='word_1_124' title='bbox 753 1291 835 1344; x_wconf 78' lang='lat' dir='ltr'><strong>liis</strong></span> <span class='ocrx_word' id='word_1_125' title='bbox 864 1292 919 1344; x_wconf 88' lang='lat' dir='ltr'><strong>in</strong></span> <span class='ocrx_word' id='word_1_126' title='bbox 939 1290 1124 1362; x_wconf 80' lang='lat' dir='ltr'><strong>quibus</strong></span> <span class='ocrx_word' id='word_1_127' title='bbox 1137 1298 1280 1354; x_wconf 88' lang='lat' dir='ltr'><strong>sunt,</strong></span> <span class='ocrx_word' id='word_1_128' title='bbox 1303 1289 1544 1360; x_wconf 75' lang='lat' dir='ltr'><strong>quantum</strong></span> <span class='ocrx_word' id='word_1_129' title='bbox 1565 1289 1810 1360; x_wconf 78' lang='lat' dir='ltr'><strong>difﬁcilia</strong></span> <span class='ocrx_word' id='word_1_130' title='bbox 1830 1289 2111 1354; x_wconf 87' lang='lat' dir='ltr'><strong>intellectu,</strong></span> 
     </span>
    </p>
   </div>
   <div class='ocr_carea' id='block_1_13' title="bbox 541 1377 2113 1451">
    <p class='ocr_par' dir='ltr' id='par_1_13' title="bbox 541 1377 2113 1451">
     <span class='ocr_line' id='line_1_13' title="bbox 541 1377 2113 1451; baseline -0.002 -16"><span class='ocrx_word' id='word_1_131' title='bbox 541 1397 660 1451; x_wconf 75' lang='lat' dir='ltr'><strong>qua:</strong></span> <span class='ocrx_word' id='word_1_132' title='bbox 708 1381 903 1436; x_wconf 82' lang='lat' dir='ltr'><strong>indocti</strong></span> <span class='ocrx_word' id='word_1_133' title='bbox 951 1394 999 1434; x_wconf 85' lang='lat' dir='ltr'><strong>et</strong></span> <span class='ocrx_word' id='word_1_134' title='bbox 1045 1378 1310 1433; x_wconf 83' lang='lat' dir='ltr'><strong>instabiles</strong></span> <span class='ocrx_word' id='word_1_135' title='bbox 1363 1379 1648 1449; x_wconf 86' lang='lat' dir='ltr'><strong>depravant</strong></span> <span class='ocrx_word' id='word_1_136' title='bbox 1697 1377 1784 1450; x_wconf 91' lang='lat' dir='ltr'><strong>(II</strong></span> <span class='ocrx_word' id='word_1_137' title='bbox 1831 1377 1980 1434; x_wconf 87' lang='lat' dir='ltr'><strong>Petr.</strong></span> <span class='ocrx_word' id='word_1_138' title='bbox 2029 1379 2113 1449; x_wconf 83' lang='grc' dir='ltr'>ιιι)</span> 
     </span>
    </p>
   </div>
   <div class='ocr_carea' id='block_1_14' title="bbox 544 1471 2112 1542">
    <p class='ocr_par' dir='ltr' id='par_1_14' title="bbox 544 1471 2112 1542">
     <span class='ocr_line' id='line_1_14' title="bbox 544 1471 2112 1542; baseline -0.001 -16"><span class='ocrx_word' id='word_1_139' title='bbox 544 1473 772 1527; x_wconf 84' lang='lat' dir='ltr'><strong>Miratur</strong></span> <span class='ocrx_word' id='word_1_140' title='bbox 835 1473 1016 1542; x_wconf 87' lang='lat' dir='ltr'><strong>itaque</strong></span> <span class='ocrx_word' id='word_1_141' title='bbox 1065 1473 1120 1526; x_wconf 89' lang='lat' dir='ltr'><strong>in</strong></span> <span class='ocrx_word' id='word_1_142' title='bbox 1180 1472 1432 1528; x_wconf 90' lang='lat' dir='ltr'><strong>omnibus</strong></span> <span class='ocrx_word' id='word_1_143' title='bbox 1479 1471 1736 1542; x_wconf 84' lang='lat' dir='ltr'><strong>apostolis</strong></span> <span class='ocrx_word' id='word_1_144' title='bbox 1781 1471 1977 1526; x_wconf 88' lang='lat' dir='ltr'><strong>Paulus</strong></span> <span class='ocrx_word' id='word_1_145' title='bbox 2029 1472 2112 1526; x_wconf 87' lang='lat' dir='ltr'><strong>in-</strong></span> 
     </span>
    </p>
   </div>
   <div class='ocr_carea' id='block_1_15' title="bbox 545 1565 2116 1637">
    <p class='ocr_par' dir='ltr' id='par_1_15' title="bbox 545 1565 2116 1637">
     <span class='ocr_line' id='line_1_15' title="bbox 545 1565 2116 1637; baseline 0.001 -17"><span class='ocrx_word' id='word_1_146' title='bbox 545 1567 881 1632; x_wconf 89' lang='lat' dir='ltr'><strong>nocentiam;</strong></span> <span class='ocrx_word' id='word_1_147' title='bbox 922 1565 1151 1622; x_wconf 82' lang='lat' dir='ltr'><strong>miratur</strong></span> <span class='ocrx_word' id='word_1_148' title='bbox 1179 1567 1451 1637; x_wconf 86' lang='lat' dir='ltr'><strong>apostolus</strong></span> <span class='ocrx_word' id='word_1_149' title='bbox 1495 1567 1702 1636; x_wconf 90' lang='lat' dir='ltr'><strong>primus</strong></span> <span class='ocrx_word' id='word_1_150' title='bbox 1735 1567 1792 1623; x_wconf 89' lang='lat' dir='ltr'><strong>in</strong></span> <span class='ocrx_word' id='word_1_151' title='bbox 1836 1567 2001 1622; x_wconf 90' lang='lat' dir='ltr'><strong>Paulo</strong></span> <span class='ocrx_word' id='word_1_152' title='bbox 2029 1583 2116 1623; x_wconf 88' lang='lat' dir='ltr'><strong>sa-</strong></span> 
     </span>
    </p>
   </div>
   <div class='ocr_carea' id='block_1_16' title="bbox 2208 657 3794 729">
    <p class='ocr_par' dir='ltr' id='par_1_16' title="bbox 2208 657 3794 729">
     <span class='ocr_line' id='line_1_16' title="bbox 2208 657 3794 729; baseline 0.001 -15"><span class='ocrx_word' id='word_1_153' title='bbox 2208 658 2352 714; x_wconf 91' lang='lat' dir='ltr'><strong>unde</strong></span> <span class='ocrx_word' id='word_1_154' title='bbox 2376 673 2502 713; x_wconf 90' lang='lat' dir='ltr'><strong>vere</strong></span> <span class='ocrx_word' id='word_1_155' title='bbox 2530 658 2650 729; x_wconf 90' lang='lat' dir='ltr'><strong>plus</strong></span> <span class='ocrx_word' id='word_1_156' title='bbox 2695 665 2960 723; x_wconf 90' lang='lat' dir='ltr'><strong>meretur,</strong></span> <span class='ocrx_word' id='word_1_157' title='bbox 3010 657 3188 713; x_wconf 88' lang='lat' dir='ltr'><strong>sciens</strong></span> <span class='ocrx_word' id='word_1_158' title='bbox 3213 658 3418 714; x_wconf 80' lang='lat' dir='ltr'><strong>dixisse</strong></span> <span class='ocrx_word' id='word_1_159' title='bbox 3449 658 3738 716; x_wconf 87' lang='lat' dir='ltr'><strong>Dominum</strong></span> <span class='ocrx_word' id='word_1_160' title='bbox 3777 679 3794 715; x_wconf 89' lang='lat'><strong>:</strong></span> 
     </span>
    </p>
   </div>
   <div class='ocr_carea' id='block_1_17' title="bbox 2214 746 3376 821">
    <p class='ocr_par' dir='ltr' id='par_1_17' title="bbox 2214 746 3376 821">
     <span class='ocr_line' id='line_1_17' title="bbox 2214 746 3376 821; baseline 0.003 -20"><span class='ocrx_word' id='word_1_161' title='bbox 2214 746 2319 814; x_wconf 83' lang='lat' dir='ltr'><strong>Qui</strong></span> <span class='ocrx_word' id='word_1_162' title='bbox 2345 765 2400 803; x_wconf 86' lang='lat' dir='ltr'><strong>se</strong></span> <span class='ocrx_word' id='word_1_163' title='bbox 2419 748 2618 803; x_wconf 76' lang='lat' dir='ltr'><strong>exaltat</strong></span> <span class='ocrx_word' id='word_1_164' title='bbox 2641 747 3007 803; x_wconf 78' lang='lat' dir='ltr'><strong>Itumiliabitur</strong></span> <span class='ocrx_word' id='word_1_165' title='bbox 3031 749 3051 821; x_wconf 95' lang='lat'>(</span> <span class='ocrx_word' id='word_1_166' title='bbox 3071 748 3199 804; x_wconf 89' lang='lat' dir='ltr'><strong>Luc.</strong></span> <span class='ocrx_word' id='word_1_167' title='bbox 3225 748 3376 820; x_wconf 76' lang='lat' dir='ltr'><strong>xxv).</strong></span> 
     </span>
    </p>
   </div>
   <div class='ocr_carea' id='block_1_18' title="bbox 2281 836 3800 908">
    <p class='ocr_par' dir='ltr' id='par_1_18' title="bbox 2281 836 3800 908">
     <span class='ocr_line' id='line_1_18' title="bbox 2281 836 3800 908; baseline 0.003 -18"><span class='ocrx_word' id='word_1_168' title='bbox 2281 836 2351 891; x_wconf 87' lang='lat' dir='ltr'><strong>Et</strong></span> <span class='ocrx_word' id='word_1_169' title='bbox 2383 837 2554 908; x_wconf 85' lang='lat' dir='ltr'><strong>gratia</strong></span> <span class='ocrx_word' id='word_1_170' title='bbox 2587 837 2701 908; x_wconf 83' lang='lat' dir='ltr'><strong>ejus</strong></span> <span class='ocrx_word' id='word_1_171' title='bbox 2726 837 2782 891; x_wconf 88' lang='lat' dir='ltr'><strong>in</strong></span> <span class='ocrx_word' id='word_1_172' title='bbox 2813 854 2894 892; x_wconf 89' lang='lat' dir='ltr'><strong>me</strong></span> <span class='ocrx_word' id='word_1_173' title='bbox 2943 855 3107 893; x_wconf 82' lang='lat' dir='ltr'><strong>vacua</strong></span> <span class='ocrx_word' id='word_1_174' title='bbox 3147 855 3251 893; x_wconf 86' lang='lat' dir='ltr'><strong>non</strong></span> <span class='ocrx_word' id='word_1_175' title='bbox 3297 838 3421 908; x_wconf 77' lang='lat' dir='ltr'><strong>fuit.</strong></span> <span class='ocrx_word' id='word_1_176' title='bbox 3470 837 3587 896; x_wconf 86' lang='lat' dir='ltr'><strong>Hoc</strong></span> <span class='ocrx_word' id='word_1_177' title='bbox 3639 840 3800 908; x_wconf 89' lang='lat' dir='ltr'><strong>dicit,</strong></span> 
     </span>
    </p>
   </div>
   <div class='ocr_carea' id='block_1_19' title="bbox 2211 927 3805 1004">
    <p class='ocr_par' dir='ltr' id='par_1_19' title="bbox 2211 927 3805 1004">
     <span class='ocr_line' id='line_1_19' title="bbox 2211 927 3805 1004; baseline 0.003 -21"><span class='ocrx_word' id='word_1_178' title='bbox 2211 927 2336 998; x_wconf 86' lang='lat' dir='ltr'><strong>quia</strong></span> <span class='ocrx_word' id='word_1_179' title='bbox 2361 942 2467 983; x_wconf 91' lang='lat' dir='ltr'><strong>non</strong></span> <span class='ocrx_word' id='word_1_180' title='bbox 2488 936 2709 1000; x_wconf 90' lang='lat' dir='ltr'><strong>propter</strong></span> <span class='ocrx_word' id='word_1_181' title='bbox 2735 929 2878 999; x_wconf 92' lang='lat' dir='ltr'><strong>quod</strong></span> <span class='ocrx_word' id='word_1_182' title='bbox 2898 939 3216 998; x_wconf 90' lang='lat' dir='ltr'><strong>persecutus</strong></span> <span class='ocrx_word' id='word_1_183' title='bbox 3243 938 3346 993; x_wconf 90' lang='lat' dir='ltr'><strong>est,</strong></span> <span class='ocrx_word' id='word_1_184' title='bbox 3377 929 3645 987; x_wconf 90' lang='lat' dir='ltr'><strong>minorem</strong></span> <span class='ocrx_word' id='word_1_185' title='bbox 3675 949 3805 1004; x_wconf 86' lang='lat' dir='ltr'><strong>gra-</strong></span> 
     </span>
    </p>
   </div>
   <div class='ocr_carea' id='block_1_20' title="bbox 2213 1019 3802 1093">
    <p class='ocr_par' dir='ltr' id='par_1_20' title="bbox 2213 1019 3802 1093">
     <span class='ocr_line' id='line_1_20' title="bbox 2213 1019 3802 1093; baseline 0.004 -19"><span class='ocrx_word' id='word_1_186' title='bbox 2213 1019 2342 1074; x_wconf 89' lang='lat' dir='ltr'><strong>tiam</strong></span> <span class='ocrx_word' id='word_1_187' title='bbox 2393 1021 2450 1074; x_wconf 91' lang='lat' dir='ltr'><strong>in</strong></span> <span class='ocrx_word' id='word_1_188' title='bbox 2503 1021 2807 1090; x_wconf 87' lang='lat' dir='ltr'><strong>apostolatu</strong></span> <span class='ocrx_word' id='word_1_189' title='bbox 2855 1022 3083 1093; x_wconf 89' lang='lat' dir='ltr'><strong>accepit.</strong></span> <span class='ocrx_word' id='word_1_190' title='bbox 3136 1020 3240 1076; x_wconf 85' lang='lat' dir='ltr'><strong>Sed</strong></span> <span class='ocrx_word' id='word_1_191' title='bbox 3281 1021 3638 1079; x_wconf 85' lang='lat' dir='ltr'><strong>abundantius</strong></span> <span class='ocrx_word' id='word_1_192' title='bbox 3687 1025 3802 1080; x_wconf 82' lang='lat' dir='ltr'><strong>illis</strong></span> 
     </span>
    </p>
   </div>
   <div class='ocr_carea' id='block_1_21' title="bbox 2213 1111 3804 1182">
    <p class='ocr_par' dir='ltr' id='par_1_21' title="bbox 2213 1111 3804 1182">
     <span class='ocr_line' id='line_1_21' title="bbox 2213 1111 3804 1182; baseline 0.003 -16"><span class='ocrx_word' id='word_1_193' title='bbox 2213 1111 2450 1167; x_wconf 88' lang='lat' dir='ltr'><strong>omnibus</strong></span> <span class='ocrx_word' id='word_1_194' title='bbox 2491 1111 2742 1167; x_wconf 84' lang='lat' dir='ltr'><strong>laboravi.</strong></span> <span class='ocrx_word' id='word_1_195' title='bbox 2771 1112 2951 1168; x_wconf 74' lang='lat' dir='ltr'><strong>&quot;Addit</strong></span> <span class='ocrx_word' id='word_1_196' title='bbox 2989 1127 3232 1178; x_wconf 89' lang='lat' dir='ltr'><strong>causam,</strong></span> <span class='ocrx_word' id='word_1_197' title='bbox 3283 1111 3412 1182; x_wconf 89' lang='lat' dir='ltr'><strong>quia</strong></span> <span class='ocrx_word' id='word_1_198' title='bbox 3458 1129 3566 1170; x_wconf 91' lang='lat' dir='ltr'><strong>non</strong></span> <span class='ocrx_word' id='word_1_199' title='bbox 3619 1117 3804 1171; x_wconf 87' lang='lat' dir='ltr'><strong>solum</strong></span> 
     </span>
    </p>
   </div>
   <div class='ocr_carea' id='block_1_22' title="bbox 2213 1202 3806 1274">
    <p class='ocr_par' dir='ltr' id='par_1_22' title="bbox 2213 1202 3806 1274">
     <span class='ocr_line' id='line_1_22' title="bbox 2213 1202 3806 1274; baseline 0.002 -17"><span class='ocrx_word' id='word_1_200' title='bbox 2213 1202 2512 1259; x_wconf 91' lang='lat' dir='ltr'><strong>minoratus</strong></span> <span class='ocrx_word' id='word_1_201' title='bbox 2541 1219 2649 1260; x_wconf 88' lang='lat' dir='ltr'><strong>non</strong></span> <span class='ocrx_word' id='word_1_202' title='bbox 2677 1211 2780 1269; x_wconf 91' lang='lat' dir='ltr'><strong>est,</strong></span> <span class='ocrx_word' id='word_1_203' title='bbox 2821 1204 2913 1259; x_wconf 89' lang='lat' dir='ltr'><strong>sed</strong></span> <span class='ocrx_word' id='word_1_204' title='bbox 2941 1213 2995 1258; x_wconf 88' lang='lat' dir='ltr'><strong>et</strong></span> <span class='ocrx_word' id='word_1_205' title='bbox 3023 1204 3255 1274; x_wconf 85' lang='lat' dir='ltr'><strong>amplius</strong></span> <span class='ocrx_word' id='word_1_206' title='bbox 3295 1211 3520 1274; x_wconf 82' lang='lat' dir='ltr'><strong>propter</strong></span> <span class='ocrx_word' id='word_1_207' title='bbox 3542 1213 3806 1260; x_wconf 87' lang='lat' dir='ltr'><strong>constan-</strong></span> 
     </span>
    </p>
   </div>
   <div class='ocr_carea' id='block_1_23' title="bbox 2213 1293 3805 1366">
    <p class='ocr_par' dir='ltr' id='par_1_23' title="bbox 2213 1293 3805 1366">
     <span class='ocr_line' id='line_1_23' title="bbox 2213 1293 3805 1366; baseline 0.002 -18"><span class='ocrx_word' id='word_1_208' title='bbox 2213 1293 2346 1348; x_wconf 87' lang='lat' dir='ltr'><strong>tiam</strong></span> <span class='ocrx_word' id='word_1_209' title='bbox 2370 1333 2386 1360; x_wconf 94' lang='lat'><strong>,</strong></span> <span class='ocrx_word' id='word_1_210' title='bbox 2418 1308 2524 1362; x_wconf 90' lang='lat' dir='ltr'><strong>qua</strong></span> <span class='ocrx_word' id='word_1_211' title='bbox 2548 1293 2762 1364; x_wconf 83' lang='lat' dir='ltr'><strong>vigebat</strong></span> <span class='ocrx_word' id='word_1_212' title='bbox 2789 1294 2842 1348; x_wconf 90' lang='lat' dir='ltr'><strong>in</strong></span> <span class='ocrx_word' id='word_1_213' title='bbox 2871 1295 3089 1350; x_wconf 84' lang='lat' dir='ltr'><strong>Christo</strong></span> <span class='ocrx_word' id='word_1_214' title='bbox 3133 1293 3362 1351; x_wconf 83' lang='lat' dir='ltr'><strong>afﬂictus</strong></span> <span class='ocrx_word' id='word_1_215' title='bbox 3388 1303 3491 1360; x_wconf 91' lang='lat' dir='ltr'><strong>est,</strong></span> <span class='ocrx_word' id='word_1_216' title='bbox 3515 1296 3660 1366; x_wconf 89' lang='lat' dir='ltr'><strong>quod</strong></span> <span class='ocrx_word' id='word_1_217' title='bbox 3688 1312 3805 1351; x_wconf 87' lang='lat' dir='ltr'><strong>non</strong></span> 
     </span>
    </p>
   </div>
   <div class='ocr_carea' id='block_1_24' title="bbox 2213 1382 3804 1456">
    <p class='ocr_par' dir='ltr' id='par_1_24' title="bbox 2213 1382 3804 1456">
     <span class='ocr_line' id='line_1_24' title="bbox 2213 1382 3804 1456; baseline 0.003 -20"><span class='ocrx_word' id='word_1_218' title='bbox 2213 1386 2355 1453; x_wconf 65' lang='lat' dir='ltr'><strong>aegre</strong></span> <span class='ocrx_word' id='word_1_219' title='bbox 2377 1382 2558 1439; x_wconf 83' lang='lat' dir='ltr'><strong>ferens</strong></span> <span class='ocrx_word' id='word_1_220' title='bbox 2585 1383 2798 1454; x_wconf 79' lang='lat' dir='ltr'><strong>dignior</strong></span> <span class='ocrx_word' id='word_1_221' title='bbox 2829 1384 3004 1440; x_wconf 91' lang='lat' dir='ltr'><strong>factus</strong></span> <span class='ocrx_word' id='word_1_222' title='bbox 3047 1391 3150 1439; x_wconf 90' lang='lat' dir='ltr'><strong>est.</strong></span> <span class='ocrx_word' id='word_1_223' title='bbox 3184 1383 3308 1438; x_wconf 85' lang='lat' dir='ltr'><strong>Non</strong></span> <span class='ocrx_word' id='word_1_224' title='bbox 3348 1401 3442 1456; x_wconf 84' lang='lat' dir='ltr'><strong>ego</strong></span> <span class='ocrx_word' id='word_1_225' title='bbox 3478 1394 3674 1452; x_wconf 87' lang='lat' dir='ltr'><strong>autem,</strong></span> <span class='ocrx_word' id='word_1_226' title='bbox 3704 1386 3804 1440; x_wconf 84' lang='lat' dir='ltr'><strong>sed</strong></span> 
     </span>
    </p>
   </div>
   <div class='ocr_carea' id='block_1_25' title="bbox 2215 1471 3804 1547">
    <p class='ocr_par' dir='ltr' id='par_1_25' title="bbox 2215 1471 3804 1547">
     <span class='ocr_line' id='line_1_25' title="bbox 2215 1471 3804 1547; baseline 0.006 -22"><span class='ocrx_word' id='word_1_227' title='bbox 2215 1472 2386 1544; x_wconf 82' lang='lat' dir='ltr'><strong>gratia</strong></span> <span class='ocrx_word' id='word_1_228' title='bbox 2411 1471 2508 1527; x_wconf 87' lang='lat' dir='ltr'><strong>Dei</strong></span> <span class='ocrx_word' id='word_1_229' title='bbox 2533 1489 2754 1528; x_wconf 85' lang='lat' dir='ltr'><strong>mecum.</strong></span> <span class='ocrx_word' id='word_1_230' title='bbox 2803 1473 2881 1530; x_wconf 85' lang='lat' dir='ltr'><strong>Ne</strong></span> <span class='ocrx_word' id='word_1_231' title='bbox 2907 1490 2964 1530; x_wconf 91' lang='lat' dir='ltr'><strong>se</strong></span> <span class='ocrx_word' id='word_1_232' title='bbox 3000 1475 3256 1530; x_wconf 79' lang='lat' dir='ltr'><strong>extulisse</strong></span> <span class='ocrx_word' id='word_1_233' title='bbox 3275 1475 3552 1544; x_wconf 87' lang='lat' dir='ltr'><strong>jactanter</strong></span> <span class='ocrx_word' id='word_1_234' title='bbox 3571 1486 3804 1547; x_wconf 86' lang='lat' dir='ltr'><strong>putare-</strong></span> 
     </span>
    </p>
   </div>
   <div class='ocr_carea' id='block_1_26' title="bbox 2216 1565 3806 1640">
    <p class='ocr_par' dir='ltr' id='par_1_26' title="bbox 2216 1565 3806 1640">
     <span class='ocr_line' id='line_1_26' title="bbox 2216 1565 3806 1640; baseline 0.004 -21"><span class='ocrx_word' id='word_1_235' title='bbox 2216 1572 2327 1631; x_wconf 88' lang='lat' dir='ltr'><strong>tur,</strong></span> <span class='ocrx_word' id='word_1_236' title='bbox 2358 1565 2542 1622; x_wconf 90' lang='lat' dir='ltr'><strong>statim</strong></span> <span class='ocrx_word' id='word_1_237' title='bbox 2567 1579 2627 1620; x_wconf 89' lang='lat' dir='ltr'><strong>se</strong></span> <span class='ocrx_word' id='word_1_238' title='bbox 2651 1565 2922 1632; x_wconf 88' lang='lat' dir='ltr'><strong>humiliat,</strong></span> <span class='ocrx_word' id='word_1_239' title='bbox 2966 1582 3088 1622; x_wconf 91' lang='lat' dir='ltr'><strong>cum</strong></span> <span class='ocrx_word' id='word_1_240' title='bbox 3118 1567 3220 1624; x_wconf 91' lang='lat' dir='ltr'><strong>hoc</strong></span> <span class='ocrx_word' id='word_1_241' title='bbox 3249 1568 3427 1639; x_wconf 88' lang='lat' dir='ltr'><strong>ipsum</strong></span> <span class='ocrx_word' id='word_1_242' title='bbox 3477 1584 3588 1624; x_wconf 91' lang='lat' dir='ltr'><strong>non</strong></span> <span class='ocrx_word' id='word_1_243' title='bbox 3627 1570 3806 1640; x_wconf 86' lang='lat' dir='ltr'><strong>magis</strong></span> 
     </span>
    </p>
   </div>
   <div class='ocr_carea' id='block_1_27' title="bbox 536 1654 3808 1741">
    <p class='ocr_par' dir='ltr' id='par_1_27' title="bbox 536 1654 3808 1741">
     <span class='ocr_line' id='line_1_27' title="bbox 536 1654 3808 1741; baseline 0.002 -31"><span class='ocrx_word' id='word_1_244' title='bbox 536 1657 816 1726; x_wconf 87' lang='lat' dir='ltr'><strong>pientiam.</strong></span> <span class='ocrx_word' id='word_1_245' title='bbox 859 1656 973 1712; x_wconf 85' lang='lat' dir='ltr'><strong>Alis</strong></span> <span class='ocrx_word' id='word_1_246' title='bbox 1020 1672 1149 1728; x_wconf 90' lang='lat' dir='ltr'><strong>ergo</strong></span> <span class='ocrx_word' id='word_1_247' title='bbox 1188 1671 1246 1712; x_wconf 90' lang='lat' dir='ltr'><strong>se</strong></span> <span class='ocrx_word' id='word_1_248' title='bbox 1296 1665 1553 1741; x_wconf 81' lang='lat' dir='ltr'><strong>tangunt,</strong></span> <span class='ocrx_word' id='word_1_249' title='bbox 1595 1659 1688 1729; x_wconf 89' lang='lat' dir='ltr'><strong>qui</strong></span> <span class='ocrx_word' id='word_1_250' title='bbox 1715 1659 1842 1715; x_wconf 89' lang='lat' dir='ltr'><strong>inde</strong></span> <span class='ocrx_word' id='word_1_251' title='bbox 1877 1657 2115 1714; x_wconf 83' lang='lat' dir='ltr'><strong>vicissim</strong></span> <span class='ocrx_word' id='word_1_252' title='bbox 2144 1740 2160 1741; x_wconf 17' lang='grc' dir='ltr'>ί</span> <span class='ocrx_word' id='word_1_253' title='bbox 2217 1654 2344 1722; x_wconf 89' lang='lat' dir='ltr'><strong>sibi,</strong></span> <span class='ocrx_word' id='word_1_254' title='bbox 2373 1655 2467 1710; x_wconf 90' lang='lat' dir='ltr'><strong>sed</strong></span> <span class='ocrx_word' id='word_1_255' title='bbox 2497 1655 2594 1711; x_wconf 90' lang='lat' dir='ltr'><strong>Dei</strong></span> <span class='ocrx_word' id='word_1_256' title='bbox 2617 1655 2826 1727; x_wconf 76' lang='lat' dir='ltr'><strong>‘gratiae‘</strong></span> <span class='ocrx_word' id='word_1_257' title='bbox 2853 1657 3096 1723; x_wconf 88' lang='lat' dir='ltr'><strong>ascribit,</strong></span> <span class='ocrx_word' id='word_1_258' title='bbox 3125 1665 3184 1712; x_wconf 92' lang='lat' dir='ltr'><strong>ut</strong></span> <span class='ocrx_word' id='word_1_259' title='bbox 3211 1673 3429 1730; x_wconf 89' lang='lat' dir='ltr'><strong>semper</strong></span> <span class='ocrx_word' id='word_1_260' title='bbox 3447 1675 3661 1715; x_wconf 90' lang='lat' dir='ltr'><strong>omnem</strong></span> <span class='ocrx_word' id='word_1_261' title='bbox 3689 1659 3808 1732; x_wconf 85' lang='lat' dir='ltr'><strong>glo-</strong></span> 
     </span>
    </p>
   </div>
   <div class='ocr_carea' id='block_1_28' title="bbox 537 1740 3803 1821">
    <p class='ocr_par' dir='ltr' id='par_1_28' title="bbox 537 1740 3803 1821">
     <span class='ocr_line' id='line_1_28' title="bbox 537 1740 3803 1821; baseline 0.002 -21"><span class='ocrx_word' id='word_1_262' title='bbox 537 1762 596 1800; x_wconf 87' lang='lat' dir='ltr'><strong>se</strong></span> <span class='ocrx_word' id='word_1_263' title='bbox 623 1748 689 1802; x_wconf 88' lang='lat' dir='ltr'><strong>ad</strong></span> <span class='ocrx_word' id='word_1_264' title='bbox 721 1745 1028 1816; x_wconf 85' lang='lat' dir='ltr'><strong>profectum</strong></span> <span class='ocrx_word' id='word_1_265' title='bbox 1061 1747 1320 1813; x_wconf 81' lang='lat' dir='ltr'><strong>excitant,</strong></span> <span class='ocrx_word' id='word_1_266' title='bbox 1369 1748 1510 1804; x_wconf 90' lang='lat' dir='ltr'><strong>unde</strong></span> <span class='ocrx_word' id='word_1_267' title='bbox 1542 1747 1746 1805; x_wconf 87' lang='lat' dir='ltr'><strong>volant.</strong></span> <span class='ocrx_word' id='word_1_268' title='bbox 1784 1748 1900 1805; x_wconf 85' lang='lat' dir='ltr'><strong>Hoc</strong></span> <span class='ocrx_word' id='word_1_269' title='bbox 1935 1749 2116 1820; x_wconf 83' lang='lat' dir='ltr'><strong>itaque</strong></span> <span class='ocrx_word' id='word_1_270' title='bbox 2141 1740 2190 1801; x_wconf 88' lang='lat' dir='ltr'><strong>B</strong></span> <span class='ocrx_word' id='word_1_271' title='bbox 2218 1747 2351 1802; x_wconf 88' lang='lat' dir='ltr'><strong>riam</strong></span> <span class='ocrx_word' id='word_1_272' title='bbox 2387 1755 2626 1818; x_wconf 86' lang='lat' dir='ltr'><strong>reportet</strong></span> <span class='ocrx_word' id='word_1_273' title='bbox 2675 1749 2744 1803; x_wconf 91' lang='lat' dir='ltr'><strong>ad</strong></span> <span class='ocrx_word' id='word_1_274' title='bbox 2779 1749 2972 1816; x_wconf 91' lang='lat' dir='ltr'><strong>Deum,</strong></span> <span class='ocrx_word' id='word_1_275' title='bbox 3016 1749 3160 1806; x_wconf 90' lang='lat' dir='ltr'><strong>unde</strong></span> <span class='ocrx_word' id='word_1_276' title='bbox 3188 1750 3311 1821; x_wconf 91' lang='lat' dir='ltr'><strong>jure</strong></span> <span class='ocrx_word' id='word_1_277' title='bbox 3339 1751 3660 1806; x_wconf 77' lang='lat' dir='ltr'><strong>exaltandus</strong></span> <span class='ocrx_word' id='word_1_278' title='bbox 3689 1759 3803 1807; x_wconf 88' lang='lat' dir='ltr'><strong>est.</strong></span> 
     </span>
    </p>
   </div>
   <div class='ocr_carea' id='block_1_29' title="bbox 533 1836 2110 1911">
    <p class='ocr_par' dir='ltr' id='par_1_29' title="bbox 533 1836 2110 1911">
     <span class='ocr_line' id='line_1_29' title="bbox 533 1836 2110 1911; baseline 0.005 -22"><span class='ocrx_word' id='word_1_279' title='bbox 533 1836 874 1907; x_wconf 85' lang='lat' dir='ltr'><strong>omnipotens</strong></span> <span class='ocrx_word' id='word_1_280' title='bbox 916 1837 1058 1893; x_wconf 90' lang='lat' dir='ltr'><strong>Deus</strong></span> <span class='ocrx_word' id='word_1_281' title='bbox 1086 1838 1197 1910; x_wconf 90' lang='lat' dir='ltr'><strong>agit</strong></span> <span class='ocrx_word' id='word_1_282' title='bbox 1239 1839 1294 1893; x_wconf 92' lang='lat' dir='ltr'><strong>in</strong></span> <span class='ocrx_word' id='word_1_283' title='bbox 1337 1840 1590 1897; x_wconf 89' lang='lat' dir='ltr'><strong>cordibus</strong></span> <span class='ocrx_word' id='word_1_284' title='bbox 1620 1842 1920 1910; x_wconf 89' lang='lat' dir='ltr'><strong>hominum,</strong></span> <span class='ocrx_word' id='word_1_285' title='bbox 1965 1842 2110 1911; x_wconf 90' lang='lat' dir='ltr'><strong>quod</strong></span> 
     </span>
    </p>
   </div>
   <div class='ocr_carea' id='block_1_30' title="bbox 534 1924 2112 2004">
    <p class='ocr_par' dir='ltr' id='par_1_30' title="bbox 534 1924 2112 2004">
     <span class='ocr_line' id='line_1_30' title="bbox 534 1924 2112 2004; baseline 0.005 -24"><span class='ocrx_word' id='word_1_286' title='bbox 534 1924 666 1982; x_wconf 90' lang='lat' dir='ltr'><strong>facit</strong></span> <span class='ocrx_word' id='word_1_287' title='bbox 701 1927 755 1982; x_wconf 92' lang='lat' dir='ltr'><strong>in</strong></span> <span class='ocrx_word' id='word_1_288' title='bbox 797 1928 1110 1999; x_wconf 80' lang='lat' dir='ltr'><strong>regionibus</strong></span> <span class='ocrx_word' id='word_1_289' title='bbox 1141 1936 1430 1986; x_wconf 89' lang='lat' dir='ltr'><strong>terrarum.</strong></span> <span class='ocrx_word' id='word_1_290' title='bbox 1457 1931 1676 1988; x_wconf 87' lang='lat' dir='ltr'><strong>Poterat</strong></span> <span class='ocrx_word' id='word_1_291' title='bbox 1716 1948 1951 2004; x_wconf 90' lang='lat' dir='ltr'><strong>namque</strong></span> <span class='ocrx_word' id='word_1_292' title='bbox 1987 1933 2112 1988; x_wconf 90' lang='lat' dir='ltr'><strong>uni-</strong></span> 
     </span>
    </p>
   </div>
   <div class='ocr_carea' id='block_1_31' title="bbox 533 2017 2112 2092">
    <p class='ocr_par' dir='ltr' id='par_1_31' title="bbox 533 2017 2112 2092">
     <span class='ocr_line' id='line_1_31' title="bbox 533 2017 2112 2092; baseline 0.004 -20"><span class='ocrx_word' id='word_1_293' title='bbox 533 2017 749 2074; x_wconf 90' lang='lat' dir='ltr'><strong>cuilibet</strong></span> <span class='ocrx_word' id='word_1_294' title='bbox 785 2019 984 2092; x_wconf 88' lang='lat' dir='ltr'><strong>regioni</strong></span> <span class='ocrx_word' id='word_1_295' title='bbox 1015 2020 1222 2076; x_wconf 90' lang='lat' dir='ltr'><strong>fructus</strong></span> <span class='ocrx_word' id='word_1_296' title='bbox 1246 2035 1434 2078; x_wconf 88' lang='lat' dir='ltr'><strong>omnes</strong></span> <span class='ocrx_word' id='word_1_297' title='bbox 1462 2022 1718 2080; x_wconf 90' lang='lat' dir='ltr'><strong>tribuere.</strong></span> <span class='ocrx_word' id='word_1_298' title='bbox 1765 2023 1874 2080; x_wconf 90' lang='lat' dir='ltr'><strong>Sed</strong></span> <span class='ocrx_word' id='word_1_299' title='bbox 1907 2025 1952 2080; x_wconf 91' lang='lat' dir='ltr'><strong>si</strong></span> <span class='ocrx_word' id='word_1_300' title='bbox 1973 2037 2112 2079; x_wconf 87' lang='lat' dir='ltr'><strong>una-</strong></span> 
     </span>
    </p>
   </div>
   <div class='ocr_carea' id='block_1_32' title="bbox 533 2111 2114 2184">
    <p class='ocr_par' dir='ltr' id='par_1_32' title="bbox 533 2111 2114 2184">
     <span class='ocr_line' id='line_1_32' title="bbox 533 2111 2114 2184; baseline 0.003 -19"><span class='ocrx_word' id='word_1_301' title='bbox 533 2111 786 2182; x_wconf 84' lang='lat' dir='ltr'><strong>quaelibet</strong></span> <span class='ocrx_word' id='word_1_302' title='bbox 815 2113 961 2184; x_wconf 86' lang='lat' dir='ltr'><strong>regio</strong></span> <span class='ocrx_word' id='word_1_303' title='bbox 987 2113 1211 2170; x_wconf 86' lang='lat' dir='ltr'><strong>alterius</strong></span> <span class='ocrx_word' id='word_1_304' title='bbox 1254 2114 1486 2184; x_wconf 78' lang='lat' dir='ltr'><strong>regionis</strong></span> <span class='ocrx_word' id='word_1_305' title='bbox 1519 2114 1786 2172; x_wconf 86' lang='lat' dir='ltr'><strong>fructibus</strong></span> <span class='ocrx_word' id='word_1_306' title='bbox 1823 2129 1930 2171; x_wconf 91' lang='lat' dir='ltr'><strong>non</strong></span> <span class='ocrx_word' id='word_1_307' title='bbox 1969 2115 2114 2170; x_wconf 89' lang='lat' dir='ltr'><strong>indi-</strong></span> 
     </span>
    </p>
   </div>
   <div class='ocr_carea' id='block_1_33' title="bbox 531 2202 2110 2272">
    <p class='ocr_par' dir='ltr' id='par_1_33' title="bbox 531 2202 2110 2272">
     <span class='ocr_line' id='line_1_33' title="bbox 531 2202 2110 2272; baseline 0.001 -16"><span class='ocrx_word' id='word_1_308' title='bbox 531 2209 701 2272; x_wconf 90' lang='lat' dir='ltr'><strong>geret,</strong></span> <span class='ocrx_word' id='word_1_309' title='bbox 757 2202 1188 2258; x_wconf 85' lang='lat' dir='ltr'><strong>communionem</strong></span> <span class='ocrx_word' id='word_1_310' title='bbox 1243 2217 1365 2258; x_wconf 92' lang='lat' dir='ltr'><strong>cum</strong></span> <span class='ocrx_word' id='word_1_311' title='bbox 1417 2203 1588 2260; x_wconf 88' lang='lat' dir='ltr'><strong>altera</strong></span> <span class='ocrx_word' id='word_1_312' title='bbox 1640 2220 1750 2260; x_wconf 88' lang='lat' dir='ltr'><strong>non</strong></span> <span class='ocrx_word' id='word_1_313' title='bbox 1808 2204 2110 2261; x_wconf 87' lang='lat' dir='ltr'><strong>habuisset.</strong></span> 
     </span>
    </p>
   </div>
   <div class='ocr_carea' id='block_1_34' title="bbox 539 2293 2112 2362">
    <p class='ocr_par' dir='ltr' id='par_1_34' title="bbox 539 2293 2112 2362">
     <span class='ocr_line' id='line_1_34' title="bbox 539 2293 2112 2362; baseline 0.001 -12"><span class='ocrx_word' id='word_1_314' title='bbox 539 2293 693 2350; x_wconf 87' lang='lat' dir='ltr'><strong>Unde</strong></span> <span class='ocrx_word' id='word_1_315' title='bbox 718 2294 778 2349; x_wconf 85' lang='lat' dir='ltr'><strong>ﬁt</strong></span> <span class='ocrx_word' id='word_1_316' title='bbox 823 2303 880 2348; x_wconf 89' lang='lat' dir='ltr'><strong>ut</strong></span> <span class='ocrx_word' id='word_1_317' title='bbox 912 2295 1035 2350; x_wconf 86' lang='lat' dir='ltr'><strong>huic</strong></span> <span class='ocrx_word' id='word_1_318' title='bbox 1063 2295 1196 2360; x_wconf 89' lang='lat' dir='ltr'><strong>vini,</strong></span> <span class='ocrx_word' id='word_1_319' title='bbox 1244 2293 1333 2348; x_wconf 91' lang='lat' dir='ltr'><strong>alii</strong></span> <span class='ocrx_word' id='word_1_320' title='bbox 1369 2309 1500 2350; x_wconf 89' lang='lat' dir='ltr'><strong>vero</strong></span> <span class='ocrx_word' id='word_1_321' title='bbox 1542 2294 1678 2362; x_wconf 89' lang='lat' dir='ltr'><strong>olei,</strong></span> <span class='ocrx_word' id='word_1_322' title='bbox 1728 2296 2112 2351; x_wconf 88' lang='lat' dir='ltr'><strong>abundantiam</strong></span> 
     </span>
    </p>
   </div>
   <div class='ocr_carea' id='block_1_35' title="bbox 539 2382 2116 2453">
    <p class='ocr_par' dir='ltr' id='par_1_35' title="bbox 539 2382 2116 2453">
     <span class='ocr_line' id='line_1_35' title="bbox 539 2382 2116 2453; baseline 0.003 -17"><span class='ocrx_word' id='word_1_323' title='bbox 539 2383 779 2448; x_wconf 87' lang='lat' dir='ltr'><strong>tribuat;</strong></span> <span class='ocrx_word' id='word_1_324' title='bbox 813 2383 954 2438; x_wconf 90' lang='lat' dir='ltr'><strong>hanc</strong></span> <span class='ocrx_word' id='word_1_325' title='bbox 981 2382 1320 2438; x_wconf 87' lang='lat' dir='ltr'><strong>multitudine</strong></span> <span class='ocrx_word' id='word_1_326' title='bbox 1357 2384 1645 2453; x_wconf 90' lang='lat' dir='ltr'><strong>pecudum,</strong></span> <span class='ocrx_word' id='word_1_327' title='bbox 1691 2384 1837 2439; x_wconf 90' lang='lat' dir='ltr'><strong>illam</strong></span> <span class='ocrx_word' id='word_1_328' title='bbox 1867 2385 2116 2440; x_wconf 88' lang='lat' dir='ltr'><strong>ubertate</strong></span> 
     </span>
    </p>
   </div>
   <div class='ocr_carea' id='block_1_36' title="bbox 535 2471 2113 2546">
    <p class='ocr_par' dir='ltr' id='par_1_36' title="bbox 535 2471 2113 2546">
     <span class='ocr_line' id='line_1_36' title="bbox 535 2471 2113 2546; baseline 0.005 -22"><span class='ocrx_word' id='word_1_329' title='bbox 535 2471 812 2527; x_wconf 84' lang='lat' dir='ltr'><strong>abundare</strong></span> <span class='ocrx_word' id='word_1_330' title='bbox 861 2471 1022 2528; x_wconf 84' lang='lat' dir='ltr'><strong>faciat</strong></span> <span class='ocrx_word' id='word_1_331' title='bbox 1066 2471 1278 2544; x_wconf 83' lang='lat' dir='ltr'><strong>frugum</strong></span> <span class='ocrx_word' id='word_1_332' title='bbox 1309 2490 1322 2525; x_wconf 91' lang='lat'>:</span> <span class='ocrx_word' id='word_1_333' title='bbox 1353 2480 1414 2526; x_wconf 90' lang='lat' dir='ltr'><strong>ut</strong></span> <span class='ocrx_word' id='word_1_334' title='bbox 1455 2487 1580 2528; x_wconf 84' lang='lat' dir='ltr'><strong>cum</strong></span> <span class='ocrx_word' id='word_1_335' title='bbox 1628 2473 1716 2529; x_wconf 90' lang='lat' dir='ltr'><strong>illa</strong></span> <span class='ocrx_word' id='word_1_336' title='bbox 1765 2474 1938 2530; x_wconf 83' lang='lat' dir='ltr'><strong>defert</strong></span> <span class='ocrx_word' id='word_1_337' title='bbox 1970 2475 2113 2546; x_wconf 90' lang='lat' dir='ltr'><strong>quod</strong></span> 
     </span>
    </p>
   </div>
   <div class='ocr_carea' id='block_1_37' title="bbox 535 2559 2110 2632">
    <p class='ocr_par' dir='ltr' id='par_1_37' title="bbox 535 2559 2110 2632">
     <span class='ocr_line' id='line_1_37' title="bbox 535 2559 2110 2632; baseline 0.003 -18"><span class='ocrx_word' id='word_1_338' title='bbox 535 2560 640 2615; x_wconf 89' lang='lat' dir='ltr'><strong>ista</strong></span> <span class='ocrx_word' id='word_1_339' title='bbox 666 2575 772 2616; x_wconf 91' lang='lat' dir='ltr'><strong>non</strong></span> <span class='ocrx_word' id='word_1_340' title='bbox 805 2561 982 2626; x_wconf 89' lang='lat' dir='ltr'><strong>habet,</strong></span> <span class='ocrx_word' id='word_1_341' title='bbox 1020 2566 1076 2617; x_wconf 91' lang='lat' dir='ltr'><strong>et</strong></span> <span class='ocrx_word' id='word_1_342' title='bbox 1114 2559 1216 2616; x_wconf 90' lang='lat' dir='ltr'><strong>ista</strong></span> <span class='ocrx_word' id='word_1_343' title='bbox 1248 2560 1426 2616; x_wconf 88' lang='lat' dir='ltr'><strong>reddit</strong></span> <span class='ocrx_word' id='word_1_344' title='bbox 1451 2562 1594 2632; x_wconf 91' lang='lat' dir='ltr'><strong>quod</strong></span> <span class='ocrx_word' id='word_1_345' title='bbox 1633 2562 1724 2618; x_wconf 92' lang='lat' dir='ltr'><strong>illa</strong></span> <span class='ocrx_word' id='word_1_346' title='bbox 1761 2577 1866 2618; x_wconf 88' lang='lat' dir='ltr'><strong>non</strong></span> <span class='ocrx_word' id='word_1_347' title='bbox 1901 2563 2110 2630; x_wconf 89' lang='lat' dir='ltr'><strong>detulit,</strong></span> 
     </span>
    </p>
   </div>
   <div class='ocr_carea' id='block_1_38' title="bbox 535 2651 2114 2724">
    <p class='ocr_par' dir='ltr' id='par_1_38' title="bbox 535 2651 2114 2724">
     <span class='ocr_line' id='line_1_38' title="bbox 535 2651 2114 2724; baseline 0.004 -19"><span class='ocrx_word' id='word_1_348' title='bbox 535 2665 634 2722; x_wconf 89' lang='lat' dir='ltr'><strong>per</strong></span> <span class='ocrx_word' id='word_1_349' title='bbox 673 2651 1106 2707; x_wconf 88' lang='lat' dir='ltr'><strong>communionem</strong></span> <span class='ocrx_word' id='word_1_350' title='bbox 1156 2651 1344 2724; x_wconf 72' lang='lat' dir='ltr'><strong>gratia:</strong></span> <span class='ocrx_word' id='word_1_351' title='bbox 1386 2652 1490 2709; x_wconf 89' lang='lat' dir='ltr'><strong>sibi</strong></span> <span class='ocrx_word' id='word_1_352' title='bbox 1531 2653 1690 2710; x_wconf 90' lang='lat' dir='ltr'><strong>simul</strong></span> <span class='ocrx_word' id='word_1_353' title='bbox 1734 2655 1897 2711; x_wconf 90' lang='lat' dir='ltr'><strong>etiam</strong></span> <span class='ocrx_word' id='word_1_354' title='bbox 1929 2656 2114 2711; x_wconf 76' lang='lat' dir='ltr'><strong>divisa:</strong></span> 
     </span>
    </p>
   </div>
   <div class='ocr_carea' id='block_1_39' title="bbox 536 2741 2111 2816">
    <p class='ocr_par' dir='ltr' id='par_1_39' title="bbox 536 2741 2111 2816">
     <span class='ocr_line' id='line_1_39' title="bbox 536 2741 2111 2816; baseline 0.003 -22"><span class='ocrx_word' id='word_1_355' title='bbox 536 2753 693 2797; x_wconf 72' lang='lat' dir='ltr'><strong>terra:</strong></span> <span class='ocrx_word' id='word_1_356' title='bbox 717 2741 1017 2810; x_wconf 67' lang='lat' dir='ltr'><strong>conjuncta:</strong></span> <span class='ocrx_word' id='word_1_357' title='bbox 1039 2742 1166 2798; x_wconf 90' lang='lat' dir='ltr'><strong>sint.</strong></span> <span class='ocrx_word' id='word_1_358' title='bbox 1201 2741 1354 2799; x_wconf 87' lang='lat' dir='ltr'><strong>Sicut</strong></span> <span class='ocrx_word' id='word_1_359' title='bbox 1383 2757 1511 2816; x_wconf 91' lang='lat' dir='ltr'><strong>ergo</strong></span> <span class='ocrx_word' id='word_1_360' title='bbox 1546 2744 1795 2816; x_wconf 91' lang='lat' dir='ltr'><strong>regiones</strong></span> <span class='ocrx_word' id='word_1_361' title='bbox 1823 2754 2111 2812; x_wconf 87' lang='lat' dir='ltr'><strong>terrarum,</strong></span> 
     </span>
    </p>
   </div>
   <div class='ocr_carea' id='block_1_40' title="bbox 536 2833 2110 2905">
    <p class='ocr_par' dir='ltr' id='par_1_40' title="bbox 536 2833 2110 2905">
     <span class='ocr_line' id='line_1_40' title="bbox 536 2833 2110 2905; baseline 0.004 -19"><span class='ocrx_word' id='word_1_362' title='bbox 536 2833 608 2886; x_wconf 89' lang='lat' dir='ltr'><strong>ita</strong></span> <span class='ocrx_word' id='word_1_363' title='bbox 634 2840 762 2888; x_wconf 90' lang='lat' dir='ltr'><strong>sunt</strong></span> <span class='ocrx_word' id='word_1_364' title='bbox 791 2843 998 2889; x_wconf 87' lang='lat' dir='ltr'><strong>mentes</strong></span> <span class='ocrx_word' id='word_1_365' title='bbox 1027 2842 1336 2890; x_wconf 90' lang='lat' dir='ltr'><strong>sanctorum</strong></span> <span class='ocrx_word' id='word_1_366' title='bbox 1362 2875 1377 2901; x_wconf 95' lang='lat'><strong>,</strong></span> <span class='ocrx_word' id='word_1_367' title='bbox 1421 2850 1542 2905; x_wconf 76' lang='lat' dir='ltr'><strong>quae</strong></span> <span class='ocrx_word' id='word_1_368' title='bbox 1569 2836 1697 2890; x_wconf 90' lang='lat' dir='ltr'><strong>dum</strong></span> <span class='ocrx_word' id='word_1_369' title='bbox 1737 2837 1979 2892; x_wconf 82' lang='lat' dir='ltr'><strong>vicissim</strong></span> <span class='ocrx_word' id='word_1_370' title='bbox 2008 2836 2110 2893; x_wconf 89' lang='lat' dir='ltr'><strong>sibi</strong></span> 
     </span>
    </p>
   </div>
   <div class='ocr_carea' id='block_1_41' title="bbox 533 2921 2112 2994">
    <p class='ocr_par' dir='ltr' id='par_1_41' title="bbox 533 2921 2112 2994">
     <span class='ocr_line' id='line_1_41' title="bbox 533 2921 2112 2994; baseline 0.004 -16"><span class='ocrx_word' id='word_1_371' title='bbox 533 2921 817 2980; x_wconf 74' lang='lat' dir='ltr'><strong>contemni</strong></span> <span class='ocrx_word' id='word_1_372' title='bbox 852 2925 993 2994; x_wconf 89' lang='lat' dir='ltr'><strong>quod</strong></span> <span class='ocrx_word' id='word_1_373' title='bbox 1035 2932 1381 2994; x_wconf 89' lang='lat' dir='ltr'><strong>acceperunt,</strong></span> <span class='ocrx_word' id='word_1_374' title='bbox 1413 2925 1570 2994; x_wconf 89' lang='lat' dir='ltr'><strong>quasi</strong></span> <span class='ocrx_word' id='word_1_375' title='bbox 1616 2924 1825 2984; x_wconf 88' lang='lat' dir='ltr'><strong>fructus</strong></span> <span class='ocrx_word' id='word_1_376' title='bbox 1847 2943 1975 2984; x_wconf 91' lang='lat' dir='ltr'><strong>suos</strong></span> <span class='ocrx_word' id='word_1_377' title='bbox 2021 2943 2112 2984; x_wconf 83' lang='lat' dir='ltr'><strong>re-</strong></span> 
     </span>
    </p>
   </div>
   <div class='ocr_carea' id='block_1_42' title="bbox 534 3013 2110 3086">
    <p class='ocr_par' dir='ltr' id='par_1_42' title="bbox 534 3013 2110 3086">
     <span class='ocr_line' id='line_1_42' title="bbox 534 3013 2110 3086; baseline 0.005 -20"><span class='ocrx_word' id='word_1_378' title='bbox 534 3013 722 3084; x_wconf 90' lang='lat' dir='ltr'><strong>giones</strong></span> <span class='ocrx_word' id='word_1_379' title='bbox 751 3013 1056 3084; x_wconf 79' lang='lat' dir='ltr'><strong>regionibus</strong></span> <span class='ocrx_word' id='word_1_380' title='bbox 1087 3014 1416 3086; x_wconf 89' lang='lat' dir='ltr'><strong>impendunt,</strong></span> <span class='ocrx_word' id='word_1_381' title='bbox 1460 3024 1520 3071; x_wconf 83' lang='lat' dir='ltr'><strong>ut</strong></span> <span class='ocrx_word' id='word_1_382' title='bbox 1547 3016 1602 3073; x_wconf 91' lang='lat' dir='ltr'><strong>in</strong></span> <span class='ocrx_word' id='word_1_383' title='bbox 1633 3034 1739 3072; x_wconf 90' lang='lat' dir='ltr'><strong>una</strong></span> <span class='ocrx_word' id='word_1_384' title='bbox 1766 3035 1956 3075; x_wconf 89' lang='lat' dir='ltr'><strong>omnes</strong></span> <span class='ocrx_word' id='word_1_385' title='bbox 1979 3021 2110 3077; x_wconf 89' lang='lat' dir='ltr'><strong>cha-</strong></span> 
     </span>
    </p>
   </div>
   <div class='ocr_carea' id='block_1_43' title="bbox 533 3089 2185 3180">
    <p class='ocr_par' dir='ltr' id='par_1_43' title="bbox 533 3089 2185 3180">
     <span class='ocr_line' id='line_1_43' title="bbox 533 3089 2185 3180; baseline 0.005 -23"><span class='ocrx_word' id='word_1_386' title='bbox 533 3103 696 3158; x_wconf 89' lang='lat' dir='ltr'><strong>ritate</strong></span> <span class='ocrx_word' id='word_1_387' title='bbox 717 3101 1033 3173; x_wconf 77' lang='lat' dir='ltr'><strong>junguntur.</strong></span> <span class='ocrx_word' id='word_1_388' title='bbox 1079 3104 1187 3158; x_wconf 92' lang='lat' dir='ltr'><strong>Sed</strong></span> <span class='ocrx_word' id='word_1_389' title='bbox 1224 3104 1367 3158; x_wconf 90' lang='lat' dir='ltr'><strong>inter</strong></span> <span class='ocrx_word' id='word_1_390' title='bbox 1408 3105 1524 3160; x_wconf 74' lang='lat' dir='ltr'><strong>haec</strong></span> <span class='ocrx_word' id='word_1_391' title='bbox 1551 3107 1828 3163; x_wconf 90' lang='lat' dir='ltr'><strong>sciendum</strong></span> <span class='ocrx_word' id='word_1_392' title='bbox 1853 3117 1955 3174; x_wconf 89' lang='lat' dir='ltr'><strong>est,</strong></span> <span class='ocrx_word' id='word_1_393' title='bbox 1986 3111 2112 3180; x_wconf 88' lang='lat' dir='ltr'><strong>quia</strong></span> <span class='ocrx_word' id='word_1_394' title='bbox 2137 3089 2185 3154; x_wconf 71' lang='grc' dir='ltr'><strong>Ο</strong></span> 
     </span>
    </p>
   </div>
   <div class='ocr_carea' id='block_1_44' title="bbox 535 3193 2116 3266">
    <p class='ocr_par' dir='ltr' id='par_1_44' title="bbox 535 3193 2116 3266">
     <span class='ocr_line' id='line_1_44' title="bbox 535 3193 2116 3266; baseline 0.004 -18"><span class='ocrx_word' id='word_1_395' title='bbox 535 3193 676 3249; x_wconf 88' lang='lat' dir='ltr'><strong>sicut</strong></span> <span class='ocrx_word' id='word_1_396' title='bbox 726 3193 881 3249; x_wconf 89' lang='lat' dir='ltr'><strong>electi</strong></span> <span class='ocrx_word' id='word_1_397' title='bbox 930 3194 1128 3265; x_wconf 90' lang='lat' dir='ltr'><strong>quique</strong></span> <span class='ocrx_word' id='word_1_398' title='bbox 1168 3195 1270 3250; x_wconf 90' lang='lat' dir='ltr'><strong>hoc</strong></span> <span class='ocrx_word' id='word_1_399' title='bbox 1315 3210 1530 3266; x_wconf 84' lang='lat' dir='ltr'><strong>semper</strong></span> <span class='ocrx_word' id='word_1_400' title='bbox 1575 3197 1630 3252; x_wconf 94' lang='lat' dir='ltr'><strong>in</strong></span> <span class='ocrx_word' id='word_1_401' title='bbox 1667 3197 1790 3254; x_wconf 89' lang='lat' dir='ltr'><strong>aliis</strong></span> <span class='ocrx_word' id='word_1_402' title='bbox 1833 3200 2116 3255; x_wconf 90' lang='lat' dir='ltr'><strong>attendunt</strong></span> 
     </span>
    </p>
   </div>
   <div class='ocr_carea' id='block_1_45' title="bbox 536 3283 2117 3359">
    <p class='ocr_par' dir='ltr' id='par_1_45' title="bbox 536 3283 2117 3359">
     <span class='ocr_line' id='line_1_45' title="bbox 536 3283 2117 3359; baseline 0.003 -22"><span class='ocrx_word' id='word_1_403' title='bbox 536 3283 680 3352; x_wconf 92' lang='lat' dir='ltr'><strong>quod</strong></span> <span class='ocrx_word' id='word_1_404' title='bbox 712 3299 743 3337; x_wconf 88' lang='lat' dir='ltr'><strong>a</strong></span> <span class='ocrx_word' id='word_1_405' title='bbox 783 3284 892 3338; x_wconf 89' lang='lat' dir='ltr'><strong>Deo</strong></span> <span class='ocrx_word' id='word_1_406' title='bbox 924 3283 1118 3338; x_wconf 89' lang='lat' dir='ltr'><strong>melius</strong></span> <span class='ocrx_word' id='word_1_407' title='bbox 1162 3294 1488 3355; x_wconf 81' lang='lat' dir='ltr'><strong>acceperunt</strong></span> <span class='ocrx_word' id='word_1_408' title='bbox 1535 3303 1695 3358; x_wconf 90' lang='lat' dir='ltr'><strong>quam</strong></span> <span class='ocrx_word' id='word_1_409' title='bbox 1745 3287 1882 3359; x_wconf 91' lang='lat' dir='ltr'><strong>ipsi,</strong></span> <span class='ocrx_word' id='word_1_410' title='bbox 1928 3296 1988 3342; x_wconf 89' lang='lat' dir='ltr'><strong>ut</strong></span> <span class='ocrx_word' id='word_1_411' title='bbox 2022 3303 2117 3343; x_wconf 89' lang='lat' dir='ltr'><strong>eos</strong></span> 
     </span>
    </p>
   </div>
   <div class='ocr_carea' id='block_1_46' title="bbox 536 3374 2117 3449">
    <p class='ocr_par' dir='ltr' id='par_1_46' title="bbox 536 3374 2117 3449">
     <span class='ocr_line' id='line_1_46' title="bbox 536 3374 2117 3449; baseline 0.001 -19"><span class='ocrx_word' id='word_1_412' title='bbox 536 3376 634 3430; x_wconf 90' lang='lat' dir='ltr'><strong>sibi</strong></span> <span class='ocrx_word' id='word_1_413' title='bbox 662 3375 715 3430; x_wconf 93' lang='lat' dir='ltr'><strong>in</strong></span> <span class='ocrx_word' id='word_1_414' title='bbox 757 3375 1081 3446; x_wconf 88' lang='lat' dir='ltr'><strong>cogitatione</strong></span> <span class='ocrx_word' id='word_1_415' title='bbox 1115 3374 1426 3445; x_wconf 69' lang='lat' dir='ltr'><strong>praeferant,</strong></span> <span class='ocrx_word' id='word_1_416' title='bbox 1476 3392 1642 3449; x_wconf 86' lang='lat' dir='ltr'><strong>seque</strong></span> <span class='ocrx_word' id='word_1_417' title='bbox 1683 3378 1787 3433; x_wconf 91' lang='lat' dir='ltr'><strong>illis</strong></span> <span class='ocrx_word' id='word_1_418' title='bbox 1814 3379 1870 3433; x_wconf 91' lang='lat' dir='ltr'><strong>in</strong></span> <span class='ocrx_word' id='word_1_419' title='bbox 1903 3377 2117 3433; x_wconf 87' lang='lat' dir='ltr'><strong>humili-</strong></span> 
     </span>
    </p>
   </div>
   <div class='ocr_carea' id='block_1_47' title="bbox 535 3467 2118 3540">
    <p class='ocr_par' dir='ltr' id='par_1_47' title="bbox 535 3467 2118 3540">
     <span class='ocr_line' id='line_1_47' title="bbox 535 3467 2118 3540; baseline 0.003 -18"><span class='ocrx_word' id='word_1_420' title='bbox 535 3476 647 3522; x_wconf 85' lang='lat' dir='ltr'><strong>tate</strong></span> <span class='ocrx_word' id='word_1_421' title='bbox 694 3467 1070 3534; x_wconf 77' lang='lat' dir='ltr'><strong>substernunt;</strong></span> <span class='ocrx_word' id='word_1_422' title='bbox 1115 3469 1587 3540; x_wconf 75' lang='lat' dir='ltr'><strong>itareproborum</strong></span> <span class='ocrx_word' id='word_1_423' title='bbox 1641 3486 1793 3527; x_wconf 90' lang='lat' dir='ltr'><strong>mens</strong></span> <span class='ocrx_word' id='word_1_424' title='bbox 1840 3485 2118 3540; x_wconf 88' lang='lat' dir='ltr'><strong>nunquam</strong></span> 
     </span>
    </p>
   </div>
   <div class='ocr_carea' id='block_1_48' title="bbox 537 3559 2113 3632">
    <p class='ocr_par' dir='ltr' id='par_1_48' title="bbox 537 3559 2113 3632">
     <span class='ocr_line' id='line_1_48' title="bbox 537 3559 2113 3632; baseline 0.001 -17"><span class='ocrx_word' id='word_1_425' title='bbox 537 3559 884 3624; x_wconf 88' lang='lat' dir='ltr'><strong>considerat,</strong></span> <span class='ocrx_word' id='word_1_426' title='bbox 942 3559 1072 3629; x_wconf 88' lang='lat' dir='ltr'><strong>quid</strong></span> <span class='ocrx_word' id='word_1_427' title='bbox 1117 3559 1256 3615; x_wconf 88' lang='lat' dir='ltr'><strong>alter</strong></span> <span class='ocrx_word' id='word_1_428' title='bbox 1306 3559 1432 3616; x_wconf 91' lang='lat' dir='ltr'><strong>boni</strong></span> <span class='ocrx_word' id='word_1_429' title='bbox 1470 3559 1938 3630; x_wconf 42' lang='lat' dir='ltr'><strong>amplius,‘qnam</strong></span> <span class='ocrx_word' id='word_1_430' title='bbox 1977 3561 2113 3632; x_wconf 87' lang='lat' dir='ltr'><strong>ipse,</strong></span> 
     </span>
    </p>
   </div>
   <div class='ocr_carea' id='block_1_49' title="bbox 537 3650 2118 3722">
    <p class='ocr_par' dir='ltr' id='par_1_49' title="bbox 537 3650 2118 3722">
     <span class='ocr_line' id='line_1_49' title="bbox 537 3650 2118 3722; baseline 0 -15"><span class='ocrx_word' id='word_1_431' title='bbox 537 3652 634 3707; x_wconf 88' lang='lat' dir='ltr'><strong>sed</strong></span> <span class='ocrx_word' id='word_1_432' title='bbox 666 3651 798 3722; x_wconf 89' lang='lat' dir='ltr'><strong>quid</strong></span> <span class='ocrx_word' id='word_1_433' title='bbox 846 3651 968 3707; x_wconf 91' lang='lat' dir='ltr'><strong>boni</strong></span> <span class='ocrx_word' id='word_1_434' title='bbox 997 3651 1110 3722; x_wconf 87' lang='lat' dir='ltr'><strong>ipse</strong></span> <span class='ocrx_word' id='word_1_435' title='bbox 1138 3650 1368 3720; x_wconf 88' lang='lat' dir='ltr'><strong>amplius</strong></span> <span class='ocrx_word' id='word_1_436' title='bbox 1403 3667 1562 3720; x_wconf 87' lang='lat' dir='ltr'><strong>quam</strong></span> <span class='ocrx_word' id='word_1_437' title='bbox 1593 3652 1729 3706; x_wconf 87' lang='lat' dir='ltr'><strong>alter</strong></span> <span class='ocrx_word' id='word_1_438' title='bbox 1764 3651 1992 3718; x_wconf 88' lang='lat' dir='ltr'><strong>habeat;</strong></span> <span class='ocrx_word' id='word_1_439' title='bbox 2024 3669 2118 3708; x_wconf 90' lang='lat' dir='ltr'><strong>ne-</strong></span> 
     </span>
    </p>
   </div>
   <div class='ocr_carea' id='block_1_50' title="bbox 536 3741 2118 3816">
    <p class='ocr_par' dir='ltr' id='par_1_50' title="bbox 536 3741 2118 3816">
     <span class='ocr_line' id='line_1_50' title="bbox 536 3741 2118 3816; baseline 0.003 -21"><span class='ocrx_word' id='word_1_440' title='bbox 536 3757 642 3814; x_wconf 87' lang='lat' dir='ltr'><strong>que</strong></span> <span class='ocrx_word' id='word_1_441' title='bbox 668 3751 918 3813; x_wconf 89' lang='lat' dir='ltr'><strong>pensant,</strong></span> <span class='ocrx_word' id='word_1_442' title='bbox 966 3757 1084 3812; x_wconf 68' lang='lat' dir='ltr'><strong>quae</strong></span> <span class='ocrx_word' id='word_1_443' title='bbox 1123 3743 1264 3798; x_wconf 88' lang='lat' dir='ltr'><strong>bona</strong></span> <span class='ocrx_word' id='word_1_444' title='bbox 1303 3741 1524 3811; x_wconf 87' lang='lat' dir='ltr'><strong>spiritus</strong></span> <span class='ocrx_word' id='word_1_445' title='bbox 1570 3743 1709 3798; x_wconf 88' lang='lat' dir='ltr'><strong>alter</strong></span> <span class='ocrx_word' id='word_1_446' title='bbox 1748 3744 2037 3816; x_wconf 88' lang='lat' dir='ltr'><strong>acceperit,</strong></span> <span class='ocrx_word' id='word_1_447' title='bbox 2063 3754 2118 3802; x_wconf 89' lang='lat' dir='ltr'><strong>et</strong></span> 
     </span>
    </p>
   </div>
   <div class='ocr_carea' id='block_1_51' title="bbox 538 3835 2118 3909">
    <p class='ocr_par' dir='ltr' id='par_1_51' title="bbox 538 3835 2118 3909">
     <span class='ocr_line' id='line_1_51' title="bbox 538 3835 2118 3909; baseline -0.001 -17"><span class='ocrx_word' id='word_1_448' title='bbox 538 3838 669 3909; x_wconf 90' lang='lat' dir='ltr'><strong>ipsis</strong></span> <span class='ocrx_word' id='word_1_449' title='bbox 692 3837 903 3903; x_wconf 76' lang='lat' dir='ltr'><strong>desint;</strong></span> <span class='ocrx_word' id='word_1_450' title='bbox 924 3837 1018 3892; x_wconf 90' lang='lat' dir='ltr'><strong>sed</strong></span> <span class='ocrx_word' id='word_1_451' title='bbox 1047 3851 1164 3907; x_wconf 83' lang='lat' dir='ltr'><strong>quae</strong></span> <span class='ocrx_word' id='word_1_452' title='bbox 1197 3837 1338 3892; x_wconf 90' lang='lat' dir='ltr'><strong>bona</strong></span> <span class='ocrx_word' id='word_1_453' title='bbox 1376 3835 1505 3906; x_wconf 90' lang='lat' dir='ltr'><strong>ipsis</strong></span> <span class='ocrx_word' id='word_1_454' title='bbox 1529 3844 1585 3892; x_wconf 90' lang='lat' dir='ltr'><strong>et</strong></span> <span class='ocrx_word' id='word_1_455' title='bbox 1611 3852 1731 3908; x_wconf 69' lang='lat' dir='ltr'><strong>quae</strong></span> <span class='ocrx_word' id='word_1_456' title='bbox 1768 3838 1908 3893; x_wconf 91' lang='lat' dir='ltr'><strong>mala</strong></span> <span class='ocrx_word' id='word_1_457' title='bbox 1939 3837 2118 3892; x_wconf 88' lang='lat' dir='ltr'><strong>adsint</strong></span> 
     </span>
    </p>
   </div>
   <div class='ocr_carea' id='block_1_52' title="bbox 537 3927 2118 3999">
    <p class='ocr_par' dir='ltr' id='par_1_52' title="bbox 537 3927 2118 3999">
     <span class='ocr_line' id='line_1_52' title="bbox 537 3927 2118 3999; baseline -0.001 -14"><span class='ocrx_word' id='word_1_458' title='bbox 537 3930 756 3995; x_wconf 85' lang='lat' dir='ltr'><strong>alteris;</strong></span> <span class='ocrx_word' id='word_1_459' title='bbox 802 3938 858 3984; x_wconf 92' lang='lat' dir='ltr'><strong>et</strong></span> <span class='ocrx_word' id='word_1_460' title='bbox 899 3943 1022 3983; x_wconf 90' lang='lat' dir='ltr'><strong>cum</strong></span> <span class='ocrx_word' id='word_1_461' title='bbox 1063 3927 1404 3997; x_wconf 89' lang='lat' dir='ltr'><strong>omnipotens</strong></span> <span class='ocrx_word' id='word_1_462' title='bbox 1431 3927 1572 3982; x_wconf 90' lang='lat' dir='ltr'><strong>Deus</strong></span> <span class='ocrx_word' id='word_1_463' title='bbox 1622 3927 1690 3983; x_wconf 91' lang='lat' dir='ltr'><strong>ad</strong></span> <span class='ocrx_word' id='word_1_464' title='bbox 1742 3928 1847 3984; x_wconf 91' lang='lat' dir='ltr'><strong>hoc</strong></span> <span class='ocrx_word' id='word_1_465' title='bbox 1895 3927 2118 3999; x_wconf 87' lang='lat' dir='ltr'><strong>singulis</strong></span> 
     </span>
    </p>
   </div>
   <div class='ocr_carea' id='block_1_53' title="bbox 537 4017 2118 4091">
    <p class='ocr_par' dir='ltr' id='par_1_53' title="bbox 537 4017 2118 4091">
     <span class='ocr_line' id='line_1_53' title="bbox 537 4017 2118 4091; baseline 0.004 -20"><span class='ocrx_word' id='word_1_466' title='bbox 537 4019 768 4075; x_wconf 82' lang='lat' dir='ltr'><strong>virtutes</strong></span> <span class='ocrx_word' id='word_1_467' title='bbox 813 4017 1049 4081; x_wconf 86' lang='lat' dir='ltr'><strong>dividat,</strong></span> <span class='ocrx_word' id='word_1_468' title='bbox 1103 4026 1163 4072; x_wconf 91' lang='lat' dir='ltr'><strong>ut</strong></span> <span class='ocrx_word' id='word_1_469' title='bbox 1207 4017 1437 4072; x_wconf 89' lang='lat' dir='ltr'><strong>alterum</strong></span> <span class='ocrx_word' id='word_1_470' title='bbox 1484 4017 1642 4074; x_wconf 89' lang='lat' dir='ltr'><strong>alteri</strong></span> <span class='ocrx_word' id='word_1_471' title='bbox 1690 4018 1745 4073; x_wconf 91' lang='lat' dir='ltr'><strong>in</strong></span> <span class='ocrx_word' id='word_1_472' title='bbox 1793 4019 2118 4091; x_wconf 88' lang='lat' dir='ltr'><strong>cogitatione</strong></span> 
     </span>
    </p>
   </div>
   <div class='ocr_carea' id='block_1_54' title="bbox 538 4109 2118 4182">
    <p class='ocr_par' dir='ltr' id='par_1_54' title="bbox 538 4109 2118 4182">
     <span class='ocr_line' id='line_1_54' title="bbox 538 4109 2118 4182; baseline 0.001 -16"><span class='ocrx_word' id='word_1_473' title='bbox 538 4111 807 4177; x_wconf 91' lang='lat' dir='ltr'><strong>humiliet,</strong></span> <span class='ocrx_word' id='word_1_474' title='bbox 857 4109 925 4165; x_wconf 91' lang='lat' dir='ltr'><strong>ad</strong></span> <span class='ocrx_word' id='word_1_475' title='bbox 970 4109 1072 4166; x_wconf 84' lang='lat' dir='ltr'><strong>hoc</strong></span> <span class='ocrx_word' id='word_1_476' title='bbox 1113 4109 1329 4179; x_wconf 89' lang='lat' dir='ltr'><strong>reprobi</strong></span> <span class='ocrx_word' id='word_1_477' title='bbox 1374 4110 1697 4178; x_wconf 85' lang='lat' dir='ltr'><strong>pertrahunt</strong></span> <span class='ocrx_word' id='word_1_478' title='bbox 1741 4109 1942 4166; x_wconf 90' lang='lat' dir='ltr'><strong>bonum</strong></span> <span class='ocrx_word' id='word_1_479' title='bbox 1974 4111 2118 4182; x_wconf 90' lang='lat' dir='ltr'><strong>quod</strong></span> 
     </span>
    </p>
   </div>
   <div class='ocr_carea' id='block_1_55' title="bbox 539 4197 2117 4269">
    <p class='ocr_par' dir='ltr' id='par_1_55' title="bbox 539 4197 2117 4269">
     <span class='ocr_line' id='line_1_55' title="bbox 539 4197 2117 4269; baseline 0.002 -17"><span class='ocrx_word' id='word_1_480' title='bbox 539 4206 892 4268; x_wconf 86' lang='lat' dir='ltr'><strong>acceperunt,</strong></span> <span class='ocrx_word' id='word_1_481' title='bbox 940 4206 1001 4251; x_wconf 89' lang='lat' dir='ltr'><strong>ut</strong></span> <span class='ocrx_word' id='word_1_482' title='bbox 1039 4213 1105 4252; x_wconf 82' lang='lat' dir='ltr'><strong>ex</strong></span> <span class='ocrx_word' id='word_1_483' title='bbox 1153 4212 1219 4251; x_wconf 92' lang='lat' dir='ltr'><strong>eo</strong></span> <span class='ocrx_word' id='word_1_484' title='bbox 1257 4197 1312 4251; x_wconf 95' lang='lat' dir='ltr'><strong>in</strong></span> <span class='ocrx_word' id='word_1_485' title='bbox 1353 4197 1584 4254; x_wconf 86' lang='lat' dir='ltr'><strong>elatione</strong></span> <span class='ocrx_word' id='word_1_486' title='bbox 1625 4198 1942 4269; x_wconf 89' lang='lat' dir='ltr'><strong>perdantur,</strong></span> <span class='ocrx_word' id='word_1_487' title='bbox 1990 4201 2117 4256; x_wconf 89' lang='lat' dir='ltr'><strong>dum</strong></span> 
     </span>
    </p>
   </div>
   <div class='ocr_carea' id='block_1_56' title="bbox 537 4285 2117 4358">
    <p class='ocr_par' dir='ltr' id='par_1_56' title="bbox 537 4285 2117 4358">
     <span class='ocr_line' id='line_1_56' title="bbox 537 4285 2117 4358; baseline 0.002 -16"><span class='ocrx_word' id='word_1_488' title='bbox 537 4301 750 4356; x_wconf 88' lang='lat' dir='ltr'><strong>semper</strong></span> <span class='ocrx_word' id='word_1_489' title='bbox 796 4285 1143 4341; x_wconf 88' lang='lat' dir='ltr'><strong>considerant</strong></span> <span class='ocrx_word' id='word_1_490' title='bbox 1193 4287 1334 4342; x_wconf 90' lang='lat' dir='ltr'><strong>bona</strong></span> <span class='ocrx_word' id='word_1_491' title='bbox 1376 4303 1494 4357; x_wconf 81' lang='lat' dir='ltr'><strong>quae</strong></span> <span class='ocrx_word' id='word_1_492' title='bbox 1546 4288 1647 4358; x_wconf 90' lang='lat' dir='ltr'><strong>ipsi</strong></span> <span class='ocrx_word' id='word_1_493' title='bbox 1688 4289 1890 4345; x_wconf 88' lang='lat' dir='ltr'><strong>habent</strong></span> <span class='ocrx_word' id='word_1_494' title='bbox 1934 4298 1990 4345; x_wconf 92' lang='lat' dir='ltr'><strong>et</strong></span> <span class='ocrx_word' id='word_1_495' title='bbox 2027 4291 2117 4346; x_wconf 91' lang='lat' dir='ltr'><strong>alii</strong></span> 
     </span>
    </p>
   </div>
   <div class='ocr_carea' id='block_1_57' title="bbox 537 4377 2118 4453">
    <p class='ocr_par' dir='ltr' id='par_1_57' title="bbox 537 4377 2118 4453">
     <span class='ocr_line' id='line_1_57' title="bbox 537 4377 2118 4453; baseline 0.003 -21"><span class='ocrx_word' id='word_1_496' title='bbox 537 4394 644 4432; x_wconf 90' lang='lat' dir='ltr'><strong>non</strong></span> <span class='ocrx_word' id='word_1_497' title='bbox 674 4377 892 4441; x_wconf 88' lang='lat' dir='ltr'><strong>habent,</strong></span> <span class='ocrx_word' id='word_1_498' title='bbox 920 4385 974 4430; x_wconf 90' lang='lat' dir='ltr'><strong>et</strong></span> <span class='ocrx_word' id='word_1_499' title='bbox 995 4393 1268 4449; x_wconf 91' lang='lat' dir='ltr'><strong>nunquam</strong></span> <span class='ocrx_word' id='word_1_500' title='bbox 1299 4379 1630 4449; x_wconf 90' lang='lat' dir='ltr'><strong>perpendere</strong></span> <span class='ocrx_word' id='word_1_501' title='bbox 1659 4381 1878 4436; x_wconf 88' lang='lat' dir='ltr'><strong>student</strong></span> <span class='ocrx_word' id='word_1_502' title='bbox 1918 4390 2118 4453; x_wconf 88' lang='lat' dir='ltr'><strong>quanta</strong></span> 
     </span>
    </p>
   </div>
   <div class='ocr_carea' id='block_1_58' title="bbox 535 4465 2117 4543">
    <p class='ocr_par' dir='ltr' id='par_1_58' title="bbox 535 4465 2117 4543">
     <span class='ocr_line' id='line_1_58' title="bbox 535 4465 2117 4543; baseline 0.005 -23"><span class='ocrx_word' id='word_1_503' title='bbox 535 4467 677 4520; x_wconf 85' lang='lat' dir='ltr'><strong>bona</strong></span> <span class='ocrx_word' id='word_1_504' title='bbox 719 4465 810 4522; x_wconf 89' lang='lat' dir='ltr'><strong>alii</strong></span> <span class='ocrx_word' id='word_1_505' title='bbox 859 4466 1080 4534; x_wconf 84' lang='lat' dir='ltr'><strong>habent,</strong></span> <span class='ocrx_word' id='word_1_506' title='bbox 1121 4476 1176 4522; x_wconf 91' lang='lat' dir='ltr'><strong>et</strong></span> <span class='ocrx_word' id='word_1_507' title='bbox 1211 4468 1312 4538; x_wconf 91' lang='lat' dir='ltr'><strong>ipsi</strong></span> <span class='ocrx_word' id='word_1_508' title='bbox 1356 4485 1462 4523; x_wconf 93' lang='lat' dir='ltr'><strong>non</strong></span> <span class='ocrx_word' id='word_1_509' title='bbox 1502 4468 1722 4526; x_wconf 89' lang='lat' dir='ltr'><strong>habent.</strong></span> <span class='ocrx_word' id='word_1_510' title='bbox 1776 4471 1931 4538; x_wconf 87' lang='lat' dir='ltr'><strong>Quod</strong></span> <span class='ocrx_word' id='word_1_511' title='bbox 1989 4487 2117 4543; x_wconf 89' lang='lat' dir='ltr'><strong>ergo</strong></span> 
     </span>
    </p>
   </div>
   <div class='ocr_carea' id='block_1_59' title="bbox 535 4554 2117 4628">
    <p class='ocr_par' dir='ltr' id='par_1_59' title="bbox 535 4554 2117 4628">
     <span class='ocr_line' id='line_1_59' title="bbox 535 4554 2117 4628; baseline 0.004 -18"><span class='ocrx_word' id='word_1_512' title='bbox 535 4554 721 4610; x_wconf 89' lang='lat' dir='ltr'><strong>divina</strong></span> <span class='ocrx_word' id='word_1_513' title='bbox 743 4555 915 4626; x_wconf 89' lang='lat' dir='ltr'><strong>pietas</strong></span> <span class='ocrx_word' id='word_1_514' title='bbox 937 4555 990 4609; x_wconf 91' lang='lat' dir='ltr'><strong>in</strong></span> <span class='ocrx_word' id='word_1_515' title='bbox 1016 4565 1358 4628; x_wconf 87' lang='lat' dir='ltr'><strong>augmentum</strong></span> <span class='ocrx_word' id='word_1_516' title='bbox 1387 4557 1618 4628; x_wconf 90' lang='lat' dir='ltr'><strong>disponit</strong></span> <span class='ocrx_word' id='word_1_517' title='bbox 1643 4560 1986 4625; x_wconf 89' lang='lat' dir='ltr'><strong>humilitatis,</strong></span> <span class='ocrx_word' id='word_1_518' title='bbox 2015 4561 2117 4617; x_wconf 90' lang='lat' dir='ltr'><strong>hoc</strong></span> 
     </span>
    </p>
   </div>
   <div class='ocr_carea' id='block_1_60' title="bbox 539 4645 2118 4718">
    <p class='ocr_par' dir='ltr' id='par_1_60' title="bbox 539 4645 2118 4718">
     <span class='ocr_line' id='line_1_60' title="bbox 539 4645 2118 4718; baseline 0.005 -17"><span class='ocrx_word' id='word_1_519' title='bbox 539 4653 755 4701; x_wconf 88' lang='lat' dir='ltr'><strong>mentes</strong></span> <span class='ocrx_word' id='word_1_520' title='bbox 773 4645 1018 4716; x_wconf 77' lang='lat' dir='ltr'><strong>reprobze</strong></span> <span class='ocrx_word' id='word_1_521' title='bbox 1056 4645 1109 4698; x_wconf 92' lang='lat' dir='ltr'><strong>in</strong></span> <span class='ocrx_word' id='word_1_522' title='bbox 1139 4655 1483 4717; x_wconf 89' lang='lat' dir='ltr'><strong>augmentum</strong></span> <span class='ocrx_word' id='word_1_523' title='bbox 1513 4658 1729 4705; x_wconf 88' lang='lat' dir='ltr'><strong>vertunt</strong></span> <span class='ocrx_word' id='word_1_524' title='bbox 1757 4651 2025 4718; x_wconf 89' lang='lat' dir='ltr'><strong>elationis,</strong></span> <span class='ocrx_word' id='word_1_525' title='bbox 2061 4661 2118 4709; x_wconf 89' lang='lat' dir='ltr'><strong>et</strong></span> 
     </span>
    </p>
   </div>
   <div class='ocr_carea' id='block_1_61' title="bbox 539 4736 2118 4808">
    <p class='ocr_par' dir='ltr' id='par_1_61' title="bbox 539 4736 2118 4808">
     <span class='ocr_line' id='line_1_61' title="bbox 539 4736 2118 4808; baseline 0.004 -16"><span class='ocrx_word' id='word_1_526' title='bbox 539 4751 609 4792; x_wconf 77' lang='lat' dir='ltr'><strong>ex</strong></span> <span class='ocrx_word' id='word_1_527' title='bbox 655 4736 968 4793; x_wconf 83' lang='lat' dir='ltr'><strong>diversitate</strong></span> <span class='ocrx_word' id='word_1_528' title='bbox 1018 4751 1303 4791; x_wconf 88' lang='lat' dir='ltr'><strong>munerum</strong></span> <span class='ocrx_word' id='word_1_529' title='bbox 1351 4752 1383 4791; x_wconf 90' lang='lat' dir='ltr'><strong>a</strong></span> <span class='ocrx_word' id='word_1_530' title='bbox 1432 4738 1572 4794; x_wconf 92' lang='lat' dir='ltr'><strong>bono</strong></span> <span class='ocrx_word' id='word_1_531' title='bbox 1626 4739 1919 4808; x_wconf 82' lang='lat' dir='ltr'><strong>deficiunt,</strong></span> <span class='ocrx_word' id='word_1_532' title='bbox 1975 4743 2118 4798; x_wconf 85' lang='lat' dir='ltr'><strong>unde</strong></span> 
     </span>
    </p>
   </div>
   <div class='ocr_carea' id='block_1_62' title="bbox 541 4827 2117 4901">
    <p class='ocr_par' dir='ltr' id='par_1_62' title="bbox 541 4827 2117 4901">
     <span class='ocr_line' id='line_1_62' title="bbox 541 4827 2117 4901; baseline 0.001 -15"><span class='ocrx_word' id='word_1_533' title='bbox 541 4842 792 4888; x_wconf 88' lang='lat' dir='ltr'><strong>crescere</strong></span> <span class='ocrx_word' id='word_1_534' title='bbox 829 4828 884 4882; x_wconf 92' lang='lat' dir='ltr'><strong>in</strong></span> <span class='ocrx_word' id='word_1_535' title='bbox 920 4827 1240 4883; x_wconf 77' lang='lat' dir='ltr'><strong>humilitatis</strong></span> <span class='ocrx_word' id='word_1_536' title='bbox 1280 4828 1423 4884; x_wconf 90' lang='lat' dir='ltr'><strong>bono</strong></span> <span class='ocrx_word' id='word_1_537' title='bbox 1463 4829 1778 4885; x_wconf 89' lang='lat' dir='ltr'><strong>debuerunt.</strong></span> <span class='ocrx_word' id='word_1_538' title='bbox 1826 4829 2117 4901; x_wconf 87' lang='lat' dir='ltr'><strong>Propterea</strong></span> 
     </span>
    </p>
   </div>
   <div class='ocr_carea' id='block_1_63' title="bbox 543 4917 2123 4990">
    <p class='ocr_par' dir='ltr' id='par_1_63' title="bbox 543 4917 2123 4990">
     <span class='ocr_line' id='line_1_63' title="bbox 543 4917 2123 4990; baseline 0.002 -13"><span class='ocrx_word' id='word_1_539' title='bbox 543 4935 672 4990; x_wconf 80' lang='lat' dir='ltr'><strong>ergo</strong></span> <span class='ocrx_word' id='word_1_540' title='bbox 699 4933 916 4974; x_wconf 89' lang='lat' dir='ltr'><strong>necesse</strong></span> <span class='ocrx_word' id='word_1_541' title='bbox 955 4927 1058 4984; x_wconf 89' lang='lat' dir='ltr'><strong>est,</strong></span> <span class='ocrx_word' id='word_1_542' title='bbox 1091 4917 1285 4974; x_wconf 82' lang='lat' dir='ltr'><strong>fratres</strong></span> <span class='ocrx_word' id='word_1_543' title='bbox 1306 4919 1636 4986; x_wconf 90' lang='lat' dir='ltr'><strong>cbarissimi,</strong></span> <span class='ocrx_word' id='word_1_544' title='bbox 1661 4930 1721 4975; x_wconf 91' lang='lat' dir='ltr'><strong>ut</strong></span> <span class='ocrx_word' id='word_1_545' title='bbox 1754 4921 1810 4976; x_wconf 88' lang='lat' dir='ltr'><strong>in</strong></span> <span class='ocrx_word' id='word_1_546' title='bbox 1839 4922 1992 4979; x_wconf 87' lang='lat' dir='ltr'><strong>vobis</strong></span> <span class='ocrx_word' id='word_1_547' title='bbox 2018 4923 2123 4980; x_wconf 90' lang='lat' dir='ltr'><strong>hoc</strong></span> 
     </span>
    </p>
   </div>
   <div class='ocr_carea' id='block_1_64' title="bbox 544 5009 2122 5081">
    <p class='ocr_par' dir='ltr' id='par_1_64' title="bbox 544 5009 2122 5081">
     <span class='ocr_line' id='line_1_64' title="bbox 544 5009 2122 5081; baseline 0.001 -14"><span class='ocrx_word' id='word_1_548' title='bbox 544 5025 758 5081; x_wconf 84' lang='lat' dir='ltr'><strong>semper</strong></span> <span class='ocrx_word' id='word_1_549' title='bbox 799 5009 1038 5066; x_wconf 87' lang='lat' dir='ltr'><strong>debeatis</strong></span> <span class='ocrx_word' id='word_1_550' title='bbox 1075 5009 1320 5079; x_wconf 89' lang='lat' dir='ltr'><strong>aspicere</strong></span> <span class='ocrx_word' id='word_1_551' title='bbox 1361 5010 1505 5080; x_wconf 92' lang='lat' dir='ltr'><strong>quod</strong></span> <span class='ocrx_word' id='word_1_552' title='bbox 1549 5011 1728 5067; x_wconf 88' lang='lat' dir='ltr'><strong>minus</strong></span> <span class='ocrx_word' id='word_1_553' title='bbox 1776 5011 2020 5079; x_wconf 89' lang='lat' dir='ltr'><strong>habetis;</strong></span> <span class='ocrx_word' id='word_1_554' title='bbox 2064 5014 2122 5069; x_wconf 90' lang='lat' dir='ltr'><strong>in</strong></span> 
     </span>
    </p>
   </div>
   <div class='ocr_carea' id='block_1_65' title="bbox 543 5097 2124 5173">
    <p class='ocr_par' dir='ltr' id='par_1_65' title="bbox 543 5097 2124 5173">
     <span class='ocr_line' id='line_1_65' title="bbox 543 5097 2124 5173; baseline 0.001 -18"><span class='ocrx_word' id='word_1_555' title='bbox 543 5099 810 5173; x_wconf 82' lang='lat' dir='ltr'><strong>proximis</strong></span> <span class='ocrx_word' id='word_1_556' title='bbox 843 5113 974 5154; x_wconf 86' lang='lat' dir='ltr'><strong>vero</strong></span> <span class='ocrx_word' id='word_1_557' title='bbox 1000 5099 1142 5168; x_wconf 88' lang='lat' dir='ltr'><strong>quod</strong></span> <span class='ocrx_word' id='word_1_558' title='bbox 1166 5098 1320 5154; x_wconf 89' lang='lat' dir='ltr'><strong>vobis</strong></span> <span class='ocrx_word' id='word_1_559' title='bbox 1352 5097 1580 5169; x_wconf 87' lang='lat' dir='ltr'><strong>amplius</strong></span> <span class='ocrx_word' id='word_1_560' title='bbox 1615 5109 1959 5168; x_wconf 89' lang='lat' dir='ltr'><strong>acceperunt,</strong></span> <span class='ocrx_word' id='word_1_561' title='bbox 1991 5115 2124 5170; x_wconf 89' lang='lat' dir='ltr'><strong>qua-</strong></span> 
     </span>
    </p>
   </div>
   <div class='ocr_carea' id='block_1_66' title="bbox 547 5185 2121 5260">
    <p class='ocr_par' dir='ltr' id='par_1_66' title="bbox 547 5185 2121 5260">
     <span class='ocr_line' id='line_1_66' title="bbox 547 5185 2121 5260; baseline 0 -16"><span class='ocrx_word' id='word_1_562' title='bbox 547 5199 704 5245; x_wconf 89' lang='lat' dir='ltr'><strong>tenus</strong></span> <span class='ocrx_word' id='word_1_563' title='bbox 747 5187 874 5243; x_wconf 91' lang='lat' dir='ltr'><strong>dum</strong></span> <span class='ocrx_word' id='word_1_564' title='bbox 917 5202 1078 5260; x_wconf 90' lang='lat' dir='ltr'><strong>super</strong></span> <span class='ocrx_word' id='word_1_565' title='bbox 1126 5187 1479 5257; x_wconf 89' lang='lat' dir='ltr'><strong>vosmetipsos</strong></span> <span class='ocrx_word' id='word_1_566' title='bbox 1522 5200 1616 5241; x_wconf 92' lang='lat' dir='ltr'><strong>eos</strong></span> <span class='ocrx_word' id='word_1_567' title='bbox 1654 5200 1752 5255; x_wconf 89' lang='lat' dir='ltr'><strong>pro</strong></span> <span class='ocrx_word' id='word_1_568' title='bbox 1798 5185 1939 5242; x_wconf 87' lang='lat' dir='ltr'><strong>bono</strong></span> <span class='ocrx_word' id='word_1_569' title='bbox 1978 5189 2121 5257; x_wconf 91' lang='lat' dir='ltr'><strong>quod</strong></span> 
     </span>
    </p>
   </div>
   <div class='ocr_carea' id='block_1_67' title="bbox 546 5275 2120 5352">
    <p class='ocr_par' dir='ltr' id='par_1_67' title="bbox 546 5275 2120 5352">
     <span class='ocr_line' id='line_1_67' title="bbox 546 5275 2120 5352; baseline -0.003 -14"><span class='ocrx_word' id='word_1_570' title='bbox 546 5281 648 5352; x_wconf 89' lang='lat' dir='ltr'><strong>ipsi</strong></span> <span class='ocrx_word' id='word_1_571' title='bbox 695 5280 897 5336; x_wconf 89' lang='lat' dir='ltr'><strong>habent</strong></span> <span class='ocrx_word' id='word_1_572' title='bbox 943 5288 998 5334; x_wconf 90' lang='lat' dir='ltr'><strong>et</strong></span> <span class='ocrx_word' id='word_1_573' title='bbox 1033 5294 1129 5334; x_wconf 88' lang='lat' dir='ltr'><strong>vos</strong></span> <span class='ocrx_word' id='word_1_574' title='bbox 1173 5294 1280 5334; x_wconf 91' lang='lat' dir='ltr'><strong>non</strong></span> <span class='ocrx_word' id='word_1_575' title='bbox 1317 5277 1526 5332; x_wconf 88' lang='lat' dir='ltr'><strong>habetis</strong></span> <span class='ocrx_word' id='word_1_576' title='bbox 1568 5275 1850 5345; x_wconf 90' lang='lat' dir='ltr'><strong>aspicitis,</strong></span> <span class='ocrx_word' id='word_1_577' title='bbox 1898 5277 1966 5332; x_wconf 91' lang='lat' dir='ltr'><strong>ad</strong></span> <span class='ocrx_word' id='word_1_578' title='bbox 2015 5278 2120 5335; x_wconf 89' lang='lat' dir='ltr'><strong>hoc</strong></span> 
     </span>
    </p>
   </div>
   <div class='ocr_carea' id='block_1_68' title="bbox 547 5366 2120 5443">
    <p class='ocr_par' dir='ltr' id='par_1_68' title="bbox 547 5366 2120 5443">
     <span class='ocr_line' id='line_1_68' title="bbox 547 5366 2120 5443; baseline -0.001 -16"><span class='ocrx_word' id='word_1_579' title='bbox 547 5387 761 5443; x_wconf 91' lang='lat' dir='ltr'><strong>quoque</strong></span> <span class='ocrx_word' id='word_1_580' title='bbox 783 5371 1132 5426; x_wconf 88' lang='lat' dir='ltr'><strong>obtinendum</strong></span> <span class='ocrx_word' id='word_1_581' title='bbox 1155 5370 1317 5425; x_wconf 89' lang='lat' dir='ltr'><strong>etiam</strong></span> <span class='ocrx_word' id='word_1_582' title='bbox 1351 5383 1445 5423; x_wconf 89' lang='lat' dir='ltr'><strong>vos</strong></span> <span class='ocrx_word' id='word_1_583' title='bbox 1486 5381 1554 5421; x_wconf 76' lang='lat' dir='ltr'><strong>ex</strong></span> <span class='ocrx_word' id='word_1_584' title='bbox 1581 5366 1882 5423; x_wconf 90' lang='lat' dir='ltr'><strong>humilitate</strong></span> <span class='ocrx_word' id='word_1_585' title='bbox 1906 5383 2120 5425; x_wconf 89' lang='lat' dir='ltr'><strong>cresca-</strong></span> 
     </span>
    </p>
   </div>
   <div class='ocr_carea' id='block_1_69' title="bbox 548 5463 2115 5534">
    <p class='ocr_par' dir='ltr' id='par_1_69' title="bbox 548 5463 2115 5534">
     <span class='ocr_line' id='line_1_69' title="bbox 548 5463 2115 5534; baseline 0.001 -16"><span class='ocrx_word' id='word_1_586' title='bbox 548 5465 640 5520; x_wconf 89' lang='lat' dir='ltr'><strong>tis.</strong></span> <span class='ocrx_word' id='word_1_587' title='bbox 667 5463 723 5520; x_wconf 90' lang='lat' dir='ltr'><strong>Si</strong></span> <span class='ocrx_word' id='word_1_588' title='bbox 759 5466 900 5521; x_wconf 91' lang='lat' dir='ltr'><strong>enim</strong></span> <span class='ocrx_word' id='word_1_589' title='bbox 927 5469 1103 5521; x_wconf 86' lang='lat' dir='ltr'><strong>et&#39;vos</strong></span> <span class='ocrx_word' id='word_1_590' title='bbox 1129 5467 1180 5519; x_wconf 93' lang='lat' dir='ltr'><strong>in</strong></span> <span class='ocrx_word' id='word_1_591' title='bbox 1211 5464 1316 5519; x_wconf 90' lang='lat' dir='ltr'><strong>illis</strong></span> <span class='ocrx_word' id='word_1_592' title='bbox 1340 5471 1559 5534; x_wconf 90' lang='lat' dir='ltr'><strong>accepta</strong></span> <span class='ocrx_word' id='word_1_593' title='bbox 1588 5463 1727 5518; x_wconf 89' lang='lat' dir='ltr'><strong>bona</strong></span> <span class='ocrx_word' id='word_1_594' title='bbox 1757 5465 2115 5534; x_wconf 88' lang='lat' dir='ltr'><strong>perpenditis,</strong></span> 
     </span>
    </p>
   </div>
   <div class='ocr_carea' id='block_1_70' title="bbox 547 5553 2118 5624">
    <p class='ocr_par' dir='ltr' id='par_1_70' title="bbox 547 5553 2118 5624">
     <span class='ocr_line' id='line_1_70' title="bbox 547 5553 2118 5624; baseline 0.001 -16"><span class='ocrx_word' id='word_1_595' title='bbox 547 5563 604 5609; x_wconf 88' lang='lat' dir='ltr'><strong>et</strong></span> <span class='ocrx_word' id='word_1_596' title='bbox 625 5553 701 5609; x_wconf 90' lang='lat' dir='ltr'><strong>illi</strong></span> <span class='ocrx_word' id='word_1_597' title='bbox 723 5555 777 5610; x_wconf 89' lang='lat' dir='ltr'><strong>in</strong></span> <span class='ocrx_word' id='word_1_598' title='bbox 807 5557 959 5610; x_wconf 89' lang='lat' dir='ltr'><strong>vobis</strong></span> <span class='ocrx_word' id='word_1_599' title='bbox 983 5554 1327 5611; x_wconf 86' lang='lat' dir='ltr'><strong>considerant</strong></span> <span class='ocrx_word' id='word_1_600' title='bbox 1365 5553 1504 5608; x_wconf 89' lang='lat' dir='ltr'><strong>dona</strong></span> <span class='ocrx_word' id='word_1_601' title='bbox 1534 5568 1654 5624; x_wconf 71' lang='lat' dir='ltr'><strong>qua:</strong></span> <span class='ocrx_word' id='word_1_602' title='bbox 1695 5554 1926 5619; x_wconf 89' lang='lat' dir='ltr'><strong>habetis,</strong></span> <span class='ocrx_word' id='word_1_603' title='bbox 1957 5553 2118 5610; x_wconf 86' lang='lat' dir='ltr'><strong>vicis-</strong></span> 
     </span>
    </p>
   </div>
   <div class='ocr_carea' id='block_1_71' title="bbox 550 5643 2116 5716">
    <p class='ocr_par' dir='ltr' id='par_1_71' title="bbox 550 5643 2116 5716">
     <span class='ocr_line' id='line_1_71' title="bbox 550 5643 2116 5716; baseline 0 -17"><span class='ocrx_word' id='word_1_604' title='bbox 550 5644 648 5699; x_wconf 89' lang='lat' dir='ltr'><strong>sim</strong></span> <span class='ocrx_word' id='word_1_605' title='bbox 688 5662 783 5701; x_wconf 87' lang='lat' dir='ltr'><strong>vos</strong></span> <span class='ocrx_word' id='word_1_606' title='bbox 823 5647 919 5702; x_wconf 91' lang='lat' dir='ltr'><strong>alis</strong></span> <span class='ocrx_word' id='word_1_607' title='bbox 954 5645 1193 5716; x_wconf 87' lang='lat' dir='ltr'><strong>tangitis,</strong></span> <span class='ocrx_word' id='word_1_608' title='bbox 1245 5654 1304 5699; x_wconf 92' lang='lat' dir='ltr'><strong>ut</strong></span> <span class='ocrx_word' id='word_1_609' title='bbox 1354 5643 1599 5698; x_wconf 77' lang='lat' dir='ltr'><strong>excitatis</strong></span> <span class='ocrx_word' id='word_1_610' title='bbox 1645 5658 1857 5713; x_wconf 88' lang='lat' dir='ltr'><strong>semper</strong></span> <span class='ocrx_word' id='word_1_611' title='bbox 1910 5644 1976 5698; x_wconf 89' lang='lat' dir='ltr'><strong>ad</strong></span> <span class='ocrx_word' id='word_1_612' title='bbox 2007 5659 2116 5699; x_wconf 86' lang='lat' dir='ltr'><strong>coe-</strong></span> 
     </span>
    </p>
   </div>
   <div class='ocr_carea' id='block_1_72' title="bbox 2209 1836 3806 1915">
    <p class='ocr_par' dir='ltr' id='par_1_72' title="bbox 2209 1836 3806 1915">
     <span class='ocr_line' id='line_1_72' title="bbox 2209 1836 3806 1915; baseline 0.004 -23"><span class='ocrx_word' id='word_1_613' title='bbox 2209 1836 2393 1911; x_wconf 79' lang='lat' dir='ltr'><strong>(Aug.)</strong></span> <span class='ocrx_word' id='word_1_614' title='bbox 2424 1838 2544 1895; x_wconf 86' lang='lat' dir='ltr'><strong>Non</strong></span> <span class='ocrx_word' id='word_1_615' title='bbox 2589 1839 2712 1909; x_wconf 90' lang='lat' dir='ltr'><strong>quia</strong></span> <span class='ocrx_word' id='word_1_616' title='bbox 2760 1840 2876 1910; x_wconf 90' lang='lat' dir='ltr'><strong>ipse</strong></span> <span class='ocrx_word' id='word_1_617' title='bbox 2931 1841 3067 1896; x_wconf 90' lang='lat' dir='ltr'><strong>nihil</strong></span> <span class='ocrx_word' id='word_1_618' title='bbox 3099 1841 3226 1897; x_wconf 92' lang='lat' dir='ltr'><strong>boni</strong></span> <span class='ocrx_word' id='word_1_619' title='bbox 3267 1843 3482 1912; x_wconf 85' lang='lat' dir='ltr'><strong>agebat,</strong></span> <span class='ocrx_word' id='word_1_620' title='bbox 3527 1845 3622 1899; x_wconf 87' lang='lat' dir='ltr'><strong>sed</strong></span> <span class='ocrx_word' id='word_1_621' title='bbox 3670 1846 3806 1915; x_wconf 86' lang='lat' dir='ltr'><strong>quia</strong></span> 
     </span>
    </p>
   </div>
   <div class='ocr_carea' id='block_1_73' title="bbox 2209 1929 3807 2006">
    <p class='ocr_par' dir='ltr' id='par_1_73' title="bbox 2209 1929 3807 2006">
     <span class='ocr_line' id='line_1_73' title="bbox 2209 1929 3807 2006; baseline 0.006 -22"><span class='ocrx_word' id='word_1_622' title='bbox 2209 1929 2346 1984; x_wconf 87' lang='lat' dir='ltr'><strong>nihil</strong></span> <span class='ocrx_word' id='word_1_623' title='bbox 2373 1938 2576 1999; x_wconf 86' lang='lat' dir='ltr'><strong>ageret,</strong></span> <span class='ocrx_word' id='word_1_624' title='bbox 2607 1931 2650 1986; x_wconf 90' lang='lat' dir='ltr'><strong>si</strong></span> <span class='ocrx_word' id='word_1_625' title='bbox 2676 1930 2766 1985; x_wconf 90' lang='lat' dir='ltr'><strong>ille</strong></span> <span class='ocrx_word' id='word_1_626' title='bbox 2793 1931 3223 2003; x_wconf 88' lang='lat' dir='ltr'><strong>non&#39;adjuvaret.</strong></span> <span class='ocrx_word' id='word_1_627' title='bbox 3261 1932 3463 2006; x_wconf 88' lang='lat' dir='ltr'><strong>(Cass.)</strong></span> <span class='ocrx_word' id='word_1_628' title='bbox 3512 1934 3645 1990; x_wconf 84' lang='lat' dir='ltr'><strong>Nam</strong></span> <span class='ocrx_word' id='word_1_629' title='bbox 3669 1951 3807 1993; x_wconf 88' lang='lat' dir='ltr'><strong>cum</strong></span> 
     </span>
    </p>
   </div>
   <div class='ocr_carea' id='block_1_74' title="bbox 2211 2020 3802 2097">
    <p class='ocr_par' dir='ltr' id='par_1_74' title="bbox 2211 2020 3802 2097">
     <span class='ocr_line' id='line_1_74' title="bbox 2211 2020 3802 2097; baseline 0.006 -22"><span class='ocrx_word' id='word_1_630' title='bbox 2211 2020 2358 2086; x_wconf 90' lang='lat' dir='ltr'><strong>dicit,</strong></span> <span class='ocrx_word' id='word_1_631' title='bbox 2396 2020 2646 2085; x_wconf 86' lang='lat' dir='ltr'><strong>laboravi,</strong></span> <span class='ocrx_word' id='word_1_632' title='bbox 2683 2031 2938 2076; x_wconf 89' lang='lat' dir='ltr'><strong>conatum</strong></span> <span class='ocrx_word' id='word_1_633' title='bbox 2984 2024 3187 2092; x_wconf 88' lang='lat' dir='ltr'><strong>proprii</strong></span> <span class='ocrx_word' id='word_1_634' title='bbox 3217 2025 3487 2094; x_wconf 82' lang='lat' dir='ltr'><strong>significat</strong></span> <span class='ocrx_word' id='word_1_635' title='bbox 3537 2027 3748 2084; x_wconf 89' lang='lat' dir='ltr'><strong>arbitrii</strong></span> <span class='ocrx_word' id='word_1_636' title='bbox 3784 2047 3802 2097; x_wconf 91' lang='lat'><strong>;</strong></span> 
     </span>
    </p>
   </div>
   <div class='ocr_carea' id='block_1_75' title="bbox 2210 2111 3803 2184">
    <p class='ocr_par' dir='ltr' id='par_1_75' title="bbox 2210 2111 3803 2184">
     <span class='ocr_line' id='line_1_75' title="bbox 2210 2111 3803 2184; baseline 0.006 -20"><span class='ocrx_word' id='word_1_637' title='bbox 2210 2123 2333 2165; x_wconf 91' lang='lat' dir='ltr'><strong>cum</strong></span> <span class='ocrx_word' id='word_1_638' title='bbox 2355 2118 2538 2166; x_wconf 87' lang='lat' dir='ltr'><strong>autem</strong></span> <span class='ocrx_word' id='word_1_639' title='bbox 2579 2111 2732 2177; x_wconf 91' lang='lat' dir='ltr'><strong>dicit,</strong></span> <span class='ocrx_word' id='word_1_640' title='bbox 2777 2125 2881 2166; x_wconf 86' lang='lat' dir='ltr'><strong>non</strong></span> <span class='ocrx_word' id='word_1_641' title='bbox 2907 2127 3020 2182; x_wconf 85' lang='lat' dir='ltr'><strong>ego,</strong></span> <span class='ocrx_word' id='word_1_642' title='bbox 3053 2113 3145 2167; x_wconf 87' lang='lat' dir='ltr'><strong>sed</strong></span> <span class='ocrx_word' id='word_1_643' title='bbox 3182 2116 3354 2184; x_wconf 86' lang='lat' dir='ltr'><strong>gratia</strong></span> <span class='ocrx_word' id='word_1_644' title='bbox 3393 2114 3512 2179; x_wconf 89' lang='lat' dir='ltr'><strong>Dei,</strong></span> <span class='ocrx_word' id='word_1_645' title='bbox 3540 2117 3803 2174; x_wconf 90' lang='lat' dir='ltr'><strong>virtutem</strong></span> 
     </span>
    </p>
   </div>
   <div class='ocr_carea' id='block_1_76' title="bbox 2211 2199 3807 2274">
    <p class='ocr_par' dir='ltr' id='par_1_76' title="bbox 2211 2199 3807 2274">
     <span class='ocr_line' id='line_1_76' title="bbox 2211 2199 3807 2274; baseline 0.006 -20"><span class='ocrx_word' id='word_1_646' title='bbox 2211 2199 2408 2256; x_wconf 66' lang='lat' dir='ltr'><strong>divinae</strong></span> <span class='ocrx_word' id='word_1_647' title='bbox 2428 2201 2782 2270; x_wconf 87' lang='lat' dir='ltr'><strong>protectionis</strong></span> <span class='ocrx_word' id='word_1_648' title='bbox 2804 2203 3076 2270; x_wconf 88' lang='lat' dir='ltr'><strong>ostendit;</strong></span> <span class='ocrx_word' id='word_1_649' title='bbox 3107 2219 3227 2258; x_wconf 90' lang='lat' dir='ltr'><strong>cum</strong></span> <span class='ocrx_word' id='word_1_650' title='bbox 3260 2205 3408 2270; x_wconf 91' lang='lat' dir='ltr'><strong>dicit,</strong></span> <span class='ocrx_word' id='word_1_651' title='bbox 3435 2223 3661 2274; x_wconf 87' lang='lat' dir='ltr'><strong>mecum,</strong></span> <span class='ocrx_word' id='word_1_652' title='bbox 3687 2224 3807 2264; x_wconf 88' lang='lat' dir='ltr'><strong>non</strong></span> 
     </span>
    </p>
   </div>
   <div class='ocr_carea' id='block_1_77' title="bbox 2209 2289 3803 2363">
    <p class='ocr_par' dir='ltr' id='par_1_77' title="bbox 2209 2289 3803 2363">
     <span class='ocr_line' id='line_1_77' title="bbox 2209 2289 3803 2363; baseline 0.006 -16"><span class='ocrx_word' id='word_1_653' title='bbox 2209 2289 2386 2347; x_wconf 91' lang='lat' dir='ltr'><strong>otioso</strong></span> <span class='ocrx_word' id='word_1_654' title='bbox 2406 2306 2581 2363; x_wconf 86' lang='lat' dir='ltr'><strong>neque</strong></span> <span class='ocrx_word' id='word_1_655' title='bbox 2609 2307 2820 2359; x_wconf 90' lang='lat' dir='ltr'><strong>securo,</strong></span> <span class='ocrx_word' id='word_1_656' title='bbox 2849 2293 2945 2348; x_wconf 92' lang='lat' dir='ltr'><strong>sed</strong></span> <span class='ocrx_word' id='word_1_657' title='bbox 2969 2293 3235 2350; x_wconf 88' lang='lat' dir='ltr'><strong>laboranti</strong></span> <span class='ocrx_word' id='word_1_658' title='bbox 3279 2311 3342 2352; x_wconf 88' lang='lat' dir='ltr'><strong>ac</strong></span> <span class='ocrx_word' id='word_1_659' title='bbox 3368 2296 3652 2352; x_wconf 87' lang='lat' dir='ltr'><strong>desudanti</strong></span> <span class='ocrx_word' id='word_1_660' title='bbox 3673 2315 3803 2356; x_wconf 87' lang='lat' dir='ltr'><strong>eam</strong></span> 
     </span>
    </p>
   </div>
   <div class='ocr_carea' id='block_1_78' title="bbox 2212 2382 3808 2461">
    <p class='ocr_par' dir='ltr' id='par_1_78' title="bbox 2212 2382 3808 2461">
     <span class='ocr_line' id='line_1_78' title="bbox 2212 2382 3808 2461; baseline 0.006 -23"><span class='ocrx_word' id='word_1_661' title='bbox 2212 2391 2558 2453; x_wconf 88' lang='lat' dir='ltr'><strong>cooperatam</strong></span> <span class='ocrx_word' id='word_1_662' title='bbox 2586 2382 2755 2440; x_wconf 85' lang='lat' dir='ltr'><strong>fuisse</strong></span> <span class='ocrx_word' id='word_1_663' title='bbox 2777 2384 3047 2451; x_wconf 88' lang='lat' dir='ltr'><strong>declarat;</strong></span> <span class='ocrx_word' id='word_1_664' title='bbox 3077 2387 3222 2456; x_wconf 92' lang='lat' dir='ltr'><strong>quod</strong></span> <span class='ocrx_word' id='word_1_665' title='bbox 3255 2387 3417 2442; x_wconf 87' lang='lat' dir='ltr'><strong>etiam</strong></span> <span class='ocrx_word' id='word_1_666' title='bbox 3450 2388 3504 2444; x_wconf 87' lang='lat' dir='ltr'><strong>in</strong></span> <span class='ocrx_word' id='word_1_667' title='bbox 3545 2387 3645 2446; x_wconf 82' lang='lat' dir='ltr'><strong>Job</strong></span> <span class='ocrx_word' id='word_1_668' title='bbox 3673 2407 3808 2461; x_wconf 86' lang='lat' dir='ltr'><strong>pro-</strong></span> 
     </span>
    </p>
   </div>
   <div class='ocr_carea' id='block_1_79' title="bbox 2211 2472 3805 2552">
    <p class='ocr_par' dir='ltr' id='par_1_79' title="bbox 2211 2472 3805 2552">
     <span class='ocr_line' id='line_1_79' title="bbox 2211 2472 3805 2552; baseline 0.006 -24"><span class='ocrx_word' id='word_1_669' title='bbox 2211 2472 2492 2529; x_wconf 76' lang='lat' dir='ltr'><strong>batissimo</strong></span> <span class='ocrx_word' id='word_1_670' title='bbox 2527 2473 2726 2529; x_wconf 87' lang='lat' dir='ltr'><strong>athleta</strong></span> <span class='ocrx_word' id='word_1_671' title='bbox 2753 2489 2870 2540; x_wconf 92' lang='lat' dir='ltr'><strong>suo,</strong></span> <span class='ocrx_word' id='word_1_672' title='bbox 2895 2490 3020 2530; x_wconf 89' lang='lat' dir='ltr'><strong>cum</strong></span> <span class='ocrx_word' id='word_1_673' title='bbox 3049 2491 3172 2532; x_wconf 91' lang='lat' dir='ltr'><strong>eum</strong></span> <span class='ocrx_word' id='word_1_674' title='bbox 3217 2479 3462 2536; x_wconf 89' lang='lat' dir='ltr'><strong>diabolus</strong></span> <span class='ocrx_word' id='word_1_675' title='bbox 3501 2483 3805 2552; x_wconf 83' lang='lat' dir='ltr'><strong>expetisset</strong></span> 
     </span>
    </p>
   </div>
   <div class='ocr_carea' id='block_1_80' title="bbox 2212 2566 3806 2642">
    <p class='ocr_par' dir='ltr' id='par_1_80' title="bbox 2212 2566 3806 2642">
     <span class='ocr_line' id='line_1_80' title="bbox 2212 2566 3806 2642; baseline 0.006 -21"><span class='ocrx_word' id='word_1_676' title='bbox 2212 2567 2280 2622; x_wconf 92' lang='lat' dir='ltr'><strong>ad</strong></span> <span class='ocrx_word' id='word_1_677' title='bbox 2313 2566 2586 2638; x_wconf 90' lang='lat' dir='ltr'><strong>singulare</strong></span> <span class='ocrx_word' id='word_1_678' title='bbox 2631 2574 2904 2622; x_wconf 90' lang='lat' dir='ltr'><strong>certamen</strong></span> <span class='ocrx_word' id='word_1_679' title='bbox 2934 2567 3170 2624; x_wconf 88' lang='lat' dir='ltr'><strong>divinam</strong></span> <span class='ocrx_word' id='word_1_680' title='bbox 3219 2569 3448 2640; x_wconf 82' lang='lat' dir='ltr'><strong>legimus</strong></span> <span class='ocrx_word' id='word_1_681' title='bbox 3494 2573 3806 2642; x_wconf 86' lang='lat' dir='ltr'><strong>providisse</strong></span> 
     </span>
    </p>
   </div>
   <div class='ocr_carea' id='block_1_81' title="bbox 2207 2654 3799 2729">
    <p class='ocr_par' dir='ltr' id='par_1_81' title="bbox 2207 2654 3799 2729">
     <span class='ocr_line' id='line_1_81' title="bbox 2207 2654 3799 2729; baseline 0.005 -19"><span class='ocrx_word' id='word_1_682' title='bbox 2207 2654 2492 2725; x_wconf 88' lang='lat' dir='ltr'><strong>justitiam.</strong></span> <span class='ocrx_word' id='word_1_683' title='bbox 2536 2655 2591 2712; x_wconf 92' lang='lat' dir='ltr'><strong>Si</strong></span> <span class='ocrx_word' id='word_1_684' title='bbox 2613 2657 2758 2712; x_wconf 90' lang='lat' dir='ltr'><strong>enim</strong></span> <span class='ocrx_word' id='word_1_685' title='bbox 2787 2666 2974 2713; x_wconf 90' lang='lat' dir='ltr'><strong>contra</strong></span> <span class='ocrx_word' id='word_1_686' title='bbox 3004 2659 3280 2714; x_wconf 89' lang='lat' dir='ltr'><strong>inimicum</strong></span> <span class='ocrx_word' id='word_1_687' title='bbox 3311 2675 3421 2714; x_wconf 90' lang='lat' dir='ltr'><strong>non</strong></span> <span class='ocrx_word' id='word_1_688' title='bbox 3450 2676 3546 2715; x_wconf 90' lang='lat' dir='ltr'><strong>sua</strong></span> <span class='ocrx_word' id='word_1_689' title='bbox 3572 2662 3799 2729; x_wconf 85' lang='lat' dir='ltr'><strong>virtute,</strong></span> 
     </span>
    </p>
   </div>
   <div class='ocr_carea' id='block_1_82' title="bbox 2211 2747 3799 2822">
    <p class='ocr_par' dir='ltr' id='par_1_82' title="bbox 2211 2747 3799 2822">
     <span class='ocr_line' id='line_1_82' title="bbox 2211 2747 3799 2822; baseline 0.004 -20"><span class='ocrx_word' id='word_1_690' title='bbox 2211 2747 2308 2803; x_wconf 90' lang='lat' dir='ltr'><strong>sed</strong></span> <span class='ocrx_word' id='word_1_691' title='bbox 2357 2747 2449 2803; x_wconf 90' lang='lat' dir='ltr'><strong>Dei</strong></span> <span class='ocrx_word' id='word_1_692' title='bbox 2476 2747 2641 2803; x_wconf 91' lang='lat' dir='ltr'><strong>solius</strong></span> <span class='ocrx_word' id='word_1_693' title='bbox 2681 2747 2872 2806; x_wconf 85' lang='lat' dir='ltr'><strong>fuisset</strong></span> <span class='ocrx_word' id='word_1_694' title='bbox 2906 2749 3077 2820; x_wconf 89' lang='lat' dir='ltr'><strong>gratia</strong></span> <span class='ocrx_word' id='word_1_695' title='bbox 3104 2757 3420 2820; x_wconf 86' lang='lat' dir='ltr'><strong>protegente</strong></span> <span class='ocrx_word' id='word_1_696' title='bbox 3448 2766 3799 2822; x_wconf 88' lang='lat' dir='ltr'><strong>congressus,</strong></span> 
     </span>
    </p>
   </div>
   <div class='ocr_carea' id='block_1_83' title="bbox 2211 2839 3802 2910">
    <p class='ocr_par' dir='ltr' id='par_1_83' title="bbox 2211 2839 3802 2910">
     <span class='ocr_line' id='line_1_83' title="bbox 2211 2839 3802 2910; baseline 0.001 -13"><span class='ocrx_word' id='word_1_697' title='bbox 2211 2850 2271 2897; x_wconf 90' lang='lat' dir='ltr'><strong>et</strong></span> <span class='ocrx_word' id='word_1_698' title='bbox 2288 2841 2492 2910; x_wconf 89' lang='lat' dir='ltr'><strong>absque</strong></span> <span class='ocrx_word' id='word_1_699' title='bbox 2521 2839 2626 2894; x_wconf 92' lang='lat' dir='ltr'><strong>ulla</strong></span> <span class='ocrx_word' id='word_1_700' title='bbox 2655 2839 2855 2895; x_wconf 91' lang='lat' dir='ltr'><strong>virtute</strong></span> <span class='ocrx_word' id='word_1_701' title='bbox 2897 2839 3172 2909; x_wconf 62' lang='lat' dir='ltr'><strong>patientiae</strong></span> <span class='ocrx_word' id='word_1_702' title='bbox 3215 2856 3347 2907; x_wconf 69' lang='lat' dir='ltr'><strong>suae,</strong></span> <span class='ocrx_word' id='word_1_703' title='bbox 3375 2841 3555 2896; x_wconf 90' lang='lat' dir='ltr'><strong>divina</strong></span> <span class='ocrx_word' id='word_1_704' title='bbox 3586 2850 3802 2898; x_wconf 88' lang='lat' dir='ltr'><strong>tantum</strong></span> 
     </span>
    </p>
   </div>
   <div class='ocr_carea' id='block_1_84' title="bbox 2213 2930 3805 3004">
    <p class='ocr_par' dir='ltr' id='par_1_84' title="bbox 2213 2930 3805 3004">
     <span class='ocr_line' id='line_1_84' title="bbox 2213 2930 3805 3004; baseline -0.001 -14"><span class='ocrx_word' id='word_1_705' title='bbox 2213 2933 2562 3004; x_wconf 86' lang='lat' dir='ltr'><strong>Opitulatione</strong></span> <span class='ocrx_word' id='word_1_706' title='bbox 2582 2930 2848 2997; x_wconf 78' lang='lat' dir='ltr'><strong>suffultus,</strong></span> <span class='ocrx_word' id='word_1_707' title='bbox 2880 2931 3204 3002; x_wconf 91' lang='lat' dir='ltr'><strong>multiplices</strong></span> <span class='ocrx_word' id='word_1_708' title='bbox 3226 2932 3343 2988; x_wconf 90' lang='lat' dir='ltr'><strong>illas</strong></span> <span class='ocrx_word' id='word_1_709' title='bbox 3373 2948 3438 2988; x_wconf 91' lang='lat' dir='ltr'><strong>ac</strong></span> <span class='ocrx_word' id='word_1_710' title='bbox 3463 2941 3574 2988; x_wconf 84' lang='lat' dir='ltr'><strong>tota</strong></span> <span class='ocrx_word' id='word_1_711' title='bbox 3592 2933 3805 2989; x_wconf 89' lang='lat' dir='ltr'><strong>inimici</strong></span> 
     </span>
    </p>
   </div>
   <div class='ocr_carea' id='block_1_85' title="bbox 2213 3021 3804 3090">
    <p class='ocr_par' dir='ltr' id='par_1_85' title="bbox 2213 3021 3804 3090">
     <span class='ocr_line' id='line_1_85' title="bbox 2213 3021 3804 3090; baseline -0.001 -11"><span class='ocrx_word' id='word_1_712' title='bbox 2213 3022 2534 3080; x_wconf 89' lang='lat' dir='ltr'><strong>crudelitate</strong></span> <span class='ocrx_word' id='word_1_713' title='bbox 2587 3021 2842 3090; x_wconf 73' lang='lat' dir='ltr'><strong>quzesitas</strong></span> <span class='ocrx_word' id='word_1_714' title='bbox 2895 3021 3256 3076; x_wconf 88' lang='lat' dir='ltr'><strong>tentationum</strong></span> <span class='ocrx_word' id='word_1_715' title='bbox 3301 3022 3472 3078; x_wconf 90' lang='lat' dir='ltr'><strong>moles</strong></span> <span class='ocrx_word' id='word_1_716' title='bbox 3523 3031 3579 3078; x_wconf 90' lang='lat' dir='ltr'><strong>et</strong></span> <span class='ocrx_word' id='word_1_717' title='bbox 3632 3023 3804 3078; x_wconf 82' lang='lat' dir='ltr'><strong>exitia</strong></span> 
     </span>
    </p>
   </div>
   <div class='ocr_carea' id='block_1_86' title="bbox 2214 3109 3802 3184">
    <p class='ocr_par' dir='ltr' id='par_1_86' title="bbox 2214 3109 3802 3184">
     <span class='ocr_line' id='line_1_86' title="bbox 2214 3109 3802 3184; baseline 0 -16"><span class='ocrx_word' id='word_1_718' title='bbox 2214 3113 2555 3184; x_wconf 86' lang='lat' dir='ltr'><strong>pertulisset,</strong></span> <span class='ocrx_word' id='word_1_719' title='bbox 2603 3109 2872 3180; x_wconf 91' lang='lat' dir='ltr'><strong>quomodo</strong></span> <span class='ocrx_word' id='word_1_720' title='bbox 2913 3125 3022 3166; x_wconf 90' lang='lat' dir='ltr'><strong>non</strong></span> <span class='ocrx_word' id='word_1_721' title='bbox 3062 3110 3210 3165; x_wconf 90' lang='lat' dir='ltr'><strong>illam</strong></span> <span class='ocrx_word' id='word_1_722' title='bbox 3257 3111 3648 3168; x_wconf 83' lang='lat' dir='ltr'><strong>calumniosam</strong></span> <span class='ocrx_word' id='word_1_723' title='bbox 3679 3114 3802 3168; x_wconf 90' lang='lat' dir='ltr'><strong>dia-</strong></span> 
     </span>
    </p>
   </div>
   <div class='ocr_carea' id='block_1_87' title="bbox 2213 3199 3802 3273">
    <p class='ocr_par' dir='ltr' id='par_1_87' title="bbox 2213 3199 3802 3273">
     <span class='ocr_line' id='line_1_87' title="bbox 2213 3199 3802 3273; baseline 0 -14"><span class='ocrx_word' id='word_1_724' title='bbox 2213 3203 2370 3259; x_wconf 87' lang='lat' dir='ltr'><strong>bolos</strong></span> <span class='ocrx_word' id='word_1_725' title='bbox 2399 3217 2562 3273; x_wconf 89' lang='lat' dir='ltr'><strong>quam</strong></span> <span class='ocrx_word' id='word_1_726' title='bbox 2597 3200 2749 3270; x_wconf 87' lang='lat' dir='ltr'><strong>prius</strong></span> <span class='ocrx_word' id='word_1_727' title='bbox 2771 3199 3028 3256; x_wconf 87' lang='lat' dir='ltr'><strong>emiserat</strong></span> <span class='ocrx_word' id='word_1_728' title='bbox 3052 3215 3241 3256; x_wconf 88' lang='lat' dir='ltr'><strong>vocem</strong></span> <span class='ocrx_word' id='word_1_729' title='bbox 3267 3202 3529 3258; x_wconf 85' lang='lat' dir='ltr'><strong>adversus</strong></span> <span class='ocrx_word' id='word_1_730' title='bbox 3553 3218 3676 3258; x_wconf 90' lang='lat' dir='ltr'><strong>eum</strong></span> <span class='ocrx_word' id='word_1_731' title='bbox 3704 3201 3802 3272; x_wconf 80' lang='lat' dir='ltr'><strong>ju-</strong></span> 
     </span>
    </p>
   </div>
   <div class='ocr_carea' id='block_1_88' title="bbox 2214 3288 3804 3361">
    <p class='ocr_par' dir='ltr' id='par_1_88' title="bbox 2214 3288 3804 3361">
     <span class='ocr_line' id='line_1_88' title="bbox 2214 3288 3804 3361; baseline -0.002 -11"><span class='ocrx_word' id='word_1_732' title='bbox 2214 3293 2351 3350; x_wconf 88' lang='lat' dir='ltr'><strong>stius</strong></span> <span class='ocrx_word' id='word_1_733' title='bbox 2397 3293 2648 3347; x_wconf 85' lang='lat' dir='ltr'><strong>iterasset</strong></span> <span class='ocrx_word' id='word_1_734' title='bbox 2700 3309 2713 3344; x_wconf 90' lang='lat'><strong>:</strong></span> <span class='ocrx_word' id='word_1_735' title='bbox 2771 3288 3027 3361; x_wconf 86' lang='lat' dir='ltr'><strong>Nunquid</strong></span> <span class='ocrx_word' id='word_1_736' title='bbox 3079 3292 3243 3360; x_wconf 86' lang='lat' dir='ltr'><strong>gratis</strong></span> <span class='ocrx_word' id='word_1_737' title='bbox 3287 3289 3389 3346; x_wconf 80' lang='lat' dir='ltr'><strong>Job</strong></span> <span class='ocrx_word' id='word_1_738' title='bbox 3437 3291 3558 3346; x_wconf 83' lang='lat' dir='ltr'><strong>colit</strong></span> <span class='ocrx_word' id='word_1_739' title='bbox 3603 3291 3804 3360; x_wconf 84' lang='lat' dir='ltr'><strong>Deum,</strong></span> 
     </span>
    </p>
   </div>
   <div class='ocr_carea' id='block_1_89' title="bbox 2215 3378 3804 3449">
    <p class='ocr_par' dir='ltr' id='par_1_89' title="bbox 2215 3378 3804 3449">
     <span class='ocr_line' id='line_1_89' title="bbox 2215 3378 3804 3449; baseline 0.003 -14"><span class='ocrx_word' id='word_1_740' title='bbox 2215 3396 2384 3436; x_wconf 85' lang='lat' dir='ltr'><strong>nonne</strong></span> <span class='ocrx_word' id='word_1_741' title='bbox 2408 3389 2466 3434; x_wconf 90' lang='lat' dir='ltr'><strong>tu</strong></span> <span class='ocrx_word' id='word_1_742' title='bbox 2488 3378 2696 3435; x_wconf 82' lang='lat' dir='ltr'><strong>vallasti</strong></span> <span class='ocrx_word' id='word_1_743' title='bbox 2724 3394 2861 3444; x_wconf 86' lang='lat' dir='ltr'><strong>eum,</strong></span> <span class='ocrx_word' id='word_1_744' title='bbox 2893 3395 2955 3432; x_wconf 88' lang='lat' dir='ltr'><strong>ac</strong></span> <span class='ocrx_word' id='word_1_745' title='bbox 2994 3378 3206 3432; x_wconf 88' lang='lat' dir='ltr'><strong>domum</strong></span> <span class='ocrx_word' id='word_1_746' title='bbox 3236 3379 3374 3449; x_wconf 84' lang='lat' dir='ltr'><strong>ejus,</strong></span> <span class='ocrx_word' id='word_1_747' title='bbox 3411 3389 3461 3435; x_wconf 89' lang='lat' dir='ltr'><strong>et</strong></span> <span class='ocrx_word' id='word_1_748' title='bbox 3504 3382 3804 3440; x_wconf 81' lang='lat' dir='ltr'><strong>uniuersam</strong></span> 
     </span>
    </p>
   </div>
   <div class='ocr_carea' id='block_1_90' title="bbox 2214 3470 3804 3543">
    <p class='ocr_par' dir='ltr' id='par_1_90' title="bbox 2214 3470 3804 3543">
     <span class='ocr_line' id='line_1_90' title="bbox 2214 3470 3804 3543; baseline 0.001 -14"><span class='ocrx_word' id='word_1_749' title='bbox 2214 3472 2566 3529; x_wconf 84' lang='lat' dir='ltr'><strong>substantiam</strong></span> <span class='ocrx_word' id='word_1_750' title='bbox 2617 3470 2732 3541; x_wconf 82' lang='lat' dir='ltr'><strong>ejus</strong></span> <span class='ocrx_word' id='word_1_751' title='bbox 2769 3485 2863 3543; x_wconf 82' lang='lat' dir='ltr'><strong>per</strong></span> <span class='ocrx_word' id='word_1_752' title='bbox 2905 3470 3200 3537; x_wconf 83' lang='lat' dir='ltr'><strong>circuitum,</strong></span> <span class='ocrx_word' id='word_1_753' title='bbox 3257 3471 3347 3526; x_wconf 87' lang='lat' dir='ltr'><strong>sed</strong></span> <span class='ocrx_word' id='word_1_754' title='bbox 3391 3473 3544 3543; x_wconf 76' lang='lat' dir='ltr'><strong>aufer</strong></span> <span class='ocrx_word' id='word_1_755' title='bbox 3582 3491 3804 3530; x_wconf 84' lang='lat' dir='ltr'><strong>manum</strong></span> 
     </span>
    </p>
   </div>
   <div class='ocr_carea' id='block_1_91' title="bbox 2214 3561 3808 3629">
    <p class='ocr_par' dir='ltr' id='par_1_91' title="bbox 2214 3561 3808 3629">
     <span class='ocr_line' id='line_1_91' title="bbox 2214 3561 3808 3629; baseline 0.003 -11"><span class='ocrx_word' id='word_1_756' title='bbox 2214 3573 2384 3629; x_wconf 86' lang='lat' dir='ltr'><strong>tuam,</strong></span> <span class='ocrx_word' id='word_1_757' title='bbox 2416 3563 2468 3618; x_wconf 92' lang='lat' dir='ltr'><strong>id</strong></span> <span class='ocrx_word' id='word_1_758' title='bbox 2492 3570 2595 3629; x_wconf 89' lang='lat' dir='ltr'><strong>est,</strong></span> <span class='ocrx_word' id='word_1_759' title='bbox 2641 3562 2760 3617; x_wconf 88' lang='lat' dir='ltr'><strong>sine</strong></span> <span class='ocrx_word' id='word_1_760' title='bbox 2809 3575 2934 3614; x_wconf 91' lang='lat' dir='ltr'><strong>eum</strong></span> <span class='ocrx_word' id='word_1_761' title='bbox 2981 3561 3093 3616; x_wconf 90' lang='lat' dir='ltr'><strong>suis</strong></span> <span class='ocrx_word' id='word_1_762' title='bbox 3134 3576 3347 3618; x_wconf 87' lang='lat' dir='ltr'><strong>mecum</strong></span> <span class='ocrx_word' id='word_1_763' title='bbox 3381 3564 3588 3620; x_wconf 87' lang='lat' dir='ltr'><strong>viribus</strong></span> <span class='ocrx_word' id='word_1_764' title='bbox 3616 3565 3808 3622; x_wconf 87' lang='lat' dir='ltr'><strong>decer-</strong></span> 
     </span>
    </p>
   </div>
   <div class='ocr_carea' id='block_1_92' title="bbox 2217 3653 3806 3727">
    <p class='ocr_par' dir='ltr' id='par_1_92' title="bbox 2217 3653 3806 3727">
     <span class='ocr_line' id='line_1_92' title="bbox 2217 3653 3806 3727; baseline 0 -17"><span class='ocrx_word' id='word_1_765' title='bbox 2217 3666 2352 3722; x_wconf 89' lang='lat' dir='ltr'><strong>tare,</strong></span> <span class='ocrx_word' id='word_1_766' title='bbox 2385 3655 2485 3710; x_wconf 89' lang='lat' dir='ltr'><strong>nisi</strong></span> <span class='ocrx_word' id='word_1_767' title='bbox 2527 3655 2583 3710; x_wconf 89' lang='lat' dir='ltr'><strong>in</strong></span> <span class='ocrx_word' id='word_1_768' title='bbox 2629 3653 2818 3724; x_wconf 84' lang='lat' dir='ltr'><strong>faciem</strong></span> <span class='ocrx_word' id='word_1_769' title='bbox 2849 3662 2994 3706; x_wconf 86' lang='lat' dir='ltr'><strong>tuam</strong></span> <span class='ocrx_word' id='word_1_770' title='bbox 3024 3653 3341 3708; x_wconf 70' lang='lat' dir='ltr'><strong>benedixerit</strong></span> <span class='ocrx_word' id='word_1_771' title='bbox 3387 3655 3524 3710; x_wconf 88' lang='lat' dir='ltr'><strong>tibi?</strong></span> <span class='ocrx_word' id='word_1_772' title='bbox 3551 3654 3694 3727; x_wconf 85' lang='lat' dir='ltr'><strong>(Job.</strong></span> <span class='ocrx_word' id='word_1_773' title='bbox 3734 3655 3806 3727; x_wconf 83' lang='grc' dir='ltr'><strong>ι.)</strong></span> 
     </span>
    </p>
   </div>
   <div class='ocr_carea' id='block_1_93' title="bbox 2217 3743 3805 3815">
    <p class='ocr_par' dir='ltr' id='par_1_93' title="bbox 2217 3743 3805 3815">
     <span class='ocr_line' id='line_1_93' title="bbox 2217 3743 3805 3815; baseline 0 -13"><span class='ocrx_word' id='word_1_774' title='bbox 2217 3746 2325 3802; x_wconf 88' lang='lat' dir='ltr'><strong>Sed</strong></span> <span class='ocrx_word' id='word_1_775' title='bbox 2375 3761 2497 3802; x_wconf 92' lang='lat' dir='ltr'><strong>cum</strong></span> <span class='ocrx_word' id='word_1_776' title='bbox 2551 3744 2752 3801; x_wconf 90' lang='lat' dir='ltr'><strong>nullam</strong></span> <span class='ocrx_word' id='word_1_777' title='bbox 2813 3743 3186 3815; x_wconf 87' lang='lat' dir='ltr'><strong>hujuscemodi</strong></span> <span class='ocrx_word' id='word_1_778' title='bbox 3259 3746 3656 3815; x_wconf 89' lang='lat' dir='ltr'><strong>querimoniam</strong></span> <span class='ocrx_word' id='word_1_779' title='bbox 3703 3763 3805 3802; x_wconf 85' lang='lat' dir='ltr'><strong>ea-</strong></span> 
     </span>
    </p>
   </div>
   <div class='ocr_carea' id='block_1_94' title="bbox 2217 3834 3803 3906">
    <p class='ocr_par' dir='ltr' id='par_1_94' title="bbox 2217 3834 3803 3906">
     <span class='ocr_line' id='line_1_94' title="bbox 2217 3834 3803 3906; baseline 0 -14"><span class='ocrx_word' id='word_1_780' title='bbox 2217 3837 2514 3893; x_wconf 91' lang='lat' dir='ltr'><strong>lumniosus</strong></span> <span class='ocrx_word' id='word_1_781' title='bbox 2544 3835 2714 3892; x_wconf 88' lang='lat' dir='ltr'><strong>hostis</strong></span> <span class='ocrx_word' id='word_1_782' title='bbox 2736 3842 2858 3906; x_wconf 89' lang='lat' dir='ltr'><strong>post</strong></span> <span class='ocrx_word' id='word_1_783' title='bbox 2885 3834 3196 3890; x_wconf 84' lang='lat' dir='ltr'><strong>conflictum</strong></span> <span class='ocrx_word' id='word_1_784' title='bbox 3227 3836 3427 3892; x_wconf 88' lang='lat' dir='ltr'><strong>audeat</strong></span> <span class='ocrx_word' id='word_1_785' title='bbox 3449 3839 3666 3901; x_wconf 88' lang='lat' dir='ltr'><strong>iterare,</strong></span> <span class='ocrx_word' id='word_1_786' title='bbox 3690 3853 3803 3894; x_wconf 87' lang='lat' dir='ltr'><strong>non</strong></span> 
     </span>
    </p>
   </div>
   <div class='ocr_carea' id='block_1_95' title="bbox 2217 3925 3804 3999">
    <p class='ocr_par' dir='ltr' id='par_1_95' title="bbox 2217 3925 3804 3999">
     <span class='ocr_line' id='line_1_95' title="bbox 2217 3925 3804 3999; baseline 0.001 -18"><span class='ocrx_word' id='word_1_787' title='bbox 2217 3925 2333 3994; x_wconf 90' lang='lat' dir='ltr'><strong>Dei,</strong></span> <span class='ocrx_word' id='word_1_788' title='bbox 2362 3927 2457 3982; x_wconf 88' lang='lat' dir='ltr'><strong>sed</strong></span> <span class='ocrx_word' id='word_1_789' title='bbox 2485 3926 2626 3982; x_wconf 91' lang='lat' dir='ltr'><strong>illius</strong></span> <span class='ocrx_word' id='word_1_790' title='bbox 2652 3940 2712 3980; x_wconf 89' lang='lat' dir='ltr'><strong>se</strong></span> <span class='ocrx_word' id='word_1_791' title='bbox 2742 3925 2940 3980; x_wconf 88' lang='lat' dir='ltr'><strong>victum</strong></span> <span class='ocrx_word' id='word_1_792' title='bbox 2984 3925 3190 3982; x_wconf 86' lang='lat' dir='ltr'><strong>viribus</strong></span> <span class='ocrx_word' id='word_1_793' title='bbox 3237 3927 3546 3982; x_wconf 86' lang='lat' dir='ltr'><strong>conﬁtetur.</strong></span> <span class='ocrx_word' id='word_1_794' title='bbox 3595 3925 3804 3999; x_wconf 85' lang='lat' dir='ltr'><strong>(Greg.)</strong></span> 
     </span>
    </p>
   </div>
   <div class='ocr_carea' id='block_1_96' title="bbox 2217 4014 3807 4086">
    <p class='ocr_par' dir='ltr' id='par_1_96' title="bbox 2217 4014 3807 4086">
     <span class='ocr_line' id='line_1_96' title="bbox 2217 4014 3807 4086; baseline 0.003 -15"><span class='ocrx_word' id='word_1_795' title='bbox 2217 4014 2464 4086; x_wconf 90' lang='lat' dir='ltr'><strong>Superna</strong></span> <span class='ocrx_word' id='word_1_796' title='bbox 2489 4030 2618 4085; x_wconf 87' lang='lat' dir='ltr'><strong>ergo</strong></span> <span class='ocrx_word' id='word_1_797' title='bbox 2664 4015 2839 4084; x_wconf 88' lang='lat' dir='ltr'><strong>pietas</strong></span> <span class='ocrx_word' id='word_1_798' title='bbox 2865 4015 3018 4086; x_wconf 91' lang='lat' dir='ltr'><strong>prius</strong></span> <span class='ocrx_word' id='word_1_799' title='bbox 3049 4015 3162 4084; x_wconf 81' lang='lat' dir='ltr'><strong>agit</strong></span> <span class='ocrx_word' id='word_1_800' title='bbox 3186 4015 3242 4070; x_wconf 92' lang='lat' dir='ltr'><strong>in</strong></span> <span class='ocrx_word' id='word_1_801' title='bbox 3268 4017 3426 4074; x_wconf 89' lang='lat' dir='ltr'><strong>nobis</strong></span> <span class='ocrx_word' id='word_1_802' title='bbox 3452 4017 3656 4086; x_wconf 89' lang='lat' dir='ltr'><strong>aliquid</strong></span> <span class='ocrx_word' id='word_1_803' title='bbox 3684 4019 3807 4075; x_wconf 88' lang='lat' dir='ltr'><strong>sine</strong></span> 
     </span>
    </p>
   </div>
   <div class='ocr_carea' id='block_1_97' title="bbox 2216 4105 3802 4175">
    <p class='ocr_par' dir='ltr' id='par_1_97' title="bbox 2216 4105 3802 4175">
     <span class='ocr_line' id='line_1_97' title="bbox 2216 4105 3802 4175; baseline 0.001 -15"><span class='ocrx_word' id='word_1_804' title='bbox 2216 4107 2397 4171; x_wconf 92' lang='lat' dir='ltr'><strong>nobis,</strong></span> <span class='ocrx_word' id='word_1_805' title='bbox 2437 4115 2497 4161; x_wconf 91' lang='lat' dir='ltr'><strong>ut</strong></span> <span class='ocrx_word' id='word_1_806' title='bbox 2517 4107 2908 4174; x_wconf 90' lang='lat' dir='ltr'><strong>subscquenter</strong></span> <span class='ocrx_word' id='word_1_807' title='bbox 2931 4119 3145 4175; x_wconf 91' lang='lat' dir='ltr'><strong>quoque</strong></span> <span class='ocrx_word' id='word_1_808' title='bbox 3170 4115 3357 4162; x_wconf 90' lang='lat' dir='ltr'><strong>nostro</strong></span> <span class='ocrx_word' id='word_1_809' title='bbox 3378 4105 3547 4162; x_wconf 90' lang='lat' dir='ltr'><strong>libero</strong></span> <span class='ocrx_word' id='word_1_810' title='bbox 3571 4108 3802 4166; x_wconf 89' lang='lat' dir='ltr'><strong>arbitrio</strong></span> 
     </span>
    </p>
   </div>
   <div class='ocr_carea' id='block_1_98' title="bbox 2216 4195 3804 4269">
    <p class='ocr_par' dir='ltr' id='par_1_98' title="bbox 2216 4195 3804 4269">
     <span class='ocr_line' id='line_1_98' title="bbox 2216 4195 3804 4269; baseline 0.001 -16"><span class='ocrx_word' id='word_1_811' title='bbox 2216 4196 2440 4263; x_wconf 89' lang='lat' dir='ltr'><strong>bonum,</strong></span> <span class='ocrx_word' id='word_1_812' title='bbox 2470 4196 2612 4266; x_wconf 91' lang='lat' dir='ltr'><strong>quod</strong></span> <span class='ocrx_word' id='word_1_813' title='bbox 2625 4196 2742 4266; x_wconf 89' lang='lat' dir='ltr'><strong>jam</strong></span> <span class='ocrx_word' id='word_1_814' title='bbox 2772 4195 3096 4266; x_wconf 89' lang='lat' dir='ltr'><strong>appetimus,</strong></span> <span class='ocrx_word' id='word_1_815' title='bbox 3143 4204 3271 4268; x_wconf 88' lang='lat' dir='ltr'><strong>agat</strong></span> <span class='ocrx_word' id='word_1_816' title='bbox 3310 4197 3612 4266; x_wconf 89' lang='lat' dir='ltr'><strong>nobiscum,</strong></span> <span class='ocrx_word' id='word_1_817' title='bbox 3655 4199 3804 4269; x_wconf 84' lang='lat' dir='ltr'><strong>quod</strong></span> 
     </span>
    </p>
   </div>
   <div class='ocr_carea' id='block_1_99' title="bbox 2219 4284 3800 4358">
    <p class='ocr_par' dir='ltr' id='par_1_99' title="bbox 2219 4284 3800 4358">
     <span class='ocr_line' id='line_1_99' title="bbox 2219 4284 3800 4358; baseline 0.004 -18"><span class='ocrx_word' id='word_1_818' title='bbox 2219 4295 2398 4341; x_wconf 83' lang='lat' dir='ltr'><strong>tamen</strong></span> <span class='ocrx_word' id='word_1_819' title='bbox 2443 4299 2541 4354; x_wconf 90' lang='lat' dir='ltr'><strong>per</strong></span> <span class='ocrx_word' id='word_1_820' title='bbox 2578 4284 2878 4354; x_wconf 91' lang='lat' dir='ltr'><strong>impensam</strong></span> <span class='ocrx_word' id='word_1_821' title='bbox 2926 4285 3158 4356; x_wconf 89' lang='lat' dir='ltr'><strong>gratiam</strong></span> <span class='ocrx_word' id='word_1_822' title='bbox 3201 4286 3257 4341; x_wconf 88' lang='lat' dir='ltr'><strong>in</strong></span> <span class='ocrx_word' id='word_1_823' title='bbox 3305 4295 3550 4342; x_wconf 78' lang='lat' dir='ltr'><strong>extremo</strong></span> <span class='ocrx_word' id='word_1_824' title='bbox 3571 4289 3800 4358; x_wconf 85' lang='lat' dir='ltr'><strong>judicio,</strong></span> 
     </span>
    </p>
   </div>
   <div class='ocr_carea' id='block_1_100' title="bbox 2219 4381 3803 4452">
    <p class='ocr_par' dir='ltr' id='par_1_100' title="bbox 2219 4381 3803 4452">
     <span class='ocr_line' id='line_1_100' title="bbox 2219 4381 3803 4452; baseline 0.003 -14"><span class='ocrx_word' id='word_1_825' title='bbox 2219 4383 2293 4438; x_wconf 89' lang='lat' dir='ltr'><strong>ita</strong></span> <span class='ocrx_word' id='word_1_826' title='bbox 2344 4389 2653 4438; x_wconf 83' lang='lat' dir='ltr'><strong>remaneret</strong></span> <span class='ocrx_word' id='word_1_827' title='bbox 2690 4381 2744 4435; x_wconf 92' lang='lat' dir='ltr'><strong>in</strong></span> <span class='ocrx_word' id='word_1_828' title='bbox 2778 4381 2951 4447; x_wconf 90' lang='lat' dir='ltr'><strong>nobis,</strong></span> <span class='ocrx_word' id='word_1_829' title='bbox 2981 4396 3048 4436; x_wconf 88' lang='lat' dir='ltr'><strong>ac</strong></span> <span class='ocrx_word' id='word_1_830' title='bbox 3083 4381 3127 4436; x_wconf 89' lang='lat' dir='ltr'><strong>si</strong></span> <span class='ocrx_word' id='word_1_831' title='bbox 3177 4381 3306 4437; x_wconf 90' lang='lat' dir='ltr'><strong>solis</strong></span> <span class='ocrx_word' id='word_1_832' title='bbox 3332 4384 3688 4452; x_wconf 87' lang='lat' dir='ltr'><strong>processisset</strong></span> <span class='ocrx_word' id='word_1_833' title='bbox 3731 4399 3803 4442; x_wconf 78' lang='lat' dir='ltr'><strong>ex</strong></span> 
     </span>
    </p>
   </div>
   <div class='ocr_carea' id='block_1_101' title="bbox 2222 4472 3804 4540">
    <p class='ocr_par' dir='ltr' id='par_1_101' title="bbox 2222 4472 3804 4540">
     <span class='ocr_line' id='line_1_101' title="bbox 2222 4472 3804 4540; baseline 0.004 -10"><span class='ocrx_word' id='word_1_834' title='bbox 2222 4474 2397 4530; x_wconf 91' lang='lat' dir='ltr'><strong>nobis.</strong></span> <span class='ocrx_word' id='word_1_835' title='bbox 2434 4472 2569 4540; x_wconf 82' lang='lat' dir='ltr'><strong>Quia</strong></span> <span class='ocrx_word' id='word_1_836' title='bbox 2597 4473 2742 4528; x_wconf 90' lang='lat' dir='ltr'><strong>enim</strong></span> <span class='ocrx_word' id='word_1_837' title='bbox 2784 4473 2960 4528; x_wconf 90' lang='lat' dir='ltr'><strong>divina</strong></span> <span class='ocrx_word' id='word_1_838' title='bbox 2986 4473 3086 4528; x_wconf 71' lang='lat' dir='ltr'><strong>nos</strong></span> <span class='ocrx_word' id='word_1_839' title='bbox 3127 4473 3358 4540; x_wconf 88' lang='lat' dir='ltr'><strong>bonitas,</strong></span> <span class='ocrx_word' id='word_1_840' title='bbox 3393 4484 3454 4530; x_wconf 92' lang='lat' dir='ltr'><strong>ut</strong></span> <span class='ocrx_word' id='word_1_841' title='bbox 3487 4476 3804 4536; x_wconf 82' lang='lat' dir='ltr'><strong>innocentes</strong></span> 
     </span>
    </p>
   </div>
   <div class='ocr_carea' id='block_1_102' title="bbox 2223 4564 3802 4636">
    <p class='ocr_par' dir='ltr' id='par_1_102' title="bbox 2223 4564 3802 4636">
     <span class='ocr_line' id='line_1_102' title="bbox 2223 4564 3802 4636; baseline 0.003 -14"><span class='ocrx_word' id='word_1_842' title='bbox 2223 4567 2384 4622; x_wconf 86' lang='lat' dir='ltr'><strong>faciat</strong></span> <span class='ocrx_word' id='word_1_843' title='bbox 2404 4565 2683 4636; x_wconf 63' lang='lat' dir='ltr'><strong>praevenit,</strong></span> <span class='ocrx_word' id='word_1_844' title='bbox 2714 4564 2910 4620; x_wconf 89' lang='lat' dir='ltr'><strong>Paulus</strong></span> <span class='ocrx_word' id='word_1_845' title='bbox 2931 4565 3007 4619; x_wconf 89' lang='lat' dir='ltr'><strong>ait</strong></span> <span class='ocrx_word' id='word_1_846' title='bbox 3033 4579 3048 4619; x_wconf 89' lang='lat'><strong>:</strong></span> <span class='ocrx_word' id='word_1_847' title='bbox 3083 4564 3269 4620; x_wconf 85' lang='lat' dir='ltr'><strong>Gratia</strong></span> <span class='ocrx_word' id='word_1_848' title='bbox 3289 4577 3464 4624; x_wconf 83' lang='lat' dir='ltr'><strong>autem</strong></span> <span class='ocrx_word' id='word_1_849' title='bbox 3487 4568 3586 4624; x_wconf 87' lang='lat' dir='ltr'><strong>Dei</strong></span> <span class='ocrx_word' id='word_1_850' title='bbox 3605 4586 3723 4624; x_wconf 87' lang='lat' dir='ltr'><strong>sum</strong></span> <span class='ocrx_word' id='word_1_851' title='bbox 3745 4571 3802 4628; x_wconf 79' lang='lat' dir='ltr'><strong>id</strong></span> 
     </span>
    </p>
   </div>
   <div class='ocr_carea' id='block_1_103' title="bbox 2220 4655 3802 4729">
    <p class='ocr_par' dir='ltr' id='par_1_103' title="bbox 2220 4655 3802 4729">
     <span class='ocr_line' id='line_1_103' title="bbox 2220 4655 3802 4729; baseline 0.004 -19"><span class='ocrx_word' id='word_1_852' title='bbox 2220 4657 2359 4729; x_wconf 88' lang='lat' dir='ltr'><strong>quod</strong></span> <span class='ocrx_word' id='word_1_853' title='bbox 2385 4671 2521 4710; x_wconf 87' lang='lat' dir='ltr'><strong>sum.</strong></span> <span class='ocrx_word' id='word_1_854' title='bbox 2540 4655 2610 4711; x_wconf 85' lang='lat' dir='ltr'><strong>Et</strong></span> <span class='ocrx_word' id='word_1_855' title='bbox 2632 4655 2757 4725; x_wconf 86' lang='lat' dir='ltr'><strong>quia</strong></span> <span class='ocrx_word' id='word_1_856' title='bbox 2781 4655 3025 4710; x_wconf 89' lang='lat' dir='ltr'><strong>eamdem</strong></span> <span class='ocrx_word' id='word_1_857' title='bbox 3050 4657 3281 4726; x_wconf 88' lang='lat' dir='ltr'><strong>gratiam</strong></span> <span class='ocrx_word' id='word_1_858' title='bbox 3304 4668 3550 4714; x_wconf 88' lang='lat' dir='ltr'><strong>nostrum</strong></span> <span class='ocrx_word' id='word_1_859' title='bbox 3572 4658 3802 4716; x_wconf 85' lang='lat' dir='ltr'><strong>liberum</strong></span> 
     </span>
    </p>
   </div>
   <div class='ocr_carea' id='block_1_104' title="bbox 2222 4745 3806 4820">
    <p class='ocr_par' dir='ltr' id='par_1_104' title="bbox 2222 4745 3806 4820">
     <span class='ocr_line' id='line_1_104' title="bbox 2222 4745 3806 4820; baseline 0.003 -17"><span class='ocrx_word' id='word_1_860' title='bbox 2222 4747 2504 4804; x_wconf 90' lang='lat' dir='ltr'><strong>arbitrium</strong></span> <span class='ocrx_word' id='word_1_861' title='bbox 2559 4747 2823 4816; x_wconf 88' lang='lat' dir='ltr'><strong>sequitur,</strong></span> <span class='ocrx_word' id='word_1_862' title='bbox 2853 4745 3114 4818; x_wconf 74' lang='lat' dir='ltr'><strong>adiungit,</strong></span> <span class='ocrx_word' id='word_1_863' title='bbox 3153 4757 3202 4803; x_wconf 87' lang='lat' dir='ltr'><strong>et</strong></span> <span class='ocrx_word' id='word_1_864' title='bbox 3245 4751 3420 4820; x_wconf 86' lang='lat' dir='ltr'><strong>gratia</strong></span> <span class='ocrx_word' id='word_1_865' title='bbox 3463 4751 3576 4820; x_wconf 85' lang='lat' dir='ltr'><strong>ejus</strong></span> <span class='ocrx_word' id='word_1_866' title='bbox 3618 4753 3674 4806; x_wconf 89' lang='lat' dir='ltr'><strong>in</strong></span> <span class='ocrx_word' id='word_1_867' title='bbox 3721 4770 3806 4812; x_wconf 76' lang='lat' dir='ltr'><strong>me</strong></span> 
     </span>
    </p>
   </div>
   <div class='ocr_carea' id='block_1_105' title="bbox 2221 4835 3806 4907">
    <p class='ocr_par' dir='ltr' id='par_1_105' title="bbox 2221 4835 3806 4907">
     <span class='ocr_line' id='line_1_105' title="bbox 2221 4835 3806 4907; baseline 0.004 -14"><span class='ocrx_word' id='word_1_868' title='bbox 2221 4847 2470 4893; x_wconf 86' lang='lat' dir='ltr'><strong>cvacuata</strong></span> <span class='ocrx_word' id='word_1_869' title='bbox 2499 4855 2601 4893; x_wconf 88' lang='lat' dir='ltr'><strong>non</strong></span> <span class='ocrx_word' id='word_1_870' title='bbox 2626 4837 2746 4907; x_wconf 80' lang='lat' dir='ltr'><strong>fuit,</strong></span> <span class='ocrx_word' id='word_1_871' title='bbox 2771 4836 2861 4891; x_wconf 87' lang='lat' dir='ltr'><strong>sed</strong></span> <span class='ocrx_word' id='word_1_872' title='bbox 2889 4835 3240 4893; x_wconf 83' lang='lat' dir='ltr'><strong>abundantius</strong></span> <span class='ocrx_word' id='word_1_873' title='bbox 3266 4839 3372 4894; x_wconf 88' lang='lat' dir='ltr'><strong>illis</strong></span> <span class='ocrx_word' id='word_1_874' title='bbox 3396 4841 3634 4898; x_wconf 88' lang='lat' dir='ltr'><strong>omnibus</strong></span> <span class='ocrx_word' id='word_1_875' title='bbox 3659 4842 3806 4900; x_wconf 90' lang='lat' dir='ltr'><strong>labo-</strong></span> 
     </span>
    </p>
   </div>
   <div class='ocr_carea' id='block_1_106' title="bbox 2224 4925 3800 5000">
    <p class='ocr_par' dir='ltr' id='par_1_106' title="bbox 2224 4925 3800 5000">
     <span class='ocr_line' id='line_1_106' title="bbox 2224 4925 3800 5000; baseline 0.006 -20"><span class='ocrx_word' id='word_1_876' title='bbox 2224 4927 2356 4981; x_wconf 85' lang='lat' dir='ltr'><strong>ravi.</strong></span> <span class='ocrx_word' id='word_1_877' title='bbox 2387 4925 2488 4992; x_wconf 84' lang='lat' dir='ltr'><strong>Qui</strong></span> <span class='ocrx_word' id='word_1_878' title='bbox 2514 4927 2640 4981; x_wconf 91' lang='lat' dir='ltr'><strong>dum</strong></span> <span class='ocrx_word' id='word_1_879' title='bbox 2679 4941 2740 4981; x_wconf 90' lang='lat' dir='ltr'><strong>se</strong></span> <span class='ocrx_word' id='word_1_880' title='bbox 2778 4925 2846 4980; x_wconf 91' lang='lat' dir='ltr'><strong>de</strong></span> <span class='ocrx_word' id='word_1_881' title='bbox 2883 4940 2943 4980; x_wconf 89' lang='lat' dir='ltr'><strong>se</strong></span> <span class='ocrx_word' id='word_1_882' title='bbox 2982 4927 3118 4982; x_wconf 91' lang='lat' dir='ltr'><strong>nihil</strong></span> <span class='ocrx_word' id='word_1_883' title='bbox 3143 4942 3265 4984; x_wconf 90' lang='lat' dir='ltr'><strong>esse</strong></span> <span class='ocrx_word' id='word_1_884' title='bbox 3291 4930 3649 5000; x_wconf 88' lang='lat' dir='ltr'><strong>conspiceret,</strong></span> <span class='ocrx_word' id='word_1_885' title='bbox 3681 4933 3800 4989; x_wconf 89' lang='lat' dir='ltr'><strong>ait:</strong></span> 
     </span>
    </p>
   </div>
   <div class='ocr_carea' id='block_1_107' title="bbox 2225 5016 3802 5091">
    <p class='ocr_par' dir='ltr' id='par_1_107' title="bbox 2225 5016 3802 5091">
     <span class='ocr_line' id='line_1_107' title="bbox 2225 5016 3802 5091; baseline 0.006 -20"><span class='ocrx_word' id='word_1_886' title='bbox 2225 5016 2349 5071; x_wconf 89' lang='lat' dir='ltr'><strong>Non</strong></span> <span class='ocrx_word' id='word_1_887' title='bbox 2375 5025 2548 5071; x_wconf 85' lang='lat' dir='ltr'><strong>autem</strong></span> <span class='ocrx_word' id='word_1_888' title='bbox 2571 5033 2662 5088; x_wconf 89' lang='lat' dir='ltr'><strong>ego</strong></span> <span class='ocrx_word' id='word_1_889' title='bbox 2686 5032 2704 5081; x_wconf 88' lang='lat'><strong>;</strong></span> <span class='ocrx_word' id='word_1_890' title='bbox 2753 5024 2808 5070; x_wconf 91' lang='lat' dir='ltr'><strong>et</strong></span> <span class='ocrx_word' id='word_1_891' title='bbox 2832 5026 3012 5072; x_wconf 89' lang='lat' dir='ltr'><strong>tamen</strong></span> <span class='ocrx_word' id='word_1_892' title='bbox 3041 5019 3167 5086; x_wconf 89' lang='lat' dir='ltr'><strong>quia</strong></span> <span class='ocrx_word' id='word_1_893' title='bbox 3211 5033 3271 5075; x_wconf 89' lang='lat' dir='ltr'><strong>se</strong></span> <span class='ocrx_word' id='word_1_894' title='bbox 3296 5034 3417 5076; x_wconf 91' lang='lat' dir='ltr'><strong>esse</strong></span> <span class='ocrx_word' id='word_1_895' title='bbox 3441 5021 3646 5091; x_wconf 89' lang='lat' dir='ltr'><strong>aliquid</strong></span> <span class='ocrx_word' id='word_1_896' title='bbox 3675 5039 3802 5080; x_wconf 89' lang='lat' dir='ltr'><strong>cum</strong></span> 
     </span>
    </p>
   </div>
   <div class='ocr_carea' id='block_1_108' title="bbox 2223 5101 3798 5178">
    <p class='ocr_par' dir='ltr' id='par_1_108' title="bbox 2223 5101 3798 5178">
     <span class='ocr_line' id='line_1_108' title="bbox 2223 5101 3798 5178; baseline 0.006 -21"><span class='ocrx_word' id='word_1_897' title='bbox 2223 5104 2395 5172; x_wconf 88' lang='lat' dir='ltr'><strong>gratia</strong></span> <span class='ocrx_word' id='word_1_898' title='bbox 2444 5104 2666 5170; x_wconf 85' lang='lat' dir='ltr'><strong>invenit,</strong></span> <span class='ocrx_word' id='word_1_899' title='bbox 2719 5101 2982 5171; x_wconf 68' lang='lat' dir='ltr'><strong>adjunsit,</strong></span> <span class='ocrx_word' id='word_1_900' title='bbox 3041 5106 3133 5160; x_wconf 87' lang='lat' dir='ltr'><strong>sed</strong></span> <span class='ocrx_word' id='word_1_901' title='bbox 3183 5109 3358 5178; x_wconf 84' lang='lat' dir='ltr'><strong>gratia</strong></span> <span class='ocrx_word' id='word_1_902' title='bbox 3417 5109 3516 5164; x_wconf 87' lang='lat' dir='ltr'><strong>Dei</strong></span> <span class='ocrx_word' id='word_1_903' title='bbox 3574 5127 3798 5166; x_wconf 84' lang='lat' dir='ltr'><strong>mecum.</strong></span> 
     </span>
    </p>
   </div>
   <div class='ocr_carea' id='block_1_109' title="bbox 2223 5194 3802 5275">
    <p class='ocr_par' dir='ltr' id='par_1_109' title="bbox 2223 5194 3802 5275">
     <span class='ocr_line' id='line_1_109' title="bbox 2223 5194 3802 5275; baseline 0.008 -27"><span class='ocrx_word' id='word_1_904' title='bbox 2223 5194 2337 5250; x_wconf 81' lang='lat' dir='ltr'><strong>Non</strong></span> <span class='ocrx_word' id='word_1_905' title='bbox 2359 5195 2502 5250; x_wconf 89' lang='lat' dir='ltr'><strong>enim</strong></span> <span class='ocrx_word' id='word_1_906' title='bbox 2529 5195 2736 5250; x_wconf 87' lang='lat' dir='ltr'><strong>diceret</strong></span> <span class='ocrx_word' id='word_1_907' title='bbox 2768 5212 2986 5264; x_wconf 87' lang='lat' dir='ltr'><strong>mecum,</strong></span> <span class='ocrx_word' id='word_1_908' title='bbox 3019 5198 3065 5252; x_wconf 92' lang='lat' dir='ltr'><strong>si</strong></span> <span class='ocrx_word' id='word_1_909' title='bbox 3091 5215 3214 5270; x_wconf 87' lang='lat' dir='ltr'><strong>cum</strong></span> <span class='ocrx_word' id='word_1_910' title='bbox 3234 5204 3600 5271; x_wconf 68' lang='lat' dir='ltr'><strong>prmveniente</strong></span> <span class='ocrx_word' id='word_1_911' title='bbox 3623 5206 3802 5275; x_wconf 88' lang='lat' dir='ltr'><strong>gratia</strong></span> 
     </span>
    </p>
   </div>
   <div class='ocr_carea' id='block_1_110' title="bbox 2225 5283 3802 5366">
    <p class='ocr_par' dir='ltr' id='par_1_110' title="bbox 2225 5283 3802 5366">
     <span class='ocr_line' id='line_1_110' title="bbox 2225 5283 3802 5366; baseline 0.008 -27"><span class='ocrx_word' id='word_1_912' title='bbox 2225 5283 2556 5353; x_wconf 88' lang='lat' dir='ltr'><strong>subsequens</strong></span> <span class='ocrx_word' id='word_1_913' title='bbox 2581 5283 2808 5338; x_wconf 90' lang='lat' dir='ltr'><strong>liberum</strong></span> <span class='ocrx_word' id='word_1_914' title='bbox 2837 5284 3118 5342; x_wconf 90' lang='lat' dir='ltr'><strong>arbitrium</strong></span> <span class='ocrx_word' id='word_1_915' title='bbox 3144 5305 3250 5344; x_wconf 90' lang='lat' dir='ltr'><strong>non</strong></span> <span class='ocrx_word' id='word_1_916' title='bbox 3290 5291 3536 5348; x_wconf 90' lang='lat' dir='ltr'><strong>haberet.</strong></span> <span class='ocrx_word' id='word_1_917' title='bbox 3570 5291 3639 5349; x_wconf 92' lang='lat' dir='ltr'><strong>Ut</strong></span> <span class='ocrx_word' id='word_1_918' title='bbox 3671 5308 3802 5366; x_wconf 88' lang='lat' dir='ltr'><strong>ergo</strong></span> 
     </span>
    </p>
   </div>
   <div class='ocr_carea' id='block_1_111' title="bbox 2225 5373 3802 5456">
    <p class='ocr_par' dir='ltr' id='par_1_111' title="bbox 2225 5373 3802 5456">
     <span class='ocr_line' id='line_1_111' title="bbox 2225 5373 3802 5456; baseline 0.008 -28"><span class='ocrx_word' id='word_1_919' title='bbox 2225 5387 2283 5428; x_wconf 89' lang='lat' dir='ltr'><strong>se</strong></span> <span class='ocrx_word' id='word_1_920' title='bbox 2307 5373 2424 5426; x_wconf 91' lang='lat' dir='ltr'><strong>sine</strong></span> <span class='ocrx_word' id='word_1_921' title='bbox 2443 5373 2613 5441; x_wconf 86' lang='lat' dir='ltr'><strong>gratia</strong></span> <span class='ocrx_word' id='word_1_922' title='bbox 2648 5374 2782 5429; x_wconf 90' lang='lat' dir='ltr'><strong>nihil</strong></span> <span class='ocrx_word' id='word_1_923' title='bbox 2802 5390 2922 5432; x_wconf 90' lang='lat' dir='ltr'><strong>esse</strong></span> <span class='ocrx_word' id='word_1_924' title='bbox 2952 5380 3279 5447; x_wconf 86' lang='lat' dir='ltr'><strong>ostenderet,</strong></span> <span class='ocrx_word' id='word_1_925' title='bbox 3307 5383 3402 5448; x_wconf 90' lang='lat' dir='ltr'><strong>ait,</strong></span> <span class='ocrx_word' id='word_1_926' title='bbox 3430 5401 3536 5438; x_wconf 85' lang='lat' dir='ltr'><strong>non</strong></span> <span class='ocrx_word' id='word_1_927' title='bbox 3579 5401 3695 5456; x_wconf 81' lang='lat' dir='ltr'><strong>ego,</strong></span> <span class='ocrx_word' id='word_1_928' title='bbox 3741 5397 3802 5441; x_wconf 88' lang='lat' dir='ltr'><strong>ut</strong></span> 
     </span>
    </p>
   </div>
   <div class='ocr_carea' id='block_1_112' title="bbox 2223 5467 3802 5542">
    <p class='ocr_par' dir='ltr' id='par_1_112' title="bbox 2223 5467 3802 5542">
     <span class='ocr_line' id='line_1_112' title="bbox 2223 5467 3802 5542; baseline 0.015 -30"><span class='ocrx_word' id='word_1_929' title='bbox 2223 5478 2352 5518; x_wconf 88' lang='lat' dir='ltr'><strong>vero</strong></span> <span class='ocrx_word' id='word_1_930' title='bbox 2373 5478 2553 5518; x_wconf 89' lang='lat' dir='ltr'><strong>secum</strong></span> <span class='ocrx_word' id='word_1_931' title='bbox 2579 5467 2808 5536; x_wconf 88' lang='lat' dir='ltr'><strong>gratiam</strong></span> <span class='ocrx_word' id='word_1_932' title='bbox 2831 5478 3109 5539; x_wconf 88' lang='lat' dir='ltr'><strong>operatam</strong></span> <span class='ocrx_word' id='word_1_933' title='bbox 3133 5484 3252 5527; x_wconf 90' lang='lat' dir='ltr'><strong>esse</strong></span> <span class='ocrx_word' id='word_1_934' title='bbox 3276 5487 3374 5542; x_wconf 88' lang='lat' dir='ltr'><strong>per</strong></span> <span class='ocrx_word' id='word_1_935' title='bbox 3401 5474 3630 5532; x_wconf 89' lang='lat' dir='ltr'><strong>liberum</strong></span> <span class='ocrx_word' id='word_1_936' title='bbox 3654 5477 3802 5534; x_wconf 90' lang='lat' dir='ltr'><strong>arbi-</strong></span> 
     </span>
    </p>
   </div>
   <div class='ocr_carea' id='block_1_113' title="bbox 2224 5557 3799 5638">
    <p class='ocr_par' dir='ltr' id='par_1_113' title="bbox 2224 5557 3799 5638">
     <span class='ocr_line' id='line_1_113' title="bbox 2224 5557 3799 5638; baseline 0.009 -27"><span class='ocrx_word' id='word_1_937' title='bbox 2224 5564 2387 5611; x_wconf 80' lang='lat' dir='ltr'><strong>trium</strong></span> <span class='ocrx_word' id='word_1_938' title='bbox 2456 5557 2895 5626; x_wconf 87' lang='lat' dir='ltr'><strong>demonstraret,</strong></span> <span class='ocrx_word' id='word_1_939' title='bbox 2965 5559 3242 5631; x_wconf 87' lang='lat' dir='ltr'><strong>adjungit,</strong></span> <span class='ocrx_word' id='word_1_940' title='bbox 3306 5564 3397 5620; x_wconf 87' lang='lat' dir='ltr'><strong>sed</strong></span> <span class='ocrx_word' id='word_1_941' title='bbox 3451 5570 3622 5638; x_wconf 84' lang='lat' dir='ltr'><strong>gratia</strong></span> <span class='ocrx_word' id='word_1_942' title='bbox 3695 5569 3799 5625; x_wconf 86' lang='lat' dir='ltr'><strong>Dei</strong></span> 
     </span>
    </p>
   </div>
   <div class='ocr_carea' id='block_1_114' title="bbox 2223 5661 2440 5699">
    <p class='ocr_par' dir='ltr' id='par_1_114' title="bbox 2223 5661 2440 5699">
     <span class='ocr_line' id='line_1_114' title="bbox 2223 5661 2440 5699; baseline 0.005 -1"><span class='ocrx_word' id='word_1_943' title='bbox 2223 5661 2440 5699; x_wconf 86' lang='lat' dir='ltr'><strong>mecum.</strong></span> 
     </span>
    </p>
   </div>
  </div>
