4082 6332
216 258 314 317 ιιι

739 251 1295 312 ENARRATIONUM
1329 249 1401 308 IN
1436 250 1588 308 EPP.
1628 249 1834 308 PAULI
1871 248 2002 306 LIB.
2043 235 2245 303 XL;-
2279 243 2349 299 ΙΝ
2388 240 2610 301 EPIST.
2646 239 2672 300 l
2712 240 2806 298 AD
2843 238 3003 298 COR.

3394 238 3501 296 ηε.

282 371 403 428 Sive
434 383 573 425 enim
601 383 715 440 ego,
739 368 845 422 sive
881 366 962 421 illi
988 366 1063 421 sic
1090 364 1440 436 prwdicamus
1463 370 1512 416 et
1536 362 1611 415 sic
1637 361 1806 415 credi-
1831 365 1883 426 Α
1907 360 2034 424 tias,
2063 372 2184 429 quae
2211 363 2620 426 consequuntur
2643 367 2885 410 errorem
2912 352 3078 419 illius,
3108 368 3234 410 cum
3256 369 3366 428 quo
3389 358 3502 430 agi-

213 463 384 521 distis.
408 459 646 532 (Ambr.)
672 457 787 514 Hoc
806 466 892 514 cst
919 457 1062 528 quod
1093 470 1259 526 supra
1305 451 1648 525 signiﬁcavit,
1679 451 1808 522 quia

213 569 322 613 non
343 551 660 610 inferiorem
675 551 905 622 gratiam
923 550 976 604 in
988 547 1370 621 praedicatione
1386 544 1616 615 accepit,
1644 559 1810 614 quam

215 647 402 706 επιετί
423 642 674 717 apostoli,
696 643 791 698 sed
812 657 973 697 unam
997 649 1160 712 atque
1179 639 1425 695 eamdem
1443 655 1456 692 :
1473 637 1617 693 unde
1637 637 1812 708 magis

216 738 398 810 arguit
415 733 704 806 perﬁdiam
723 731 1152 798 Corinthiorum,
1175 729 1302 801 quia
1321 743 1444 784 cum
1468 725 1814 782 manifestata

216 836 366 886 esset
402 824 704 882 credulitas
741 823 858 879 haec
897 821 1040 892 apud
1064 835 1253 876 omnes
1294 817 1593 883 Ecclesias,
1640 816 1697 870 hi
1744 817 1814 871 ab

218 918 322 975 hac
359 915 468 971 ﬁde
501 921 561 969 et
588 927 686 983 spe
710 910 1072 977 desciverant,
1112 923 1279 980 quam
1323 907 1560 978 subjecit
1585 905 1812 962 dicens:

221 1007 284 1065 Si
317 1015 496 1062 autent
523 1003 766 1059 Christus
789 991 1114 1074 praedicatur
1145 999 1286 1072 quod
1315 999 1601 1053 resurrexit
1619 1014 1653 1051 a
1674 1013 1818 1051 mor-

222 1100 352 1165 tuis,
377 1095 642 1168 quomodo
668 1093 846 1148 dicunt
860 1093 1078 1164 quidam
1107 1091 1164 1147 in
1188 1091 1350 1158 vobis,
1371 1089 1621 1160 quoniam
1643 1104 1819 1144 resur-

225 1199 388 1244 rectio
407 1197 738 1244 mortuorum
767 1202 873 1240 non
905 1194 980 1242 est
997 1185 1022 1239 ?
1042 1183 1103 1240 Si
1141 1192 1315 1240 autem
1337 1181 1648 1237 resurrectio
1679 1195 1820 1234 mor-

224 1290 436 1336 tuorum
474 1295 579 1334 non
605 1287 703 1346 est,
739 1293 904 1348 neque
928 1275 1165 1331 Christus
1206 1274 1539 1330 resurrexit:
1566 1272 1613 1327 si
1645 1281 1821 1328 autem

227 1373 468 1429 Christus
491 1387 597 1425 non
637 1369 946 1436 resurrexit,
968 1368 1144 1424 inanis
1170 1376 1245 1423 est
1269 1367 1402 1436 ﬁdes
1422 1373 1615 1432 vestra,
1646 1365 1821 1420 inanis

229 1474 307 1520 est
333 1473 384 1518 et
426 1461 738 1534 prwdicatio
761 1469 961 1515 nostra.
988 1459 1117 1515 Haec
1140 1473 1173 1514 a
1198 1458 1352 1515 falsis
1380 1455 1640 1529 apostolis
1663 1461 1825 1512 erant

229 1553 452 1620 tradita,
478 1551 572 1622 qui
604 1545 883 1607 Christum
910 1563 1086 1620 neque
1117 1557 1327 1617 natum,
1379 1561 1556 1619 neque
1579 1545 1635 1602 in
1659 1558 1826 1602 carne

1910 458 2018 514 tur,
2053 463 2176 519 quae
2203 455 2385 502 tamen
2432 447 2501 502 ad
2539 447 2645 502 hoc
2684 445 2991 501 inferuntur
3012 461 3044 500 a
3081 446 3223 502 bono
3258 456 3316 504 et
3341 449 3502 505 docto

1910 540 2152 606 homine,
2204 546 2265 593 ut
2302 538 2358 592 in
2404 537 2489 593 his
2533 537 2863 594 erubescens
2914 537 3022 604 ille,
3053 536 3208 607 cujus
3256 553 3502 596 errorem

1912 638 2341 702 consequuntur,
2361 628 2613 684 eumdem
2643 628 2912 698 relinquat
2933 643 3200 695 errorem,
3229 630 3356 699 quia
3377 631 3424 686 si
3449 631 3503 684 in

1912 724 2106 780 eodem
2151 735 2374 777 manere
2407 720 2659 788 voluerit,
2704 735 2932 778 necesse
2963 729 3067 788 est,
3113 723 3369 778 utetiam
3413 723 3504 778 illa

1894 817 2036 885 qua:
2063 814 2284 869 damnat
2316 821 2503 869 tenere
2526 814 2753 883 cogatur
2785 829 2798 867 :
2829 827 2939 867 non
2975 813 3119 868 enim
3149 828 3278 870 vera
3307 814 3510 872 infere-

1914 909 2009 965 bat
2032 906 2322 978 Apostolus
2349 920 2472 961 cum
2499 905 2704 962 diceret
2737 923 2753 959 :
2805 903 2992 976 Neque
3013 903 3253 962 Christus
3283 923 3512 963 resurre-

1913 999 2015 1063 xit,
2041 1006 2098 1053 et
2126 997 2212 1052 illa
2238 996 2362 1061 alia,
2400 997 2574 1051 inanis
2613 1004 2688 1052 est
2710 995 3014 1066 prwdicatio
3038 1006 3241 1064 nostra,
3263 997 3436 1054 inanis
3463 1011 3510 1055 et

1917 1088 2050 1158 ﬁdes
2075 1097 2266 1153 uestra,
2295 1095 2352 1142 et
2379 1087 2631 1156 deinceps
2659 1087 2788 1154 alia,
2813 1101 2936 1158 qua:
2959 1087 3183 1143 omnino
3205 1087 3339 1144 falsa
3362 1100 3511 1156 sunt,

1917 1182 2047 1253 quia
2075 1189 2132 1238 et
2155 1181 2404 1238 Christus
2433 1181 2752 1249 resurrexit,
2785 1191 2842 1238 et
2877 1197 2987 1240 non
3017 1191 3138 1239 erat
3165 1183 3344 1241 inanis
3369 1199 3511 1257 prae-

1920 1277 2120 1334 dieatio
2170 1291 2383 1342 eorum,
2453 1277 2546 1347 qui
2600 1277 2706 1333 hoc
2759 1278 3176 1345 annuntiabant,
3234 1294 3335 1334 nec
3383 1280 3519 1336 ﬁdes

1919 1381 2131 1433 eorum,
2160 1367 2254 1438 qui
2295 1367 2400 1423 hoc
2423 1367 2791 1436 crediderant,
2815 1369 2912 1425 sed
2944 1369 3048 1425 ista
3079 1369 3212 1426 falsa
3238 1371 3520 1428 verissime

1922 1459 2386 1516 connectehantur
2409 1457 2488 1513 illi
2525 1459 2809 1516 sententia:
2838 1475 2943 1530 qua
2965 1460 3247 1517 dicebatur
3269 1477 3376 1518 non
3395 1477 3519 1518 esse

1922 1549 2381 1606 resurrectionem
2402 1557 2770 1618 mortuorum;
2807 1551 2939 1620 ipsis
2968 1561 3150 1608 autem
3173 1551 3322 1608 falsis
3353 1567 3516 1623 repu-

229 1662 448 1718 passnm
475 1687 492 1713 ,
537 1659 716 1716 neque
763 1645 1130 1701 resurrexisse
1177 1643 1516 1710 asserebant,
1575 1657 1712 1714 quos
1769 1649 1827 1698 et
1926 1642 2108 1709 diatis,
2135 1642 2391 1713 quoniam
2412 1657 2540 1698 vera
2569 1653 2746 1710 erant,
2769 1657 3108 1716 consequens
3144 1646 3520 1716 eritresurre-

229 1737 468 1796 Joannes
495 1735 774 1809 apostolus
813 1735 1057 1804 denotat,
1088 1736 1232 1808 quod
1258 1735 1534 1792 Christum
1563 1737 1617 1791 in
1660 1749 1827 1791 carne
1855 1724 1903 1786 B
1930 1732 2037 1788 ctio
2057 1740 2414 1788 mortuorum.
2463 1731 2598 1788 Cum
2649 1746 2780 1804 ergo
2819 1733 2930 1788 sint
2970 1749 3116 1790 verae
3156 1737 3523 1792 connexiones

231 1829 448 1886 venisse
476 1827 776 1900 negabant;
815 1827 959 1882 unde
985 1826 1119 1882 dicit
1150 1845 1164 1881 :
1223 1826 1330 1892 Qui
1368 1835 1522 1898 negat
1561 1825 1828 1881 Christum

231 1921 289 1976 in
309 1936 470 1976 carne
491 1919 708 1984 venisse,
743 1918 830 1973 hic
859 1926 934 1972 est
956 1910 1309 1973 Antichristus
1323 1936 1344 1984 ;
1368 1927 1419 1973 et
1441 1917 1530 1990 qui
1555 1927 1708 1989 negat
1736 1917 1831 1972 Fi-

233 2010 382 2074 lium,
416 2026 512 2065 nec
532 2009 746 2064 Patrem
772 2007 924 2063 habet
947 2008 1003 2081 (Ι
1024 2008 1186 2064 Joan.
1218 2007 1303 2081 ιι).
1350 2008 1443 2065 Ιειί
1481 2009 1832 2064 ambulabant

233 2107 291 2156 et
306 2099 667 2169 quorumdam
686 2096 851 2153 ﬁdem
869 2113 938 2153 ne
958 2097 1330 2168 imprudentes
1353 2113 1383 2152 a
1407 2098 1594 2154 mundi
1611 2099 1830 2170 sapien-

236 2191 381 2247 tibus
431 2189 813 2261 judicarentur
863 2189 1301 2256 subvertebant,
1355 2189 1480 2259 quia
1535 2189 1834 2260 prudentes

237 2281 423 2338 saeculi
451 2280 679 2337 stultum
717 2279 985 2351 iudicant,
1029 2294 1155 2338 cum
1191 2280 1420 2336 audiunt
1468 2281 1832 2337 resurrectio-

236 2389 361 2430 nem
409 2381 767 2429 mortuorum.
801 2371 957 2440 Quod
1002 2373 1073 2439 si,
1111 2373 1306 2444 inquit,
1335 2386 1526 2428 verum
1573 2381 1676 2439 est,
1709 2374 1838 2443 quia

236 2465 490 2523 Christus
526 2479 636 2520 nun
673 2463 994 2531 resurrexit,
1030 2462 1154 2520 falsi
1201 2479 1389 2520 sumus
1427 2464 1835 2533 praedicatores,

236 2565 295 2612 et
344 2555 481 2612 ﬁdes
531 2563 715 2612 vestra
753 2555 933 2612 inanis
979 2555 1104 2610 erit.
1151 2555 1267 2611 lloc
1303 2556 1449 2611 enim
1494 2556 1840 2612 crediderunt

237 2646 496 2719 Apostolo
534 2646 888 2717 praedicante,
919 2646 1047 2717 quia
1071 2646 1273 2703 mortui
1297 2655 1605 2716 resurgent,
1649 2654 1706 2702 et
1736 2647 1841 2702 hac

239 2752 337 2809 spe
365 2737 584 2792 attracti
611 2744 740 2792 sunt
760 2736 828 2792 ad
852 2736 1035 2792 ﬁdem.
1064 2735 1220 2803 Quod
1245 2735 1433 2805 utique
1458 2735 1528 2790 ad
1548 2734 1840 2790 detrimen-

241 2839 358 2885 tum
403 2828 624 2884 illorum
666 2827 932 2898 proﬁcere
957 2827 1176 2892 asserit,
1221 2825 1269 2880 si
1311 2825 1659 2880 crediderunt
1697 2825 1842 2879 ouod

242 2921 484 2976 futurum
506 2934 618 2976 non
646 2928 770 2983 est;
801 2926 856 2972 et
886 2917 1110 2987 pudoris
1137 2924 1241 2983 est,
1273 2924 1335 2970 ut
1361 2916 1554 2986 aliquis
1583 2913 1842 2984 proﬁtea-

1928 1839 2037 1880 non
2062 1823 2236 1880 solum
2266 1839 2542 1890 verarum,
2592 1825 2688 1881 sed
2715 1825 2882 1882 etiam
2923 1824 3182 1882 falsarum
3230 1830 3526 1884 sententia-

1929 1929 2070 1978 rum,
2119 1913 2278 1971 facile
2337 1922 2424 1970 est
2458 1915 2747 1972 veritatem
2796 1918 3192 1974 connexionum
3253 1921 3418 1976 etiam
3467 1922 3526 1978 in

1931 2002 2132 2058 scholis
2153 2003 2383 2070 discere,
2419 2018 2538 2074 qua:
2559 2014 2758 2075 praeter
2785 2006 3084 2063 Ecclesium
3111 2018 3239 2064 sunt
3267 2026 3282 2066 :
3310 2020 3527 2066 senten-

1932 2092 2134 2146 tiarum
2157 2101 2340 2146 autem
2369 2093 2573 2148 veritas
2612 2095 2670 2149 in
2715 2096 2921 2152 sanctis
2951 2097 3124 2164 libris,
3154 2107 3209 2155 et
3252 2100 3308 2154 in
3336 2101 3527 2158 Ecclea

1933 2184 2167 2240 siasticis
2190 2185 2562 2257 investiganda
2591 2195 2701 2252 est;
2741 2188 2858 2258 ipsa
2883 2196 3063 2244 tamen
3093 2191 3301 2248 veritas
3325 2207 3528 2249 conne-

1935 2267 2158 2330 xionum
2215 2290 2326 2330 non
2379 2276 2667 2344 instituta,
2732 2279 2828 2335 sed
2880 2279 3259 2337 animadversa
3319 2289 3404 2338 est
3463 2284 3531 2338 ab

1936 2365 2248 2422 hominibus
2272 2376 2327 2423 et
2355 2375 2563 2437 notata,
2599 2377 2658 2424 ut
2682 2385 2802 2426 eam
2827 2371 3038 2442 possint
3070 2373 3154 2428 vel
3183 2373 3413 2443 discere,
3445 2377 3533 2431 vel

1937 2457 2156 2524 docere,
2187 2475 2312 2514 nam
2335 2470 2418 2516 est
2445 2461 2502 2515 in
2525 2476 2709 2518 rerum
2755 2465 2970 2523 ratione
2996 2476 3282 2540 perpetua,
3309 2480 3364 2526 et
3392 2471 3532 2527 divi-

1937 2549 2084 2603 nitus
2105 2549 2372 2606 instituta.
2406 2550 2561 2607 Sicut
2589 2554 2735 2609 enim
2767 2556 2859 2626 qui
2889 2567 3078 2612 narrat
3121 2561 3368 2618 ordinem
3397 2573 3535 2618 tem-

1937 2656 2151 2710 porum,
2172 2658 2279 2698 non
2305 2659 2430 2699 eum
2455 2645 2570 2715 ipse
2590 2650 2896 2720 componit:
2916 2658 2972 2706 et
2991 2650 3235 2708 locorum
3259 2655 3416 2721 situs,
3442 2665 3541 2711 aut

1939 2735 2162 2788 naturas
2189 2735 2505 2790 animalium
2545 2738 2630 2792 vel
2658 2741 3021 2812 serpentium,
3046 2744 3134 2799 vel
3157 2745 3399 2815 lapidum
3443 2748 3541 2817 qui

1941 2825 2200 2890 ostendit,
2250 2840 2360 2880 non
2388 2842 2480 2882 res
2513 2831 2750 2886 ostendit
2777 2833 2845 2888 ab
2876 2835 3186 2892 hominibus
3215 2838 3494 2895 institutas
3522 2857 3539 2896 :

1941 2923 1998 2971 ει
2018 2914 2108 2970 ille
2135 2915 2226 2986 qui
2256 2916 2594 2973 demonstrat
2637 2919 2816 2976 sidera
2857 2938 3156 2995 eorumque
3197 2937 3397 2996 motus,
3433 2943 3541 2985 non

244 3020 333 3067 tur
356 3011 462 3066 hoc
494 3025 554 3065 se
576 3007 900 3074 credidisse,
929 3007 1074 3078 quod
1117 3007 1314 3063 falsum
1349 3013 1454 3062 est.
1487 3005 1840 3060 Etverecun-
1879 3079 1911 3083 _
1942 3021 1974 3060 a
1999 3021 2058 3062 se
2084 3007 2169 3062 vel
2198 3008 2267 3064 ab
2310 3009 2531 3066 homine
2575 3011 2760 3083 aliquo
2805 3030 2923 3070 rem
2969 3016 3272 3074 institutam
3319 3022 3547 3078 demon-

243 3102 390 3158 diam
415 3115 550 3173 ergo
577 3099 686 3156 illis
715 3099 930 3164 incutit,
953 3108 1008 3155 et
1035 3099 1249 3155 labores
1275 3098 1489 3154 illorum
1511 3095 1644 3153 dicit
1672 3096 1840 3152 infru—
1868 3079 1914 3142 C
1945 3106 2116 3163 strat;
2140 3098 2219 3154 sic
2232 3099 2398 3154 etiam
2419 3101 2513 3171 qui
2535 3079 2688 3170 dicit,
2704 3104 2840 3160 Cum
2862 3105 3060 3163 falsum
3081 3117 3167 3164 εει
3185 3110 3330 3180 quod
3353 3127 3551 3169 conse-

241 3203 487 3259 ctuosos,
509 3193 556 3249 si
583 3193 730 3263 quod
771 3207 804 3247 a
838 3191 990 3248 falsis
1033 3191 1295 3262 apostolis
1316 3189 1628 3256 audierunt,
1653 3204 1843 3245 verum

243 3294 348 3352 at,
375 3286 505 3356 quia
536 3284 740 3340 mortui
789 3299 899 3340 non
944 3292 1251 3355 resurgent,
1295 3283 1441 3352 quod
1470 3297 1631 3338 nemo
1659 3281 1845 3352 utique

245 3377 314 3434 de
335 3391 398 3434 se
423 3376 632 3447 patitur
659 3373 868 3439 audire,
895 3382 958 3429 ut
979 3374 1228 3430 videntes
1265 3372 1372 3428 hoc
1407 3381 1600 3428 contra
1639 3387 1698 3428 se
1723 3386 1846 3429 esse

244 3475 651 3525 reverterentur
701 3465 769 3521 ad
811 3465 1044 3537 primam
1089 3463 1272 3520 ﬁdem.
1338 3463 1638 3517 lnvenimur
1670 3473 1845 3518 autem

243 3571 296 3616 et
354 3559 482 3630 falsi
528 3567 681 3615 testes
727 3557 851 3625 Dei,
905 3557 1157 3629 quoniam
1207 3556 1564 3611 testimonium
1615 3555 1846 3612 diximus

247 3652 525 3708 aduersum
554 3649 747 3716 Deum,
797 3649 937 3721 quod
981 3649 1312 3703 suscitaverit
1355 3647 1648 3714 Christum,
1695 3663 1848 3718 quem

247 3757 354 3795 non
398 3731 690 3795 suscitavit.
742 3737 844 3806 Qui
885 3737 1086 3794 asserit
1127 3737 1272 3807 quod
1300 3736 1578 3792 Christum
1632 3737 1776 3793 Deus
1815 3752 1848 3792 a

248 3831 482 3888 mortuis
525 3828 830 3895 suscitavit,
875 3828 1046 3908 falsus
1085 3837 1171 3885 est
1198 3828 1376 3894 testis,
1401 3829 1447 3884 si
1501 3844 1611 3884 non
1657 3836 1744 3883 est
1769 3825 1851 3883 fa-

247 3931 434 3988 ctum;
467 3921 724 3977 virtutem
750 3928 930 3975 tamen
956 3919 1056 3975 Dei
1103 3919 1384 3990 praedicat,
1436 3932 1543 3974 non
1572 3917 1758 3988 utique
1790 3924 1852 3972 ut

248 4013 526 4078 inimicus,
565 4013 659 4082 qui
709 4019 825 4066 tam
867 4010 1188 4066 admirabile
1242 4008 1448 4065 factum
1500 4007 1690 4063 virtuti
1732 4008 1850 4079 ejus

250 4105 498 4162 ascribit.
525 4103 683 4172 Quod
705 4104 750 4160 si
773 4117 963 4158 verum
991 4109 1096 4169 est,
1123 4102 1253 4173 quia
1281 4101 1544 4158 excitavit
1571 4099 1850 4156 Christum

249 4213 283 4252 a
301 4194 557 4261 mortuis,
579 4194 709 4264 quid
726 4193 854 4250 huic
872 4193 1160 4250 dicendum
1179 4201 1283 4260 est,
1305 4193 1399 4262 qui
1420 4199 1475 4246 et
1490 4190 1646 4247 testis
1661 4198 1850 4246 contra

251 4287 425 4345 Deum
463 4285 634 4342 falsus
687 4293 790 4351 est,
846 4292 904 4341 et
942 4297 1079 4354 opus
1129 4284 1246 4354 ejus
1283 4277 1572 4339 stultitiam
1619 4281 1852 4338 asserit?

254 4379 403 4436 Nam
430 4380 477 4434 si
505 4379 700 4434 mortui
741 4394 848 4432 non
868 4384 1170 4448 resurgunt,
1209 4391 1374 4447 neque
1407 4373 1647 4429 Christus
1677 4389 1852 4428 resur-

251 4474 412 4528 rexit.
442 4470 600 4537 Quod
635 4471 683 4525 si
730 4469 970 4525 Christus
1019 4439 1127 4523 itan
1158 4439 1474 4534 resurrexit,
1505 4467 1679 4520 adhuc
1729 4467 1852 4521 estis
1876 4439 1932 4500 Β

250 4567 309 4621 in
353 4565 584 4636 peccatis
627 4562 831 4626 vestris,
882 4576 1004 4632 ergo
1051 4559 1141 4631 qui
1171 4558 1496 4613 dormierunt
1526 4559 1581 4612 in
1621 4556 1853 4623 Christo,

251 4657 545 4725 perierunt.
565 4652 762 4708 Terret
788 4650 930 4717 illos,
961 4656 1044 4716 ut,
1068 4648 1196 4721 quia
1214 4662 1374 4705 nemo
1401 4647 1504 4704 sibi
1534 4645 1674 4702 male
1718 4646 1854 4712 vult,

254 4747 440 4804 doleat
469 4745 597 4812 illis,
620 4745 726 4802 hoc
754 4743 986 4814 coepisse
1027 4741 1270 4808 credere,
1295 4740 1439 4810 quod
1477 4747 1670 4797 contra
1709 4739 1858 4810 ipsos

254 4845 344 4893 est
375 4855 389 4890 :
421 4836 548 4908 quis
569 4834 718 4890 enim
737 4841 966 4906 peccata
995 4832 1101 4888 sibi
1127 4832 1354 4889 remissa
1375 4832 1510 4887 nolit
1537 4830 1762 4886 audire?
1791 4831 1859 4885 Et

255 4929 352 4998 qui
375 4926 719 4984 dormierunt
737 4925 793 4980 in
817 4921 1056 4991 Christo,
1077 4923 1375 4994 perierunt.
1403 4920 1571 4978 Addit
1593 4921 1661 4976 ad
1686 4929 1858 4977 terro-

257 5036 401 5086 rem,
426 5019 558 5092 quia
587 5018 883 5074 charorum
923 5030 1145 5072 suorum
1169 5029 1454 5072 excessum
1483 5013 1675 5070 nolunt
1705 5013 1856 5070 testi-

257 5128 418 5172 mare
435 5111 800 5183 perditionem
829 5125 844 5164 :
872 5107 966 5179 qui
991 5105 1136 5162 enim
1159 5107 1261 5162 sub
1285 5106 1390 5162 hac
1425 5120 1522 5177 spe
1563 5105 1630 5160 de
1658 5103 1856 5160 saeculo

258 5208 537 5272 exierunt,
560 5205 678 5261 sive
699 5201 873 5260 occidi
924 5215 1034 5256 non
1075 5199 1394 5267 timuerunt,
1421 5197 1550 5270 quia
1574 5209 1858 5267 resurgere

259 5297 520 5368 exemplo
557 5294 761 5353 Christi
785 5292 1151 5358 crediderunt,
1187 5299 1243 5346 et
1266 5307 1376 5348 non
1401 5298 1487 5348 est
1535 5305 1743 5354 verum,
1772 5302 1865 5357 pe-

263 5393 504 5448 rierunt.
534 5387 650 5444 Hoc
685 5386 792 5442 illis
819 5385 972 5450 dicit,
1005 5382 1152 5454 quod
1184 5398 1372 5438 amore
1410 5396 1635 5439 suorum
1673 5379 1865 5436 defun-

263 5497 486 5544 ctorum
519 5480 710 5538 nolunt
737 5477 948 5541 audire,
987 5483 1050 5530 ut
1087 5474 1196 5530 illis
1236 5481 1479 5545 amputet
1523 5470 1668 5541 quod
1715 5470 1868 5542 prius

265 5593 372 5650 per
390 5588 639 5632 errorem
661 5557 915 5628 volebant
937 5567 1144 5623 audire.
1164 5565 1346 5638 (Aug.)
1375 5564 1516 5621 Sunt
1537 5564 1702 5620 etiam
1723 5579 1867 5620 verae

269 5665 646 5726 connexiones
683 5659 1134 5728 ratiocinationis,
1157 5657 1323 5714 falsas
1348 5655 1614 5713 habentes
1653 5661 1871 5712 senten-

1943 3190 2149 3259 quitur,
2191 3205 2416 3247 necesse
2461 3200 2570 3259 εει,
2615 3201 2678 3249 ιιι
2731 3195 2928 3252 falsum
2965 3199 3038 3254 sit
3086 3201 3230 3270 quod
3261 3204 3542 3273 pmcedit,

1943 3280 2226 3336 verissime
2248 3281 2400 3348 dicit,
2425 3297 2601 3353 neque
2620 3284 2738 3356 ipse
2762 3285 2894 3342 facit
2919 3297 2980 3342 ut
3000 3289 3076 3344 ita
3098 3291 3187 3358 sit,
3215 3291 3308 3347 sed
3333 3301 3542 3348 tantum

1946 3368 2022 3424 ita
2051 3384 2174 3426 esse
2215 3371 2570 3429 demonstrat.
2605 3375 2686 3430 Ex
2730 3378 2834 3434 hac
2877 3378 3063 3451 regula
3094 3380 3222 3438 illud
3265 3391 3371 3450 est,
3397 3385 3546 3454 quod

1945 3463 2014 3520 de
2041 3461 2300 3534 Apostolo
2343 3470 2910 3540 commemoravimus,
2957 3475 3212 3541 praecedit
3241 3477 3387 3532 enim
3435 3495 3545 3535 non

1945 3572 2068 3614 esse
2095 3560 2548 3616 resurrectionem
2577 3571 2937 3632 mortuorum,
2966 3567 3110 3636 quod
3153 3567 3404 3626 dicebant
3445 3571 3542 3637 illi,

1947 3662 2178 3718 quorum
2203 3665 2443 3707 errorem
2475 3652 2755 3709 destruere
2781 3656 2996 3712 volebat
3033 3657 3343 3728 Apostolus.
3374 3661 3545 3718 Porro

1948 3741 2094 3798 illam
2143 3745 2472 3800 sententiam
2517 3748 2935 3816 praecedentem,
2981 3765 3086 3819 qua
3131 3752 3387 3808 dicebant
3437 3770 3545 3810 non

1948 3853 2070 3894 esse
2096 3838 2552 3895 resurrectionem
2574 3849 2914 3896 mortuorum
2947 3845 3258 3900 necessario
3279 3847 3548 3916 sequitur,

1950 3945 2125 4001 neque
2153 3929 2403 3986 Christus
2429 3933 2751 3999 resurrexit,
2775 3933 2878 3988 hoc
2898 3943 3078 3988 autem
3100 3937 3244 4006 quod
3276 3937 3544 4006 sequitur,

1950 4020 2150 4076 falsum
2169 4029 2272 4087 est,
2298 4019 2549 4076 Christus
2568 4022 2714 4076 enim
2736 4024 3066 4091 resurrexit;
3088 4025 3285 4082 falsum
3299 4037 3546 4100 estergo,

1951 4111 2094 4182 quod
2116 4110 2390 4182 praecedit,
2411 4112 2670 4181 praecedit
2693 4120 2893 4179 autem,
2920 4129 3027 4170 non
3051 4129 3173 4171 esse
3194 4120 3550 4175 resurrectio-

1950 4217 2077 4260 nem
2101 4212 2459 4260 mortuorum.
2486 4204 2586 4260 Est
2616 4205 2780 4276 igitur
2817 4209 3149 4265 resurrectio
3185 4221 3542 4279 mortuorum,

1952 4293 2096 4364 quod
2119 4300 2291 4348 totum
2313 4293 2552 4351 breviter
2572 4296 2647 4350 ita
2666 4296 2893 4352 dicitur:
2910 4297 2966 4353 Si
2988 4314 3094 4355 non
3116 4307 3201 4356 est
3219 4301 3547 4359 resurrectio

1955 4393 2316 4451 mortuorum,
2369 4399 2545 4455 neque
2606 4385 2857 4444 Christus
2908 4390 3228 4446 resurrexit.
3295 4389 3546 4448 Christus

1957 4485 2140 4531 autem
2167 4476 2468 4532 resurrexit
2496 4493 2510 4530 :
2539 4485 2624 4533 est
2649 4477 2812 4549 igitur
2839 4481 3168 4537 resurrectio
3185 4491 3543 4540 mortuorum.

1957 4565 2073 4622 Hoc
2102 4581 2232 4638 ergo
2260 4568 2404 4638 quod
2432 4570 2788 4639 consequenti
2832 4570 3035 4637 ablato,
3079 4571 3360 4630 auferatur
3383 4576 3546 4631 etiam

1957 4657 2270 4714 necessario
2297 4658 2440 4728 quod
2466 4660 2744 4728 praecedit,
2773 4675 2882 4716 non
2909 4662 3260 4718 instituerunt
3281 4665 3548 4734 homines,

1960 4750 2057 4804 sed
2080 4750 2454 4818 ostenderunt,
2485 4759 2540 4806 et
2567 4752 2684 4807 haec
2719 4752 2904 4824 regula
2951 4753 3186 4824 pertinet
3231 4757 3300 4811 ad
3353 4758 3552 4814 verita-

1961 4848 2072 4896 tem
2099 4842 2516 4908 connexionum,
2543 4857 2651 4898 non
2691 4843 2759 4898 ad
2803 4845 3088 4900 veritatem
3131 4847 3548 4906 sententiarum.

1966 4931 2075 4988 Sed
2109 4931 2162 4986 in
2204 4932 2310 4988 hoe
2336 4932 2454 4988 loco
2487 4933 2555 4987 de
2601 4933 3001 4990 resurrectione
3028 4949 3151 4990 cum
3197 4946 3470 5008 ageretur,
3497 4947 3555 4994 et

1966 5023 2149 5094 regula
2179 5023 2532 5080 connexionis
2559 5039 2689 5080 vera
2727 5033 2831 5092 est,
2859 5034 2915 5081 et
2954 5026 3072 5097 ipsa
3106 5026 3162 5083 in
3207 5029 3552 5086 conclusione

1963 5116 2251 5171 sententia.

2040 5204 2101 5260 Si
2116 5206 2172 5260 in
2185 5207 2283 5260 hac
2302 5207 2406 5261 vita
2427 5214 2630 5260 tantum
2650 5207 2702 5260 in
2718 5205 2926 5263 Christo
2943 5217 3208 5279 sperantes
3224 5226 3422 5274 sumus,
3449 5213 3547 5266 mi-

1965 5298 2293 5354 serabiliores
2329 5315 2509 5352 sumus
2549 5299 2786 5356 omnibus
2815 5301 3132 5356 hominibus.
3170 5300 3404 5374 (Ambr.)
3437 5299 3560 5358 Ma-

1970 5393 2226 5448 nifestum
2252 5399 2357 5459 est,
2389 5391 2515 5462 quia
2537 5393 2592 5448 in
2621 5393 2725 5449 hac
2759 5394 2870 5449 vita
2903 5394 3180 5464 przesenti,
3208 5403 3265 5450 et
3289 5395 3343 5448 in
3375 5394 3554 5451 futura

1970 5499 2252 5556 speramus
2275 5485 2332 5539 in
2379 5485 2626 5554 Christo;
2671 5499 2774 5541 nec
2819 5486 2964 5542 enim
3003 5486 3093 5541 hic
3137 5485 3340 5542 deserit
3369 5497 3558 5542 servos

1970 5593 2098 5639 suos
2127 5578 2396 5645 Christus,
2449 5579 2546 5634 sed
2591 5579 2686 5634 dat
2731 5579 2833 5635 illis
2868 5579 3118 5650 gratiam,
3169 5585 3226 5633 et
3269 5578 3322 5632 in
3375 5575 3550 5630 futurt

1969 5679 2130 5729 erunt
2158 5671 2214 5728 in
2240 5669 2409 5742 gloria
2443 5677 2644 5725 acterna
2677 5687 2690 5724 :
2722 5670 2807 5727 sin
2838 5681 3019 5727 autem
3059 5669 3251 5724 futurae
3277 5666 3401 5721 vitae
3432 5676 3555 5734 spes
