4082 6332
498 270 604 324 145
1141 267 1202 321 Β.
1242 265 1497 322 RABANI
1535 263 1756 323 MAUBI
1793 262 2112 322 ARCHIEP.
2155 261 2468 321 MOGUNT.
2511 263 2798 326 OPERUM
2835 267 3019 327 PARS
3055 269 3141 327 ιιι.
3677 277 3786 333 NL

493 404 599 444 non
626 393 788 451 esset,
817 385 1070 445 omnibus
1097 384 1429 450 hominibus,
1460 382 1604 454 quod
1634 383 1769 440 dixit
1791 382 2076 438 miserabi-
2104 383 2158 447 Α
2184 381 2387 440 bonum
2413 386 2712 442 secundum
2738 385 3055 456 Apostolum
3096 386 3150 458 (I
3208 386 3342 442 Tim.
3384 389 3483 460 vi),
3523 389 3617 460 qui
3646 391 3792 450 divi.

493 479 656 535 liores
683 492 959 542 essemus;
998 485 1057 529 ut
1084 475 1211 545 quid
1235 477 1378 530 enim
1395 475 1622 548 jejunia,
1649 477 1865 548 vigilite,
1887 476 2087 542 exitus,

493 569 692 626 ntunda
720 567 1105 637 vita,'justitia,
1153 566 1548 635 misericordia,
1599 583 1770 634 mors,
1796 568 1843 624 si
1870 582 1972 638 pro
2005 568 2091 623 bis

492 659 641 714 nulla
671 673 878 713 merces
908 656 1014 712 erit
1043 658 1095 711 in
1121 655 1338 711 futuro?
1363 656 1629 713 lncreduli
1653 665 1833 713 autem
1878 657 1965 714 vel
1989 658 2092 714 hac

493 752 602 806 vita
653 749 926 804 fruuntur.
982 747 1179 819 (Cass)
1235 747 1361 804 Haec
1409 749 1638 819 quaestio
1667 750 1907 820 ipsorum
1955 750 2094 807 solet

493 843 704 898 animos
728 856 1063 912 permovere,
1095 841 1187 910 qui
1207 855 1398 912 parum
1429 840 1576 907 ﬁdei,
1597 840 1680 895 vel
1701 841 1943 898 scientia:
1966 857 2091 912 pos-

493 935 754 999 sidentes,
786 933 979 989 merita
1011 920 1325 988 sanctorum
1355 932 1440 988 vel
1479 933 1704 1004 praemia
1725 947 1846 1003 quae
1890 950 1998 991 non
2035 935 2093 990 in

493 1025 744 1098 praesenti
777 1024 1098 1090 redduntur,
1144 1026 1240 1080 sed
1275 1025 1511 1100 repqsita
1557 1033 1686 1081 sunt
1729 1025 1786 1080 in
1824 1024 2088 1092 futurum,

495 1118 828 1172 arbitrantur
851 1115 906 1170 in
942 1114 1102 1185 hujus
1133 1117 1448 1186 temporalis
1474 1116 1597 1172 vita:
1639 1117 1908 1173 brevitate
1933 1118 2094 1174 resti-

493 1209 595 1264 tui.
619 1208 907 1274 Cteterum,
930 1222 1050 1274 nos,
1078 1208 1172 1278 qui
1196 1223 1302 1263 non
1329 1223 1516 1263 sumus
1541 1208 1597 1262 in
1623 1208 1727 1263 hac
1751 1208 1861 1262 vita
1882 1217 2092 1264 tantum

493 1306 777 1370 sperantes
805 1297 860 1352 in
911 1295 1148 1363 Christo,
1195 1313 1266 1353 ne
1295 1298 1593 1354 secundum
1620 1298 1943 1370 Apostolum
1984 1299 2092 1354 mi-

493 1391 836 1448 serabiliores
867 1390 1038 1447 simus
1078 1390 1329 1446 omnibus
1361 1391 1692 1456 hominibus,
1720 1393 1848 1462 quia
1885 1391 2096 1448 scilicet

494 1487 550 1540 in
581 1486 684 1541 hoc
705 1484 905 1540 mundo
930 1484 1062 1539 nihil
1101 1485 1521 1555 promissionum
1557 1485 1901 1555 recipientes,
1927 1485 2092 1540 etiam

494 1577 550 1630 in
582 1577 764 1631 futuro
790 1591 883 1631 eas
906 1589 1002 1644 pro
1033 1575 1134 1630 hac
1155 1574 1532 1631 incredulitate
1559 1575 2092 1646 perdamus,opinio-

497 1669 656 1724 nibus
682 1682 871 1722 eorum
900 1681 1006 1721 non
1039 1665 1298 1722 debemus
1345 1680 1555 1732 errare,
1580 1681 1648 1721 ne
1674 1666 1920 1736 ignorata
1950 1681 2093 1723 verte

2193 475 2338 532 tibus
2373 476 2536 546 hujus
2556 477 2742 531 mundi
2771 476 3049 547 praecepit,
3081 488 3140 532 ut
3167 477 3325 536 facile
3354 479 3618 544 tribuant.
3641 498 3794 540 com-

2192 565 2482 646 municent_
2498 567 2884 639 indigentibus,
2916 567 3287 623 thesaurizent
3323 568 3426 624 sibi
3470 555 3793 630 fundamen-

2195 666 2308 712 tum
2339 657 2564 722 bonum
2589 659 2646 713 in
2692 657 2959 724 futurum,
2987 666 3048 712 ut
3094 673 3193 729 per
3239 659 3338 713 has
3380 663 3795 731 apprehendant

2192 764 2378 804 veram
2409 749 2574 804 vitam
2608 766 2622 803 :
2653 757 2709 805 et
2759 749 3056 804 secundum
3108 749 3458 820 Evangelium
3487 752 3651 826 (Luc.
3673 756 3794 828 xvi)

2192 839 2349 896 bonae
2392 848 2519 894 sunt
2557 839 2664 895 illis
2696 839 2790 910 qui
2838 839 3047 896 faciunt
3093 840 3198 897 sibi
3250 841 3455 899 amicos
3501 844 3568 900 de
3597 845 3796 918 iniquo

2193 944 2520 985 mammona.
2567 927 2698 996 Quae
2747 945 2966 986 rursum
3018 938 3399 1001 retorquentur
3445 933 3515 990 ad
3561 935 3796 1003 malum,

2193 1034 2316 1074 cum
2343 1021 2410 1075 ad
2442 1019 2844 1074 recondendum
2873 1022 3266 1089 tantummodo,
3291 1022 3378 1078 vel
3419 1025 3490 1080 ad
3517 1025 3796 1083 luxuriam

2193 1119 2582 1183 congeruntur,
2645 1121 2703 1168 et
2740 1127 2848 1168 non
2904 1114 2970 1168 ad
3007 1128 3137 1168 usus
3177 1113 3537 1186 indigentium
3565 1118 3798 1190 dispen-

2194 1217 2402 1259 santur.
2431 1203 2678 1260 Potestas
2703 1220 2916 1275 quoque
2939 1215 2992 1262 et
3021 1206 3216 1272 honor,
3244 1208 3598 1280 corporisque
3619 1212 3800 1268 robur

2194 1310 2258 1350 ac
2282 1295 2506 1361 sanitas,
2537 1310 2702 1365 quam
2739 1297 2850 1352 sint
2898 1297 3075 1354 media
3135 1306 3192 1352 et
3248 1299 3541 1370 utrobique
3591 1316 3799 1357 conve-

2192 1385 2416 1450 nientia,
2441 1386 2605 1441 etiam
2633 1401 2699 1441 ex
2720 1387 2826 1442 hoc
2852 1387 3008 1444 facile
3031 1389 3438 1460 comprobatur,
3463 1391 3608 1461 quod
3633 1390 3796 1447 multi

2194 1485 2507 1534 sanctorum
2533 1479 2588 1533 in
2616 1479 2796 1534 Veteri
2817 1479 3167 1537 Testamento
3206 1481 3392 1552 positi,
3429 1482 3512 1538 bis
3533 1484 3798 1541 omnibus

2193 1569 2323 1625 etin
2350 1570 2578 1626 summis
2610 1570 2815 1626 divitiis
2838 1580 2895 1628 et
2921 1571 3159 1627 culmine
3197 1572 3541 1644 dignitatum,
3577 1584 3633 1630 et
3672 1573 3793 1632 for-

2195 1659 2425 1716 titudine
2453 1661 2698 1730 corporis
2715 1660 3016 1727 constituti,
3046 1660 3158 1718 Deo
3183 1675 3400 1736 quoque
3419 1664 3795 1734 acceptissimi

495 1759 827 1816 deﬁnitionis
854 1757 1146 1821 sententia,
1189 1757 1492 1814 titubantes
1525 1773 1589 1814 ac
1614 1757 1808 1828 trepidi
1836 1758 2090 1814 tentatio-
2117 1749 2164 1809 B
2193 1753 2362 1810 fuisse
2391 1764 2722 1821 noscuntur;
2753 1770 2786 1810 e
2811 1755 3028 1812 diverso
3059 1755 3154 1827 qui
3179 1756 3267 1813 bis
3293 1757 3436 1813 male
3457 1759 3616 1815 abusi
3636 1770 3794 1827 sunt,

494 1851 653 1906 nibus
681 1864 1017 1914 moveamur,
1045 1864 1168 1904 cum
1217 1849 1422 1904 eisdem
1464 1863 1679 1919 quoque
1721 1863 1821 1905 nos
1865 1848 2091 1906 traditos

494 1941 808 2004 viderimus,
837 1939 921 1994 vel
963 1938 1387 1994 inconstantiam
1433 1937 1660 2004 scilicet,
1693 1938 1781 1995 vel
1821 1939 2092 1996 incuriam

494 2035 852 2087 humanarum
877 2045 1058 2086 rerum
1080 2029 1211 2096 Deo,
1235 2029 1380 2100 quod
1399 2029 1546 2084 dictu
1571 2044 1786 2100 quoque
1808 2029 1964 2086 nefas
1985 2038 2089 2098 est,

492 2125 834 2180 ascribentes
884 2142 896 2178 :
949 2123 1076 2194 quia
1109 2132 1330 2178 sanctos
1368 2123 1521 2178 vivos
1551 2132 1806 2194 recteque
1847 2124 2092 2181 viventes

493 2220 548 2273 in
576 2218 876 2274 tentatione
905 2231 1011 2271 non
1053 2223 1314 2287 protegat,
1351 2230 1450 2270 nec
1496 2215 1654 2271 bonis
1689 2231 1776 2281 ea,
1801 2231 1922 2286 quae
1949 2217 2089 2274 bona

489 2319 642 2375 sunt,
667 2324 769 2365 nec
796 2309 954 2365 malis
997 2309 1142 2364 mala
1193 2307 1461 2374 retribuat
1490 2307 1544 2362 in
1579 2309 1943 2377 prtesenti,.et
1965 2325 2090 2366 cum

491 2404 600 2460 illis
635 2401 883 2457 damnari
928 2414 1254 2467 mereamur,
1294 2415 1434 2470 quos
1480 2399 1785 2470 Sophonias
1828 2403 2092 2473 propheta

492 2494 765 2565 castigans
800 2511 813 2547 :
845 2493 935 2564 qui
957 2491 1162 2557 dicunt,
1190 2491 1387 2562 inquit,
1417 2491 1472 2546 in
1501 2491 1742 2546 cordibus
1788 2494 1918 2560 suis,
1965 2491 2091 2550 Non

493 2587 651 2656 faciet
678 2585 937 2640 Dominus
961 2583 1108 2648 bene,
1138 2582 1230 2636 sed
1257 2599 1420 2653 neque
1444 2582 1602 2652 faciet
1630 2583 1769 2638 male
1792 2583 1981 2656 (Saph.
2016 2585 2087 2658 ι);

492 2677 578 2732 vel
605 2683 754 2729 certe
778 2689 906 2752 cum
929 2672 1034 2729 illis
1064 2672 1421 2738 inveniamur,
1441 2673 1531 2742 qui
1575 2672 1881 2742 hujusmodi
1904 2676 2091 2744 queri-

493 2766 692 2822 moniis
729 2765 895 2821 Deum
922 2755 1330 2835 blasphemassc
1361 2763 1841 2830 dicuntur,0mnis
1867 2766 1960 2836 qui
2006 2767 2090 2822 fa-

492 2858 569 2912 cit
597 2856 820 2919 malum,
853 2854 1027 2911 bonus
1056 2864 1141 2911 est
1175 2855 1229 2910 in
1260 2863 1554 2926 conspectu
1601 2855 1836 2924 Domini,
1871 2867 1926 2914 et
1955 2859 2091 2916 tales

492 2950 543 3004 ei
576 2949 824 3020 placent;
847 2956 942 3003 aut
961 2957 1110 3003 certe
1131 2947 1222 3003 ubi
1249 2957 1334 3003 est
1353 2946 1494 3003 Deus
1507 2948 1769 3018 iustitiae?
1788 2949 1934 3006 illam
1956 2966 2091 3022 quo—

493 3055 598 3110 que
623 3037 1012 3110 blasphemiam
1038 3053 1158 3108 qua),
1187 3037 1240 3112 in
1262 3038 1718 3107 subsequentibus
1738 3040 2085 3109 describitur,

494 3129 750 3186 similiter
773 3130 1135 3201 adjungeutes
1189 3109 1219 3182 ε.
1247 3127 1425 3183 Vanus
1446 3139 1522 3182 est
1542 3129 1631 3199 qui
1653 3131 1805 3185 servit
1831 3131 1963 3199 Deo,
1999 3144 2090 3188 aut
2118 3103 2184 3168 θ’

495 3225 635 3294 quod
664 3222 1091 3285 emolumentum,
1114 3222 1238 3292 quia
1264 3221 1639 3276 custodivimus
1658 3234 1916 3293 pra'cepta
1938 3226 2054 3295 ejus
2071 3228 2096 3280 ?

492 3325 540 3368 et
561 3313 685 3384 quia
712 3311 1091 3366 ambularimus
1121 3310 1294 3366 tristes
1311 3310 1732 3366 coramDomino
1749 3313 1774 3365 ?
1795 3311 1953 3384 (Μαι.
1985 3315 2092 3388 ιιι.)

493 3405 636 3476 Ergo
664 3419 804 3460 nmie
831 3405 1022 3460 beatos
1044 3404 1277 3460 dicimus
1305 3412 1646 3476 arrogantes,
1675 3405 1722 3460 si
1754 3406 1972 3475 quidem
2016 3408 2094 3463 di-

493 3499 594 3554 tati
611 3505 737 3554 sunt
757 3495 1016 3552 facientes
1038 3496 1392 3567 impietatem,
1425 3504 1482 3550 et
1507 3503 1853 3551 tentaverunt
1876 3496 2015 3570 (sic),
2037 3505 2094 3552 et

493 3592 628 3648 salvi
667 3590 797 3646 facti
836 3599 981 3646 sunt.
1024 3590 1411 3659 Quamobrem,
1434 3589 2090 3662 uthancignorationcm,

493 3699 614 3753 qua:
641 3683 948 3754 pravissimi
971 3683 1130 3752 hujus
1152 3683 1355 3739 erroris
1394 3682 1549 3739 radix
1579 3691 1634 3739 et
1658 3698 1822 3739 causa
1844 3692 2090 3756 est,pos—

495 3776 666 3830 simus
693 3775 945 3839 evadere,
978 3775 1214 3846 primum
1260 3790 1420 3831 nosse
1461 3773 1740 3840 debemus,
1785 3775 1916 3846 quid
1961 3791 2092 3832 vere

494 3866 567 3920 sit
595 3866 820 3929 bonum,
845 3865 975 3935 quid
1004 3865 1228 3932 malum,
1255 3874 1310 3920 et
1335 3866 1410 3920 ita
1436 3865 1652 3921 demum
1677 3882 1842 3937 super
1871 3867 1955 3922 his
1982 3883 2092 3922 non

493 3955 690 4013 falsam
724 3956 891 4034 vulgi,
917 3957 1011 4012 sed
1056 3971 1238 4011 veram
1271 3955 1679 4028 Scripturarum
1725 3957 2091 4014 definitionem

496 4059 744 4108 tenentes
791 4049 1013 4104 minime
1065 4049 1362 4105 inﬁdelium
1426 4050 1706 4105 hominum
1759 4051 2093 4121 decipiemur

493 4158 700 4201 errore.
730 4141 856 4198 Tria
881 4149 1006 4198 sunt
1039 4141 1220 4196 omnia
1246 4157 1367 4212 qua:
1389 4142 1444 4196 in
1487 4141 1591 4198 hoc
1622 4143 1824 4198 mundo
1865 4152 2008 4208 sunt,
2038 4144 2092 4200 id

491 4245 593 4298 est,
624 4234 852 4297 bonum,
879 4231 1100 4302 malum,
1123 4231 1380 4287 medium.
1411 4232 1684 4289 Debe‘mus
1726 4234 1911 4304 itaque
1930 4249 2092 4291 nosse

491 4325 622 4395 quid
643 4322 857 4394 proprie
877 4320 1099 4385 bonum,
1116 4321 1245 4390 quid
1268 4321 1492 4387 malum,
1511 4322 1708 4394 quidve
1737 4323 2089 4390 sit'mcdium,

493 4427 554 4470 ut
581 4421 772 4469 nostra
817 4412 969 4476 ﬁdes,
1006 4426 1134 4466 vera
1164 4411 1389 4468 scientia
1418 4412 1768 4476 communita,
1799 4413 1852 4468 in
1882 4414 2091 4471 cunctis

491 4505 885 4566 tentationibus
931 4505 1254 4560 inconcussa
1317 4504 1599 4574 perduret.
1639 4503 1782 4561 Nihil
1827 4505 1990 4576 Igitur
2033 4506 2090 4562 in

494 4601 656 4656 rebus
683 4599 949 4654 duntaxat
987 4596 1241 4651 humanis
1282 4595 1583 4667 principale
1607 4597 1810 4652 bonum
1832 4611 1954 4654 esse
1973 4611 2093 4654 cre-

493 4691 731 4748 dendum
760 4697 867 4755 est,
898 4688 1004 4743 nisi
1033 4687 1206 4741 virtus
1229 4686 1393 4741 animi
1443 4687 1667 4759 solaque
1716 4687 1851 4745 ﬁdes
1876 4690 2091 4746 sincera

495 4798 595 4838 nos
621 4782 688 4838 ad
722 4781 904 4837 divina
954 4779 1274 4850 perducens,
1307 4777 1384 4834 illi
1432 4762 1755 4836 immutabili
1790 4781 1933 4837 bono
1962 4781 2095 4838 facit

489 4874 694 4946 iugiter
749 4874 1041 4937 inhaerere;
1084 4881 1138 4928 et
1182 4872 1674 4928 ceontrario-nihil
1722 4873 1921 4928 malum
1970 4887 2092 4930 esse

494 4964 785 5022 dicendum
809 4971 910 5028 est,
939 4963 1045 5042 nisi
1073 4972 1356 5034 peccatum
1379 4963 1572 5028 solum,
1596 4963 1739 5033 quod
1761 4980 1790 5018 a
1817 4964 1963 5021 bono
1983 4964 2094 5022 Dco

495 5072 594 5113 nos
624 5071 884 5128 separans
909 5055 1052 5111 malo
1075 5055 1290 5112 diabolo
1317 5054 1448 5110 facit
1483 5054 1744 5123 copulari.
1775 5054 1948 5111 Media
1968 5064 2095 5112 sunt

496 5161 618 5216 qua:
647 5149 788 5202 inter
815 5137 1102 5216 utramque
1131 5155 1343 5217 partem
1396 5161 1498 5216 pro
1527 5145 1724 5199 ali'cctu
1770 5154 1826 5200 et
1866 5145 2095 5202 arbitrio

500 5238 706 5293 utentis
729 5236 1013 5306 depravari
1041 5243 1286 5307 possunt,
1306 5245 1366 5290 ut
1387 5247 1536 5304 puta,
1579 5234 1804 5300 divitiae,
1829 5243 2092 5306 potestas,

500 5329 697 5390 honor,
724 5328 887 5382 robur
901 5328 1162 5398 corporis,
1188 5326 1414 5389 sanitas,
1431 5325 1800 5401 pulchritudo,
1821 5327 1932 5382 vita
1953 5329 2092 5398 ipsa,

501 5420 586 5473 vel
628 5436 792 5482 mors,
825 5428 1134 5490 paupertas,
1182 5418 1470 5473 inﬁrmitas
1515 5419 1716 5486 carnis,
1755 5418 1987 5489 injuriae,
2038 5430 2095 5478 et

502 5519 699 5566 etetera
728 5512 813 5567 his
837 5510 1058 5576 similia,
1086 5526 1205 5580 quae
1232 5525 1331 5580 pro
1352 5509 1615 5580 qualitate
1635 5520 1690 5566 et
1715 5511 1912 5568 affectu
1931 5522 2090 5569 uten-

502 5604 595 5664 tis.
628 5603 712 5658 vel
737 5603 804 5658 ad
833 5604 1028 5658 bonam
1057 5609 1284 5672 possunt
1326 5609 1536 5671 partem
1565 5603 1851 5672 proﬁcere,
1892 5604 1976 5659 vel
2023 5605 2092 5661 ad

505 5695 723 5752 malam.
776 5694 911 5748 Nam
974 5703 1029 5748 ct
1077 5694 1275 5750 divitia:
1325 5694 1614 5764 proﬁciunt
1667 5696 1982 5766 frequenter
2023 5699 2091 5755 ad

2195 1857 2252 1904 et
2278 1864 2343 1904 ea
2367 1849 2435 1904 ad
2459 1847 2821 1904 ministerium
2851 1864 2963 1906 suae
2987 1849 3244 1920 nequitiae
3269 1849 3640 1919 detorserant,
3677 1867 3798 1910 non

2195 1941 2468 1996 immerito
2487 1939 2573 1994 vel
2593 1940 2765 2010 puniti
2788 1939 2937 2008 sunt,
2957 1941 3044 1995 vel
3065 1941 3340 2008 exstincti,
3365 1941 3510 2014 quod
3533 1942 3798 2015 frequen—

2197 2041 2280 2087 ter
2301 2030 2610 2103 Regnorum
2640 2031 2779 2086 liber
2815 2031 3020 2088 indicat
3065 2031 3292 2088 factum.
3336 2031 3416 2088 De
3462 2034 3579 2104 ipsa
3623 2035 3799 2091 etiam

2194 2133 2372 2179 morte
2405 2139 2471 2179 ac
2491 2123 2624 2190 vita,
2647 2123 2775 2194 quia
2805 2123 2998 2194 media}
3037 2133 3184 2190 sunt,
3211 2124 3296 2179 vel
3330 2125 3506 2182 sancti
3538 2123 3796 2194 Joannis,

2193 2213 2279 2268 vel
2299 2213 2451 2270 Iudas
2477 2215 2732 2271 nativitas
2752 2213 3087 2286 protestat‘ur
3104 2235 3116 2270 :
3136 2216 3295 2273 unius
3317 2231 3555 2288 namque
3581 2218 3637 2274 in
3664 2226 3798 2275 tan-

2196 2313 2309 2362 tum
2355 2306 2577 2362 sibimet
2611 2307 2722 2363 vita
2750 2307 2975 2378 profuit,
3011 2316 3071 2365 ut
3107 2309 3228 2366 aliis
3273 2324 3494 2381 quoque
3531 2309 3797 2381 gaudium

2195 2408 2346 2456 ortus
2368 2398 2487 2469 ejus
2517 2399 2812 2457 contulisse
2847 2402 3081 2469 dicatur,
3129 2401 3430 2459 secundum
3471 2400 3606 2458 illud
3655 2419 3670 2456 :
3718 2401 3796 2456 Et

2195 2489 2344 2545 multi
2385 2507 2541 2562 super
2581 2492 2848 2548 nativitate
2894 2493 3010 2564 ejus
3055 2493 3357 2565 gaudebunt
3397 2490 3551 2565 (Luc.
3596 2490 3663 2564 ι).
3709 2490 3799 2548 De

2194 2583 2421 2639 alterius
2443 2599 2574 2640 vero
2597 2585 2794 2641 dicitur
2821 2585 2973 2641 vita:
3023 2586 3230 2642 Bonum
3258 2596 3370 2641 erat
3418 2585 3486 2650 ei,
3534 2585 3584 2640 si
3633 2594 3798 2641 natu

2195 2689 2299 2728 non
2323 2673 2507 2743 [uisset
2539 2674 2694 2728 homo
2717 2674 2808 2730 ille
2833 2675 3051 2746 (Matth.
3105 2691 3269 2743 xxvr;
3311 2673 3486 2730 Marc.
3530 2675 3669 2748 xw).
3709 2674 3799 2732 De

2195 2777 2369 2824 morte
2383 2768 2545 2824 etiam
2573 2768 2819 2838 Joannis,
2840 2770 3193 2841 omniumque
3213 2776 3526 2825 sanctorum
3546 2767 3751 2826 dicitur
3777 2783 3796 2822 :

2196 2860 2439 2918 Pretiosa
2464 2864 2522 2917 in
2554 2873 2831 2935 conspectu
2876 2863 3112 2930 Domini,
3154 2879 3295 2918 mors
3319 2874 3625 2918 sanctorum
3671 2862 3797 2933 ejus

2195 2952 2371 3027 (Psal.
2399 2955 2546 3026 cxv).
2586 2955 2664 3009 De
2690 2955 2842 3012 Judm
2868 2965 3049 3012 autem
3094 2970 3160 3012 ac
3201 2954 3481 3022 similium,
3509 2971 3651 3010 mors
3678 2971 3800 3026 pec—

2194 3057 2431 3102 catorum
2450 3047 2673 3117 pessima
2695 3045 2868 3120 (Psal.
2897 3048 3116 3120 χχχιιι).
3145 3047 3439 3104 Inﬁrmitas
3463 3047 3631 3103 etiam
3657 3061 3793 3104 car-

2195 3139 2282 3194 nis
2309 3139 2576 3195 interdum
2605 3155 2766 3210 quam
2799 3141 2872 3196 sit
2895 3140 3200 3204 commoda,
3235 3138 3424 3194 Lazari
3455 3139 3626 3212 ipsius
3648 3153 3796 3210 pau-

2194 3229 2340 3298 peris
2365 3229 2598 3286 ulcerosi
2628 3229 2908 3286 beatitudo
2927 3229 3288 3296 demonstrat,
3315 3227 3470 3298 cujus
3489 3243 3616 3284 cum
3642 3227 3797 3284 nulla

2193 3323 2298 3378 alia
2321 3323 2582 3378 virtutum
2606 3324 2797 3379 merita
2819 3323 3100 3394 Scriptura
3119 3329 3509 3379 commemoret
3528 3319 3684 3392 (Luc.
3705 3319 3795 3393 ι),

2191 3432 2290 3488 pro
2304 3417 2406 3472 hoc
2431 3415 2546 3472 solo
2571 3415 2716 3486 quod
2748 3424 3046 3488 egestatem
3072 3423 3126 3471 et
3150 3415 3519 3470 inﬁrmitatem
3543 3413 3799 3484 corporis

2191 3513 2589 3584 patientissime
2647 3512 2913 3577 toleravit,
2973 3513 3156 3570 sinum
3219 3512 3452 3568 Abrahze
3508 3511 3798 3584 possidere

2192 3605 2502 3662 beatissima
2527 3614 2674 3662 sorte
2705 3607 3027 3676 promeruit.
3078 3605 3301 3678 Egestas
3325 3619 3540 3676 quoque
3561 3618 3626 3660 ac
3659 3617 3794 3674 per—

2193 3697 2500 3754 secutiones
2543 3704 2600 3751 et
2638 3695 2872 3766 injuriae,
2922 3711 3043 3767 quae
3085 3696 3230 3752 mala
3279 3710 3401 3751 esse
3427 3695 3592 3750 totius
3639 3692 3794 3766 vulgi

2192 3791 2444 3861 Opinione
2471 3797 2784 3856 censentur,
2813 3804 2975 3859 quam
3014 3788 3124 3845 sint
3163 3788 3326 3844 utiles
3353 3773 3418 3862 ac
3464 3783 3794 3843 necessaria:

2191 3882 2358 3938 etiam
2385 3897 2452 3938 ex
2484 3881 2589 3937 hoc
2617 3881 2822 3952 liquido
2851 3882 3255 3952 comprobatur,
3281 3880 3426 3952 quod
3475 3880 3648 3936 sancti
3683 3879 3792 3935 viri

2191 3988 2300 4030 non
2316 3974 2491 4029 solum
2513 3987 2608 4028 eas
2619 3987 2896 4042 nunquam
2916 3972 3090 4027 vitare
3108 3971 3413 4036 voluerunt,
3430 3969 3793 4026 verumetiatn

2191 4066 2391 4121 virtute
2420 4077 2633 4119 summa
2654 4063 2740 4119 vel
2770 4071 3110 4134 appetentes,
3132 4061 3217 4118 vel
3245 4061 3461 4118 fortiter
3493 4059 3791 4118 tolerantes

2192 4156 2366 4212 amici
2401 4155 2496 4209 Dei
2523 4153 2725 4219 effecti,
2755 4161 2973 4209 aeterna:
2996 4155 3122 4208 vitae
3151 4151 3418 4222 stipendia
3444 4160 3571 4208 sunt
3597 4165 3794 4208 conse-

2193 4248 2324 4310 cuti,
2350 4247 2511 4302 beato
2533 4245 2793 4316 Apostolo
2812 4242 3171 4301 concinente:
3201 4241 3426 4314 Propter
3446 4243 3586 4314 quod
3607 4241 3792 4313 placeo

2191 4337 2322 4392 mihi
2355 4337 2410 4390 in
2444 4335 2838 4405 inﬁrmitatibus
2879 4335 2963 4407 (II
2994 4335 3117 4390 Cor.
3163 4337 3289 4408 xu),
3336 4335 3390 4389 in
3415 4333 3790 4401 contumeliis,

2194 4425 2250 4480 in
2276 4425 2713 4491 necessitatibus,
2741 4425 2795 4480 in
2820 4423 3306 4496 perseeutionibus,
3326 4423 3380 4478 in
3406 4423 3670 4494 angustiis
3688 4437 3794 4494 pro

2195 4519 2411 4576 Christo
2459 4517 2593 4573 Cum
2635 4518 2774 4572 enim
2799 4518 3064 4587 inﬁrmor,
3104 4528 3227 4570 tunc
3269 4524 3451 4587 potens
3488 4531 3624 4578 sum,
3657 4514 3790 4585 quia

2193 4611 2357 4665 virtus
2403 4609 2458 4663 in
2504 4607 2811 4678 inﬁrmitate
2858 4607 3166 4678 perﬁcitur;
3194 4613 3250 4660 et
3301 4604 3507 4660 idcirco
3538 4604 3640 4670 illi,
3691 4604 3788 4675 qui

2196 4699 2424 4758 summis
2450 4699 2631 4757 steeuli
2667 4698 2830 4770 hujus
2862 4699 3084 4765 divitiis,
3106 4707 3163 4752 et
3188 4697 3509 4764 honoribus,
3541 4711 3608 4754 ac
3631 4704 3791 4768 pote—

2194 4791 2424 4850 statibus
2469 4789 2822 4854 extolluntur,
2863 4803 2972 4844 non
3002 4803 3068 4843 ex
3113 4789 3198 4844 his
3231 4788 3532 4858 principale
3580 4789 3790 4844 bonum

2196 4881 2494 4937 obtinuisse
2527 4880 2782 4936 credendi
2809 4887 2958 4944 sunt,
2987 4881 3130 4950 quod
3162 4881 3215 4934 in
3252 4871 3384 4935 sﬁlis
3411 4893 3534 4934 esse
3571 4879 3792 4934 virtuti-

2196 4971 2298 5026 bus
2356 4971 2630 5035 deﬁnitur,
2687 4970 2784 5025 sed
2837 4969 3073 5025 medium
3121 4969 3379 5040 quiddam
3421 4987 3436 5022 :
3486 4969 3613 5038 quia
3645 4969 3793 5026 sicut

2187 5063 2354 5134 justis
2378 5079 2442 5118 ac
2471 5063 2540 5118 ad
2565 5063 2873 5119 necessaria
2899 5062 3174 5118 utentibus
3199 5063 3352 5118 utilia
3394 5062 3511 5118 haec
3543 5077 3666 5118 esse
3695 5078 3789 5119 re—

2195 5158 2501 5228 periuntur,
2525 5164 2580 5212 et
2604 5155 2886 5212 commoda
2903 5195 2919 5221 ,
2944 5155 3287 5211 occasionem
3317 5169 3555 5224 namque
3602 5153 3792 5224 operis

2194 5247 2321 5304 boni
2356 5247 2672 5318 fructusque
2700 5247 2756 5302 in
2793 5246 2940 5302 illius
2972 5247 3097 5303 vitae
3125 5247 3436 5318 parturiunt
3457 5247 3787 5311 aeternitate,

2197 5340 2272 5394 ita
2288 5338 2395 5393 illis
2418 5338 2510 5409 qui
2537 5337 2678 5394 male
2698 5338 2891 5408 opibus
2909 5338 3207 5402 abutuntur
3230 5337 3449 5394 inutiles
3471 5345 3790 5408 suntatque

2197 5427 2572 5493 incommodae,
2594 5429 3001 5485 etoccasionem
3023 5429 3230 5499 peccati
3247 5429 3545 5499 mortisque
3560 5428 3788 5484 concin-

2195 5526 2340 5572 nant.
2364 5517 2521 5572 Nunc
2536 5528 2712 5573 autem
2725 5518 2964 5574 Christus
2992 5516 3275 5573 resurrern't
3300 5537 3333 5572 a
3354 5518 3575 5574 mortuis
3595 5516 3787 5590 primi-

2192 5609 2280 5662 tia:
2308 5609 2698 5674 dormientium,
2718 5610 2965 5679 quoniam
2988 5609 3196 5676 quidem
3219 5625 3312 5679 per
3335 5609 3596 5664 hominem
3617 5622 3787 5672 mors,

2193 5711 2240 5754 et
2265 5717 2353 5755 uer
2385 5701 2644 5757 hominem
2673 5704 2980 5758 resurrectio
3021 5712 3364 5757 mortuorum.
3401 5691 3639 5774 (Ambn)
3666 5700 3786 5758 Hoc
