4082 6332
244 503 351 564 “5

774 489 1321 553 ENARRATIONUM
1357 489 1424 547 ΙΝ
1461 488 1609 544 EPP.
1652 483 1856 542 PAULI
1896 481 2020 536 LIB.
2059 479 2148 535 XI.
2190 510 2258 519 —
2297 476 2361 533 ΙΝ
2399 475 2612 532 EPIST.
2653 475 2673 529 ι
2713 473 2802 529 AD
2837 471 2993 530 COR.

3388 465 3486 520 146

240 621 433 678 dicens
462 615 633 688 tangit
656 613 1172 685 pseudoprophetas,
1204 611 1296 680 qui
1327 607 1601 664 Christum
1627 611 1812 659 natum

1927 618 2078 672 sebub
2145 617 2376 686 principe
2427 613 2808 667 dccmoniorum
2867 610 2951 662 hic
3016 606 3164 676 ejecit
3227 604 3487 658 dtemones

241 707 534 780 negabant,
569 719 633 761 ac
661 719 754 775 per
781 702 885 757 hoc
906 716 1012 756 non
1041 698 1402 755 resurrexisse
1427 708 1664 757 carnem,
1693 691 1818 761 quia

239 801 336 870 qui
367 807 527 853 natus
555 811 662 852 non
707 804 810 859 est,
847 807 949 848 nec
994 790 1240 846 moritur.
1273 787 1363 844 Sic
1406 794 1583 841 autem
1626 783 1820 853 probat

240 892 523 948 Christum
578 885 940 944 resurrexisse
979 897 1011 937 a
1049 881 1295 946 mortuis,
1318 879 1446 951 quia
1487 879 1648 933 homo
1697 875 1819 940 fuit,

241 991 305 1038 ut
324 981 547 1039 dubium
576 994 679 1034 non
707 975 1071 1054 sitohominem
1097 990 1128 1028 a
1155 973 1265 1028 Deo
1309 987 1340 1025 a
1374 969 1600 1026 mortuis
1621 967 1822 1023 excita-

241 1080 380 1134 tum,
411 1079 472 1123 ut
511 1068 635 1137 quia
675 1073 905 1134 peccato
951 1063 1182 1119 hominis
1233 1076 1379 1116 mors
1437 1060 1655 1136 inventa
1713 1065 1820 1122 est,

240 1159 448 1214 Christi
464 1157 672 1229 justitia
691 1154 1148 1210 resurrectionem
1178 1151 1441 1207 meruerit
1461 1158 1820 1204 mortuorum.

317 1248 467 1304 Sicut
510 1248 648 1302 enim
690 1246 746 1300 in
791 1245 961 1298 Adam
1003 1259 1179 1298 omnes
1229 1242 1549 1308 moriuntur,
1579 1241 1654 1294 ita
1689 1250 1735 1294 et
1767 1240 1822 1294 in

241 1338 456 1392 Christo
497 1352 673 1390 omnes
721 1334 1132 1402 viviﬁcabuntur.
1179 1332 1293 1388 Hoc
1331 1331 1488 1397 dicit,
1519 1331 1644 1401 quia
1685 1330 1825 1385 sicut

242 1427 419 1482 Adam
455 1440 684 1496 peccans
721 1431 949 1479 mortem
991 1424 1228 1488 invenit,
1273 1432 1329 1478 et
1373 1437 1563 1477 omnes
1598 1436 1665 1476 ex
1705 1419 1822 1489 ejus

243 1520 458 1590 origine
487 1517 658 1574 tenuit
697 1525 757 1571 ut
794 1514 1175 1578 dissolvantur,
1217 1513 1294 1568 ita
1332 1521 1384 1568 et
1427 1511 1674 1568 Christus
1715 1526 1820 1565 non

240 1625 480 1682 peccans
523 1617 580 1664 et
621 1623 719 1679 per
756 1608 858 1662 hoc
902 1606 1121 1661 vincens
1162 1614 1410 1671 mortem,
1442 1605 1567 1674 quia
1595 1605 1686 1676 qui
1715 1620 1822 1660 non

242 1710 455 1773 peccat,
486 1701 654 1756 vincit
678 1707 928 1764 mortem,
955 1697 1082 1768 quia
1106 1713 1254 1752 mors
1275 1713 1342 1752 ex
1365 1705 1587 1766 peccato
1604 1737 1619 1762 ,
1648 1695 1823 1751 omni-

241 1794 348 1849 bus
383 1793 478 1863 qui
504 1797 629 1848 sunt
671 1800 738 1845 ex
777 1786 895 1856 ejus
932 1801 1162 1858 corpore
1202 1787 1491 1858 acquisivit
1532 1787 1732 1850 vitam,
1767 1785 1822 1842 id

241 1891 332 1939 est
380 1880 849 1936 resurrectionem.
899 1877 1157 1958 Quamvis
1203 1891 1334 1947 ergo
1385 1875 1687 1946 generalem
1727 1875 1823 1930 tri-

1921 707 2072 779 (Luc.
2103 707 2200 779 χι).
2253 706 2386 761 Nam
2428 712 2664 760 rectores
2723 701 3068 756 tenebrarum
3125 695 3348 767 legimus
3391 707 3488 764 ap-

1920 798 2132 868 pellari,
2159 806 2215 853 ct
2243 796 2407 851 alium
2439 795 2620 849 mundi
2649 792 2806 860 hujus
2833 791 3132 862 principem
3170 787 3510 858 nuncupari,

1921 901 2056 958 quos
2083 897 2262 941 tamen
2284 885 2483 955 gradus
2502 884 2690 938 beatus
2715 881 3000 950 Apostolus
3023 881 3075 934 in
3101 878 3340 932 futurum
3368 892 3490 932 cum

1921 977 2101 1032 omnia
2128 975 2326 1030 fuerint
2362 974 2580 1030 Christo
2609 971 2847 1040 subjecta
2877 970 3075 1025 asserit
3099 967 3437 1023 evacuandos
3477 985 3486 1017 :

1922 1067 2056 1124 Cum
2089 1067 2387 1132 tradiderit,
2410 1065 2676 1134 inquiens,
2705 1079 2916 1133 regnum
2951 1062 3058 1117 Deo
3097 1071 3146 1116 et
3175 1058 3345 1125 Patri,
3376 1075 3492 1113 cum

1921 1157 2241 1214 evacuaverit
2264 1172 2466 1210 omnem
2488 1155 2857 1225 principatum,
2897 1163 2942 1207 et
2969 1161 3270 1223 potestatem
3315 1159 3362 1204 et
3401 1151 3495 1202 do-

1923 1247 2279 1300 minationem.
2305 1244 2457 1312 Quod
2497 1244 2680 1312 utique
2708 1259 2814 1297 non
2837 1243 2993 1296 aliter
3036 1242 3124 1306 iit,
3158 1240 3260 1294 nisi
3297 1239 3497 1293 fuerint

1922 1336 1989 1392 de
2017 1335 2254 1406 ipsorum
2275 1335 2476 1389 ditione
2500 1333 2718 1400 sublati,
2741 1349 2899 1403 supra
2923 1347 3058 1402 quos
3085 1333 3137 1386 in
3167 1332 3273 1386 hoc
3299 1330 3496 1386 saeculo

1922 1433 2240 1495 potestates,
2270 1440 2364 1480 seu
2406 1423 2823 1488 dominationes,
2851 1423 2929 1477 vel
2961 1422 3301 1492 principatus
3327 1421 3498 1475 admi-

1924 1520 2157 1575 nistrare
2184 1527 2502 1574 noscuntur.

1995 1609 2206 1680 Oportet
2254 1619 2427 1664 autem
2453 1606 2602 1662 idum
2633 1625 2883 1678 regnare,
2931 1609 3091 1662 donec
3133 1615 3292 1676 ponat
3321 1622 3495 1660 onnws
3551 1633 3554 1636 ~

1921 1701 2161 1754 inimicos
2189 1700 2283 1754 sub
2330 1699 2545 1770 pedibus
2577 1699 2711 1769 ejus.
2746 1698 3045 1754 Nouissima
3075 1708 3248 1752 autem
3287 1697 3500 1750 inimica

1921 1790 2216 1844 destruetur
2258 1806 2427 1854 mors;
2473 1789 2650 1843 omnia
2691 1788 2829 1842 enim
2872 1776 3092 1858 subjecit
3139 1785 3233 1841 sub
3286 1785 3500 1856 pedibus

1926 1881 2061 1952 ejus.
2079 1880 2328 1953 ‘(Ambr.)
2357 1880 2468 1935 Hoc
2507 1879 2658 1946 dicit,
2684 1879 2811 1949 quia
2835 1879 3035 1934 tradito
3057 1893 3224 1948 regno
3250 1876 3372 1932 finis
3397 1877 3505 1932 erit

241 1972 427 2029 buerit
451 1968 900 2026 resurrectionem
919 2007 934 2032 ,
962 1974 1022 2022 ut
1042 1967 1181 2022 sicut
1207 1966 1262 2020 in
1285 1967 1454 2020 Adam
1475 1981 1682 2032 omnes,
1709 1966 1821 2021 sive
1849 1971 1897 2031 B
1925 1971 2136 2037 mundi,
2170 1971 2391 2040 impleta
2427 1969 2846 2035 resurrectione,
2876 1969 3021 2038 quod
3063 1967 3282 2037 quidam
3326 1967 3503 2022 territi

236 2063 377 2136 justi
420 2063 534 2118 sive
576 2059 792 2131 injusti,
838 2057 1160 2124 moriuntur,
1194 2057 1266 2112 ita
1295 2065 1349 2112 ct
1381 2057 1435 2111 in
1469 2056 1684 2112 Christo
1711 2065 1822 2112 tam

239 2170 438 2213 omnes
462 2153 774 2217 credentes,
802 2165 967 2222 quam
1007 2149 1305 2206 difﬁdentes
1347 2158 1660 2222 resurgant,
1698 2145 1826 2206 licet

240 2249 311 2306 ad
340 2262 558 2320 poenam
586 2244 881 2310 increduli;
916 2253 1095 2300 tamen
1119 2243 1376 2298 viviﬁcari
1409 2242 1675 2309 videntur,
1697 2243 1823 2313 quia

242 2356 480 2412 corpora
510 2354 604 2402 sua
635 2339 919 2408 recipient,
934 2335 1046 2406 jam
1073 2351 1177 2390 non
1203 2336 1471 2403 morituri,
1495 2336 1590 2392 sed
1613 2335 1823 2406 passuri

235 2446 460 2506 pmnam
496 2431 549 2486 in
593 2431 676 2486 eis
722 2429 840 2484 sine
888 2427 1024 2492 ﬁne,
1067 2426 1210 2495 quod
1242 2426 1463 2481 credere
1515 2425 1818 2480 noluerunt.

241 2521 428 2594 (Aug.)
458 2520 604 2576 Sicut
632 2520 688 2574 in
716 2519 906 2582 Adam,
933 2517 1138 2587 inquit,
1167 2533 1343 2573 omnes
1381 2516 1708 2579 moriuntur,
1747 2515 1822 2568 ita

240 2623 290 2670 et
309 2615 366 2668 in
388 2612 598 2668 Christo
621 2627 796 2666 omnes
819 2608 1235 2678 viviﬁcabuntur.
1257 2607 1392 2674 Quia
1415 2607 1553 2661 sicut
1575 2607 1628 2660 in
1657 2619 1821 2675 regno

241 2705 434 2759 mortis
475 2716 636 2761 nemo
674 2701 790 2758 sine
826 2699 1032 2763 Adam,
1073 2700 1148 2753 ita
1199 2699 1251 2752 in
1295 2712 1460 2766 regno
1510 2697 1634 2751 vitm
1662 2712 1822 2752 nemo

239 2797 362 2854 sine
385 2793 642 2859 Christo;
675 2792 815 2847 sicut
838 2806 936 2862 per
953 2791 1123 2846 Adam
1149 2789 1392 2844 homines
1413 2829 1428 2853 ,
1451 2789 1523 2842 ita
1551 2803 1647 2858 per
1668 2786 1824 2842 Chri-

239 2897 386 2948 stum
410 2900 603 2943 omnes
625 2884 757 2956 justi
786 2883 1065 2948 homines;
1110 2883 1252 2937 sicut
1289 2897 1386 2953 per
1426 2879 1594 2936 Adam
1631 2894 1828 2935 omnes.

241 2963 522 3036 mortales.
545 2976 601 3032 in
638 2989 801 3046 poena
833 2973 958 3028 facti
985 2980 1113 3028 sunt
1149 2971 1244 3025 ﬁlii
1285 2970 1497 3035 saaeuli,
1532 2969 1603 3023 ita
1635 2977 1689 3023 et
1725 2983 1823 3038 per

240 3068 520 3126 Christum
545 3079 735 3120 omnes
761 3062 1095 3118 immortales
1119 3061 1255 3116 ﬁunt
1277 3063 1330 3116 in
1356 3061 1528 3133 gratia
1559 3059 1678 3114 Filii
1703 3059 1817 3114 Dei.

239 3156 612 3228 Unusquisque
656 3161 831 3210 autem
876 3153 932 3208 in
969 3168 1064 3207 suo
1116 3150 1317 3206 ordine.
1373 3147 1608 3222 (Ambr.)
1671 3147 1822 3204 Nunc

238 3248 462 3305 ordines
525 3242 940 3302 resurrectionis
1007 3240 1124 3296 vult
1181 3255 1449 3312 exponere
1482 3281 1496 3305 ,
1569 3254 1637 3294 ne
1701 3239 1822 3294 ideo

1926 2064 2218 2134 asperitate
2241 2062 2530 2128 sermonis,
2567 2062 2694 2117 dum
2734 2060 2893 2132 quasi
2932 2061 3020 2130 pie
3047 2059 3232 2114 volunt
3275 2059 3502 2123 sentire,

1925 2168 1956 2208 a
1975 2152 2302 2224 proprietate
2328 2164 2517 2206 sensus
2540 2148 2842 2216 declinant;
2880 2149 3108 2204 horrent
3136 2146 3280 2202 enim
3310 2161 3504 2202 somnn

1924 2247 2072 2303 verbi
2093 2245 2398 2301 audientes:
2430 2263 2449 2297 ί
2483 2260 2606 2300 cum
2630 2244 2910 2300 tradiderit
2936 2259 3162 2315 regnum
3187 2243 3298 2297 Deo
3319 2251 3374 2297 et
3399 2241 3504 2296 Pa-

1923 2339 2014 2405 tri,
2039 2358 2056 2392 ι
2081 2345 2331 2410 putantes
2355 2337 2860 2395 traditionem’hanc
2882 2336 3056 2408 regni,
3073 2335 3119 2391 si
3138 2335 3291 2406 juxta
3315 2349 3509 2391 sonum

1923 2430 2073 2485 verbi
2123 2429 2468 2500 intelligatur,
2518 2442 2745 2483 vacuam
2797 2440 3098 2492 remanere,
3142 2425 3272 2480 utsi
3319 2422 3506 2486 tradit,

1918 2520 2030 2591 jam
2070 2520 2183 2590 ipse
2235 2535 2342 2573 non
2378 2515 2598 2584 habeat,
2649 2517 2804 2588 quasi
2851 2515 3015 2572 Pater
3056 2515 3274 2571 tradens
3327 2515 3509 2570 omnia

1924 2610 2057 2666 Filio
2079 2611 2422 2667 evacuaverit
2448 2624 2526 2667 se.
2557 2609 2691 2664 Nam
2717 2610 2830 2679 ipse
2852 2608 3112 2664 Dominus
3161 2608 3238 2662 ait
3272 2626 3284 2661 :
3315 2606 3509 2662 Omnia

1921 2706 2049 2759 mihi
2093 2706 2288 2759 tradita
2329 2714 2464 2759 sunt
2492 2721 2525 2758 α
2575 2701 2737 2758 Patre
2765 2718 2879 2757 meo
2920 2693 3092 2774 (Luc.
3135 2716 3168 2755 ι
3193 2701 3231 2772 ).
3287 2699 3354 2754 Et
3387 2706 3510 2768 post

1921 2810 1985 2851 ea
2029 2795 2206 2851 :Ilwc
2253 2805 2328 2851 est
2377 2806 2587 2862 autem,
2638 2795 2817 2866 inquit
2837 2803 2863 2860 ‘,
2891 2795 2996 2849 vita
3049 2802 3268 2857 (eterna,
3321 2801 3376 2844 ut
3418 2806 3504 2844 co-

1921 2895 2170 2958 gnoscant
2201 2897 2248 2940 te
2269 2885 2440 2940 solun:
2465 2897 2511 2940 et
2540 2901 2716 2940 verum
2735 2884 2928 2949 Deum,
2955 2892 3003 2938 et
3025 2898 3177 2953 quem
3202 2880 3390 2936 misisti
3417 2879 3508 2934 Je-

1921 2997 2042 3036 sum
2091 2977 2356 3034 Christum
2408 2976 2602 3050 (Joan.
2638 2975 2806 3045 xvu).
2865 2975 3006 3054 Ecce
3060 2981 3320 3044 regnante
3369 2971 3509 3026 Filio

1923 3079 2112 3140 regnat
2145 3079 2200 3127 et
2225 3071 2407 3126 Pater.
2450 3070 2732 3138 Quomodo
2778 3076 2960 3125 autem
3015 3067 3234 3123 tradens
3283 3080 3511 3137 regnum

1923 3165 2091 3221 Filius
2116 3178 2383 3220 evacuare
2407 3179 2465 3219 se
2493 3163 2830 3228 crederetur,
2855 3177 2976 3217 cum
3007 3160 3155 3216 dicat
3191 3157 3411 3231 angelus
3437 3159 3506 3214 ad

1927 3253 2188 3310 Mariam:
2227 3253 2296 3308 Et
2332 3253 2475 3308 dabit
2519 3251 2597 3306 illi
2622 3251 2879 3307 Dominus
2918 3249 3058 3305 Deus
3111 3252 3282 3309 sedem
3339 3249 3512 3304 David

241 3343 502 3410 putarent
535 3332 838 3389 fabulosum
872 3347 993 3388 esse
1017 3372 1032 3398 ,
1068 3331 1192 3401 quia
1239 3307 1439 3386 factum
1488 3329 1664 3386 adhuc
1715 3344 1821 3384 non

1927 3347 2088 3415 patris
2128 3346 2234 3410 sui,
2277 3355 2324 3400 et
2372 3343 2608 3416 regnabit
2655 3343 2710 3398 in
2754 3343 2909 3396 domo
2929 3339 3096 3395 Jacob
3144 3341 3198 3394 in
3226 3349 3502 3403 retentum,

241 3433 326 3483 est
377 3428 435 3480 in
483 3422 715 3489 caeteris,
760 3421 982 3478 ordines
1028 3421 1132 3476 illis
1178 3421 1432 3490 exponit,
1469 3428 1524 3476 et
1560 3429 1823 3490 tempora,

243 3516 464 3589 quando
507 3512 709 3568 factum
743 3513 833 3578 sit,
879 3519 936 3567 et
972 3511 1184 3581 quando
1227 3510 1464 3566 futurum
1501 3519 1611 3576 est,
1652 3519 1713 3564 ut
1743 3525 1827 3565 re-

243 3614 472 3677 surgant
497 3604 718 3660 mortui.
758 3602 1013 3656 Primitia:
1043 3600 1300 3656 Christus.
1331 3601 1482 3657 Sicut
1511 3610 1564 3657 et
1595 3602 1649 3656 in
1680 3600 1827 3656 Aeti-

245 3696 346 3751 bus
389 3693 757 3765 apostolorum
805 3699 1033 3748 testatur
1071 3692 1332 3762 seriptum
1373 3706 1494 3748 esse
1545 3692 1600 3746 in
1649 3690 1828 3762 Moyse

245 3784 304 3840 Si
335 3784 608 3855 passibilis
627 3782 896 3847 Christus,
918 3781 961 3836 si
991 3781 1140 3852 prior
1167 3796 1394 3851 surgens
1416 3795 1483 3836 ex
1505 3779 1751 3845 mortuis,
1773 3787 1829 3836 et

243 3882 467 3931 caetera.
498 3873 656 3928 Prior
681 3887 809 3944 ergo
840 3872 1170 3936 resurrexit,
1221 3879 1284 3924 ut
1326 3871 1500 3924 forma
1529 3869 1681 3924 ﬁeret
1710 3881 1827 3923 cre-

244 3966 504 4022 dentibus
527 3964 650 4020 sibi.
682 3962 884 4018 Deinde
907 3961 962 4016 hi
985 3962 1074 4032 qui
1098 3970 1220 4016 sunt
1259 3958 1486 4024 Christi,
1513 3960 1602 4030 qui
1635 3959 1690 4012 in
1726 3957 1825 4011 ad-

247 4065 400 4110 ventu
429 4055 546 4125 ejus
571 4053 924 4108 crediderunt.
952 4051 1065 4107 Hoc
1093 4050 1292 4122 duplici
1335 4050 1494 4105 modo
1523 4048 1826 4119 intelligen-

247 4146 399 4210 dum,
416 4144 545 4214 quia
563 4144 684 4199 etin
707 4142 939 4198 adventu
959 4140 1076 4211 ejus
1095 4141 1332 4196 secundo
1352 4143 1522 4196 sancti
1546 4146 1830 4210 resurgent

242 4236 396 4307 juxta
437 4236 602 4292 ﬁdem
632 4235 980 4307 Apocalypsis
1017 4233 1275 4300 Joannis,
1318 4233 1460 4289 sicut
1486 4241 1541 4287 et
1569 4233 1622 4287 in
1655 4232 1830 4302 primo

249 4330 490 4385 adventu
518 4343 642 4384 eum
670 4327 924 4392 surrexit,
953 4324 1121 4380 multa
1146 4339 1372 4394 corpora
1401 4333 1710 4380 sanctorum
1747 4337 1830 4378 re-

251 4425 609 4476 surrexerunt
637 4418 703 4473 ad
731 4415 1174 4486 protestationem
1200 4416 1389 4470 evicta:
1409 4414 1598 4470 mortis
1620 4429 1684 4468 ac
1709 4428 1830 4484 spo-

249 4510 416 4566 liatte.
434 4509 549 4565 Sub
568 4523 675 4563 una
695 4522 824 4578 ergo
841 4506 1234 4577 significatione
1251 4505 1518 4578 duplicem
1540 4505 1830 4561 adventum

249 4597 465 4655 Domini
493 4596 921 4668 comprehendit.

318 4711 524 4766 Deinde
548 4711 692 4779 ﬁnis,
717 4727 834 4766 cum
857 4709 1132 4765 tradiderit
1176 4727 1389 4782 regnum
1427 4710 1534 4766 Deo
1565 4721 1613 4767 et
1651 4709 1830 4779 Patri,

247 4815 370 4856 cum
391 4801 718 4854 evacuaverit
741 4815 943 4854 omnem
966 4801 1313 4870 principatum
1333 4841 1346 4865 ,
1366 4812 1412 4854 et
1432 4811 1830 4874 potestatem,_et

248 4891 683 4945 dominationem.
714 4879 934 4962 fCass.)
969 4890 1173 4947 Idcirco
1207 4891 1313 4947 dici
1344 4892 1696 4962 principatus,
1745 4895 1830 4949 vel

249 4989 570 5050 potestates,
597 4980 831 5035 evidenti
862 4995 1148 5050 possumus
1165 4983 1371 5038 ratione
1393 4981 1667 5054 colligere,
1685 4985 1829 5054 quod

249 5069 460 5126 scilicet
483 5069 567 5124 vel
589 5070 817 5125 diversis
841 5071 1090 5141 gentibus
1111 5073 1476 5138 dominentur,
1499 5089 1563 5129 ac
1583 5076 1827 5144 praesint,

250 5160 335 5215 vel
365 5167 516 5215 certe
533 5159 678 5230 quod
701 5160 756 5214 in
784 5158 1065 5216 inferiores
1092 5163 1332 5231 spiritus,
1360 5171 1522 5233 atque
1542 5163 1828 5232 daamonia,

250 5253 317 5309 de
347 5251 549 5323 quibus
595 5252 757 5307 etiam
801 5251 1134 5322 Evangelicae
1177 5252 1415 5326 legiones
1461 5269 1582 5310 esse
1607 5257 1833 5326 propria

249 5341 497 5416 ipsorum
521 5343 859 5399 confessione
895 5349 1179 5409 testantur,
1207 5358 1333 5401 suos
1361 5354 1652 5402 exerceant
1681 5347 1833 5416 prin-

250 5434 498 5506 cipatus;
533 5449 639 5489 non
672 5433 816 5489 enim
851 5431 1257 5490 Dominationes
1301 5435 1407 5491 dici
1451 5444 1699 5507 possunt,
1731 5436 1834 5492 nisi

251 5527 516 5592 habeant,
543 5525 601 5580 in
630 5539 766 5595 quos
806 5523 1062 5579 ditionem
1104 5539 1216 5580 suae
1251 5525 1632 5582 dominationis
1674 5541 1832 5582 exer-

251 5628 446 5684 ceant;
481 5631 583 5672 nec
613 5623 905 5687 potestates
937 5631 1002 5672 ac
1024 5615 1370 5686 Principatus
1391 5618 1575 5674 vocari
1607 5627 1832 5689 queunt,

252 5709 360 5767 nisi
387 5707 593 5764 fuerim
629 5721 793 5778 super
835 5721 970 5777 quos
1015 5707 1117 5764 sibi
1160 5707 1434 5766 vindicent
1479 5710 1832 5782 principatus,

252 5801 402 5874 quod
436 5799 604 5856 etiam
643 5799 697 5855 in
727 5798 1019 5870 Evangelia
1067 5799 1334 5872 designari
1385 5817 1416 5856 a
1456 5801 1834 5872 blaspheman-

257 5895 402 5953 tibus
427 5893 722 5953 Pharisaeis
747 5891 1185 5954 manifestissime
1212 5894 1508 5966 reperimus
1539 5915 1549 5950 :
1587 5895 1652 5951 In
1675 5895 1828 5954 Beet-

1923 3448 1971 3493 et
2008 3439 2151 3508 regni
2207 3436 2319 3507 ejus
2371 3453 2475 3491 non
2530 3436 2628 3491 erit
2673 3435 2794 3505 ﬁnis
2823 3433 2974 3505 (Luc.
3002 3432 3062 3504 l).
3093 3432 3159 3486 Et
3210 3431 3398 3486 Daniel
3446 3431 3512 3486 de

1923 3528 2110 3583 eodem
2138 3541 2304 3598 regno
2323 3526 2458 3582 dicit
2486 3526 2628 3580 inter
2661 3533 2856 3580 caetera
2885 3543 2898 3578 :
2937 3524 3077 3578 Deus
3110 3522 3222 3577 cwli
3260 3522 3506 3577 excitavit

1926 3618 2072 3673 aliud
2128 3633 2341 3688 regnum
2385 3616 2524 3688 quod
2575 3631 2842 3686 nunquam
2893 3625 3272 3686 corrumpetur,
3325 3623 3371 3667 et
3416 3613 3513 3666 hoc

1926 3725 2138 3779 regnum
2166 3709 2263 3763 erit
2293 3717 2546 3764 (eternum
2598 3707 2760 3779 (Dan.
2794 3709 2877 3779 ιι).
2913 3707 3083 3764 Nemo
3130 3723 3258 3777 ergo
3305 3706 3516 3763 dubitet

1924 3800 2117 3855 Filium
2179 3815 2392 3870 semper
2448 3809 2798 3871 regnaturum
2860 3815 2981 3855 cum
3046 3799 3225 3854 Patre.
3274 3797 3515 3853 Traditio

1926 3901 2106 3948 autem
2143 3892 2258 3948 ιιωο
2285 3905 2370 3948 est
2413 3893 2586 3962 regni,
2628 3901 2685 3948 ut
2732 3908 2855 3948 cum
2897 3894 3080 3948 omnia
3122 3892 3259 3948 Filio
3305 3891 3508 3948 iuerint

1927 3983 2166 4053 subjecta
2199 3994 2256 4042 et
2297 3984 2647 4042 adoraverint
2690 3984 2841 4039 illum
2883 3971 2940 4038 ut
2993 3985 3193 4050 Deum;
3237 3985 3516 4041 destrueta

1928 4082 2142 4140 morte,
2199 4082 2327 4130 tunc
2389 4071 2558 4128 Filius
2617 4073 2865 4129 ostendet
2926 4073 3032 4128 illis
3109 4090 3214 4129 non
3275 4089 3334 4129 se
3395 4089 3517 4129 esse

1927 4180 1995 4220 ex
2023 4179 2130 4235 quo
2161 4173 2287 4221 sunt
2315 4164 2521 4229 omnia,
2570 4165 2665 4220 sed
2708 4179 2806 4235 per
2843 4179 3002 4233 quem
3030 4175 3158 4219 sunt
3190 4164 3394 4228 omnia,
3461 4173 3516 4219 et

1929 4255 2034 4310 hoc
2072 4253 2178 4310 erit
2225 4253 2438 4308 tradere
2491 4268 2714 4324 regnum
2760 4253 2869 4310 Deo
2915 4263 2968 4310 et
3008 4254 3180 4319 Patri,
3231 4254 3518 4310 ostendere

1931 4344 2104 4416 ipsum
2147 4357 2266 4400 esse
2303 4359 2369 4400 ex
2406 4359 2512 4414 quo
2554 4345 2731 4400 omnis
2785 4344 3094 4402 Paternitas
3143 4346 3196 4401 in
3247 4345 3403 4401 caelis
3457 4356 3512 4401 et

1931 4438 1987 4494 in
2019 4447 2163 4496 terra
2211 4437 2543 4503 nominatur,
2588 4447 2642 4494 et
2697 4447 2821 4494 tunc
2851 4439 2955 4493 erit
3006 4438 3148 4495 ﬁnis.
3211 4438 3517 4494 Destruclio

1931 4529 2146 4599 quidem
2175 4529 2388 4594 mortis,
2418 4537 2502 4584 est
2557 4529 2886 4584 resurrectio
2916 4538 3271 4585 mortuorum.
3330 4526 3515 4599 (Aug.)

1855 4657 1909 4716 Β
1935 4619 2138 4676 Deinde
2178 4620 2301 4676 ﬁnis
2347 4635 2482 4682 cum
2507 4621 2790 4676 tradiderit
2838 4636 3061 4692 regnum
3114 4619 3227 4677 Deo
3261 4628 3318 4676 et
3345 4621 3515 4676 Patri.

1937 4715 2135 4770 Tradet
2165 4716 2344 4786 itaque
2371 4729 2599 4786 regnum
2624 4715 2736 4771 Deo
2768 4723 2823 4770 et
2863 4714 3012 4770 Patri
3041 4713 3300 4772 Dominus
3332 4723 3517 4770 noster

1935 4803 2092 4861 Jesus
2117 4804 2383 4871 Christus,
2413 4820 2518 4860 non
2546 4820 2604 4862 se
2632 4803 2757 4859 inde
2786 4813 3058 4874 separato,
3084 4819 3184 4861 nec
3205 4805 3385 4869 Patre,
3416 4821 3514 4859 nec

1937 4894 2142 4966 Spiritu
2163 4904 2371 4961 sancto,
2415 4887 2670 4966 quoniam
2692 4895 2949 4964 perducet
2976 4897 3260 4953 credentes
3282 4897 3507 4952 ad‘con-

1936 4985 2337 5055 templationem
2357 4987 2468 5050 Dei,
2503 4986 2592 5041 ubi
2612 4994 2694 5041 est
2719 4985 2844 5041 linis
2867 4987 3109 5041 omnium
3137 4987 3398 5042 bonarum
3425 5001 3520 5041 ac-

1937 5079 2165 5146 tionum,
2191 5088 2248 5134 et
2277 5079 2488 5149 requies
2504 5079 2834 5148 sempiterna
2863 5079 3210 5150 etgaudium,
3242 5079 3383 5148 quod
3407 5094 3512 5132 non

1935 5167 2254 5224 auferetura
2285 5169 2459 5223 nobis.
2489 5168 2603 5222 ll-oc
2625 5168 2770 5222 enim
2801 5167 3342 5239 signiticatDominus
3374 5165 3424 5222 in
3449 5184 3514 5222 cn

1937 5261 2079 5332 quod
2105 5262 2180 5315 ait
2207 5259 2381 5315 :Iteru
2392 5277 2439 5314 m
2457 5259 2634 5314 videbo
2648 5277 2754 5326 vos,
2773 5271 2820 5314 et
2842 5260 3085 5331 gaudebit
3100 5276 3190 5314 cor
3202 5270 3444 5324 vestrum,
3465 5271 3511 5314 et

1937 5353 2186 5424 gaudium
2199 5361 2420 5408 vestrum
2437 5369 2584 5408 nemo
2596 5352 2737 5408 tollet
2751 5371 2783 5407 a
2798 5353 2936 5408 vobis
2952 5352 3132 5423 (Joan.
3152 5356 3282 5422 xvr).
3303 5352 3514 5408 Fideles

1939 5441 2136 5512 quippe
2172 5441 2289 5512 ejus
2323 5456 2460 5511 quos
2506 5442 2734 5498 redemit
2768 5444 3027 5514 sanguine
3077 5458 3176 5499 suo
3228 5443 3372 5518 dicti.
3388 5451 3516 5500 sunt

1943 5547 2166 5603 regnum
2195 5531 2332 5601 ejus.
2373 5527 2505 5586 Cum
2533 5535 2873 5598 evacuaverit,
2911 5533 3106 5604 inquit,
3135 5549 3337 5587 onmem
3365 5534 3516 5602 prin-

1946 5623 2193 5694 cipatum,
2249 5631 2298 5677 et
2337 5639 2538 5678 omnem
2584 5633 2889 5694 potestatem
2923 5634 2970 5679 et
3015 5625 3273 5679 virtutem.
3305 5623 3361 5678 Id
3405 5633 3511 5685 est,

1943 5721 2004 5769 ut
2058 5712 2369 5770 necessario
2419 5729 2526 5770 non
2591 5713 2662 5770 sit
2710 5713 3038 5785 dispensatio
3091 5713 3510 5770 similitudinum

1943 5820 2041 5878 per
2081 5802 2352 5876 angelicas
2403 5803 2762 5874 principatus,
2800 5813 2855 5860 et
2881 5811 3202 5874 potestates,
3250 5810 3303 5857 et
3344 5801 3518 5856 virtu-

1945 5905 2048 5966 tes,
2075 5911 2141 5953 ex
2182 5911 2407 5966 quarum
2435 5911 2664 5968 persona
2717 5911 2826 5952 non
2877 5893 3317 5952 inconvenientcr
3363 5893 3520 5950 intel-
