4082 6332
561 432 666 487 N7

1233 428 1294 483 Β.
1336 429 1588 485 RABANI
1629 427 1846 484 MAURI
1885 423 2204 482 ARCHIEP.
2248 422 2556 480 MOGUNT.
2600 423 2883 480 OPERUM
2923 423 3102 479 PARS
3141 423 3225 478 ιιι.

3735 421 3838 479 148

568 541 760 614 ligitur
797 539 904 594 dici
961 541 1016 594 in
1067 537 1296 593 Cantico
1347 537 1685 592 canticorum
1737 537 1803 592 ad
1859 531 2543 605 sponsam:ATriuitatis
2568 532 2908 602 incorporea,
2940 542 2995 587 et
3015 531 3490 600 incommutabilis,
3542 541 3599 588 et
3619 532 3841 590 sibimet

562 628 949 689 Similitudines
977 643 1097 681 auri
1144 627 1397 696 faciemus
1431 627 1523 680 tibi
1552 643 1671 680 cum
1719 624 2144 682 distinctibnibus

560 722 783 794 argenti,
813 721 1154 791 quoadusque
1181 735 1273 773 rea:
1297 719 1352 774 in
1379 719 1610 774 recubitu
1650 735 1744 773 suo
1767 729 1840 773 est
1873 717 2048 789 (Cant.
2077 717 2142 786 ι),

561 812 614 868 id
643 821 748 877 est,
775 812 1123 881 quoadusque
1153 808 1400 865 Christus
1441 810 1496 864 in
1520 819 1730 866 secreto
1757 825 1854 865 suo
1881 817 1988 875 est,
2017 810 2143 878 quia

559 901 866 958 cita.nostra
891 911 968 956 est
1013 901 1320 956 abscondita
1347 917 1466 955 cum
1493 901 1703 955 Christo
1755 902 1810 956 in
1847 900 1978 954 Deo.
2011 899 2144 955 Cum

559 989 820 1055 Christus,
853 990 1045 1061 inquit,
1107 990 1549 1061 apparuerit-vita
1589 1000 1783 1056 vestra,
1826 1000 1950 1046 tunc
1977 1000 2026 1046 et
2056 1007 2145 1045 vos

558 1081 874 1150 apparebitis
915 1097 1035 1135 cum
1067 1080 1159 1135 illo
1203 1082 1257 1134 in
1289 1081 1460 1151 gloria
1507 1079 1732 1152 (Coloss.
1772 1081 1878 1152 ιιι).
1917 1080 2028 1136 Nec
2065 1081 2145 1136 sic

558 1171 889 1225 arbitremur
955 1171 1229 1226 Christum
1275 1173 1596 1227 traditurum
1645 1187 1871 1244 regnum
1921 1173 2031 1230 Deo
2089 1182 2143 1228 et

560 1260 730 1325 Patri,
761 1270 818 1316 ut
845 1263 1048 1318 adimat
1072 1263 1176 1319 sibi
1207 1280 1221 1329 ;
1254 1279 1378 1318 nam
1407 1273 1462 1319 et
1491 1265 1594 1320 hoc
1620 1265 1838 1334 quidam
1863 1265 2142 1335 vaniloqui

561 1355 930 1412 crediderunt.
963 1355 1097 1412 Cum
1113 1357 1256 1410 enim
1288 1357 1487 1410 dicitur
1529 1355 1742 1411 tradere
1785 1372 2011 1428 regnum
2031 1358 2144 1413 Deo

559 1455 614 1500 et
637 1444 807 1509 Patri,
839 1461 945 1501 non
989 1455 1271 1516 separatur
1298 1447 1430 1515 ipse,
1464 1447 1590 1516 quia
1621 1447 1781 1502 simul
1807 1464 1930 1503 cum
1979 1447 2144 1504 Patre

558 1552 697 1592 unus
710 1537 855 1593 Deus
867 1536 1084 1593 est.Sed
1100 1539 1277 1592 divina
1286 1555 1404 1594 rum
1423 1538 1829 1608 Scripturarum
1844 1541 2144 1596 incuriosos

558 1628 1027 1683 etcontentionum
1041 1627 1313 1683 studiosos
1329 1627 1466 1682 fallit
1478 1630 1700 1684 verbum
1712 1670 1726 1694 ,
1741 1630 1884 1700 quod
1902 1630 2140 1700 positum

555 1728 661 1786 εει,
693 1721 878 1784 donec,
907 1720 980 1775 ita
1027 1735 1264 1790 namque
1287 1721 1551 1790 sequitur,
1583 1731 1783 1793 oportet
1822 1723 1959 1777 enim
1987 1722 2140 1777 illum

557 1828 792 1882 regnare,
817 1811 978 1866 donec
1005 1821 1166 1881 ponat
1185 1829 1360 1866 omnes
1383 1812 1620 1867 inimicos
1645 1813 1740 1867 sub
1767 1814 1981 1883 pedibus
1999 1815 2137 1884 ejus,

2245 622 2742 687 consubstantialis,
2773 631 2828 678 et
2866 631 3136 678 comterna
3181 631 3401 678 natura.
3456 622 3688 696 (Ambr.)
3722 622 3841 682 Hoc

2243 721 2329 766 est
2356 711 2527 766 Deum
2568 727 2690 767 esse
2714 711 2900 767 omnia
2931 711 2987 766 in
3033 713 3309 778 omnibus,
3341 713 3470 782 quia
3518 729 3644 768 cum
3675 713 3844 772 discit

2244 803 2422 858 omnis
2443 811 2694 857 creatura
2720 811 2885 873 caput
2927 818 3086 858 suum
3127 819 3248 859 esse
3301 803 3600 868 Christum,
3633 805 3842 865 Christi

2244 903 2425 948 autem
2459 903 2621 963 caput
2647 894 2818 949 Deum
2871 893 3112 960 Patrem,
3164 895 3349 950 omnia
3379 895 3434 950 in
3465 895 3719 952 omnibus
3752 904 3842 953 est

2243 984 2387 1041 Deus
2429 985 2608 1042 Pater.
2634 984 2750 1042 Hoc
2780 993 2885 1052 est,
2921 993 2983 1041 ut
3011 995 3264 1042 creatura
3308 987 3489 1043 omnis
3517 1003 3684 1043 unum
3707 1002 3838 1044 sen-

2246 1076 2363 1142 tiat,
2391 1084 2446 1131 et
2482 1092 2588 1131 una
2619 1090 2755 1132 voce
2791 1075 2970 1131 omnis
2999 1075 3180 1146 lingua
3224 1075 3532 1132 coelestium
3579 1085 3637 1132 et
3663 1087 3842 1134 terre-

2245 1169 2437 1224 strium
2465 1178 2520 1223 et
2557 1169 2897 1225 infernorum
2924 1169 3252 1224 conﬁteatur
3283 1185 3452 1224 unum
3492 1184 3614 1225 esse
3641 1169 3841 1237 Deum,

2243 1271 2311 1310 ex
2334 1274 2444 1328 quo
2478 1267 2606 1314 sunt
2643 1260 2849 1313 omnia.
2880 1258 2939 1314 Si
2982 1269 3165 1314 autem
3194 1259 3440 1326 dixisset,
3471 1260 3544 1326 fut
3594 1259 3667 1316 sit
3695 1260 3846 1317 Deus

2244 1345 2298 1400 in
2327 1346 2600 1412 uuinibus,
2643 1347 3040 1418 intelligeretur
3068 1347 3288 1418 quidem
3318 1350 3373 1403 in
3401 1350 3654 1406 omnibus
3691 1365 3841 1417 esse,

2243 1438 2338 1493 sed
2356 1454 2454 1508 per
2473 1437 2726 1495 allectum
2754 1449 2847 1496 aut
2874 1456 3218 1496 communem
3247 1456 3488 1508 sensum,
3521 1458 3628 1498 non
3653 1451 3843 1500 tamen

2245 1545 2310 1586 ea
2346 1531 2463 1601 ipsa
2501 1547 2569 1587 ex
2597 1533 2716 1602 ipso
2741 1548 2880 1589 esse.
2908 1533 3013 1588 Sed
3037 1549 3159 1589 cum
3187 1534 3344 1600 dixit,
3373 1535 3552 1588 omnia
3576 1537 3632 1589 in
3661 1535 3844 1590 omni-

2245 1622 2363 1686 bus,
2401 1622 2504 1678 hoc
2531 1621 2880 1694 signiﬁcavit,
2911 1623 3038 1693 quia
3071 1631 3128 1678 et
3167 1639 3236 1678 ex
3271 1623 3389 1694 ipso
3421 1633 3567 1690 sunt,
3599 1632 3654 1680 et
3700 1625 3842 1694 ipsis

2242 1719 2353 1768 est:
2373 1727 2440 1768 ex
2471 1713 2604 1782 ipso,
2625 1713 2751 1782 quia
2779 1712 2847 1768 ab
2870 1714 2989 1783 ipso
3011 1722 3193 1769 creata
3210 1723 3368 1769 sunt:
3393 1715 3447 1769 in
3477 1715 3608 1785 ipsis
3630 1723 3842 1780 autem,

2217 1805 2368 1872 'quia
2421 1803 2474 1857 in
2503 1804 2744 1858 omnium
2795 1804 3138 1859 confessione
3185 1820 3326 1859 unus
3376 1813 3464 1859 est
3509 1805 3671 1860 Deus.
3716 1804 3846 1860 Non

559 1912 814 1972 tanquam
843 1917 963 1956 cum
1001 1902 1246 1972 posuerit
1269 1918 1375 1957 non
1423 1903 1494 1958 sit
1533 1912 1897 1974 regnaturus';
1933 1919 2033 1960 nec
2058 1905 2138 1960 ίιι-
2166 1902 2216 1962 Β
2244 1900 2425 1948 tamen
2449 1893 2528 1949 sic
2566 1894 2853 1964 subjicitur
2879 1893 3022 1950 ﬁlius
3049 1894 3201 1949 Patri
3229 1895 3371 1950 sicut
3401 1894 3514 1950 ﬁlio
3558 1904 3841 1951 creatura.

555 1990 823 2062 telligunt,
846 1991 920 2046 ita
951 1991 1153 2046 dictum
1183 1992 1324 2047 sicut
1345 2000 1430 2047 est
1459 1993 1620 2048 illud:
1653 1991 2034 2062 Conﬁrmat-um
2065 2003 2140 2050 est

555 2096 646 2134 cor
677 2079 813 2150 ejus,
861 2096 964 2135 non
985 2083 1408 2148 commovebitur,
1457 2082 1621 2137 donec
1651 2083 1818 2138 videat
1849 2101 2005 2154 super
2033 2087 2138 2141 ini-

553 2173 714 2227 micas
742 2189 864 2227 suos
897 2170 1079 2244 '(Psal.
1105 2172 1251 2244 cxi);
1284 2187 1391 2229 non
1440 2174 1586 2228 enim
1634 2189 1757 2230 cum
1790 2175 1986 2232 viderit
2021 2175 2138 2245 jam

553 2265 982 2321 commovebitur

623 2353 754 2410 Cum
801 2366 979 2412 autem
1017 2355 1418 2412 dicat:0mnia
1447 2357 1682 2427 subjecta
1729 2369 1850 2414 sunt
1907 2360 1975 2426 ei,
2024 2363 2138 2416 sine

552 2445 712 2500 dubio
736 2456 926 2516 pra’ter
953 2463 1072 2502 eum
1109 2448 1198 2518 qui
1227 2447 1448 2516 subjecit
1488 2449 1536 2501 ei
1573 2450 1748 2502 omnia
1771 2463 1790 2500 :
1815 2466 1934 2504 cum
1959 2462 2136 2508 autem

549 2537 782 2606 subjecta
806 2537 884 2591 illi
912 2539 1108 2608 fuerint
1148 2539 1346 2604 omnia,
1382 2547 1505 2592 tunc
1545 2539 1654 2609 ipse
1677 2537 1850 2595 Filius
1878 2542 2140 2612 subjectus

549 2631 648 2684 erit
685 2628 788 2694 illi,
831 2631 922 2699 qui
965 2630 1064 2683 sibi
1100 2629 1318 2700 subjecit
1350 2629 1549 2696 omnia,
1594 2640 1650 2684 ut
1687 2631 1753 2684 sit
1792 2631 1934 2686 Deus
1962 2635 2140 2689 omnia

549 2718 606 2771 in
636 2717 895 2772 omnibus.
944 2717 1179 2789 (Amill'.)
1228 2718 1372 2772 Idem
1409 2730 1600 2772 sensus
1636 2727 1738 2783 est,
1787 2735 1946 2789 quem
1997 2738 2142 2778 nunc

548 2810 725 2879 aperit
755 2819 815 2864 ut
843 2810 1150 2866 manil'estet
1186 2811 1313 2881 quid
1358 2811 1430 2864 sit
1459 2810 1675 2866 tradere
1715 2811 1882 2867 ﬁlium
1912 2829 2138 2883 regnum

547 2899 660 2956 Deo
687 2908 742 2954 et
771 2897 938 2966 Patri,
968 2901 1071 2956 hoc
1099 2910 1278 2955 tamen
1317 2899 1469 2955 addit
1505 2901 1572 2955 ad
1604 2915 1845 2967 sensum,
1875 2903 2001 2972 quia
2024 2911 2135 2958 tra-

547 2994 683 3047 dens
722 2989 884 3046 Pater
927 2991 1039 3046 ﬁlio
1068 3007 1296 3062 regnum
1327 3006 1434 3046 non
1477 3005 1536 3047 se
1563 2990 1857 3060 subjecerit
1896 2995 1966 3056 ei,
2000 2995 2141 3052 sicut

547 3087 691 3144 ﬁlius
727 3088 878 3145 Patri
928 3105 986 3145 se
1011 3089 1262 3160 subjecit,
1313 3091 1671 3164 incongruum
1718 3100 1802 3146 est
1856 3091 2024 3156 enim,
2079 3099 2140 3145 ut

545 3177 710 3232 Pater
729 3177 1065 3250 subjiciatur
1096 3179 1226 3234 ﬁlio.
1281 3180 1475 3235 Omnia
1521 3196 1651 3252 ergo
1697 3179 1928 3249 subjecit
1969 3179 2135 3234 Pater

547 3269 679 3334 ﬁlio,
708 3278 767 3324 ut
812 3269 1062 3325 similiter
1097 3271 1488 3327 honoriﬁcetur
1537 3272 1701 3338 ﬁlius,
1735 3273 1877 3328 sicut
1907 3271 2131 3327 bonori-
2163 3255 2209 3319 Ο

546 3363 741 3417 licatur
769 3370 824 3417 ct
873 3361 1055 3417 Pater.
1087 3362 1221 3418 Cum
1251 3378 1384 3435 ergo
1429 3363 1608 3418 omnia
1635 3363 1883 3418 confessa
1928 3362 2134 3418 fuerint

545 3451 822 3509 Christum
855 3453 1045 3520 Deum,
1073 3455 1346 3510 substrata
1375 3455 1600 3524 pedibus
1624 3455 1760 3525 ejus,
1778 3462 1904 3508 tunc
1929 3463 1983 3509 et
2013 3454 2130 3524 ipse

545 3544 795 3600 Christus
833 3545 1096 3601 Dominus
1120 3546 1440 3616 subjicietur
1466 3546 1578 3602 Deo
1600 3545 1773 3611 Patri,
1806 3555 1865 3599 ut
1884 3545 1954 3600 sit
1980 3544 2124 3600 Deus

547 3637 733 3693 omnia
781 3637 838 3693 in
873 3637 1148 3694 omnibus.
1204 3636 1319 3693 Hoc
1366 3637 1498 3692 dicit
1547 3637 1672 3707 quia
1723 3651 1847 3690 cum
1890 3635 2134 3691 omnium

545 3731 861 3802 Principum
897 3739 954 3786 et
982 3730 1341 3794 Potestatum,
1385 3738 1442 3786 et
1483 3729 1921 3786 Dominationum
1972 3726 2136 3782 fuerit

547 3836 737 3892 pressa
801 3822 1074 3892 superbia,
1139 3831 1195 3877 et
1247 3822 1593 3880 adoraverint
1653 3819 1931 3876 Christum
1976 3819 2134 3890 quasi

545 3915 741 3980 Deum,
769 3921 898 3969 tunc
918 3923 973 3970 et
998 3912 1248 3971 Christus
1269 3922 1492 3986 prepter
1506 3912 1722 3967 unicam
1747 3910 2134 3965 auctoritatem

545 4009 1160 4083 PatrisDeumquidem
1182 4026 1240 4066 se
1262 4008 1510 4065 ostendet
1532 4005 1628 4062 sed
1652 4005 1719 4060 de
1742 4005 1876 4071 Deo,
1893 4012 1955 4058 ut
1974 4003 2136 4058 unius

545 4105 801 4176 principii
830 4103 1080 4161 sublimis
1127 4111 1183 4159 et
1207 4097 1492 4156 inetl‘abilis
1533 4095 1830 4152 auctoritas
1858 4101 2077 4149 maneat
2116 4110 2129 4146 :

545 4200 646 4253 hoc
668 4206 770 4262 est,
803 4196 1072 4266 subjicere
1101 4191 1370 4260 se_Filium
1392 4188 1562 4243 Patri.
1587 4186 1771 4258 (Aug.)
1797 4185 1929 4241 Cum
1951 4192 2135 4239 autem

548 4268 932 4356 dixeritsquia
977 4283 1158 4340 omnia
1216 4280 1458 4351 subjecta
1506 4286 1635 4333 sunt
1669 4278 1745 4343 ei,
1781 4273 2131 4330 manifestum

545 4372 799 4448 estquod
847 4385 1044 4447 praeter
1080 4372 1355 4442 cum,_qui
1404 4368 1635 4440 subjecit
1669 4366 1773 4422 sibi
1818 4366 2026 4420 omnia.
2053 4364 2134 4420 ita

545 4487 674 4544 ergo
701 4468 929 4540 quilibet
961 4466 1236 4522 existimet
1261 4463 1329 4519 de
1356 4462 1520 4517 Patre
1557 4457 1964 4530 intelligendum
1989 4456 2135 4528 quod

544 4565 836 4636 subjecerit
889 4563 1071 4620 omnia
1103 4560 1236 4626 ﬁlio,
1281 4565 1342 4613 ut
1385 4557 1564 4628 ipsum
1598 4555 1768 4609 ﬁlium
1812 4551 1915 4607 sibi
1949 4551 2131 4606 omnia

2249 1981 2316 2038 Ut
2344 1985 2412 2038 sit
2435 1984 2599 2050 Deus,
2651 1986 2845 2054 inquit,
2875 1986 3050 2040 omnia
3079 1985 3135 2040 in
3177 1986 3438 2042 omnibus.
3476 1985 3661 2058 (Aug.)
3694 1986 3847 2054 Quid

2243 2084 2330 2132 est
2376 2075 2521 2131 enim
2561 2075 2710 2131 aliud
2745 2076 2889 2148 quod
2925 2091 3025 2148 per
3059 2077 3382 2147 prophetam
3429 2077 3566 2133 dixit
3593 2095 3607 2132 :
3634 2076 3744 2132 Ero
3773 2077 3849 2132 il-

2242 2167 2415 2222 lorum
2442 2166 2606 2236 Deus,
2636 2178 2684 2223 et
2727 2171 2828 2239 ipsi
2876 2179 3030 2224 erunt
3059 2169 3187 2224 mihi
3207 2169 3391 2241 plebs?
3425 2169 3563 2242 (Jer.
3597 2170 3703 2244 ιι.)
3729 2171 3845 2227 nisi

2242 2275 2344 2330 ego
2381 2274 2478 2315 ero
2525 2262 2670 2316 unde
2693 2261 2982 2327 satientur,
3014 2277 3114 2332 ego
3137 2277 3232 2317 ero
3269 2278 3606 2334 quaecunque
3631 2264 3700 2319 ab
3736 2265 3846 2320 ho—

2243 2351 2480 2406 minibus
2531 2352 2759 2407 honeste
2806 2351 3210 2418 desiderantur,
3249 2361 3307 2408 et
3349 2353 3485 2420 vita,
3541 2361 3599 2408 et
3659 2353 3844 2422 salus,

2242 2449 2298 2496 et
2325 2442 2522 2506 vietus,
2557 2451 2612 2498 et
2637 2443 2812 2513 copia,
2858 2451 2914 2497 et
2943 2443 3134 2514 gloria,
3179 2451 3236 2497 et
3279 2441 3476 2510 honor,
3522 2452 3578 2497 ct
3617 2458 3746 2512 pax,
3779 2451 3848 2498 et

2241 2533 2426 2589 omnia
2475 2533 2649 2599 bona;
2707 2535 2788 2588 sic
2833 2534 2978 2589 enim
3023 2542 3078 2590 et
3128 2533 3259 2589 illud
3307 2543 3458 2590 recte
3509 2535 3844 2605 intelligitur

2242 2625 2386 2694 quod
2434 2625 2511 2680 ait
2542 2625 2855 2696 Apostolus,
2898 2635 2953 2679 ut
2983 2625 3050 2680 sit
3081 2623 3220 2679 Deus
3256 2626 3433 2680 omnia
3476 2626 3532 2680 in
3559 2625 3842 2680 omnibus.

2241 2721 2360 2792 Ipse
2391 2721 2514 2776 ﬁnis
2535 2721 2639 2777 erit
2669 2720 3065 2776 desideriorum
3092 2729 3430 2785 nostrorum,
3464 2721 3556 2791 qui
3587 2721 3705 2776 sine
3728 2719 3847 2776 ﬁne

2240 2814 2531 2879 videbitur,
2565 2813 2683 2869 sine
2727 2812 2946 2868 fastidio
2975 2813 3249 2868 amabitur
3277 2854 3292 2879 ,
3352 2814 3473 2869 sine
3516 2812 3846 2885 fatigatione

2241 2907 2570 2963 laudabitur.
2604 2907 2717 2962 Hoc
2745 2922 2962 2971 munus,
2989 2893 3342 2972 hic'all‘ectus,
3375 2905 3464 2961 hic
3513 2915 3665 2961 actus
3705 2921 3844 2976 pro-

2241 2997 2385 3054 fecto
2430 2999 2538 3054 erit
2582 3000 2834 3054 omnibus
2877 2999 3018 3055 sicut
3082 3000 3198 3069 ipsa
3240 2999 3351 3054 vita
3383 2999 3562 3054 omnis
3607 3007 3840 3054 mterna.

2240 3088 2487 3162 Alioquin
2519 3091 2647 3160 quid
2676 3091 2868 3161 facient
2900 3091 2991 3163 qui
3019 3091 3358 3162 baptizantur
3393 3107 3488 3159 pro
3520 3091 3759 3155 mortuis,
3790 3093 3845 3145 si

2241 3182 2452 3237 omnino
2504 3183 2701 3238 mortui
2745 3200 2850 3238 non
2903 3193 3190 3254 resurgent.
3240 3181 3475 3256 (Ambr.)
3518 3182 3576 3237 ln
3620 3191 3844 3239 tantum

2241 3283 2416 3328 ratam
2469 3283 2524 3329 et
2576 3275 2829 3331 stabilem
2885 3274 3002 3330 vult
3038 3275 3328 3331 ostendere
3373 3275 3843 3330 resurrectionem

2241 3375 2596 3429 mortuorum,
2617 3376 2677 3420 ut
2703 3365 3011 3437 exemplum
3037 3365 3130 3420 det
3150 3381 3341 3420 eorum
3387 3366 3479 3437 qui
3512 3374 3621 3420 tam
3651 3367 3841 3422 securi

2241 3469 2399 3515 erant
2434 3459 2501 3514 de
2539 3458 2719 3514 futura
2748 3459 3170 3522 resurrectione,
3199 3467 3260 3513 ut
3289 3457 3453 3513 etiam
3476 3473 3575 3528 pro
3600 3458 3844 3514 mortuis

2238 3549 2668 3620 baptizarentur,
2682 3550 2726 3605 si
2741 3564 2901 3620 quem
2917 3548 3058 3606 forte
3077 3565 3224 3604 mors
3245 3549 3615 3620 przevenisset,
3633 3549 3842 3604 timen-

2238 3649 2342 3709 tes,
2366 3657 2436 3698 ne
2462 3651 2558 3697 aut
2583 3641 2744 3708 male,
2770 3648 2865 3695 aut
2892 3655 3001 3695 non
3045 3646 3374 3710 resurgeret,
3404 3639 3498 3709 qui
3520 3638 3840 3709 baptizatus

2239 3749 2346 3790 non
2377 3733 2572 3799 fuerat,
2601 3733 2759 3789 vivus
2787 3731 3010 3788 nomine
3050 3731 3252 3787 mortui
3305 3731 3645 3801 tingebatur;
3684 3731 3840 3789 unde

2238 3824 2471 3896 subjecit
2497 3843 2509 3879 :
2537 3823 2678 3891 Quid
2699 3833 2746 3878 et
2768 3823 3105 3894 baptizantur
3137 3838 3231 3894 pro
3267 3820 3418 3875 illis?
3440 3819 3700 3891 Exemplo
3727 3820 3840 3878 hoc

2237 3931 2342 3970 non
2373 3914 2579 3972 factum
2610 3916 2827 3972 illorum
2875 3913 3088 3985 probat,
3118 3914 3213 3970 sed
3255 3913 3419 3968 ﬁxam
3457 3911 3615 3968 ﬁdem
3653 3913 3707 3967 in
3744 3929 3838 3968 re-

2237 4007 2575 4063 surrectione
2612 4004 2870 4062 ostendit.
2913 4003 3055 4070 Quid
3091 4015 3139 4059 et
3165 4022 3256 4060 nos
3286 4003 3648 4075 periclitamur
3684 4005 3839 4060 omni

2236 4100 2368 4154 liora
2392 4100 2416 4152 ἶ)
2438 4099 2672 4169 quotidie
2698 4098 2898 4152 morior
2920 4114 3016 4168 pro
3041 4096 3212 4168 gloria
3257 4105 3450 4159 vestra,
3472 4112 3631 4167 quam
3663 4095 3837 4150 habeo

2237 4192 2293 4246 in
2337 4190 2582 4246 Domino.
2611 4189 2851 4246 Dicendo
2880 4190 3009 4260 quid
3061 4199 3116 4245 et
3153 4205 3254 4246 nos
3279 4189 3689 4261 periclitamur?
3721 4189 3838 4245 dis-

2237 4281 2410 4338 crevit
2437 4295 2722 4352 personas,
2749 4282 3045 4337 ostendens
3072 4295 3182 4336 non
3206 4279 3517 4337 Catholieos
3564 4295 3706 4346 esse,
3734 4281 3834 4350 qui

2236 4387 2336 4443 pro
2361 4373 3034 4446 mortuisbaptizabantur.
3060 4371 3302 4442 Denique
3315 4387 3478 4442 supra
3501 4371 3666 4426 dixit:
3686 4371 3836 4439 Quid

2238 4475 2285 4520 et
2309 4465 2645 4536 baptizantur
2669 4483 2764 4537 pro
2800 4466 2908 4522 illis
2931 4468 2954 4520 ?
2983 4465 3235 4536 Nunquid
3262 4476 3318 4522 et
3359 4465 3704 4536 baptizatnur
3729 4482 3837 4536 pro

2241 4553 2382 4609 illis?
2409 4570 2534 4609 nam
2564 4563 2621 4611 et
2668 4555 2881 4626 Jephtc,
2934 4556 3186 4626 quamvis
3241 4555 3294 4610 in
3325 4571 3384 4610 re
3439 4570 3560 4624 qua:
3605 4566 3834 4627 accepta

544 4620 839 4729 subiecisse
865 4673 973 4713 non
994 4664 1145 4727 putet
1175 4673 1188 4708 :
1218 4620 1593 4722 inseparabilis
1607 4649 1751 4702 enim
1778 4655 1861 4704 est
1887 4645 2132 4716 operatio
2162 4620 2214 4680 D
2239 4646 2354 4703 ﬁeri
2382 4663 2489 4702 non
2516 4660 2702 4718 posset
2733 4620 2914 4704 ﬁdelis
2951 4620 3203 4704 iuventus
3241 4657 3346 4714 esi,
3397 4620 3633 4703 atterens
3662 4620 3833 4703 ﬁli-am

543 4752 724 4807 Patris
751 4759 807 4806 et
853 4749 972 4814 ﬁlii,
1026 4745 1261 4816 alioquin
1301 4758 1402 4798 nec
1430 4743 1547 4813 ipse
1571 4739 1732 4794 Pater
1759 4737 1984 4809 subjecit
2026 4734 2132 4792 sibi

545 4843 746 4906 omnia,
777 4840 872 4896 sed
903 4838 1046 4893 ﬁlius
1072 4837 1120 4891 ei
1153 4833 1402 4903 subjecit,
1455 4831 1548 4902 qui
1585 4831 1636 4886 ei
1686 4845 1913 4901 regnum
1943 4827 2129 4892 tradit,

545 4947 602 4994 ει
656 4940 886 4991 evacuat
935 4944 1152 4985 omnem
1212 4925 1573 4997 principatum
1606 4964 1622 4989 ,
1685 4930 1742 4977 et
1785 4935 2001 4976 omnem
2038 4933 2134 4988 po-

546 5038 799 5086 testatem
829 5033 884 5081 et
914 5025 1188 5078 virtutem.
1216 5020 1292 5074 De
1320 5019 1430 5074 ﬁlio
1453 5017 1650 5087 quippe
1687 5015 1792 5069 ista
1817 5014 1960 5069 dicta
1985 5019 2130 5077 sunt,

548 5142 666 5180 cum
691 5120 986 5186 tradiderit,
1013 5116 1208 5188 inquit,
1231 5128 1447 5184 regnum
1473 5109 1584 5165 Deo
1603 5118 1650 5163 et
1680 5106 1854 5172 Patri,
1879 5121 1996 5159 cum
2017 5121 2136 5158 eca-

546 5216 773 5272 cuaverit
823 5227 1028 5269 omnem
1079 5207 1464 5280 principatum,
1504 5210 1553 5256 et
1594 5214 1798 5254 onmem
1831 5205 2136 5267 potestatem

547 5319 596 5364 et
619 5309 893 5370 virtutem;
932 5305 1047 5374 ipse
1097 5301 1241 5358 enim
1289 5294 1519 5365 subjecit
1546 5291 1639 5364 qui
1696 5295 1942 5345 evacuat.
1996 5286 2134 5342 Illud

549 5409 727 5455 autem
748 5396 892 5469 quod
913 5395 1017 5450 ait:
1041 5391 1174 5447 Cum
1199 5397 1368 5442 autem
1392 5385 1439 5440 ei
1462 5381 1639 5437 omnia
1660 5379 1895 5469 subjecta
1916 5376 2131 5447 fuerint,

549 5503 671 5546 tunc
707 5468 892 5560 etipse
916 5483 1180 5554 subjectus
1206 5479 1304 5533 erit
1345 5475 1392 5530 ei
1414 5473 1505 5545 qui
1551 5469 1632 5525 illi
1662 5468 1882 5539 subjecit
1927 5469 2126 5560 omnia,

548 5585 672 5642 ideo
691 5557 892 5639 dictum
912 5583 1016 5640 est,
1035 5587 1102 5628 nc
1113 5571 1400 5642 quisquam
1425 5573 1643 5636 putaret
1664 5561 1908 5616 habitum
1934 5557 2136 5614 Christi

549 5678 643 5749 qui
679 5691 747 5730 ex
781 5674 1014 5727 humana
1054 5671 1305 5721 creatura
1342 5668 1626 5727 susceptus
1668 5663 1774 5718 est,
1815 5665 2134 5707 conversum

551 5746 736 5842 postea
769 5767 821 5820 in
858 5765 1029 5834 ipsam
1068 5757 1426 5820 divinitatem,
1477 5750 1622 5804 velut
1671 5746 1876 5804 certius
1916 5756 2136 5842 expres-

557 5837 687 5923 serit
719 5861 974 5917 deitatem
1005 5869 1123 5926 qua-
1157 5867 1265 5908 non
1305 5857 1388 5907 est
1419 5854 1689 5910 creatura,
1717 5839 1808 5899 scd
1842 5847 1923 5896 cst
1955 5837 2136 5893 unitas

2239 4740 2732 4802 suam,secundum
2773 4747 2958 4793 votum
3001 4753 3157 4793 suum
3211 4738 3357 4808 quod
3404 4737 3566 4793 stulte
3607 4747 3837 4793 voverat

2241 4829 2566 4902 (Judic.xi).
2620 4829 2737 4886 Non
2786 4845 2918 4902 ergo
2954 4829 3160 4885 factum
3203 4830 3500 4904 prolytur,
3556 4831 3651 4884 sed
3698 4846 3832 4900 per-

2241 4923 2540 4976 severantia
2575 4920 2700 4976 ﬁdei
2747 4921 2803 4976 in
2835 4921 3140 4991 exemplum
3175 4921 3472 4991 profertur.
3519 4921 3836 4977 Prmdican-

2242 5015 2376 5070 tium
2408 5015 2648 5084 pericula
2674 5022 2729 5068 et
2754 5014 2970 5070 labores
3000 5023 3265 5069 memorat
3289 5015 3476 5070 dicens
3501 5033 3513 5069 :

2313 5106 2453 5173 Quid
2478 5117 2527 5160 et
2554 5122 2647 5159 nos
2671 5106 3033 5176 periclitamur
3057 5106 3082 5158 ?
3106 5114 3162 5161 et
3186 5105 3530 5172 subauditur,
3566 5106 3672 5161 nisi
3698 5106 3834 5176 quia

2239 5214 2525 5270 speramus
2557 5198 2792 5252 futuram
2829 5199 3309 5264 resurrectionem,
3352 5199 3494 5254 sicut
3522 5215 3687 5268 supra
3718 5212 3836 5254 me-

2239 5297 2436 5344 morat.
2473 5287 2663 5344 Securi
2693 5288 2861 5356 enim,
2907 5289 3036 5360 quia
3077 5298 3202 5360 post
3243 5289 3406 5344 istam
3433 5297 3668 5345 mortem
3697 5303 3833 5342 vera

2239 5383 2346 5436 vita
2361 5393 2635 5452 sequetur,
2660 5381 2900 5453 pericula
2920 5398 3028 5438 non
3053 5382 3244 5438 timent
3267 5382 3414 5437 illata
3435 5382 3503 5438 ab
3525 5379 3834 5437 inﬁdelibus

2235 5482 2454 5545 propter
2476 5475 2646 5530 zelum
2672 5475 2884 5531 illorum
2905 5517 2922 5543 ,
2947 5491 3084 5547 quos
3109 5476 3232 5546 quia
3274 5475 3622 5531 crediderunt
3643 5474 3832 5545 perdi-

2239 5569 2405 5634 disse,
2420 5569 2622 5624 dolent.
2638 5568 3064 5625 Sollicitudinem
3081 5583 3210 5638 ergo
3229 5583 3382 5624 suam
3402 5565 3644 5624 ostendit
3665 5580 3831 5634 quam

2240 5662 2473 5719 habebat
2501 5677 2629 5736 erga
2671 5662 2901 5719 salutem
2926 5660 3160 5727 illorum,
3195 5667 3418 5732 propter
3447 5658 3675 5730 gloriam
3697 5671 3830 5726 pro-

2241 5760 2462 5816 missam
2477 5757 2769 5821 aDomino,
2785 5756 2991 5812 sicutet
3008 5753 3059 5808 in
3077 5753 3192 5824 lege
3211 5751 3418 5809 dictum
3445 5759 3558 5806 est:
3589 5769 3607 5801 ‹
3633 5747 3828 5802 Exalta

2243 5855 2382 5910 sicut
2427 5849 2551 5908 tuba
2581 5833 2766 5904 vocem
2816 5855 2984 5916 tuam,
3022 5846 3067 5901 si
3118 5855 3172 5902 ιε
3219 5844 3488 5901 audierint
3533 5838 3836 5896 lucraveria
