4082 6332
296 416 406 476 149

786 468 793 474 ,
833 415 1394 477 ENARRATIONUM
1429 418 1498 477 IN
1532 417 1683 477 EPP.
1723 416 1930 475 PAULI
1966 417 2098 475 LIB.
2137 417 2228 476 XI.
2264 448 2327 460 --
2372 419 2441 476 IN
2479 418 2698 478 EPIST.
2738 420 2761 476 Ι
2798 421 2890 479 AD
2924 419 3081 479 (ΞΟΠ.

3470 413 3574 472 150

295 539 514 598 animas
532 538 770 597 illorum.
792 559 813 595 ι
829 538 915 596 Ad
934 540 1040 597 hoc
1057 538 1653 613 festinabatApostolus
1678 552 1896 609 semper
1921 541 1975 602 Α
1999 537 2261 607 divinam,
2287 540 2415 612 quia
2442 540 2534 611 qui
2555 538 2833 596 coelestem
2849 538 3119 610 justitiam
3139 541 3322 593 servat
3348 534 3466 591 sine
3485 531 3577 590 du'

294 621 590 699 sollicitus,
614 639 680 687 ut
703 629 876 703 gloria
916 630 996 686 illi
1041 640 1316 688 cresceret
1344 631 1487 702 apud
1514 631 1685 686 Deum
1707 628 1891 701 acqui-

295 721 418 778 sita:
450 720 649 778 salutis
683 719 1000 776 multorum.
1027 719 1214 794 (Aug.)
1246 720 1512 789 Quotidie,
1543 718 1743 790 inquit,
1780 733 1893 773 mo-

299 813 415 868 rior
437 828 536 885 per
563 821 792 881 uestram
814 811 1058 884 gloriam,
1101 811 1314 883 fratres.
1342 811 1459 868 Hoc
1500 825 1570 867 ne
1599 809 1729 882 quis
1772 809 1893 865 exi-

296 903 487 959 stimet
530 902 609 959 ita
656 901 862 958 dictum
884 942 900 969 ,
949 908 1210 973 tanquam
1248 902 1294 959 si
1351 903 1644 967 diceretur,
1708 907 1892 956 vestra

294 991 467 1065 gloria
489 1007 581 1048 me
606 989 737 1049 fecit
758 991 1001 1063 quotidie
1023 993 1185 1060 mori,
1202 992 1343 1050 sicut
1379 992 1599 1058 dicitur,
1626 1005 1727 1063 per
1748 989 1893 1047 illius

295 1083 680 1157 magisterium
704 1082 898 1141 doctus
925 1083 1102 1141 factus
1120 1090 1227 1152 est,
1248 1084 1303 1140 id
1331 1091 1436 1151 est,
1458 1083 1604 1140 illius
1630 1079 1891 1153 magiste-

295 1175 381 1231 rio
410 1160 622 1230 factum
645 1180 750 1243 est,
778 1182 841 1231 ut
857 1173 1117 1246 {perfecte
1146 1175 1461 1243 doceretur,
1488 1174 1678 1232 Graeca
1707 1188 1895 1231 exem-

295 1269 475 1340 plaria
514 1267 833 1341 diiudicant,
881 1271 939 1326 in
992 1270 1190 1343 quibus
1241 1273 1504 1345 scriptum
1547 1280 1654 1340 est,
1715 1277 1776 1334 vri
1802 1276 1894 1334 τήν

298 1364 554 1440 ὑμετέραν
598 1364 888 1435 καύχησιν,
913 1364 1059 1434 quod
1087 1380 1198 1421 non
1228 1364 1334 1422 nisi
1359 1380 1389 1420 a
1414 1364 1635 1434 jurante
1671 1363 1891 1420 dicitur.

294 1453 374 1509 Ita
396 1468 532 1526 ergo
572 1453 893 1527 intelligitur
930 1457 1254 1528 praecepisse
1294 1472 1363 1514 ne
1389 1457 1625 1529 juretur,
1650 1472 1719 1513 ne
1746 1456 1896 1528 quis-

292 1557 462 1613 quam
514 1542 661 1600 sicut
701 1544 905 1600 bonum
951 1553 1170 1617 appetat
1209 1544 1627 1618 jusjurandum,
1661 1554 1720 1602 et
1758 1545 1896 1601 assi-

295 1635 510 1690 duitate
551 1633 773 1705 iurandi
835 1636 904 1692 ad
951 1636 1253 1709 perjurium
1302 1654 1404 1711 per
1451 1638 1896 1696 consuetudinem

295 1723 595 1782 dilabatur.
630 1725 819 1796 itaque
846 1725 1109 1784 Dominus
1136 1730 1297 1785 docet
1330 1728 1469 1786 nihil
1502 1743 1625 1785 esse
1652 1739 1765 1784 tam
1789 1727 1896 1783 vile

297 1815 353 1871 iu
372 1816 648 1872 creaturis
672 1816 797 1883 Dei,
823 1824 886 1872 ut
910 1832 1013 1888 per
1042 1818 1147 1875 hoc
1168 1819 1402 1891 quisque
1426 1818 1781 1891 pejerandum
1807 1834 1897 1874 ar-

1993 628 2085 685 bio
2115 630 2169 685 in
2194 629 2298 685 hac
2325 629 2578 701 praesenti
2606 628 2884 701 perfectus
2916 637 3018 683 est.
3046 625 3411 699 Ignorantiam
3437 624 3575 680 enim

1993 719 2093 774 Dei
2116 720 2331 792 quidam
2352 720 2580 775 habent:
2611 719 2682 774 ad
2702 718 3040 775 reverentiam
3059 716 3199 773 vobis
3219 714 3423 787 loquor.
3449 713 3578 770 Pro-

1993 810 2230 882 positum
2260 811 2355 868 Dei
2385 811 2702 882 ignorantes
2739 810 2794 867 bi
2813 851 2828 879 ,
2870 809 2964 881 qui
2996 809 3139 864 inter
3167 822 3263 864 eos
3286 815 3574 864 converte-

1992 901 2215 969 bantur,
2232 910 2475 958 mortuos
2501 909 2907 958 resurrecturos
2926 900 3148 956 stultum
3173 912 3296 955 esse
3322 896 3579 953 dicebant

1993 991 2237 1048 credere.
2264 990 2392 1047 Ideo
2414 992 2679 1063 pudorem
2713 992 2818 1048 illis
2848 991 3046 1047 incutit
3076 990 3231 1060 quasi
3261 989 3575 1061 impruden-

1994 1084 2158 1151 tibus,
2186 1084 2480 1141 credebant
2502 1084 2648 1139 enim
2676 1084 2789 1152 eis,
2817 1083 2909 1155 qui
2939 1083 3301 1156 ignorantiam
3336 1081 3434 1136 Dei
3474 1082 3576 1136 ha-

1991 1173 2181 1230 bentes
2225 1182 2414 1229 contra
2455 1173 2553 1230 Dei
2598 1182 2800 1230 statuta
2847 1174 3132 1232 docebant.
3173 1172 3282 1230 Sed
3318 1171 3447 1228 dicit
3476 1172 3580 1226 ali-

1993 1267 2139 1338 quis:
2157 1265 2432 1332 Quomodo
2458 1276 2733 1339 resurgunt
2756 1268 2972 1334 mortui,
2994 1265 3141 1339 quali
3161 1275 3335 1321 autem
3365 1280 3581 1337 corpore

1992 1357 2243 1412 veniunt?
2266 1357 2375 1414 Hos
2402 1357 2540 1413 dixit
2581 1358 2940 1429 ignorantiam
2977 1355 3074 1414 Dei
3106 1356 3306 1413 habere
3347 1371 3581 1427 quorum

1994 1449 2297 1520 depravatae
2317 1449 2596 1504 sententiae
2616 1449 2783 1505 verba
2800 1447 3024 1520 protulit
3053 1447 3238 1503 dicens
3269 1465 3282 1501 :
3311 1445 3582 1514 Quemad-

1993 1541 2215 1597 modum
2256 1547 2545 1612 resurgent
2590 1540 2824 1607 mortui,
2854 1553 2963 1610 quo
3008 1545 3186 1594 autem
3229 1551 3455 1609 corpore
3490 1549 3584 1590 ve-

1994 1638 2186 1695 nient?
2218 1638 2305 1695 cui
2350 1650 2590 1709 congrue
2616 1635 2915 1707 respondit,
2951 1634 3175 1691 dicens:
3207 1631 3490 1703 Insipiens,
3523 1637 3582 1685 tu

1993 1731 2133 1805 quod
2156 1730 2382 1786 seminus
2402 1745 2507 1784 non
2533 1728 2829 1797 viviﬁcatur
2848 1726 2952 1781 nisi
2972 1725 3117 1798 prius
3145 1722 3424 1778 moriatur.
3446 1718 3580 1776 Cum

1996 1822 2215 1880 animali
2250 1822 2469 1878 homine
2493 1835 2602 1877 non
2625 1820 2814 1891 utique
2841 1819 2977 1891 legis
3000 1816 3325 1873 auctoritate
3349 1814 3492 1885 agit,
3522 1823 3583 1870 ut

296 1904 557 1961 bitretur.
584 1904 811 1974 Quando
837 1921 870 1963 a
889 1909 1120 1965 summis
1169 1924 1342 1981 usque
1380 1912 1449 1968 ad
1496 1910 1685 1968 inﬁma
1709 1911 1893 1967 divina
1921 1928 1970 1989 Β
1997 1912 2257 1984 exemplis
2285 1912 2530 1977 suadeat,
2552 1926 2673 1983 quae
2700 1910 2746 1966 si
2774 1910 3039 1980 reciperet
3074 1922 3181 1963 non
3211 1913 3461 1962 erraret:
3487 1903 3586 1960 sed

296 1995 643 2066 providentia
688 2003 876 2054 creata
935 2006 1223 2071 regantur,
1281 1999 1548 2072 incipiens
1596 2015 1630 2057 a
1688 2000 1889 2057 throno

296 2088 397 2144 Dei
445 2103 623 2160 usque
668 2088 738 2145 ad
773 2088 1027 2159 capillum
1047 2088 1232 2145 album
1282 2097 1339 2145 et
1381 2090 1628 2162 nigrum;
1666 2099 1725 2146 et
1764 2090 1895 2147 hinc

299 2179 468 2235 etiam
500 2185 699 2235 caetera
740 2177 1136 2248 intelliguntur,
1180 2195 1303 2251 quae
1344 2181 1528 2238 omnia
1556 2180 1746 2252 utique
1785 2180 1895 2238 dici

302 2284 417 2326 non
447 2276 740 2341 poterant,
773 2271 917 2328 sicut
956 2270 1111 2339 illud,
1160 2272 1305 2342 quod
1352 2272 1898 2330 commemoravimus

299 2361 513 2419 dictum
549 2364 621 2420 ab
664 2362 961 2434 Apostolo:
1007 2362 1257 2430 Quotidie
1290 2367 1494 2420 morior
1529 2382 1624 2437 per
1670 2374 1897 2422 vestram

298 2453 548 2526 gloriam,
604 2470 768 2527 quam
807 2452 1177 2523 iurationem,
1224 2464 1287 2512 ut
1314 2457 1546 2513 Domino
1598 2472 1660 2514 se
1699 2459 1899 2515 debere

301 2548 621 2605 ostenderet
668 2547 918 2615 addidit;
971 2565 1130 2621 quam
1178 2548 1347 2605 habeo
1396 2550 1454 2606 in
1503 2548 1715 2607 Christo
1766 2549 1897 2607 Jesu

305 2640 541 2696 Domino
567 2651 768 2697 nostra.

378 2732 440 2789 Si
471 2734 761 2788 secundum
790 2733 1075 2801 hominem,
1111 2734 1181 2789 ad
1203 2733 1393 2790 bestias
1417 2734 1645 2806 pugnavi
1681 2734 1898 2807 Ephesi,
1938 2774 1945 2779 -

304 2823 436 2895 quid
469 2823 603 2878 mihi
622 2824 836 2895 prodest
856 2825 904 2880 si
948 2825 1146 2879 mortui
1174 2840 1281 2881 non
1323 2835 1594 2897 resurgent
1618 2823 1899 2898 ?(Ambr.)

304 2911 425 2969 Hoc
452 2921 562 2980 est,
589 2912 636 2970 si
664 2913 964 2970 secundum
990 2915 1288 2970 humanum
1318 2930 1538 2972 sensum
1570 2914 1684 2989 (qui
1709 2914 1900 2973 videns

304 3001 413 3059 hoc
449 3002 509 3057 in
546 3016 732 3059 rerum
779 3010 1036 3060 naturam
1081 3019 1194 3061 non
1242 3005 1460 3076 cadere,
1508 3014 1569 3062 ut
1610 3021 1740 3064 caro
1784 3005 1901 3077 jam

305 3094 487 3152 soluta
515 3093 846 3152 relormetur
880 3096 950 3152 ad
989 3096 1182 3164 vitam,
1220 3096 1446 3154 minime
1469 3098 1643 3155 credit
1664 3098 1903 3156 futuram

306 3189 767 3245 resurrectionem
796 3187 1180 3263 mortuorum),
1214 3190 1408 3247 bestiis
1435 3188 1620 3248 oﬁ'erri
1671 3207 1780 3248 non
1836 3193 1904 3248 ti-

1996 2004 2220 2078 physica
2243 2003 2487 2068 ratione,
2504 2002 2573 2058 de
2594 2016 2701 2073 qua
2730 1999 2835 2058 sibi
2857 1998 3152 2064 blanditur,
3180 2003 3244 2050 ut
3268 2009 3374 2050 non
3401 1992 3588 2049 credat

2000 2112 2282 2171 resurgere
2310 2097 2547 2153 resoluta
2560 2104 2616 2152 et
2633 2103 2879 2152 emortua
2896 2107 3145 2166 corpora.
3171 2089 3418 2148 Ostendit
3439 2088 3586 2145 enim

1999 2197 2214 2247 mortua
2241 2201 2459 2243 rursum
2484 2183 2731 2256 reparari
2772 2184 2843 2241 ad
2877 2184 3047 2240 vitam
3065 2222 3082 2250 ,
3110 2190 3165 2238 et
3192 2177 3545 2251 multiplicata
3565 2218 3583 2242 ,

2000 2290 2061 2340 ut
2085 2280 2449 2338 confundatur
2468 2293 2624 2336 error
2643 2278 2932 2334 humanus.
2960 2274 3030 2330 Et
3057 2272 3205 2347 quod
3219 2272 3465 2337 seminas,
3482 2287 3588 2325 non

2000 2389 2191 2442 corpus
2251 2370 2391 2445 quod
2433 2369 2675 2441 futurum
2714 2377 2792 2424 est
2831 2365 3082 2435 seminas,
3111 2365 3204 2420 sed
3236 2362 3435 2419 nudum
3465 2378 3590 2432 gra-

2002 2480 2151 2530 num,
2173 2472 2229 2518 ut
2246 2470 2373 2535 puta
2405 2460 2566 2517 tritici
2587 2470 2677 2514 aut
2704 2458 2934 2531 alicujus
2967 2465 3296 2514 cancrorum.
3328 2453 3470 2510 Deus
3492 2470 3590 2507 au-

1999 2564 2105 2611 tem
2131 2554 2222 2609 dat
2250 2553 2358 2609 illis
2379 2568 2566 2626 corpus
2586 2562 2740 2622 prout
2768 2548 2876 2605 uult
2894 2589 2911 2615 ,
2939 2558 2991 2604 et
3018 2548 3298 2618 unicuique
3331 2545 3587 2600 seminum

2001 2645 2273 2717 proprium
2302 2660 2513 2715 corpus.
2551 2640 2764 2715 (Greg.)
2802 2640 3002 2697 Paulus
3039 2637 3316 2711 aposwlus
3352 2636 3538 2692 dicens
3571 2651 3584 2688 :

2003 2734 2124 2792 Non
2152 2750 2355 2807 corpus
2377 2734 2525 2806 quod
2550 2732 2793 2789 futurum
2820 2740 2907 2789 est
2941 2731 3210 2797 seminas,
3248 2728 3343 2785 sed
3384 2726 3586 2783 nudum

2004 2840 2252 2899 granum,
2290 2826 2395 2882 hoc
2428 2824 2669 2880 insinuat
2708 2824 2855 2893 quod
2877 2822 3155 2888 videmus,
3202 2818 3327 2891 quia
3360 2832 3586 2889 granum

2004 2930 2129 2972 cum
2158 2914 2337 2971 culmo
2370 2923 2427 2971 et
2456 2912 2600 2971 foliis
2620 2912 2883 2980 nascitur,
2908 2910 3053 2982 quod
3074 2911 3193 2966 sine
3218 2909 3397 2964 culmo
3417 2915 3474 2962 et
3502 2905 3585 2961 fo-

2005 3006 2093 3064 liis
2114 3006 2435 3064 seminatur.
2463 3003 2557 3060 llle
2581 3002 2768 3075 itaque
2795 3002 2850 3058 in
2871 3006 3164 3072 augmento
3189 2997 3373 3070 gloria:
3400 3008 3585 3051 resur-

2006 3097 2283 3166 rectionis,
2315 3113 2422 3153 non
2449 3095 2605 3162 dixit,
2633 3109 2803 3167 grano
2826 3091 3051 3150 seminis
3069 3090 3259 3147 deesse
3280 3088 3426 3160 quod
3447 3096 3588 3153 erat,

2004 3190 2102 3247 sed
2136 3188 2209 3244 illi
2256 3202 2376 3244 esse
2402 3187 2547 3258 quod
2571 3201 2680 3243 non
2702 3193 2842 3242 erat.
2878 3180 3107 3257 (Ambr.)
3136 3181 3195 3240 Si
3220 3196 3349 3254 ergo
3385 3183 3587 3237 nudum

304 3279 445 3345 mni,
481 3278 622 3335 nihil
650 3279 881 3350 profeci.
910 3278 1018 3336 Sed
1042 3294 1151 3335 non
1183 3279 1288 3337 hoc
1334 3289 1440 3350 est,
1471 3282 1598 3351 quia
1628 3290 1815 3339 certus
1838 3283 1906 3340 de
1932 3280 1978 3346 C
2009 3293 2238 3351 ﬂauum
2275 3277 2597 3343 seminatur,
2638 3282 2695 3332 et
2723 3275 2827 3333 Dei
2866 3283 3002 3331 nutu
3048 3273 3445 3348 quodammodo
3482 3273 3593 3329 ele-

304 3369 581 3442 promissa
609 3369 744 3439 vita,
766 3385 876 3427 non
897 3369 1072 3426 solum
1097 3384 1205 3427 non
1235 3370 1435 3437 timuit,
1465 3371 1562 3428 sed
1587 3371 1901 3429 et'libenter

301 3460 501 3517 bestiis
535 3460 718 3517 oﬁ‘erri
752 3476 814 3517 se
864 3464 1192 3532 passusest,
1236 3462 1380 3518 sicut
1423 3461 1570 3518 inter
1606 3470 1804 3519 caetera
1825 3463 1904 3519 ait

306 3553 363 3609 in
382 3553 615 3611 Actibus
635 3553 1003 3626 apostolorum
1028 3571 1043 3608 :
1070 3552 1184 3626 Ego
1205 3555 1344 3610 enim
1366 3571 1475 3611 non
1510 3552 1682 3610 solum
1720 3553 1901 3626 ligari,

306 3645 400 3699 sed
427 3653 477 3700 et
499 3646 638 3700 mori
664 3653 884 3717 paratus
909 3661 1025 3700 sum
1058 3645 1115 3700 in
1152 3643 1526 3717 Hierosolyma
1564 3662 1661 3718 pro
1693 3646 1903 3702 nomine

310 3734 527 3790 Domini
550 3737 718 3791 nostri
753 3735 882 3791 Iesu
910 3734 1106 3791 Christi
1144 3734 1285 3809 (Act.
1320 3735 1457 3809 xm).

382 3824 767 3883 Manducemus
790 3837 839 3882 et
872 3827 1132 3895 bibamus,
1158 3844 1277 3883 cras
1305 3829 1443 3883 enim
1459 3844 1765 3884 moriemur.
1791 3827 1907 3886 Hoc

310 3915 379 3971 ab
407 3915 551 3971 Isaia
588 3917 853 3989 propheta
901 3917 1105 3974 dictum
1151 3925 1238 3974 est
1283 3916 1631 3991 (lsa.xxn),
1678 3926 1906 3990 propter

308 4007 414 4061 hos
449 4006 545 4076 qui
585 4007 743 4077 quasi
791 4004 926 4062 nihil
989 4006 1233 4061 futurum
1293 4014 1440 4064 esset
1475 4015 1601 4079 post
1647 4014 1904 4074 mortem,

307 4097 492 4152 ventri
557 4106 770 4153 tantum
831 4097 1125 4153 studebant
1178 4099 1449 4170 quomodo
1511 4114 1728 4170 pecora,
1801 4100 1909 4157 sic-

306 4196 371 4243 ut
442 4195 504 4245 et
570 4189 630 4245 hi
714 4189 808 4260 qui
877 4188 1190 4248 Corinthios
1258 4192 1649 4263 depravabant.
1726 4191 1909 4248 Nolite

309 4280 519 4348 seduci,
567 4291 911 4353 corrumpunt
934 4297 1106 4337 mores
1133 4281 1294 4338 bonos
1333 4280 1594 4354 colloquia
1630 4280 1795 4338 mala.
1824 4280 1911 4338 Si-

307 4372 537 4444 gniﬁcat
578 4371 1042 4435 ,conl'abulatione
1082 4373 1351 4429 malorum
1412 4373 1694 4431 hominum
1738 4379 1910 4435 everti

305 4477 469 4533 posse
516 4461 721 4517 bonum
768 4463 1105 4533 propositum
1130 4504 1147 4531 ,
1205 4464 1500 4521 assiduitas
1558 4464 1703 4520 enim
1753 4478 1910 4536 pravi

306 4551 564 4622 colloquii
604 4552 759 4607 vitiat
795 4561 1033 4609 mentem
1054 4593 1070 4620 ,
1108 4567 1174 4608 ac
1198 4568 1298 4624 per
1323 4553 1428 4610 hoc
1457 4553 1527 4610 ab
1550 4552 1683 4626 ipsis
1711 4568 1912 4611 caven-

2004 3378 2313 3426 mentorum
2356 3367 2661 3424 ministerio
2701 3366 2957 3423 vestitum
2992 3364 3261 3437 resurgit,
3297 3363 3466 3420 multa
3504 3378 3591 3419 se-

2003 3475 2129 3516 cum
2153 3459 2358 3514 habens
2383 3456 2721 3513 incrementa
2746 3456 2997 3513 utilitatis
3021 3455 3273 3511 humanae
3290 3495 3307 3522 ,
3331 3470 3430 3511 cur
3455 3469 3587 3524 ergo

2003 3567 2110 3608 non
2138 3549 2397 3607 credibile
2433 3547 2531 3605 Dei
2567 3548 2770 3605 virtute
2794 3549 2868 3605 sit
2904 3554 3179 3605 mortuum
3217 3559 3380 3618 posse
3402 3560 3591 3602 resur-

2004 3657 2151 3716 gere,
2187 3640 2465 3698 meliorata
2490 3646 2698 3696 tantum
2723 3639 3048 3705 substantia,
3072 3652 3180 3695 non
3210 3650 3438 3693 numero
3463 3635 3593 3691 muL

2004 3732 2344 3805 tiplicatum?
2367 3729 2510 3799 Quid
2535 3745 2667 3803 ergo
2695 3728 2989 3802 requiritur
3014 3729 3082 3786 ab
3106 3727 3308 3785 inﬁdeli
3333 3742 3440 3798 quo
3467 3740 3589 3782 cor-

2007 3838 2141 3893 pore
2171 3828 2457 3894 resurgant
2478 3819 2707 3887 mortui,
2737 3834 2860 3876 cum
2907 3818 3155 3889 exempla
3191 3818 3489 3888 pradicant
3522 3817 3593 3872 ad

2008 3913 2190 3980 ﬁdem,
2222 3914 2364 3968 hanc
2411 3910 2712 3968 meliorata:
2752 3908 3190 3975 resurrectionis,
3236 3923 3344 3964 non
3374 3908 3589 3964 amissm

2006 4004 2323 4062 substantia:
2344 4044 2360 4071 ,
2396 4018 2505 4074 qua
2531 4001 2811 4073 proprium
2857 4014 3055 4070 corpus
3092 3999 3347 4069 recipiet,
3387 4000 3440 4053 in
3483 4014 3591 4068 quo

2008 4104 2225 4152 creatus
2250 4093 2424 4150 Adam
2439 4094 2557 4149 est?
2581 4090 2768 4165 (Aug.)
2785 4089 3093 4146 Secundum
3115 4090 3218 4145 hoc
3237 4103 3367 4159 ergo
3384 4087 3597 4143 dixerat

2009 4205 2116 4245 non
2148 4203 2339 4259 corpus
2369 4185 2508 4259 quod
2552 4184 2790 4256 futurum
2819 4192 2894 4239 est
2931 4181 3188 4247 seminas,
3234 4194 3412 4252 neque
3449 4178 3594 4234 enim

2006 4296 2119 4338 non
2146 4279 2387 4335 triticum
2411 4277 2518 4333 erit
2540 4291 2607 4333 ex
2634 4274 2841 4341 tritico,
2874 4272 2969 4330 sed
2995 4273 3125 4344 quia
3157 4286 3319 4329 nemo
3362 4269 3596 4327 seminat

2008 4374 2259 4441 herbam,
2271 4370 2357 4429 vel
2370 4371 2644 4444 stipulam,
2657 4378 2712 4427 et
2727 4369 3041 4441 multiplicia
3054 4368 3106 4426 in
3117 4368 3273 4443 palea
3290 4374 3596 4441 tegumenta

2011 4479 2464 4539 granorum,cum
2485 4463 2681 4535 quibus
2707 4470 2888 4518 tamen
2915 4461 3119 4517 semina
3139 4468 3457 4530 exsurgunt,
3476 4458 3595 4515 ideo

2012 4558 2109 4624 ait,
2133 4556 2225 4613 sed
2253 4560 2453 4610 nudum
2477 4571 2720 4626 granum,
2750 4553 2880 4610 hinc
2906 4553 3094 4610 volens
3120 4550 3407 4608 ostendere
3433 4569 3445 4605 :
3467 4550 3591 4621 quia

310 4644 461 4700 dum.
531 4642 854 4715 Quicunque
892 4644 1040 4700 enim
1096 4653 1373 4716 acceptam
1420 4644 1582 4701 ﬁdem
1628 4647 1903 4704 custodire
1926 4635 1979 4697 D
2005 4649 2050 4706 si
2081 4648 2224 4708 Deus
2247 4653 2428 4719 potest
2450 4645 2649 4702 addere
2669 4643 2814 4717 quod
2833 4659 2943 4700 non
2964 4651 3083 4700 erat
3111 4643 3165 4698 in
3196 4641 3341 4697 nudo
3360 4641 3589 4705 semine,

309 4734 446 4802 vult,
503 4735 745 4791 maxime
800 4735 945 4791 inter
994 4735 1111 4805 ipsa
1158 4736 1313 4791 initia
1351 4742 1762 4806 perstrepentes
1809 4736 1904 4793 de-

309 4827 402 4883 bet
430 4827 639 4893 vitarc,
679 4833 741 4895 ut
783 4826 1007 4896 impleat
1052 4825 1196 4896 quod
1243 4826 1377 4881 utile
1407 4818 1699 4897 judicavit.
1728 4823 1907 4882 Sobrii

308 4926 504 4983 estote,
541 4916 754 4989 vigilate
782 4917 953 4989 justi,
986 4924 1035 4973 et
1081 4916 1240 4972 nolite
1285 4932 1521 4985 peccare.
1560 4915 1904 4990 Vigilandum

308 5017 496 5064 monet
534 5024 605 5065 ne
647 5007 1110 5064 t-ircumventione
1153 5007 1305 5079 pravi
1350 5021 1542 5064 sensus
1574 5009 1759 5080 capti,
1789 5016 1846 5065 et
1870 5023 1904 5063 a

308 5101 417 5158 ﬁde
446 5101 669 5158 abducti
700 5102 1132 5173 depravarentur
1167 5108 1505 5157 mortuorum
1539 5101 1902 5159 resurrectio-

309 5206 434 5248 nem
474 5208 587 5249 non
622 5192 918 5250 credendo.
961 5192 1148 5251 Justos
1192 5207 1315 5250 esse
1365 5193 1655 5265 praecepit,
1695 5203 1758 5251 ut
1797 5210 1908 5251 non

309 5284 486 5341 solum
514 5293 788 5341 terrenam
804 5285 1070 5357 justitiam
1089 5284 1364 5351 excolam,
1399 5285 1494 5341 sed
1524 5294 1580 5341 et
1602 5286 1904 5355 cmlestem,

310 5378 439 5448 quia
470 5386 692 5435 terrena
712 5377 925 5450 iustitia
951 5378 1207 5434 meritum
1235 5393 1345 5433 non
1365 5376 1518 5444 facit,
1547 5379 1688 5434 sicut
1709 5387 1765 5435 et
1794 5394 1903 5435 non

311 5467 441 5526 facit
468 5482 648 5524 reum.
678 5466 821 5536 Quid
849 5467 997 5524 enim
1020 5483 1275 5540 magnum
1306 5476 1390 5524 est
1412 5467 1589 5524 aliena
1619 5484 1727 5525 non
1753 5468 1902 5527 tolle-

314 5573 395 5625 re,
427 5557 634 5631 quippe
661 5572 788 5614 cum
812 5557 919 5614 hoc
949 5557 1159 5613 timoris
1186 5557 1297 5613 sit?
1320 5572 1579 5630 magnum
1607 5564 1792 5615 autem
1816 5569 1902 5617 est

312 5650 376 5705 de
400 5650 624 5722 proprio
651 5663 761 5704 non
781 5647 1002 5704 habenti
1028 5647 1236 5721 largiri,
1264 5647 1383 5703 btec
1405 5654 1491 5702 est
1516 5661 1644 5703 vera
1664 5648 1897 5720 justitia.

316 5739 382 5795 Et
406 5749 467 5796 ut
490 5757 601 5796 non
621 5746 870 5810 peccent,
900 5738 1154 5811 subjecit,
1176 5738 1319 5794 unde
1344 5736 1573 5822 intelligi
1599 5739 1767 5795 voluit
1788 5755 1897 5797 non

316 5845 371 5886 se
392 5827 665 5901 justitiam
700 5830 1050 5901 temporalem
1094 5829 1418 5888 servandam
1449 5830 1767 5903 mandasse,
1800 5832 1895 5890 sed

2007 4741 2177 4798 multo
2206 4739 2380 4811 magis
2419 4746 2599 4811 potest
2626 4752 2884 4808 reparare
2920 4737 3064 4808 quod
3097 4745 3216 4793 erat
3258 4735 3312 4791 in
3357 4736 3597 4792 hominis

2006 4846 2253 4904 corpore.
2266 4830 2389 4886 lam
2405 4844 2537 4887 vero
2555 4828 2700 4900 quod
2722 4826 2966 4897 adiungit
2990 4827 3058 4884 ad
3083 4826 3443 4883 differentiam
3467 4841 3594 4896 per-

2010 4923 2147 4981 tinet
2172 4923 2573 4995 resurgentium
2605 4928 2825 4991 propter
2855 4920 3100 4976 diversas
3130 4917 3329 4991 glorias
3360 4914 3594 4972 ﬁdelium

2010 5023 2175 5088 atque
2196 5022 2531 5073 sanctorum.

2084 5106 2209 5163 Non
2236 5106 2404 5162 omnis
2434 5119 2559 5160 caro
2598 5119 2781 5159 eaaem
2816 5119 2961 5157 caro.
3003 5101 3124 5155 Alia
3169 5098 3379 5170 quidem
3432 5098 3599 5152 hami.

2013 5213 2158 5263 num,
2188 5193 2297 5250 alia
2328 5209 2597 5265 pecorum,
2640 5190 2750 5247 alia
2797 5190 3089 5256 uolucrum,
3131 5187 3238 5244 alia
3266 5187 3509 5260 piscium,
3551 5196 3599 5241 et

2016 5304 2237 5359 corpora
2264 5285 2515 5352 ctelestia,
2543 5293 2590 5341 et
2621 5300 2842 5356 corpora
2876 5283 3166 5338 terrestria.
3200 5278 3309 5337 Sed
3347 5279 3456 5333 alia
3481 5280 3601 5351 qui-

2015 5377 2134 5432 dem
2182 5376 2466 5432 ccelestium
2510 5374 2697 5448 gloria,
2730 5373 2841 5430 alia
2874 5383 3050 5430 autem
3103 5374 3448 5430 terrestrium.
3483 5369 3601 5426 Alia

2016 5467 2233 5525 claritas
2260 5467 2408 5535 solis,
2433 5466 2544 5522 alia
2568 5465 2785 5522 claritas
2812 5465 2974 5533 (ante,
3014 5474 3063 5523 et
3101 5464 3210 5522 alia
3239 5463 3454 5520 claritas
3478 5460 3601 5516 stel-

2012 5558 2191 5615 larum
2212 5569 2246 5612 :‘
2270 5556 2420 5614 stella
2444 5558 2582 5614 enim
2623 5574 2656 5613 a
2687 5557 2840 5613 stella
2868 5557 3045 5628 diﬁ'ert
3064 5557 3121 5612 in
3160 5556 3423 5618 claritate,
3449 5553 3524 5606 sic
3552 5560 3603 5605 et

2009 5649 2319 5705 resurrectio
2334 5656 2680 5704 mortuorum.
2696 5646 2755 5703 In
2780 5647 2868 5704 bis
2886 5646 3139 5704 omnibus
3158 5645 3258 5701 iste
3283 5655 3474 5699 sensus
3496 5647 3599 5706 est,

2008 5742 2055 5799 si
2082 5756 2280 5813 genera
2307 5740 2508 5808 carnis,
2545 5753 2668 5795 cum
2700 5739 2809 5795 sint
2832 5746 3027 5795 cuncta
3054 5735 3323 5800 mortalia,
3347 5732 3607 5790 diﬁerunt

2007 5839 2190 5889 tamen
2216 5833 2354 5888 inter
2391 5847 2449 5888 se
2472 5845 2573 5902 pro
2616 5829 3022 5886 diversitatibus
3067 5828 3446 5892 anirnantitnn,
3479 5834 3531 5878 et
3554 5822 3605 5882 si
