4082 6332
462 406 560 463 151
1127 407 1188 463 Β.
1229 409 1485 469 RABANI
1525 412 1744 471 MAURI
1779 410 2096 470 ARCHIEP.
2139 413 2426 474 MOGUNT
2487 417 2774 478 OPERUM
2809 419 2988 478 PARS
3022 413 3107 478 Ill.
3643 425 3753 482 152

461 533 694 592 corpora
713 533 838 576 cum
854 520 1157 577 sintomnia
1171 522 1426 591 visibilia,
1444 525 1891 613 ditferunttamen
1914 526 2059 583 inter
2084 532 2135 593 Α
2164 530 2618 586 resurrectionem
2644 529 2880 586 futuram
2911 539 3270 598 mortuorum,
3301 539 3362 590 ut
3395 542 3620 604 accepta
3661 548 3755 590 ra-

461 623 522 668 se
557 624 660 681 pro
686 610 1092 668 diversitatibus
1134 612 1400 683 locorum,
1431 617 1589 672 unde
1631 617 1735 672 alia
1769 610 1853 674 est
1890 617 2052 674 cmle-

461 701 625 758 stium
655 700 846 772 gloria,
895 701 1001 759 alia
1047 705 1406 771 terrestrium,
1453 707 1577 764 etsi
1621 707 1676 763 in
1705 708 1842 765 locis
1885 709 2053 767 subli-

463 794 646 850 mibus
673 808 798 850 cum
831 793 942 852 sint
963 804 1157 852 cuncta
1183 796 1447 864 caelestia,
1477 797 1916 856 dill'eruntctiam
1937 801 2055 872 ipsa

461 884 801 942 claritatibus
839 885 1124 954 luminum,
1170 903 1280 944 non
1325 888 1520 952 mirum
1561 899 1648 946 est
1687 891 1830 961 quod
1867 891 1922 947 in
1969 907 2056 949 re-

462 975 806 1033 surrectione
852 984 1224 1045 mortuorum,
1268 979 1490 1036 distabit
1518 980 1686 1052 gloria
1713 982 2052 1040 meritorum.

467 1065 696 1138 (Ambr.)
719 1065 854 1148 Cum
873 1083 942 1123 ex
965 1070 1152 1125 eadem
1183 1085 1364 1126 massa
1388 1070 1564 1126 omnis
1598 1087 1728 1129 caro
1763 1074 1833 1130 sit
1865 1093 1878 1128 :
1913 1075 2056 1132 unde

460 1168 516 1217 et
544 1158 816 1232 quomodo
862 1159 916 1213 in
958 1159 1044 1215 his
1072 1167 1221 1216 tanta
1253 1161 1542 1217 diversitas
1569 1171 1672 1230 est,
1705 1173 1765 1219 ut
1809 1179 1916 1220 una
1955 1165 2055 1219 im-

460 1263 625 1322 pensa
659 1249 865 1306 faceret
887 1265 1086 1321 genera
1122 1250 1378 1307 diversa?
1404 1251 1596 1308 Dicant
1634 1269 1777 1310 nunc
1800 1256 2056 1326 sophista:

461 1341 648 1398 mundi
695 1350 752 1398 et
793 1348 1128 1398 scrutatores
1177 1342 1443 1410 siderum,
1497 1343 1544 1399 si
1583 1342 1765 1400 valent
1810 1359 2058 1418 compre-

459 1429 719 1494 hendere,
763 1445 884 1501 qua:
919 1438 1075 1487 extra
1101 1446 1160 1487 se
1197 1441 1341 1498 sunt,
1378 1447 1501 1488 cum
1531 1433 1662 1504 quid
1700 1435 1843 1489 intra
1886 1450 1944 1490 se
1985 1435 2058 1491 sit

461 1523 747 1582 nesciant?
781 1523 1026 1596 Denique
1059 1541 1248 1583 omnes
1289 1526 1548 1582 mundani
1584 1527 1921 1598 philosophi,
1963 1528 2059 1599 qui

465 1623 704 1672 mentem
732 1631 886 1675 suam
912 1616 1017 1688 legi
1046 1617 1142 1674 Dei
1169 1617 1477 1687 humiliare,
1505 1626 1568 1675 ut
1596 1619 1758 1676 ﬁdem
1788 1621 1906 1692 ejus
1939 1635 2056 1676 sus-

459 1707 702 1779 ciperent
727 1750 744 1775 ,
794 1708 1116 1778 noluerunt,
1165 1711 1382 1769 diversa
1420 1727 1636 1786 semper
1682 1721 1737 1770 et
1779 1713 2056 1770 contraria

462 1808 790 1866 asserentes,
841 1799 1177 1858 inanissimis
1215 1803 1673 1874 disputationibus
1718 1803 1952 1861 invicem
1995 1819 2058 1862 se

2153 619 2302 676 tione
2333 635 2494 676 nemo
2521 621 2780 692 ambigat.

2225 709 2534 766 Seminatur
2559 711 2615 766 in
2648 711 3012 782 corruptione,
3043 712 3213 783 surgit
3248 713 3306 768 in
3333 713 3752 788 incorruptione.

2154 800 2437 858 Seminare
2472 808 2556 858 est
2599 801 2858 872 sepelire,
2901 810 2963 856 ut
3002 810 3431 874 corrumpatur:
3461 818 3759 877 resurgere

2153 901 2333 948 autem
2374 892 2428 948 in
2459 891 2824 964 incorruptela
2849 891 2965 962 jam
3002 894 3398 950 exsuscitatum
3444 911 3554 953 non
3589 912 3761 968 posse

2155 981 2464 1052 corrumpi,
2493 982 2589 1038 sed
2614 983 2815 1040 habere
2841 984 3142 1040 claritatem
3176 983 3627 1042 immortalitatis.
3658 985 3762 1042 Se-

2154 1072 2390 1125 minatur
2416 1072 2470 1126 in
2507 1073 2830 1143 ignominia,
2862 1075 3084 1144 resurgit
3120 1074 3174 1128 in
3214 1073 3403 1144 gloria.
3439 1075 3498 1132 In
3521 1076 3762 1147 ignomi-

2156 1160 2249 1214 nia
2279 1161 2606 1228 seminatur,
2640 1164 2766 1236 quia
2793 1165 2920 1219 dum
2947 1165 3001 1219 in
3031 1165 3222 1220 tetrico
3246 1157 3469 1236 punitur
3488 1207 3504 1234 ,
3540 1165 3602 1221 lit
3627 1165 3760 1222 feti-

2157 1251 2320 1319 dum,
2367 1262 2422 1308 et
2461 1264 2635 1310 scatet
2681 1255 2958 1312 vermibus
3004 1272 3021 1312 :
3069 1264 3255 1324 surget
3301 1264 3483 1312 autem
3531 1256 3591 1312 in
3639 1254 3763 1327 glo-

2157 1345 2238 1400 ria
2265 1344 2390 1415 quia
2421 1346 2811 1402 exsuscitatum
2850 1357 2906 1403 et
2930 1347 3112 1404 lumen
3144 1346 3252 1400 erit
3283 1354 3338 1402 et
3365 1345 3570 1401 nullam
3591 1360 3763 1417 squa—

2157 1432 2290 1490 loris
2333 1435 2587 1506 injuriam
2634 1437 2890 1509 patietur.
2951 1436 3258 1492 Seminatur
3302 1437 3358 1492 in
3416 1436 3760 1506 inﬁrmitate,

2158 1529 2326 1598 surgit
2379 1528 2684 1626 in‘tvirtute.
2733 1528 2794 1583 In
2859 1527 3174 1584 inﬁrmitate
3237 1528 3570 1592 seminatur,
3623 1525 3761 1597 quia

2160 1622 2544 1679 immobile'cst
2581 1632 2636 1679 et
2671 1623 2991 1696 irregibile:
3018 1623 3192 1694 surgit
3224 1630 3407 1678 autem
3435 1622 3491 1677 in
3526 1622 3761 1688 virtute,

2159 1712 2286 1784 quia
2307 1710 2420 1780 jam
2467 1721 2638 1770 totum
2671 1714 2851 1769 vivum
2890 1714 2994 1770 erit
3021 1729 3086 1770 ac
3126 1721 3396 1785 vegetum.
3444 1713 3766 1768 Seminatur

2161 1815 2348 1874 corpus
2377 1804 2626 1870 animale,
2652 1805 2819 1876 surgit
2857 1821 3046 1875 corpus
3090 1803 3326 1874 spiritale
3357 1799 3558 1874 (Cass.)
3602 1801 3766 1858 Licet

461 1889 839 1956 confoderunt,
863 1891 991 1964 quia
1020 1891 1076 1948 in
1097 1891 1245 1948 nullo
1271 1893 1467 1949 horum
1488 1893 1792 1949 testiﬁcatae
1816 1893 2064 1951 veritatis
2089 1891 2138 1953 B
2165 1895 2311 1950 enim
2334 1896 2746 1964 pronuntiemus
2768 1894 3056 1951 nonnullas
3072 1908 3192 1952 esse
3212 1893 3485 1966 spiritales
3506 1905 3762 1960 naturas,

462 1980 677 2053 signum
705 1981 945 2054 agnitum
975 1991 1089 2049 est,
1129 1985 1276 2054 quod
1310 1984 1672 2056 antepositum
1705 1985 1887 2041 verbis
1909 1999 2058 2041 com-

465 2075 755 2134 mendaret
798 2074 1129 2145 doctrinam,
1170 2076 1312 2134 sicut
1330 2085 1392 2133 .et
1435 2077 1578 2136 Deus
1605 2078 1848 2136 decrevit
1889 2078 2058 2134 disci-

460 2161 627 2234 plina:
647 2170 870 2230 nostrae,
897 2179 1020 2236 qua:
1044 2180 1154 2222 non
1186 2165 1368 2222 verbis
1391 2165 1675 2236 probatur,
1704 2166 1800 2223 sed
1832 2167 2054 2236 virtute,

460 2253 550 2309 cui
594 2267 706 2310 non
752 2263 982 2326 possunt
1029 2256 1196 2312 verba
1245 2257 1522 2313 resistere.
1584 2256 2059 2324 Quemadmodum

458 2360 591 2417 ergo
617 2360 687 2402 ex
719 2362 826 2403 una
857 2347 1099 2418 impensa
1126 2348 1341 2404 diversa
1387 2349 1746 2404 animantium
1786 2363 1917 2404 caro
1950 2357 2056 2416 est,

458 2437 540 2492 ita
561 2444 617 2494 et
644 2437 806 2516 unius
833 2437 1018 2495 carnis
1037 2438 1273 2496 hominis
1309 2439 1536 2496 diversa:
1572 2448 1734 2495 erunt
1761 2439 2057 2511 dignitates

464 2529 520 2584 in
573 2529 990 2596 resurrectione,
1048 2539 1109 2585 ut
1161 2529 1285 2588 talis
1334 2531 1707 2604 unusquisque
1759 2539 2057 2603 appareat,

463 2620 643 2690 qualis
678 2619 845 2678 fuerit
873 2623 1078 2689 meriti,
1121 2623 1319 2693 quippe
1347 2637 1471 2679 cum
1511 2623 1675 2679 etiam
1712 2624 1803 2680 hic
1830 2624 2059 2680 diversi-

462 2719 632 2768 tatem
671 2727 960 2784 corporum
996 2713 1294 2770 videamus.
1331 2715 1400 2771 Et
1425 2728 1678 2786 corpora,
1719 2714 1916 2786 inquit,
1947 2728 2059 2770 ca:-

461 2803 621 2862 lestia
646 2814 703 2860 et
745 2805 1046 2861 terrestria.
1077 2805 1185 2863 Sed
1232 2806 1336 2862 alia
1367 2807 1588 2878 quidem
1617 2807 1918 2865 ccelestium
1943 2807 2060 2878 glo-

467 2892 582 2961 ria,
610 2893 714 2950 alia
759 2905 941 2952 autem
979 2897 1337 2954 terrestrium.
1364 2895 1620 2954 leestia
1658 2912 1888 2969 corpora
1932 2905 2060 2955 sunt

463 2986 884 3058 resurgentium,
929 2989 1210 3048 terrestria
1249 2998 1431 3046 autem
1478 2997 1774 3060 antequam
1806 2989 2054 3044 morian-

467 3085 579 3144 tur,
610 3085 704 3133 aut
727 3088 976 3152 surgant,
999 3087 1060 3136 ut
1087 3079 1216 3151 quia
1235 3080 1485 3154 Christus
1513 3080 1751 3137 caelestis
1771 3089 1874 3145 est,
1905 3094 1974 3134 ex
1992 3094 2058 3135 eo

445 3161 697 3241 'corpora
724 3171 969 3227 ccelestia
998 3172 1280 3241 dicantuq;
1312 3187 1380 3228 ex
1408 3173 1583 3254 fidam
1608 3188 1740 3230 vero
1757 3214 1772 3236 ,
1799 3173 1925 3244 quia
1949 3180 2060 3228 ter-

2158 1992 2219 2040 ut
2245 1994 2370 2040 sunt
2389 1984 2600 2056 Angeli,
2626 1984 2974 2057 Archangcli,
3005 1993 3326 2057 caeteraeque
3346 1985 3603 2051 virtutes,
3633 1985 3763 2055 ipsa

2159 2089 2376 2146 quoque
2421 2075 2601 2130 anima
2647 2084 2856 2142 nostra,
2892 2073 2980 2129 vel
3024 2083 3176 2131 certe
3217 2088 3312 2130 aer
3358 2074 3462 2130 iste
3511 2072 3762 2140 subtilis,

2163 2171 2340 2218 tamen
2391 2163 2724 2234 incorporea:
2751 2162 3060 2219 nullatenus
3100 2162 3433 2218 aestimandze
3461 2168 3609 2227 sunt,
3653 2161 3761 2217 ha-

2157 2254 2290 2311 bent
2341 2256 2488 2310 enim
2533 2255 2834 2311 secundum
2882 2269 2942 2310 se
2988 2269 3219 2323 corpus,
3272 2269 3382 2324 quo
3424 2253 3758 2310 subsistunt.

2158 2345 2312 2402 Licet
2340 2345 2510 2401 multo
2544 2346 2759 2400 tenuius
2797 2360 2963 2415 quam
2986 2353 3192 2400 ‘nostra
3236 2351 3365 2398 sunt
3407 2359 3642 2414 corpora
3668 2360 3758 2400 se-

2159 2437 2392 2494 cundum
2414 2436 2658 2506 Apostoli
2688 2436 3011 2492 sententiam
3042 2436 3117 2490 ita
3162 2435 3415 2502 dicentis,
3441 2445 3490 2490 et
3530 2452 3759 2506 corpora

2161 2527 2408 2593 coelestia,
2431 2537 2484 2582 et
2527 2543 2748 2598 corpora
2777 2527 3078 2593 terrestria;
3120 2535 3177 2582 et
3205 2526 3427 2593 iterum,
3460 2529 3762 2582 seminatur

2158 2636 2345 2690 corpus
2371 2619 2623 2685 animale,
2661 2620 2831 2690 surgit
2877 2635 3066 2688 corpus
3096 2616 3367 2692 spiritale;
3395 2618 3594 2688 quibus
3633 2633 3760 2674 ma-

2160 2709 2358 2764 nifeste
2379 2708 2654 2778 colligitur
2690 2708 2826 2763 nihil
2849 2721 2971 2764 esse
3013 2707 3418 2779 incorporeum,
3441 2707 3547 2764 nisi
3582 2707 3761 2763 Deum

2160 2798 2358 2866 solum,
2394 2806 2451 2854 et
2481 2798 2686 2856 idcirco
2715 2799 2816 2870 ipsi
2861 2798 3238 2855 tantummodo
3289 2812 3448 2868 posse
3503 2805 3762 2870 penetra—

2159 2893 2297 2950 biles
2331 2908 2524 2950 omues
2558 2893 2935 2964 spiritalcsque
2982 2900 3146 2962 atque
3182 2891 3576 2948 intellectuales
3625 2904 3757 2948 esse

2161 2984 2517 3051 substantias,
2555 2999 2622 3039 eo
2649 2984 2794 3056 quod
2823 2983 2994 3048 solus,
3029 2991 3085 3038 et
3112 2990 3276 3048 totus,
3305 2990 3361 3038 et
3389 2982 3592 3051 ubique
3612 2991 3671 3037 et
3697 2981 3758 3036 in

2161 3076 2415 3139 omnibus
2460 3076 2555 3142 sit,
2591 3076 2668 3130 ita
2713 3082 2776 3131 ut
2819 3084 2878 3130 et
2917 3063 3288 3146 cogitationes
3332 3073 3648 3139 hominum,
3699 3079 3762 3128 et

2163 3171 2408 3226 internas
2459 3177 2661 3234 motus,
2709 3168 2854 3223 adita
2901 3166 3101 3223 mentis
3149 3166 3406 3222 universa
3465 3163 3757 3234 inspiciat,

465 3258 658 3316 restris
677 3269 779 3325 est,
812 3263 1093 3318 terrestria
1121 3277 1371 3332 corpora.
1401 3261 1522 3317 Alia
1543 3257 1758 3322 claritas
1783 3264 1930 3330 solis,
1951 3264 2061 3319 alia
2086 3258 2132 3322 C
2164 3271 2327 3334 atque
2354 3263 2666 3334 perlustret.
2709 3261 2786 3316 De
2813 3260 2930 3331 ipso
2952 3258 3217 3329 siquidem
3247 3256 3362 3313 solo
3385 3255 3763 3326 pronuntiavit

465 3349 683 3406 claritas
712 3349 872 3416 Iunce,
901 3351 1008 3408 alia
1041 3351 1257 3410 claritas
1300 3353 1596 3420 stellarum,
1650 3353 1802 3413 stella
1840 3354 1979 3412 enim
2021 3371 2055 3408 a

461 3443 615 3502 stella
639 3444 816 3516 cli/fert
847 3446 902 3501 in
928 3444 1188 3502 claritate.
1225 3445 1396 3504 Unius
1421 3456 1629 3503 natura:
1649 3448 2059 3519 comparatione

465 3535 640 3591 utitur
683 3536 752 3591 ad
797 3536 1106 3593 indiscreta:
1153 3537 1469 3594 substantiae
1513 3540 1842 3596 reddendam
1888 3539 2058 3596 ratio—

439 3633 594 3683 ‘uem
623 3644 636 3682 :
669 3626 796 3696 quia
824 3626 965 3683 sicut
986 3626 1067 3683 sol
1087 3637 1143 3683 et
1164 3627 1290 3684 luna
1325 3635 1381 3682 et
1410 3627 1579 3684 stella:
1606 3643 1734 3684 cum
1761 3628 1871 3683 sint
1898 3628 2059 3684 unius

464 3718 685 3790 quidem
727 3728 952 3786 natu-rte,
987 3721 1215 3777 diversae
1260 3729 1441 3779 tamen
1476 3721 1744 3777 claritatis
1785 3729 1944 3786 sunt;
1985 3721 2061 3774 ita

464 3820 521 3868 et
556 3811 806 3870 homines
851 3827 976 3867 cum
1019 3812 1130 3868 sint
1156 3812 1315 3870 unius
1358 3812 1593 3884 generis,
1637 3811 1834 3868 merito
1881 3820 2062 3867 tamen

469 3903 763 3961 dissimiles
787 3911 948 3960 erunt
973 3905 1030 3960 in
1069 3903 1277 3978 gloria,
1305 3914 1365 3960 ut
1405 3904 1640 3960 claritati
1679 3904 1809 3961 solis
1848 3904 2062 3960 illorum

469 3995 707 4068 dignitas
769 4004 1119 4067 exaequetur,
1185 3997 1278 4067 qui
1355 3995 1715 4054 centesimum
1774 4010 2062 4052 numerum

471 4090 694 4156 habent,
725 4090 818 4162 qui
863 4099 923 4146 ut
955 4089 1184 4163 perfecti
1231 4099 1416 4148 essent
1453 4091 1612 4162 primi
1653 4091 1851 4162 gradus
1881 4090 2063 4147 aemuli

472 4180 712 4248 fuerunt,
743 4184 809 4238 de
835 4184 1031 4254 quibus
1061 4185 1264 4240 dictum
1295 4192 1380 4239 est
1413 4202 1424 4238 :
1459 4181 1604 4238 Tunc
1623 4183 1758 4254 justi
1790 4182 2063 4254 fulgebunt

470 4274 607 4328 sicut
656 4271 735 4328 sol
765 4274 820 4326 in
864 4289 1022 4343 regno
1070 4271 1250 4326 Patris
1282 4272 1365 4326 sui
1398 4271 1614 4343 (Matth.
1667 4273 1812 4344 XIII).
1857 4271 2066 4327 Lunari

471 4369 653 4416 autem
691 4360 930 4417 claritati
973 4361 1030 4415 hi
1068 4361 1420 4430 comparandi
1465 4370 1616 4426 sunt,
1654 4361 1746 4431 qui
1790 4360 2066 4433 sexagesi-

471 4468 619 4508 mum
675 4467 958 4510 numerum
1005 4451 1165 4508 bonis
1209 4451 1468 4523 operibus
1515 4452 1744 4508 mercati
1795 4461 1956 4518 sunt,
2006 4462 2066 4508 ut

472 4542 694 4600 secundi
717 4543 914 4616 gradus
943 4543 1197 4598 meritum
1219 4542 1502 4598 haberent.
1528 4539 1714 4597 Stellis
1741 4550 1924 4597 autem
1944 4541 2060 4596 cla-

2159 3355 2351 3412 beatus
2383 3353 2696 3426 Apostolus,
2728 3351 2916 3408 dicens
2948 3347 3135 3419 (Hebr.
3168 3347 3280 3417 Iv):
3319 3345 3478 3402 Vivus
3501 3346 3638 3400 enim
3679 3353 3762 3399 est

2159 3463 2330 3504 sermo
2354 3447 2452 3502 Dei
2477 3455 2525 3501 et
2551 3446 2754 3517 eﬂicax,
2799 3453 2846 3498 et
2871 3442 3079 3510 acutior
3102 3455 3260 3510 super
3288 3454 3494 3493 omnem
3517 3435 3760 3507 gladium

2163 3537 2460 3610 ancipitem,
2493 3546 2541 3592 et
2583 3535 2880 3608 pertingens
2914 3547 3077 3601 usque
3109 3529 3178 3583 ad
3221 3527 3530 3582 divisionem
3560 3525 3760 3580 anima:

2162 3640 2208 3685 et
2238 3629 2476 3700 spiritus,
2499 3641 2809 3696 compagum
2845 3638 3048 3695 quoque
3070 3632 3116 3676 et
3158 3618 3544 3684 medullarum,
3568 3625 3618 3671 et
3646 3615 3762 3671 dis-

2163 3730 2369 3776 cretura
2391 3718 2854 3789 cogitationum,et
2884 3715 3229 3772 intentionum
3261 3711 3455 3780 cordis,
3472 3722 3521 3766 et
3545 3726 3649 3765 non
3678 3717 3757 3764 est

2164 3818 2406 3864 creatura
2430 3806 2707 3863 invisibilis
2753 3807 2808 3860 in
2837 3813 3113 3875 conspectu
3159 3803 3274 3874 ejus
3289 3843 3311 3882 θ
3361 3802 3538 3856 omnia
3581 3808 3759 3854 autent

2165 3898 2306 3952 nuda
2333 3907 2381 3952 et
2408 3907 2589 3969 aperta
2605 3905 2726 3952 sunt
2751 3894 2917 3950 oculis
2945 3894 3093 3965 ejus;
3116 3895 3377 3949 etbeatus
3395 3891 3562 3947 David
3579 3889 3758 3962 (Psal.

2167 3988 2339 4061 χχχιι)
2366 4007 2379 4043 :
2405 3989 2495 4060 qui
2522 3988 2696 4058 ﬁngit,
2741 3985 2938 4059 inquit,
2975 3983 3283 4055 singillatim
3330 3983 3493 4038 corda
3529 3997 3760 4045 eorum;

2164 4090 2220 4136 et
2249 4081 2443 4136 iterum
2469 4098 2482 4132 :
2510 4078 2629 4148 Ipse
2645 4077 2779 4132 enim
2799 4076 2938 4130 novit
2961 4074 3164 4129 occulta
3191 4074 3363 4128 cordis
3381 4072 3553 4145 (Psal.
3578 4070 3760 4144 xutt.)

2168 4169 2406 4243 [Arnbn]
2431 4168 2680 4223 Animalc
2707 4182 2904 4237 corpus
2927 4174 3033 4232 est,
3062 4165 3190 4220 dum
3227 4165 3364 4220 cibis
3394 4171 3758 4230 sustentatur,

2166 4268 2228 4316 ut
2248 4259 2394 4314 vivat
2427 4277 2442 4312 :
2484 4258 2731 4330 spiritale
2759 4265 2940 4313 autem
2969 4271 3091 4313 cum
3116 4256 3310 4311 horum
3340 4255 3475 4312 nihil
3497 4255 3764 4328 indigebit

2167 4363 2488 4405 conversum
2535 4348 2590 4402 in
2634 4347 2822 4402 vitam.
2872 4345 3068 4402 Omnia
3107 4345 3415 4416 supradicta
3461 4346 3564 4401 hoc
3595 4360 3762 4401 sensu

2167 4437 2510 4502 clauduntur,
2566 4453 2673 4493 non
2708 4438 2854 4494 enim
2887 4452 3084 4508 corpus
3135 4435 3369 4491 animale
3415 4449 3630 4506 semper
3672 4434 3761 4490 hic

2169 4528 2370 4584 habere
2400 4535 2580 4598 potest
2609 4526 2869 4597 Spiritum
2898 4535 3178 4592 sanctum;
3214 4532 3340 4580 tunc
3385 4539 3537 4590 vero,
3582 4523 3635 4579 id
3677 4531 3766 4580 est

475 4613 928 4692 τίοι-ωηεέοτιηη
961 4635 1155 4691 merita
1190 4632 1556 4704 comparanda
1589 4641 1740 4699 sum,
1768 4632 1862 4703 qui
1895 4632 2063 4703 "iga-
2091 4613 2144 4673 D
2171 4619 2225 4675 in
2259 4617 2678 4682 resurrectione,
2707 4632 2923 4688 semper
2948 4617 3188 4672 manebit
3220 4617 3274 4672 iu
3303 4617 3547 4673 sanctis:
3573 4624 3764 4687 surget

473 4727 673 4784 simum
722 4740 1030 4792 numerum,
1089 4725 1233 4781 tertii
1285 4725 1486 4795 gradus
1537 4723 1854 4795 dignitatem
1899 4721 2066 4792 justis

477 4819 756 4876 laboribus
778 4819 1128 4888 quaesierunt.
1158 4816 1526 4888 Sequentibus
1549 4831 1680 4872 vero
1721 4815 1913 4881 stellis,
1947 4829 2069 4884 quae

479 4911 622 4967 inter
662 4909 838 4966 claras
877 4917 934 4963 ct
971 4909 1317 4964 obscuriores
1354 4907 1547 4964 mediae
1576 4913 1724 4973 sunt,
1751 4914 2070 4977 peccatores

481 5001 731 5057 homines
752 4999 1041 5069 coaptandi
1071 5006 1219 5064 sunt,
1243 4998 1335 5069 qui
1359 4996 1426 5053 de
1453 4998 1624 5053 tribus
1653 4996 1853 5053 nullius
1872 4997 2072 5069 gradus

477 5091 738 5146 honorem
763 5089 990 5161 adipisci
1018 5088 1323 5145 voluerunt.
1353 5088 1584 5144 Tctricis
1609 5097 1789 5144 autem
1815 5087 1984 5144 stellis
2012 5095 2068 5142 ct

477 5181 722 5238 omnium
757 5180 1090 5247 noviSsimis,
1139 5179 1472 5252 perfidorum
1505 5178 1834 5235 resurrectio
1875 5177 2067 5234 similis

478 5279 586 5336 est,
621 5271 749 5340 quia
781 5286 1022 5327 errorem
1049 5271 1240 5337 secuti,
1268 5269 1440 5326 stellis
1465 5271 1520 5326 in
1541 5285 1786 5326 errorem
1814 5267 2064 5325 ducenti~

480 5363 583 5424 bus
621 5363 967 5432 comparandi
1017 5370 1169 5428 sunt;
1221 5362 1363 5418 sicut
1413 5361 1545 5417 dicit
1590 5361 1643 5416 in
1684 5359 1924 5430 Epistola
1967 5374 2065 5414 sua

480 5451 647 5509 Judas
674 5452 972 5524 apostolus.
1023 5452 1316 5508 lnlidelitas
1345 5452 1491 5508 cnim
1528 5468 1633 5507 non
1661 5457 1843 5522 potest
1866 5449 2070 5505 claram

482 5546 942 5608 resurrectionem
973 5545 1198 5610 habere,
1234 5544 1360 5616 quia
1389 5545 1532 5600 sicut
1558 5543 1724 5602 carbo
1747 5543 1929 5598 cinere
1973 5554 2073 5596 suo

485 5652 778 5710 coopertus
806 5640 1134 5705 obcmcatur,
1167 5640 1242 5695 ita
1274 5647 1330 5693 et
1368 5637 1422 5692 hi
1465 5635 1690 5707 perﬁdia
1736 5651 1832 5690 sua
1871 5633 2074 5690 erroris

486 5733 726 5790 tenebris
760 5731 1078 5789 circumdati
1110 5732 1229 5787 luce
1255 5729 1535 5786 carebunt.
1573 5729 1647 5782 Ita
1674 5728 1779 5782 erit
1804 5735 1858 5782 et
1897 5740 2078 5781 resur-

495 5825 664 5883 tt‘ctio
691 5833 1047 5883 mortuorum.
1086 5822 1342 5896 Exempla
1385 5822 1494 5888 dat,
1531 5829 1584 5874 ut
1625 5835 1728 5874 non
1758 5820 1826 5874 sit
1854 5817 2074 5874 dubium

2169 4728 2366 4783 corpus
2418 4711 2664 4784 Spiritalc
2703 4713 2847 4781 quod
2893 4710 3065 4781 possit
3105 4711 3188 4766 ire
3243 4709 3460 4766 obviam
3515 4708 3760 4765 Christo.

2174 4803 2323 4859 Sicut
2350 4804 2599 4872 scriptum
2639 4811 2713 4855 est
2747 4814 2764 4852 :
2803 4798 3002 4854 Factus
3047 4808 3122 4854 est
3166 4799 3365 4870 primus
3406 4799 3558 4853 homo
3589 4799 3762 4856 Adam

2170 4901 2225 4954 in
2268 4901 2499 4956 animant
2545 4900 2818 4963 viventem,
2868 4896 3177 4952 novissimus
3222 4896 3393 4950 Adam
3433 4897 3490 4950 in
3517 4895 3765 4964 spiritum

2173 4991 2539 5060 viviﬁcantem.
2589 4987 2897 5043 Notandum
2934 4995 3037 5053 est,
3080 4988 3224 5056 quod
3261 5000 3384 5040 cum
3415 4985 3550 5041 duos
3589 4983 3763 5039 Adam

2177 5083 2332 5149 dicit,
2379 5081 2620 5153 ejusdem
2662 5090 2871 5135 natura:
2917 5087 3175 5150 utrosque
3216 5078 3573 5142 demonstrat,
3618 5076 3768 5146 quod

2175 5182 2364 5232 contra
2403 5171 2749 5236 Maniclunos,
2776 5178 2832 5224 et
2874 5167 3289 5238 Apollinaristas
3335 5165 3486 5231 facit,
3532 5165 3624 5238 qui
3664 5181 3764 5220 ue-

2175 5274 2304 5338 gant
2357 5262 2450 5318 Dei
2501 5261 2677 5317 Verbo
2717 5258 3018 5329 perfectum
3069 5257 3344 5315 hominem
3392 5271 3514 5312 cssc
3572 5271 3766 5312 susce-

2175 5365 2345 5427 ptum.

2251 5444 2320 5499 Et
2349 5461 2452 5498 non
2478 5444 2640 5514 prius,
2668 5443 2808 5514 quod
2839 5441 3075 5513 spiritale
3101 5449 3198 5505 est,
3242 5439 3330 5494 sed
3355 5439 3495 5511 quod
3537 5437 3770 5493 animale

2178 5547 2276 5604 est,
2307 5536 2513 5599 deinde,
2545 5536 2684 5607 quod
2706 5533 2962 5607 spiritale,
2987 5534 3187 5604 primus
3209 5533 3363 5587 homo
3393 5531 3456 5584 de
3495 5539 3636 5584 terra
3662 5538 3770 5582 ter-

2181 5645 2358 5694 renus,
2382 5628 2641 5683 secundus
2661 5629 2815 5684 homo
2836 5627 2900 5681 de
2919 5625 3045 5680 cwlo
3066 5623 3304 5687 caelestis,
3328 5621 3500 5694 qualis
3527 5630 3769 5675 terrenus

2181 5721 2311 5776 tales
2341 5721 2551 5776 terreni.
2575 5719 2825 5777 leestis
2855 5717 3076 5782 dicitur,
3104 5716 3229 5787 quia
3257 5731 3361 5770 uou
3387 5715 3635 5769 humana:
3657 5711 3770 5766 fra-

2184 5814 2403 5884 gilitatis
2449 5815 2575 5879 ritu,
2620 5813 2713 5868 sed
2755 5811 2946 5867 divina”:
2986 5808 3282 5874 maiestatis
3333 5813 3481 5870 nutu,
3533 5813 3587 5860 et
3635 5819 3772 5860 con-
