4082 6332
325 372 432 429 155

851 351 1400 440 eaannntonuu
1438 365 1505 422 1N
1537 364 1688 424 EPP.
1724 359 1893 420 mur

1992 359 2100 418 ΑΒ.
2141 358 2232 418 XI.
2273 389 2344 402 --
2379 359 2447 418 IN
2485 362 2702 420 EPIST.
2741 363 2762 420 Ι
2800 362 2892 420 ΑΙ)
2919 363 3081 437 βοίὶ.

3470 362 3582 425 168

321 491 510 556 ceptus
553 488 659 550 est,
704 490 762 539 et
801 481 1014 539 enixus.
1066 480 1205 536 Nam
1249 495 1422 553 usque
1465 481 1600 538 adeo
1647 487 1898 536 naturam
1923 483 1977 544 Α
2001 476 2257 545 animale,
2280 476 2439 548 quale
2467 475 2768 532 animatum
2803 482 2890 532 est
2915 475 3010 532 Dei
3053 474 3206 543 ﬂatu,
3241 491 3366 534 cum
3401 478 3576 534 factus

323 582 566 631 nostram
620 572 830 640 habuit,
881 580 946 628 ιιι
993 571 1263 630 secundus
1314 570 1490 628 Adam
1547 572 1780 640 dicatur,
1845 578 1900 628 et

323 665 505 721 homo.

394 755 464 810 Et
510 754 684 826 qualis
735 751 955 810 cwlestis
1002 753 1132 810 tales
1175 761 1223 808 et
1261 752 1510 809 cmleste's.
1557 752 1616 810 Si
1653 754 1793 820 ideo,
1836 762 1900 810 ut

321 845 562 904 haeretici
589 843 796 911 volunt,
826 843 1000 900 nostri
1027 843 1242 915 generis
1271 851 1580 914 assumptus
1611 845 1773 900 homo
1789 859 1899 901 non

321 939 444 1006 fuit,
472 939 568 1010 qui
595 937 834 995 caelestis
853 936 1074 1003 dicitur,
1104 949 1236 1006 ergo
1274 951 1377 992 nec
1412 935 1504 992 isti
1550 945 1758 991 natura:
1794 949 1896 992 no-

319 1038 450 1087 stra
489 1037 617 1085 sunt
643 1028 738 1100 qui
777 1027 1025 1084 ctelestes
1054 1026 1430 1098 appellantur:
1469 1026 1514 1084 si
1539 1042 1670 1082 vero
1709 1026 1776 1082 de
1812 1026 1900 1083 his

318 1136 479 1178 nemo
502 1119 734 1186 dubitat,
762 1133 867 1180 nec
886 1119 952 1174 de
979 1117 1070 1173 illo
1097 1127 1181 1174 est
1199 1117 1598 1189 ambigendum.
1631 1117 1812 1190 (Aug.)
1838 1117 1898 1172 ln

317 1212 404 1268 his
436 1225 569 1280 ergo
611 1203 794 1266 verbis
841 1207 1084 1278 Apostoli
1141 1207 1337 1277 quibus
1356 1207 1433 1262 ait
1459 1221 1475 1261 :
1507 1205 1811 1263 Seminatur
1842 1208 1898 1263 in

315 1299 670 1370 corruptione,
713 1298 882 1369 surgit
927 1297 983 1352 in
1027 1296 1506 1367 incorruptionem,
1549 1303 1606 1352 et
1663 1295 1896 1367 reliqua,

315 1387 562 1458 nunquid
591 1387 675 1442 l‘as
710 1394 793 1442 est
815 1393 1008 1455 putare
1032 1384 1224 1441 melius
1253 1399 1480 1452 corpora
1503 1393 1690 1440 nostra
1714 1399 1896 1441 resur-

314 1487 560 1545 rectura,
591 1492 754 1549 quam
793 1475 1017 1542 Christi,
1061 1490 1186 1530 cum
1223 1475 1291 1542 de
1333 1474 1425 1530 illo
1455 1475 1526 1532 sit
1559 1474 1898 1546 propositum

297 1567 646 1639 exemplum,
695 1565 840 1637 quod
886 1565 1117 1621 ﬁdeliter
1170 1564 1470 1631 intendere,
1531 1569 1735 1634 et'per
1781 1563 1898 1635 ejus

311 1662 552 1735 gratiam
600 1675 818 1732 sperare
845 1659 1162 1723 debeamus,
1203 1673 1268 1714 ac
1295 1673 1394 1728 per
1423 1657 1527 1713 hoc
1552 1655 1701 1712 nullo
1737 1657 1898 1714 modo

307 1754 488 1827 potuit
514 1767 710 1824 corpus
739 1751 941 1808 Christi
966 1766 1090 1807 cum
1110 1751 1457 1821 corruptione
1496 1763 1801 1818 resurgere,
1849 1749 1894 1805 si

1997 578 2083 628 cst
2105 571 2268 628 homo
2294 569 2352 625 in
2379 568 2619 624 animam
2645 567 2843 634 vivam,
2872 566 3038 624 etiam
3060 566 3238 638 ipsum
3265 582 3332 623 ex
3357 568 3577 626 animall

1994 662 2241 734 Spiritale
2261 660 2378 718 sine
2405 661 2598 716 mortis
2619 661 2928 716 interventu
2964 657 3226 724 futurum,
3265 659 3370 714 nisi
3401 668 3578 715 trans-

1994 755 2202 828 gressio
2234 753 2490 825 prmeepti
2531 753 2682 825 prius
2727 751 3018 808 commisso
3043 759 3269 823 peccato
3312 751 3580 823 inﬁigeret

1994 861 2230 917 pmnam,
2253 859 2415 916 quam
2439 845 2579 900 Deus
2602 850 2830 900 servata:
2853 842 3077 914 justitize
3101 842 3261 898 daret
3285 856 3567 897 coronam.

1996 935 2152 992 Unde
2178 933 2439 992 Dominus
2467 933 2716 990 Christus
2741 947 2838 1003 per
2873 947 2974 988 nos
3006 931 3075 986 ad
3113 947 3212 988 nos
3239 932 3410 999 venit,
3451 947 3575 987 cum

1994 1033 2309 1098 peccatores
2331 1024 2512 1094 justus
2549 1021 2774 1089 invenit,
2810 1038 2911 1094 per
2935 1029 3141 1078 statum
3181 1023 3577 1092 quodammodo

1995 1117 2315 1173 humilitatis
2338 1124 2557 1173 nostrm.
2581 1114 2719 1169 Nam
2743 1129 2840 1185 per
2861 1114 3096 1170 animale
3132 1114 3310 1181 nobis,
3337 1115 3442 1170 hoc
3467 1123 3575 1183 est,

1996 1225 2094 1283 per
2113 1208 2342 1265 mortale
2366 1222 2563 1278 corpus
2586 1204 2972 1278 apparuit,'qui
2993 1205 3200 1276 utique,
3225 1205 3272 1260 si
3294 1205 3573 1273 voluisset,

1995 1319 2120 1360 cum
2159 1316 2388 1373 corpore
2431 1298 2724 1355 immortali
2766 1299 3021 1368 primitus
3065 1298 3374 1354 advenisset
3417 1315 3431 1353 :
3478 1299 3575 1354 sed

1995 1393 2124 1465 quia
2149 1408 2249 1448 nos
2277 1390 2576 1448 humilitate
2596 1388 2722 1445 Filii
2751 1388 2847 1444 Dei
2872 1391 3053 1445 sanari
3073 1387 3376 1460 oportebat,
3405 1403 3578 1458 usque

1997 1489 2065 1545 ad
2095 1494 2338 1543 nostram
2385 1484 2754 1542 inﬁrmitatem
2785 1482 3081 1548 descendit,
3125 1489 3179 1538 et
3218 1481 3339 1537 ﬁdei
3379 1488 3580 1536 nostrae

1997 1577 2250 1633 meritum
2301 1590 2367 1632 ac
2416 1573 2699 1646 prmmium
2743 1574 2948 1628 virtute
3003 1588 3114 1628 sum
3162 1573 3580 1628 resurrectionis

1995 1669 2252 1726 ostendit.
2278 1667 2402 1724 Ideo
2432 1667 2698 1736 sequitur,
2729 1665 3020 1735 Apostolus
3047 1665 3218 1722 dicit:
3249 1665 3579 1722 Novissimus

1997 1757 2165 1812 Adam
2183 1758 2236 1811 in
2257 1756 2498 1827 spiritum
2515 1755 2859 1823 viviﬁcantem
2877 1755 3022 1810 :sive
3035 1755 3362 1829 intelligatur
3373 1757 3580 1829 primus

308 1852 562 1900 nostrum
606 1844 660 1899 in
689 1842 1095 1913 incorruptione
1141 1847 1577 1896 resurrecturum
1619 1839 1894 1912 promitti-
1920 1832 1968 1893 Β
1993 1846 2184 1913 Adam,
2220 1846 2314 1916 qui
2338 1845 2405 1901 de
2431 1845 2656 1916 pulvere
2679 1852 2805 1899 ante
2835 1843 3099 1900 formatus
3127 1855 3232 1912 est,
3260 1846 3375 1900 sive
3407 1847 3582 1903 novis-

307 1943 417 1990 tur.
475 1933 701 1992 Constat
741 1933 922 2003 itaque
972 1946 1075 1988 nec
1124 1931 1477 1988 dubitandum
1521 1940 1645 1998 est,
1698 1945 1894 2002 corpus

305 2025 536 2090 Christi,
593 2024 739 2094 quod
776 2023 904 2079 licet
948 2021 1348 2094 corruptionem
1385 2023 1687 2092 putredinis
1712 2023 1768 2079 in
1810 2038 1896 2081 se-

303 2117 501 2189 pulcro
543 2132 653 2173 non
700 2115 931 2182 viderit,
971 2113 1116 2170 unde
1157 2115 1419 2186 scriptum
1447 2124 1552 2182 est,
1595 2129 1698 2171 nec
1739 2114 1895 2172 dabis

303 2219 558 2268 sanctum
588 2219 739 2267 tuum
770 2210 954 2266 videre
981 2208 1404 2279 corruptionem,
1434 2208 1602 2264 clavis
1632 2217 1812 2264 tamen
1838 2215 1896 2264 et

303 2303 503 2359 lancea
549 2301 825 2372 perrumpi
869 2300 1065 2371 potuit.
1107 2314 1252 2356 nunc
1287 2299 1510 2356 omnino
1551 2299 1604 2354 in
1651 2299 1896 2354 incorru-

302 2395 498 2466 ptione
521 2392 854 2458 consistere;
887 2389 1104 2461 etquod
1134 2389 1190 2444 in
1228 2388 1557 2446 contumelia
1599 2387 1894 2460 passionis,

301 2483 615 2553 mortisque
654 2482 981 2540 seminatum
1013 2488 1118 2546 est,
1149 2493 1294 2534 nunc
1319 2493 1440 2536 esse
1466 2479 1521 2536 in
1551 2479 1723 2552 gloria
1767 2479 1894 2534 vita:

301 2584 559 2642 aaternze;
587 2582 643 2630 et
667 2573 808 2644 quod
835 2572 1152 2628 inﬁrmitate
1177 2571 1352 2642 potuit
1381 2569 1646 2641 cruciﬁgi,
1669 2568 1894 2625 nuncin

300 2667 508 2722 virtute
535 2680 764 2741 regnare
789 2683 805 2720 :
836 2671 893 2722 et
925 2663 1068 2734 quod
1092 2672 1211 2718 erat
1251 2676 1450 2734 corpus
1481 2659 1714 2716 animale
1754 2673 1894 2729 quo-

299 2757 454 2814 niam
486 2771 554 2813 ex
593 2755 766 2812 Adam
813 2760 1088 2824 sumptum
1126 2761 1227 2818 est,
1272 2767 1418 2807 nunc
1459 2766 1582 2808 esse
1626 2749 1893 2821 spiritale,

299 2849 455 2920 quod
507 2849 722 2920 spiritui
769 2847 882 2919 jam
936 2843 1370 2916 inseparabiliter
1419 2842 1733 2914 c0pulatum
1785 2850 1892 2898 est.

299 2941 441 2996 Cum
469 2939 619 2995 enim
643 2938 804 2994 vellet
824 2938 1117 3009 Apostolus
1143 2936 1211 2992 de
1239 2949 1468 3006 corpore
1497 2932 1718 2988 animali
1748 2932 1898 2988 adhi-

299 3031 435 3088 bere
484 3032 851 3088 testimonium
880 3030 1304 3101 Scripturarum,
1354 3027 1486 3082 illud
1521 3027 1724 3098 posuit,
1749 3026 1895 3098 quod

299 3121 354 3178 in
384 3120 591 3178 Genesi
629 3120 827 3192 legitur
858 3138 873 3177 :
919 3119 980 3178 Si
1019 3127 1119 3185 est,
1161 3117 1360 3188 inquit,
1397 3134 1586 3188 corpus
1638 3114 1891 3182 animale,

1995 1936 2167 1993 simus
2191 1935 2386 2000 Adam,
2417 1935 2510 2004 qui
2540 1935 2606 1990 de
2630 1933 2845 2006 virgine
2869 1942 3188 2004 procreatus
3224 1943 3341 2001 est;
3374 1935 3490 1992 sive
3520 1937 3579 1995 in

1996 2045 2326 2100 unoquoque
2351 2029 2570 2084 homine
2600 2036 2890 2098 utrumque
2911 2026 3268 2097 compleatur,
3295 2037 3356 2082 ut
3375 2028 3584 2098 primus

1992 2119 2170 2174 Adam
2193 2119 2264 2175 sit
2282 2119 2444 2174 homo
2466 2118 2521 2172 in
2543 2132 2770 2188 corpore
2791 2116 3028 2183 mortali,
3055 2117 3383 2175 novissimus
3405 2118 3580 2174 Adam

1995 2211 2141 2267 idem
2162 2211 2276 2282 ipse
2315 2210 2370 2265 in
2404 2223 2631 2280 corpore
2679 2209 2975 2265 immortali
3008 2228 3023 2264 :
3066 2217 3248 2266 tamen
3286 2211 3428 2267 inter
3466 2212 3584 2268 ani-

1994 2317 2139 2356 mam
2167 2301 2460 2365 viventem,
2503 2307 2558 2354 et
2585 2298 2839 2369 spiritum
2867 2299 3236 2355 viviﬁcantem
3277 2300 3381 2356 hoc
3411 2301 3585 2356 inter-

1993 2407 2116 2450 esse
2159 2392 2348 2460 voluit,
2374 2400 2433 2446 ut
2454 2391 2564 2447 illic
2595 2391 2666 2447 sit
2691 2406 2888 2462 corpus
2913 2391 3168 2458 animale,
3193 2392 3283 2448 hic
3311 2393 3580 2464 spiritale.

1991 2483 2188 2539 Anima
2219 2483 2422 2554 quippe.
2445 2483 2498 2538 in
2530 2496 2760 2552 corpore
2791 2483 3016 2538 animali
3046 2484 3181 2539 vivit
3215 2486 3454 2557 quidem,
3485 2485 3581 2542 sed

1994 2591 2102 2632 non
2147 2575 2389 2631 viviﬁcat
2419 2589 2593 2644 usque
2637 2574 2706 2630 ad
2745 2574 3098 2630 auferendam
3139 2577 3578 2646 corruptionem;

1995 2666 2049 2722 in
2084 2681 2311 2738 corpore
2354 2681 2487 2722 vero
2524 2664 2786 2736 spiritali,
2821 2665 3078 2736 quoniam
3121 2665 3360 2734 perfecte
3401 2667 3584 2722 adlim-

1995 2771 2122 2813 rens
2148 2758 2376 2813 Domino
2401 2773 2540 2814 unus
2569 2757 2792 2827 spiritus
2821 2766 2924 2822 est,
2955 2758 3036 2813 sic
3059 2759 3317 2825 viviﬁcat,
3341 2767 3402 2814 ut
3426 2759 3582 2829 spiri-

1994 2847 2105 2902 tale
2130 2861 2326 2916 corpus
2352 2847 2567 2914 elﬁciat,
2593 2848 2883 2903 absumens
2903 2862 3119 2903 omnem
3145 2849 3577 2918 corruptionem,

1994 2937 2198 2994 nullam
2242 2945 2491 3010 metuens
2549 2939 2980 3006 separationem;
3022 2939 3248 3009 proinde
3293 2941 3577 3009 sequitur:

1996 3031 2103 3088 Sed
2145 3047 2250 3086 non
2289 3031 2436 3101 prius
2471 3029 2611 3100 quod
2645 3028 2880 3101 spiritale
2905 3039 3002 3096 est,
3042 3030 3134 3085 sed
3161 3030 3302 3102 quod
3329 3031 3578 3100 animale,

1993 3130 2173 3194 postea
2215 3121 2474 3194 spiritale.
2509 3121 2759 3176 ~Primus'
2797 3120 2952 3178 homo
3001 3121 3068 3178 de
3114 3133 3276 3191 terra,
3318 3135 3578 3191 terrenus,

297 3221 374 3268 est
406 3221 460 3266 et
485 3210 743 3281 spiritale,
780 3212 914 3266 sicut
948 3218 995 3264 et
1021 3209 1272 3279 scriptum
1298 3216 1373 3262 est
1398 3222 1417 3262 ἔ
1451 3203 1652 3260 Fuﬁus
1677 3213 1752 3260 εδε
1789 3204 1895 3274 Ρνὶ·
1919 3197 1966 3260 C
1995 3213 2255 3269 secundus
2280 3213 2434 3267 homo
2450 3213 2516 3266 de
2532 3211 2681 3279 caelo,
2702 3212 3146 3285 caelestis:qualis
3167 3224 3422 3282 terrenus,
3443 3217 3576 3274 tales

299 3320 422 3362 mus
463 3303 638 3358 Adam
668 3304 724 3358 in
749 3303 984 3359 animam
1028 3310 1303 3366 viventem,
1341 3307 1403 3356 ut
1441 3299 1500 3354 in
1539 3299 1777 3354 animam
1807 3297 1892 3352 vi-

298 3408 454 3460 vam,
496 3391 704 3449 recoles
743 3399 916 3460 certe,
957 3389 1414 3464 quemadmodum
1460 3389 1722 3460 scriptum
1763 3396 1888 3444 est:

301 3486 370 3542 Et
412 3485 698 3557 insufﬂauit
746 3483 889 3542 Deus
933 3485 990 3539 in
1031 3481 1220 3553 faciem
1267 3481 1380 3552 ejus
1415 3482 1604 3554 ﬂatum
1656 3480 1796 3546 vitw,
1844 3488 1893 3535 et

299 3575 483 3647 factus
513 3584 587 3630 est
612 3576 765 3631 homo
786 3575 840 3630 in
863 3574 1092 3629 animam
1113 3573 1361 3628 viventem
1383 3570 1538 3642 (Gen.
1561 3567 1651 3643 lt.)
1679 3570 1893 3627 Dictum

300 3676 388 3724 est
433 3673 622 3721 autem
661 3664 728 3722 de
757 3662 1118 3719 animalibus:
1158 3658 1428 3716 Producat
1466 3669 1609 3716 terra
1659 3661 1891 3715 animam

303 3759 477 3814 rinam
507 3753 661 3828 (Gen.
693 3751 757 3825 ι.)
788 3752 1108 3826 lntclligitur
1132 3766 1261 3822 ergo
1287 3766 1483 3822 corpus
1521 3750 1757 3806 animale
1783 3751 1891 3808 dici

303 3849 488 3906 simile
521 3848 736 3905 caeteris
774 3845 1124 3912 animalibus,
1168 3851 1391 3916 pr0pter
1437 3845 1632 3902 mortis
1658 3844 1891 3902 dissolu-

304 3941 514 3997 tionem
537 3948 596 3997 et
619 3939 1044 4011 corruptionem,
1064 3952 1185 4008 quae
1207 3937 1450 4008 quotidie
1474 3937 1610 3995 cibis
1630 3937 1890 4005 reﬁcitur,

303 4042 358 4091 et
382 4041 580 4104 postea
611 4039 864 4104 superata
903 4029 1197 4087 animantis
1235 4045 1496 4102 compago
1523 4029 1842 4089 dissolvitur
1865 4048 1888 4108 g:

303 4123 552 4195 spiritale
575 4132 756 4179 autem
789 4136 986 4193 corpus
1009 4121 1151 4193 quod
1171 4119 1285 4191 jam
1313 4136 1434 4178 cum
1457 4121 1652 4192 spiritu
1673 4111 1894 4178 immer-

304 4214 414 4273 tale
460 4223 548 4272 est
582 4231 597 4268 :
635 4212 880 4283 quamvis
919 4210 1160 4267 nonnulli
1206 4211 1553 4278 arbitrentur,
1607 4219 1736 4268 tunc
1774 4210 1892 4268 ﬁeri
1935 4221 1952 4238 '

303 4320 510 4377 corpus
547 4303 809 4375 spiritale,
835 4317 958 4358 cum
977 4299 1090 4371 jam
1125 4311 1181 4357 et
1209 4301 1384 4372 ipsum
1415 4315 1615 4372 corpus
1645 4309 1892 4358 mutatur

304 4395 359 4452 in
386 4393 664 4466 Spiritum,
689 4400 744 4447 et
764 4392 908 4464 quod
930 4391 1092 4447 homo
1118 4399 1239 4447 erat
1261 4405 1329 4447 ex
1355 4407 1586 4462 corpore
1612 4400 1666 4446 et
1697 4392 1891 4463 spiritu

305 4500 602 4560 utrumque
629 4503 692 4544 ac
727 4495 899 4544 totum
933 4487 1147 4558 spiritui
1176 4487 1298 4552 erit,
1331 4484 1486 4558 quasi
1517 4485 1715 4542 dixerit
1742 4485 1890 4556 Apo-

306 4584 502 4649 stolus,
532 4581 831 4638 seminatur
863 4594 1061 4652 corpus
1095 4587 1280 4651 surget
1302 4579 1544 4649 spiritus.
1565 4576 1715 4634 Dixit
1745 4575 1892 4646 Apo-

307 4672 501 4739 stolus,
517 4671 816 4728 seminatur
845 4684 1041 4740 corpus
1067 4668 1320 4735 animale,
1350 4675 1537 4736 surget
1561 4681 1761 4736 corpus
1781 4665 1890 4738 spi-

308 4763 485 4823 ritale.
514 4763 749 4820 Proinde
771 4763 914 4818 sicut
935 4759 1170 4815 animale
1197 4773 1394 4830 corpus
1420 4773 1529 4814 non
1566 4766 1654 4816 est
1683 4757 1885 4820 anima,

307 4855 628 4923 sedcorpus
667 4865 683 4906 :
727 4851 802 4906 ita
843 4859 899 4906 et
931 4848 1176 4921 spiritale
1224 4862 1445 4920 corpus,
1485 4861 1595 4902 non
1637 4847 1888 4917 spiritum

308 4945 569 5003 debemus
595 4952 808 5014 putare,
836 4940 931 4998 sed
956 4955 1172 5010 corpus.
1194 4938 1329 5007 Quis
1354 4952 1517 5012 pono
1544 4937 1742 4992 audeat
1766 4937 1886 5008 epi-

308 5035 426 5092 nari
472 5033 558 5090 vel
578 5033 783 5090 Christi
826 5046 1023 5101 corpus
1071 5045 1180 5086 non
1221 5028 1465 5099 spiritale
1497 5029 1888 5095 resurrexisse,

309 5126 394 5184 vel
419 5127 465 5182 si
500 5123 745 5196 spiritale
770 5121 1156 5188 resurrexerit,
1187 5135 1294 5175 non
1325 5119 1438 5191 jam
1469 5133 1669 5189 corpus
1700 5118 1887 5185 fuisse,

309 5224 405 5281 sed
438 5223 714 5296 spiritum,
743 5236 867 5278 cum
889 5218 1004 5290 jam
1030 5219 1340 5292 opinionem
1378 5217 1762 5289 discipulorum
1798 5229 1888 5273 re-

310 5313 489 5370 fellat?
527 5313 620 5369 ubi
663 5327 789 5369 eum
836 5311 1079 5368 videntes
1117 5309 1492 5368 existimarent
1527 5324 1588 5366 sc
1635 5309 1886 5381 spiritum

312 5405 512 5470 videre,
538 5404 618 5460 ait
642 5421 657 5458 :
695 5400 912 5474 Palpate
945 5410 992 5458 et
1017 5402 1183 5456 videte
1207 5402 1330 5472 quia
1359 5401 1576 5473 spiritus
1604 5417 1816 5455 carnem
1836 5409 1886 5455 et

313 5511 428 5552 ossa
455 5512 561 5551 non
582 5495 757 5561 habet,
796 5493 930 5548 sicut
965 5509 1045 5547 me
1073 5491 1253 5546 videtis
1287 5490 1475 5546 habere
1510 5489 1663 5562 (Luc.
1702 5489 1883 5561 xxxv);

309 5586 415 5657 jam
441 5601 575 5659 ergo
601 5585 692 5641 illa
718 5599 844 5642 caro
872 5582 1113 5654 spiritale
1155 5591 1274 5638 erat
1313 5597 1531 5655 corpus,
1565 5597 1666 5640 nec
1704 5591 1886 5637 tamen

317 5681 532 5750 spiritus
575 5687 713 5746 erat,
760 5678 857 5734 sed
905 5693 1102 5750 corpus
1147 5675 1292 5731 nulla
1335 5676 1558 5733 alterius
1595 5685 1768 5732 morte
1819 5677 1885 5732 ab

319 5771 487 5831 anima
522 5772 893 5830 resolvendum
925 5780 1083 5846 atque
1109 5769 1486 5842 separandum,
1519 5771 1656 5832 siem
1693 5786 1884 5843 corpus

1914 4547 1968 4608 D

1992 3312 2042 3359 et
2069 3303 2284 3376 terreni,
2317 3312 2366 3358 et
2390 3302 2562 3373 qualis
2611 3303 2850 3372 caelestis,
2877 3304 3009 3360 tales
3053 3315 3104 3362 et
3147 3307 3394 3363 caelestes.
3422 3307 3574 3366 Sicut

1991 3393 2312 3463 portavimus
2350 3393 2631 3465 imaginem
2663 3395 2876 3462 terreni,
2907 3405 3174 3467 portemus
3213 3407 3261 3454 et
3295 3399 3577 3472 imaginem

1991 3485 2106 3555 ejus
2129 3486 2219 3556 qui
2245 3485 2310 3539 de
2331 3483 2456 3540 caelo
2491 3493 2587 3540 est.
2630 3485 2769 3553 Quid
2795 3494 2881 3542 est
2923 3488 3102 3558 qualis
3134 3498 3403 3555 terrenus,
3439 3489 3575 3548 tales

1991 3585 2048 3633 et
2075 3577 2310 3632 terreni?
2349 3576 2455 3632 nisi
2494 3578 2751 3634 mortales
2792 3593 2860 3634 ex
2904 3580 3154 3647 mortali;
3198 3589 3253 3636 et
3289 3582 3418 3653 quid
3465 3592 3570 3647 est,

1991 3667 2171 3740 qualis
2215 3667 2638 3735 cmlestis,-tales
2659 3677 2715 3724 et
2758 3670 3046 3728 caelestes?
3084 3673 3188 3728 nisi
3238 3672 3572 3731 immortales

1991 3778 2090 3834 per
2116 3760 2599 3828 immortalitatem,
2631 3761 2760 3818 illud
2785 3777 2884 3832 per
2903 3762 3076 3820 Adam
3098 3804 3113 3831 ,
3149 3765 3254 3822 hoc
3291 3779 3388 3836 per
3413 3764 3574 3825 Chrl-

1993 3861 2156 3909 stum.
2188 3853 2446 3909 Dominus
2483 3861 2665 3909 autem
2705 3854 2774 3908 ad
2820 3854 2924 3909 hoc
2972 3863 3218 3912 terrenus
3245 3854 3425 3912 factus
3467 3870 3572 3924 est,

1993 3961 2117 4003 cum
2145 3953 2291 4002 esset
2322 3946 2575 4012 cmlestis,
2610 3955 2670 4001 ut
2707 3961 2817 4018 eos.
2837 3948 2929 4016 qui
2962 3947 3160 4003 terreni
3190 3957 3347 4003 erant
3372 3949 3576 4006 faceret

1991 4037 2260 4104 caelestes,
2288 4038 2392 4094 hoc
2419 4046 2518 4102 est,
2549 4037 2670 4093 ideo
2693 4053 2758 4092 ex
2795 4038 3086 4094 immortali
3115 4041 3362 4098 mortalis
3390 4041 3569 4099 factus

1991 4137 2097 4196 est,
2127 4129 2452 4185 assumendo
2481 4129 2624 4185 servi
2653 4128 2904 4195 formam,
2936 4145 3042 4184 non
3073 4130 3286 4186 Domini
3309 4133 3570 4190 mutando

1992 4227 2262 4284 naturam,
2288 4227 2348 4274 ut
2379 4234 2474 4276 eos
2498 4219 2590 4290 qui
2614 4220 2873 4276 mortales
2908 4231 3086 4287 erant,
3118 4221 3320 4278 faceret
3346 4223 3571 4279 immoe-

1992 4312 2127 4367 tales
2148 4311 2506 4381 impertiendo
2542 4310 2871 4368 dominicam
2893 4312 3143 4384 gratiam,
3175 4329 3282 4369 non
3318 4315 3569 4371 servilem

1992 4403 2244 4472 injuriam
2275 4402 2575 4459 retinendo.
2628 4401 2803 4473 Igitur
2845 4402 2976 4458 sicut
3026 4405 3348 4475 portavimus
3386 4406 3574 4476 imagi-

1973 4483 2108 4560 nem
2132 4492 2275 4546 illius
2305 4494 2517 4559 terreni,
2539 4481 2802 4564 portemus
2827 4502 2874 4547 et
2905 4493 3188 4563 imaginem
3232 4493 3389 4564 hujus
3417 4494 3570 4549 caele-

1993 4585 2087 4638 stis
2119 4583 2366 4655 (Ambr.).
2402 4583 2661 4639 Peccator
2683 4583 2973 4653 imaginem
2999 4583 3131 4638 Adm
3165 4591 3367 4655 portat,
3389 4582 3572 4652 justus

1993 4688 2125 4728 vero
2152 4673 2442 4745 imaginem
2471 4673 2695 4729 Christi.
2719 4674 2862 4744 Ergo
2895 4673 3036 4728 sicut
3065 4675 3400 4744 portavimus
3424 4685 3570 4734 vete-

1993 4777 2108 4819 rem
2137 4764 2410 4819 hominem
2448 4772 2574 4818 ante
2613 4763 2961 4834 baptismum,
2987 4773 3060 4818 tta
3103 4772 3157 4820 et
3202 4774 3324 4836 post
3361 4765 3568 4836 baptis-

1993 4871 2138 4912 mum
2163 4864 2436 4930 portemus
2463 4871 2681 4910 novum.

2063 4944 2181 5002 Hoc
2204 4954 2380 5001 autem
2407 4946 2544 5012 dico,
2569 4945 2780 5016 fratres,
2821 4946 3068 5017 quoniam
3111 4965 3235 5003 caro
3267 4959 3318 5005 et
3349 4953 3561 5023 sangu'”

1989 5053 2207 5109 regnum
2231 5036 2330 5094 Dei
2364 5053 2468 5092 non
2499 5035 2852 5108 possidebunt,
2894 5054 3054 5110 neque
3095 5041 3357 5111 corruptio
3383 5043 3532 5097 incor

1990 5127 2244 5198 ruplelam
2287 5127 2589 5199 possidebit.
2637 5125 2972 5196 Frequenter
3015 5128 3292 5200 Scriptura
3340 5147 3561 5189 carnem

1988 5235 2088 5291 pro
2121 5220 2376 5291 operibus
2420 5219 2664 5274 nominat
2692 5220 2887 5285 carnis,
2913 5227 2968 5275 ut
2997 5219 3070 5275 ibi
3100 5238 3114 5275 :
3151 5219 3256 5276 Vos
3292 5232 3466 5277 autem
3511 5225 3567 5281 in

1989 5331 2144 5369 carne
2186 5331 2291 5370 non
2341 5314 2487 5379 estis,
2518 5314 2610 5368 sed
2656 5315 2712 5369 in
2758 5315 2947 5384 spiritu
2991 5313 3170 5378 (Rom.
3211 5315 3351 5387 vm).
3394 5317 3563 5391 [CIL]

1992 5405 2168 5481 Aliter.
2189 5419 2335 5467 caro,
2373 5404 2513 5461 sicut
2553 5413 2657 5470 est,
2701 5420 2926 5477 regnum
2964 5404 3060 5461 Dei
3101 5421 3205 5462 non
3244 5408 3563 5476 possidebit,

1987 5497 2093 5555 nisi
2138 5496 2542 5553 immortalitate
2579 5497 2793 5552 vestita.
2839 5496 2896 5551 ln
2925 5511 3082 5553 sacro
3128 5497 3363 5568 eloquio,
3407 5498 3563 5554 aliter

1989 5603 2116 5646 caro
2143 5588 2343 5645 dicitur
2365 5587 2519 5658 juxta
2557 5596 2830 5654 naturam,
2859 5597 3021 5658 atque
3063 5587 3222 5644 aliter
3250 5586 3406 5657 juxta
3449 5584 3536 5641 cui

1989 5697 2133 5754 pam,
2166 5678 2250 5735 vel
2280 5680 2705 5750 corruptionem.
2735 5678 2876 5736 Caro
2897 5678 3092 5749 quippe
3114 5677 3269 5748 juxta
3310 5684 3558 5731 naturam

1987 5775 2124 5832 sicut
2155 5774 2415 5847 scriptum
2445 5783 2525 5831 est
2556 5792 2567 5828 :
2607 5772 2716 5829 Hoc
2743 5789 2878 5828 nunc
2907 5789 2962 5827 os
2997 5787 3060 5827 cx-
3098 5769 3296 5826 ossibns
3326 5767 3474 5836 meis,
3509 5784 3558 5837 σι
