4082 6332
462 434 471 439 -
500 410 606 474 155

1136 414 1200 471 Β.
1240 413 1500 473 RABANI
1548 414 1772 475 MAURI
1806 414 2128 473 ARGHlEP.
2168 412 2483 473 MOGUNT.
2520 408 2810 471 OPERUM
2841 407 3023 468 PARS
3058 408 3148 467 IIl.

3682 412 3783 471 156

498 542 623 585 caro
649 531 714 584 de
750 543 909 585 carne
931 543 1050 585 mea
1090 525 1248 601 (Gen.
1291 526 1380 600 ιι).
1422 526 1534 584 Et:
1583 527 1831 584 Verbum.
1847 545 1971 585 caro
1999 528 2084 599 [αα
2108 533 2164 594 Α
2187 536 2400 585 catores
2420 525 2756 600 intelligendi
2793 532 2944 592 sunt,
2972 525 3064 596 qui
3092 522 3258 581 etiam
3304 532 3550 584 viventes
3578 529 3783 585 mortui

498 630 641 677 ctum
666 629 766 687 est,
795 628 846 676 et
884 619 1137 675 habitavit
1179 618 1238 675 in
1260 620 1408 675 nobis
1435 618 1623 692 (Joan.
1655 617 1733 693 ι);
1782 634 1913 677 caro
1958 634 2087 677 vero

494 711 650 784 juxta
675 710 891 783 culpam
919 710 1061 767 sicut
1081 711 1348 782 scriptum
1373 717 1459 767 est
1492 728 1506 766 :
1539 710 1666 767 Non
1691 711 2011 782 permanebit
2030 713 2087 768 in

496 801 794 858 hominibus
849 802 968 858 istis
1015 802 1231 873 spiritus
1269 816 1450 869 meus,
1502 817 1564 857 eo
1610 801 1753 873 quod
1798 810 1922 857 sunt
1960 817 2086 857 caro

496 888 651 964 (Gen.
700 890 803 966 vi),
848 901 905 949 et
938 894 1083 950 sicut
1124 891 1417 949 Psalmista
1455 891 1576 948 ait:
1617 892 1942 948 Memoratus
1983 902 2084 961 est,

493 985 621 1057 quia
641 1003 767 1042 caro
790 996 933 1056 sunt,
965 987 1186 1057 spiritus
1215 984 1412 1040 uadens
1435 993 1486 1039 et
1526 1000 1633 1040 non
1672 984 1877 1040 rediens
1906 983 2081 1056 (Psal.

493 1076 611 1149 cu).
642 1076 797 1134 Unde
823 1086 882 1134 et
916 1076 1197 1149 discipulis
1234 1075 1439 1133 Paulus
1472 1076 1729 1132 dicebat:
1771 1074 1871 1132 Vos
1907 1084 2083 1132 autem

491 1168 551 1225 in
577 1186 735 1225 carne
762 1187 868 1226 non
894 1170 1039 1237 estis,
1063 1169 1154 1226 sed
1180 1170 1238 1224 in
1260 1169 1468 1241 spiritu.
1492 1166 1678 1240 Neque
1698 1168 1752 1224 in
1779 1183 1948 1226 carne
1975 1183 2085 1225 non

492 1268 672 1329 erant,
704 1262 904 1333 quibus
930 1261 1204 1333 Epistolas
1231 1261 1658 1329 transmittebat,
1681 1261 1777 1318 sed
1805 1264 1931 1332 quia
1959 1275 2085 1332 pas~

490 1349 676 1407 siones
710 1351 1011 1407 carnalium
1035 1352 1433 1408 desideriorum
1472 1352 1740 1417 vicerant,
1771 1351 1886 1423 jam
1924 1350 2083 1407 liberi

487 1453 589 1512 per
614 1438 870 1497 virtutem
900 1442 1127 1513 spiritus
1149 1444 1204 1499 in
1232 1457 1397 1499 carne
1420 1458 1530 1499 non
1562 1450 1740 1497 erant.
1772 1442 1927 1511 Quod
1951 1457 2083 1513 ergo

488 1526 690 1588 Paulus
708 1532 986 1603 apostolus
1022 1533 1155 1589 dicit
1179 1552 1193 1589 :
1225 1531 1365 1600 Quia
1402 1551 1528 1590 caro
1549 1544 1597 1590 et
1617 1535 1835 1607 sanguis
1862 1550 2081 1606 regnum

487 1618 589 1675 Dei
636 1623 904 1693 possidere
947 1640 1054 1679 non
1098 1633 1335 1695 possunt,
1378 1639 1600 1681 carnem
1627 1625 1741 1681 vult
1781 1626 2079 1682 secundum

485 1710 699 1783 culpam
729 1713 979 1786 intelligi,
1027 1730 1139 1772 non
1183 1730 1407 1772 carnem
1458 1717 1759 1773 secundum
1800 1725 2075 1774 naturam.

488 1800 641 1859 Unde
661 1810 719 1858 et
745 1818 893 1871 mox,
924 1804 1052 1875 quia
1092 1820 1318 1862 carnem
1356 1806 1657 1862 secundum
1690 1806 1902 1877 culpam
1931 1806 2079 1864 dice-

2188 635 2312 678 esse
2350 619 2611 676 dicuntur
2655 625 2716 673 ut
2775 616 2845 674 ad
2886 631 3127 688 poenam,
3168 624 3266 673 aut
3306 616 3669 688 immortales,
3723 630 3785 678 ut

2189 712 2396 783 absque
2428 708 2611 781 aliqua
2646 707 3014 765 membrorum
3053 706 3412 764 diminutione
3440 720 3731 783 resurgant
3762 729 3779 779 ;

2186 800 2274 857 vel
2294 812 2440 857 certe
2460 800 2776 871 simpliciter
2795 814 2986 856 omnes
3007 809 3252 857 mortuos
3282 814 3593 873 resurgere,
3619 802 3774 870 dicit,

2187 900 2245 949 et
2270 890 2413 948 solos
2436 899 2654 947 sanctos
2683 905 2808 947 cum
2842 890 2949 958 his,
2989 890 3082 962 qui
3113 891 3221 946 vivi
3245 888 3377 959 justi
3416 890 3624 948 inventi
3649 892 3777 951 fue-

2186 984 2301 1039 rint
2338 982 2396 1039 in
2435 983 2665 1055 gloriam
2701 981 2997 1039 immutari.
3031 980 3216 1056 (Aug.)
3252 982 3312 1038 ln
3334 990 3543 1051 atomo,
3573 985 3777 1056 inquit,

2186 1074 2292 1129 hoc
2311 1081 2414 1142 est,
2445 1073 2500 1129 in
2528 1084 2730 1144 puncto
2757 1073 3040 1144 temporis,
3063 1072 3209 1144 quod
3229 1073 3398 1129 dividi
3432 1090 3541 1132 non
3569 1085 3777 1147 potest;

2185 1164 2242 1220 in
2275 1164 2385 1220 ictu
2411 1163 2578 1230 oculi,
2620 1163 2724 1220 hoc
2752 1171 2857 1231 est,
2888 1164 2943 1219 in
2971 1178 3185 1220 summa
3227 1163 3542 1236 celeritate;
3582 1168 3642 1223 in
3678 1184 3783 1225 no-

2184 1254 2407 1312 vissima
2456 1255 2609 1323 tuba,
2659 1256 2764 1313 hoc
2808 1264 2914 1322 est,
2967 1255 3024 1310 in
3061 1255 3358 1313 novissimo
3403 1258 3580 1331 signo,
3626 1260 3783 1332 quod

2184 1340 2421 1413 dabiti'ir,
2451 1355 2514 1402 ut
2547 1346 2651 1403 ista
2677 1345 3071 1417 compleantur.
3096 1344 3235 1415 Quid
3273 1347 3347 1404 sit
3376 1356 3591 1405 atomus
3616 1350 3780 1407 multi

2182 1448 2424 1495 vestrum
2450 1455 2557 1497 non
2579 1448 2780 1496 norunt
2815 1457 2830 1493 :
2861 1447 3075 1496 atomus
3098 1449 3184 1497 est
3201 1440 3323 1513 τόμι
3342 1441 3537 1507 sectio,
3556 1450 3783 1499 atomus

2183 1539 2286 1598 est,
2313 1531 2519 1600 Graece,
2559 1533 2702 1604 quod
2737 1531 2912 1588 secari
2948 1547 3056 1587 non
3094 1540 3306 1602 potest;
3337 1533 3433 1590 sed
3475 1541 3693 1590 atomus
3715 1535 3778 1590 in

2182 1635 2410 1696 corpore
2437 1621 2818 1693 corpusculum
2842 1630 2927 1677 est
2952 1622 3142 1689 breve,
3161 1623 3307 1694 quod
3320 1621 3437 1692 jam
3465 1639 3576 1680 non
3606 1625 3780 1682 habet

2181 1712 2275 1768 ubi
2304 1720 2551 1780 secetur;
2593 1723 2807 1769 atomus
2846 1713 2902 1769 in
2931 1720 3177 1784 tempore
3212 1723 3551 1771 momentum
3580 1718 3773 1782 breve,

2180 1806 2325 1875 quod
2343 1804 2460 1875 jam
2493 1820 2599 1861 non
2624 1806 2791 1863 habet
2820 1807 2912 1863 ubi
2943 1807 3239 1875 dividatur,
3269 1808 3418 1865 verbi
3439 1810 3613 1882 gratia
3631 1810 3778 1889 lapis

484 1900 593 1960 ret,
620 1894 861 1950 ostendit
901 1896 1142 1953 subdens
1171 1914 1186 1952 :
1217 1894 1404 1969 Neque
1445 1898 1712 1968 corruptio
1747 1898 2077 1970 incorrupte-
2104 1882 2152 1944 Β
2179 1904 2281 1963 est,
2298 1895 2479 1953 divide
2495 1897 2688 1953 eumin
2702 1908 2957 1968 parteset
2970 1907 3158 1971 partes
3181 1900 3330 1971 ipsas
3344 1900 3527 1957 divide
3547 1882 3781 1972 inlapil-

481 1984 592 2043 tam
632 1987 937 2059 possidebit.
981 1989 1045 2045 In
1080 1988 1172 2045 illa
1215 2004 1345 2062 ergo
1383 1990 1623 2047 cmlestis
1670 1991 1843 2064 Regni
1882 1992 2074 2063 gloria,

484 2092 615 2134 caro
635 2080 936 2137 secundum
962 2089 1218 2139 naturam
1245 2083 1373 2151 erit,
1410 2085 1509 2139 sed
1532 2085 1831 2141 secundum
1864 2086 2077 2156 passio-

481 2168 569 2226 nis
590 2168 863 2227 desideria
912 2188 1025 2230 non
1054 2174 1183 2240 erit,
1213 2175 1343 2245 quia
1388 2175 1607 2232 devicto
1643 2176 1840 2233 mortis
1885 2175 2078 2232 aculeo

481 2257 540 2314 in
560 2266 765 2316 aeterna
791 2261 1205 2335 incorruptione
1226 2265 1495 2337 regnabit.
1530 2265 1716 2339 (Aug.)
1745 2265 1881 2323 Cum
1910 2266 2079 2339 igitur

484 2349 553 2406 de
588 2354 990 2409 resurrectione
1036 2355 1286 2426 corporis
1324 2354 1617 2428 Apostolus
1652 2358 1936 2428 disputans
1980 2357 2079 2415 do-

480 2449 657 2509 ceret,
683 2451 872 2499 nostra
893 2459 1119 2516 corpora
1137 2445 1323 2503 futura
1337 2463 1403 2504 es
1429 2450 1877 2519 corruptibilibus
1898 2450 2078 2509 incor-

482 2532 783 2602 ruptibilia,
810 2550 880 2591 ex
916 2538 1414 2609 contemptibilibus
1458 2539 1716 2612 gloriosa,
1747 2558 1815 2599 ex
1844 2544 2078 2602 infirmis

480 2621 665 2691 fortia,
693 2640 760 2709 es
786 2627 1114 2684 animalibus
1151 2628 1446 2700 spiritalia,
1475 2632 1581 2689 hoc
1608 2641 1693 2690 est
1733 2649 1803 2691 ex
1831 2635 2079 2692 mortali-

477 2715 583 2773 bus
610 2717 963 2787 immortalia,
985 2721 1415 2795 subjecitpatque
1435 2725 1550 2781 ait:
1582 2725 1701 2783 Hoc
1727 2739 1903 2787 autem
1932 2730 2070 2795 dico,

484 2805 701 2876 fratres,
727 2810 854 2881 quia
884 2828 1009 2866 caro
1046 2822 1096 2867 et
1142 2814 1356 2884 sanguis
1406 2832 1626 2888 regnum
1662 2818 1764 2874 Dei
1808 2820 2076 2892 possidere

480 2913 587 2951 non
605 2909 857 2969 possunt;
880 2910 940 2959 et
969 2917 1037 2958 ne
1063 2903 1351 2976 quisquam
1379 2916 1600 2977 putaret
1624 2910 1922 2966 secundum
1946 2911 2076 2968 sub-

479 2988 739 3043 stantiam
781 2992 963 3057 carnis
1018 2993 1123 3052 hoc
1162 2993 1482 3067 Apostolum
1537 2999 1818 3069 deﬁnisse,
1858 3003 2074 3073 aperuit

479 3078 613 3149 quid
638 3080 867 3149 diceret,
907 3083 1308 3157 subiungendo,
1335 3103 1499 3160 neque
1523 3093 1791 3163 corruptio
1823 3092 2072 3148 incorru-
2096 3097 2105 3103 ’

478 3174 707 3245 ptionem
729 3177 1047 3247 possidebit;
1071 3188 1328 3251 tanquam
1349 3182 1577 3250 diceret,
1607 3185 1753 3255 quod
1780 3185 1914 3254 disi,
1941 3198 2073 3242 caro

478 3272 536 3322 et
580 3269 801 3340 sanguis
840 3285 1070 3342 regnum
1107 3273 1206 3329 Dei
1244 3290 1351 3330 non
1386 3277 1759 3348 possidebunt,
1791 3279 1913 3336 ideo
1934 3280 2068 3349 dixi,

480 3357 611 3428 quia
644 3361 925 3431 corruptio
949 3361 1413 3435 incorruptionem
1450 3382 1561 3423 non
1590 3370 1912 3439 possidebit.
1956 3370 2072 3429 Hoc

480 3465 612 3524 ergo
630 3450 752 3509 loco
777 3454 999 3510 nomine
1036 3458 1219 3514 carnis
1242 3465 1300 3513 et
1333 3461 1631 3531 sanguinis,
1663 3463 2069 3535 corruptionem

479 3546 831 3604 mortalitatis
880 3549 1108 3622 intelligi
1154 3551 1349 3607 voluit.
1397 3553 1661 3623 Denique,
1716 3562 1976 3627 tanquam
2018 3557 2071 3614 ei

482 3637 779 3709 diceretur,
824 3642 1100 3711 quomodo
1146 3657 1279 3699 caro
1311 3643 1440 3709 erit,
1485 3652 1543 3701 et
1590 3660 1724 3702 caro
1768 3663 1874 3704 non
1927 3649 2074 3705 erit?

478 3732 793 3803 respondet,
820 3747 953 3789 caro
986 3733 1187 3804 quippe
1215 3732 1342 3798 erit,
1374 3734 1637 3805 quoniam
1666 3735 1929 3794 Dominus
1948 3746 2072 3809 post

480 3823 938 3880 resurrectionem
980 3826 1058 3879 ait
1089 3842 1102 3878 :
1147 3821 1373 3895 Palpate
1406 3834 1454 3880 et
1480 3826 1664 3893 uidete,
1693 3829 1818 3900 quia
1855 3830 2073 3900 spiritus

480 3929 693 3970 carnem
741 3926 792 3971 et
837 3934 960 3973 ossa
1003 3936 1108 3974 non
1134 3920 1312 3987 habet,
1352 3921 1490 3975 sicut
1529 3938 1612 3977 me
1658 3922 1842 3979 videtis
1880 3923 2073 3980 habere

480 4003 635 4077 (Luc.
661 4011 849 4080 niv):
881 4026 1012 4066 caro
1049 4019 1231 4068 autem
1271 4029 1381 4069 non
1421 4013 1545 4079 erit,
1570 4016 1819 4086 quoniam
1862 4032 1987 4072 caro
2024 4026 2107 4073 et‘

480 4099 697 4168 sanguis
730 4115 947 4172 regnum
983 4102 1082 4157 Dei
1118 4120 1223 4159 non
1260 4104 1621 4176 possidebunt,
1662 4107 1888 4178 exponit
1929 4107 2074 4179 quod

482 4187 682 4246 dixerit
702 4191 962 4261 adjiciens
993 4211 1006 4248 :
1041 4193 1179 4250 Ecce
1219 4196 1523 4267 mysterium
1554 4197 1672 4252 dico
1700 4198 1864 4267 vobis,
1893 4215 2074 4255 omnes

481 4282 693 4353 quidem
724 4287 1068 4357 resurgimus,
1089 4287 1181 4343 sed
1204 4305 1308 4343 non
1331 4305 1509 4345 omnes
1529 4290 1945 4346 immutabimur.
1972 4288 2075 4346 Vel

483 4371 627 4426 sicut
647 4369 821 4428 Grmci
848 4375 1065 4431 codices
1104 4377 1342 4433 habent:
1373 4376 1566 4434 Omnes
1600 4378 1811 4449 quidem
1845 4380 2074 4437 dormie-

482 4478 621 4530 mus,
653 4481 756 4521 non
803 4474 980 4523 tamen
1026 4484 1204 4523 omnes
1243 4468 1659 4524 immutabimur.
1702 4469 1885 4544 (Aug.)
1923 4470 2075 4530 lianc

2175 1988 2275 2056 los,
2292 1990 2501 2063 lapillos
2519 1991 2701 2047 divide
2723 1991 2780 2047 in
2798 2007 2965 2064 grana
2987 2007 3184 2058 arenae,
3208 2008 3376 2063 grana
3393 2008 3577 2052 arena:
3588 1994 3779 2052 divide

2175 2082 2231 2139 in
2246 2083 2671 2140 minutissimum
2685 2083 2987 2155 pulverem,
3002 2085 3222 2157 perveni
3238 2085 3305 2141 ad
3327 2084 3569 2157 aliquam
3589 2086 3779 2141 minu-

2174 2176 2328 2245 tiam,
2364 2191 2530 2248 quam
2551 2177 2667 2248 jam
2688 2190 2879 2232 secare
2903 2192 3013 2233 non
3042 2184 3220 2248 potes,
3247 2178 3353 2234 hoc
3375 2192 3507 2249 ergo
3550 2178 3605 2233 in
3645 2192 3776 2234 cor-

2174 2282 2308 2340 pore
2351 2268 2625 2339 quomodo
2653 2268 2726 2323 sit
2752 2278 2986 2324 atomus.
3014 2266 3073 2323 In
3103 2274 3347 2338 tempore
3385 2282 3535 2335 vero,
3571 2283 3773 2338 quem-

2174 2359 2467 2416 admodum
2534 2374 2711 2415 annus
2756 2357 2915 2414 verbi
2955 2358 3131 2431 gratia
3174 2366 3391 2416 secatur
3424 2358 3481 2414 in
3523 2373 3771 2426 menses,

2173 2466 2393 2508 menses
2418 2450 2734 2508 dividuntur
2757 2451 2813 2506 in
2840 2451 2981 2518 dies,
3009 2450 3124 2507 dies
3150 2451 3331 2507 adhuc
3376 2451 3433 2507 in
3463 2451 3633 2508 horas
3682 2451 3772 2508 di-

2173 2542 2287 2599 vidi
2331 2550 2577 2613 possunt,
2623 2543 2773 2598 hora:
2814 2542 2991 2597 adhuc
3033 2540 3091 2597 in
3131 2550 3318 2613 partes
3359 2552 3768 2600 momentorum

2175 2634 2438 2704 quasdam
2464 2632 2844 2705 productiores
2885 2631 3181 2688 admittunt
3223 2632 3540 2700 divisiones,
3562 2647 3771 2703 usque-

2175 2739 2283 2795 quo
2308 2723 2497 2781 venias
2528 2723 2599 2779 ad
2636 2731 2848 2779 tantum
2884 2729 3140 2794 punctum
3173 2723 3453 2793 temporis,
3491 2731 3547 2778 et
3567 2738 3769 2794 quani-

2175 2817 2299 2874 dam
2329 2824 2589 2873 momenti
2630 2814 2852 2882 stillam,
2886 2822 2948 2870 ut
2976 2814 3203 2886 produci
3251 2830 3359 2871 non
3402 2815 3596 2886 possit,
3635 2829 3765 2871 cum

2173 2907 2310 2963 nihil
2346 2908 2546 2964 habeat
2578 2907 2842 2974 medium,
2889 2906 2992 2962 iste
3031 2913 3118 2962 est
3144 2914 3360 2963 atomus
3395 2907 3451 2962 in
3494 2915 3761 2977 tempore.

2173 2998 2307 3055 Cum
2337 2997 2566 3054 dixisset
2608 2998 2666 3053 in
2714 3006 2919 3062 atomo,
2969 2984 3222 3068 subjecit,
3277 3005 3543 3068 quantum
3580 3003 3770 3066 potest

2174 3088 2292 3145 ﬂeri
2315 3090 2546 3145 actionis
2565 3097 2621 3145 et
2636 3096 2817 3145 motus
2835 3089 2891 3144 in
2907 3088 3012 3144 isto
3023 3095 3208 3144 atomo
3233 3087 3494 3160 temporis
3516 3102 3533 3142 :
3552 3086 3612 3142 in
3627 3086 3764 3155 ictu,

2174 3180 2372 3251 inquit,
2393 3180 2561 3247 oculi,
2584 3188 2821 3252 quantus
2842 3188 2928 3236 est
2960 3181 3101 3236 ictus
3122 3179 3287 3248 oculi,
3314 3195 3422 3236 non
3452 3194 3559 3253 quo
3579 3178 3768 3252 palpo.

2174 3272 2330 3328 bram
2351 3278 2633 3328 moventes
2654 3269 2957 3327 claudimus
2975 3270 3215 3337 oculum,
3237 3271 3322 3326 vel
3345 3271 3640 3341 aperimus,
3667 3270 3769 3326 sed

2172 3364 2343 3421 ictum
2368 3364 2504 3420 dicit
2524 3363 2668 3420 oculi
2690 3362 3037 3420 emissionem
3060 3362 3338 3419 radiorum
3366 3362 3434 3418 ad
3465 3361 3667 3433 aliquid
3688 3362 3768 3416 vi-

2172 3455 2437 3522 dendum;
2460 3469 2584 3509 mox
2607 3464 2668 3509 ut
2680 3454 2828 3509 enim
2849 3453 3135 3525 aperueris
3153 3452 3370 3510 oculum
3385 3452 3659 3509 emittitur
3675 3468 3769 3508 ra-

2171 3548 2294 3605 dius
2318 3554 2463 3616 tuus,
2486 3563 2594 3604 non
2626 3547 2748 3604 dico
2776 3548 2844 3604 ad
2871 3548 3135 3620 parietem
3177 3548 3509 3618 proximum,
3555 3545 3651 3604 sed
3688 3546 3762 3602 ad

2170 3649 2409 3697 montem
2429 3640 2586 3711 longe
2608 3639 2898 3696 distantem
2921 3655 2937 3706 ;
2960 3654 3063 3695 nec
3085 3638 3209 3696 dico
3237 3637 3307 3695 ad
3327 3647 3567 3695 montem
3594 3637 3764 3709 quiin

2170 3741 2319 3787 terra
2342 3730 2465 3788 ideo
2491 3730 2706 3787 videtur
2732 3730 2862 3803 quia
2898 3731 3180 3803 proximus
3207 3738 3315 3799 est,
3362 3730 3419 3787 in
3465 3730 3667 3796 sidera,
3704 3731 3765 3786 in

2172 3823 2363 3889 solent,
2392 3823 2447 3878 in
2475 3822 2681 3888 lunam,
2709 3838 2830 3894 qua:
2854 3829 2965 3878 tam
2997 3837 3197 3894 magno
3240 3821 3526 3878 intervallo
3557 3822 3765 3878 distant

2171 3930 2205 3970 a
2226 3924 2397 3981 terra,
2428 3930 2555 3971 mox
2591 3924 2651 3971 ut
2677 3915 2885 3971 radium
2913 3915 3181 3981 emiseris,
3213 3915 3288 3971 ibi
3310 3923 3412 3980 est,
3428 3916 3559 3986 quia
3587 3916 3765 3987 spatia

2171 4023 2334 4080 quam
2362 4007 2472 4064 cito
2495 4006 2793 4063 transvolat
2817 4005 2873 4060 in
2894 4012 3099 4072 atomo,
3127 4006 3185 4062 in
3214 4006 3325 4063 ictu
3353 4007 3520 4073 oculi,
3557 4007 3614 4063 in
3656 4023 3763 4064 no-

2170 4099 2391 4156 vissima
2418 4100 2548 4156 tuba
2573 4116 2590 4166 ;
2619 4099 2776 4172 signo
2801 4099 2892 4155 illo
2917 4098 3044 4156 dato
3068 4099 3136 4156 de
3175 4099 3315 4156 caelo
3355 4099 3411 4156 in
3442 4100 3529 4155 die
3541 4098 3758 4169 judicii.

2172 4190 2336 4247 Canet
2361 4191 2499 4246 enim
2521 4190 2645 4246 tuba
2669 4200 2717 4247 et
2741 4191 2935 4247 mortui
2956 4199 3224 4263 resurgent
3247 4191 3563 4263 incorrupti,
3586 4200 3635 4246 et
3663 4206 3763 4247 nos

2172 4283 2630 4338 commutabimur.
2679 4282 2823 4353 Ergo
2850 4282 3009 4338 istam
3051 4282 3529 4338 commutationem
3558 4281 3611 4337 in
3643 4296 3765 4336 me-

2171 4372 2280 4430 lius
2304 4372 2420 4429 sinc
2444 4371 2781 4429 dubitatione
2799 4380 3015 4443 oportet
3044 4371 3291 4444 intelligi,
3312 4372 3439 4443 quia
3468 4386 3678 4438 omnes,
3708 4379 3765 4427 et

2168 4462 2302 4535 justi
2326 4470 2383 4520 et
2412 4461 2615 4532 injusti,
2650 4463 3013 4519 resurrecturi
3039 4471 3186 4532 sunt,
3216 4464 3358 4520 sicut
3394 4454 3658 4518 Dominus
3708 4463 3764 4517 in

487 4551 920 4612 immutationem
943 4565 1125 4612 utrum
1152 4557 1413 4625 deterius,
1442 4574 1513 4614 an
1547 4559 1604 4615 in
1629 4560 1823 4619 melius
1844 4562 2071 4636 intelligi

2177 4553 2468 4625 Evangelio
2495 4552 2735 4624 loquitur
2766 4571 2780 4607 :
2816 4552 2921 4619 Qui
2948 4552 3076 4609 bene
3109 4552 3362 4624 fecerunt,
3422 4553 3478 4609 in
3528 4568 3767 4608 resurre-

484 4643 719 4702 volnerit
740 4687 756 4714 ,
800 4647 1061 4703 inferiora
1108 4648 1503 4705 demonstrant.
1558 4649 1703 4708 Ecce
1750 4653 2074 4724 mysterium

485 4735 631 4802 dico,
654 4737 1039 4795 obscuritatem
1067 4739 1342 4811 signiﬁcat
1375 4740 1706 4798 nominando
1729 4744 2073 4815 mysterium.

487 4824 701 4894 Omnes,
732 4827 926 4898 inquit,
948 4846 1299 4902 resurgemus,
1325 4847 1430 4887 non
1457 4846 1635 4887 omnes
1655 4832 2074 4892 immutabimur.

486 4912 717 4986 (Arnim)
755 4914 958 4972 Omnes
992 4926 1176 4974 autem
1215 4918 1462 4976 homines
1494 4929 1802 4992 resurgent,
1843 4923 1943 4979 sed
1977 4922 2078 4980 soli

486 5003 579 5075 qui
614 5006 891 5077 regnaturi
921 5017 1049 5065 sunt
1078 5009 1132 5064 in
1160 5008 1387 5079 gloriam
1408 5010 1785 5067 mutabuntur.
1820 5010 1950 5070 Sive
1977 5014 2073 5082 ita,

487 5110 678 5153 omnes
720 5097 1081 5171 resurgimus,
1116 5101 1209 5173 qui
1255 5101 1313 5156 in
1356 5103 1589 5161 adventu
1625 5100 1831 5160 Christi
1875 5106 2079 5162 mortui

490 5188 816 5257 invenimur,
842 5207 951 5248 non
970 5207 1161 5250 omnes
1181 5194 1630 5264 immutabuntur,
1652 5194 1746 5265 qui
1774 5194 1829 5250 in
1851 5210 2080 5269 corpore

491 5287 618 5336 sunt
662 5283 886 5353 reperti,
935 5282 1062 5354 quia
1101 5286 1276 5342 sancti
1318 5285 1420 5343 soli
1458 5285 1812 5342 beatitudinis
1851 5284 2077 5358 gloriam

491 5380 910 5443 cottscquentur.
944 5372 1013 5430 In
1048 5385 1329 5443 momento,
1356 5376 1412 5430 in
1449 5375 1558 5431 ictu
1586 5376 1749 5432 oculi.
1779 5375 1885 5434 Per
1908 5377 2077 5435 ictum

492 5462 657 5530 oculi,
685 5464 909 5521 nimiam
934 5466 1258 5524 brevitatem
1284 5467 1401 5523 vult
1435 5466 1748 5537 signiﬁcare
1787 5471 2075 5539 momenti,

490 5561 557 5613 ut
596 5566 798 5626 quanta
840 5557 913 5614 sit
940 5558 1038 5615 Dei
1065 5559 1304 5630 potentia
1333 5573 1402 5614 cx
1429 5559 2076 5619 resurrectionisceleri-

493 5649 604 5703 tate
629 5661 947 5720 cognoscas.
992 5647 1061 5705 In
1098 5649 1382 5705 novissima
1419 5650 1566 5718 tuba,
1601 5661 1649 5707 et
1682 5653 1875 5708 mortui
1903 5669 2080 5709 resur-

492 5747 614 5805 gent
671 5736 981 5810 incorrupti,
1027 5749 1075 5794 et
1128 5756 1221 5795 nos
1270 5741 1686 5798 immutabimur.
1742 5740 2080 5801 Novissimus

498 5826 760 5887 adventus
782 5829 1099 5904 intelligitur
1129 5833 1353 5903 Christi,
1384 5834 1581 5892 mortui
1622 5843 1805 5893 autem
1836 5834 1919 5893 vel
1949 5851 2077 5909 pec-

2177 4646 2401 4702 stionem
2431 4645 2584 4712 vitm;
2611 4642 2850 4718 qutmale
2877 4652 3112 4716 egerunt,
3143 4645 3201 4699 in
3228 4643 3662 4699 resurrectionem
3670 4642 3767 4713 ju-

2177 4738 2304 4794 dicii
2341 4736 2523 4810 (Joan.
2548 4734 2626 4809 ν),
2646 4734 2912 4807 judicium
2937 4734 3213 4806 appellans
3241 4748 3460 4805 poenam
3486 4734 3770 4805 sempiter-

2177 4844 2326 4897 nam,
2357 4829 2499 4886 sicut
2518 4827 2624 4884 alio
2654 4826 2807 4883 loco:
2838 4822 2943 4893 Qui
2975 4841 3077 4881 non
3102 4826 3288 4892 credit,
3321 4823 3515 4896 inquit,
3539 4825 3660 4895 jam
3665 4824 3768 4896 ju-

2176 4923 2386 4979 dicatus
2409 4930 2485 4978 est
2513 4919 2697 4996 (Ioan.
2737 4917 2842 4992 ιιι).
2870 4915 3105 4974 Proinde
3146 4916 3244 4984 illi,
3279 4917 3373 4986 qui
3408 4917 3474 4973 ad
3499 4914 3771 4986 judicium

2180 5013 2539 5072 resurrecturi
2559 5019 2704 5080 sunt,
2719 5026 2829 5068 non
2848 5011 3327 5067 commutabuntur
3347 5009 3402 5064 in
3425 5008 3575 5065 illam
3591 5006 3772 5063 incor-

2178 5104 2447 5177 ruptelam
2476 5118 2599 5175 quae
2624 5117 2730 5181 nec
2756 5100 2961 5159 doloris
2988 5100 3391 5172 corruptionem
3419 5098 3533 5170 pati
3563 5106 3767 5170 potest,

2180 5193 2270 5251 illa
2290 5207 2525 5264 namque
2552 5190 2792 5247 ﬁdelium
2821 5198 2906 5246 est
2933 5197 3098 5262 atque
3127 5198 3439 5246 sanctorum
3472 5203 3487 5244 :
3521 5188 3609 5245 isti
3640 5203 3771 5244 vero

2179 5290 2438 5359 perpetua
2462 5278 2811 5353 corruptione
2837 5282 3248 5348 crnciabuntur,
3270 5282 3399 5367 quia
3424 5280 3562 5351 ignis
3586 5295 3770 5334 eorum

2182 5393 2287 5432 non
2306 5374 2686 5445 exstinguetur,
2700 5381 2750 5427 et
2761 5372 2949 5431 vermis
2969 5384 3147 5427 eorum
3169 5366 3277 5426 non
3294 5369 3550 5425 morietur
3568 5366 3766 5437 (Marc.

2179 5466 2278 5541 ix).
2309 5465 2449 5535 Quid
2473 5464 2578 5523 sibi
2603 5479 2735 5537 ergo
2765 5464 2878 5520 vult
2905 5464 3010 5521 ista
3043 5463 3344 5528 distinctio,
3376 5471 3426 5517 et
3456 5459 3652 5516 mortui
3686 5474 3770 5513 re-

2179 5566 2394 5630 surgent
2428 5557 2739 5629 incorrupti,
2788 5564 2840 5611 et
2894 5570 2988 5610 nos
3034 5552 3452 5617 immutabimur,
3501 5550 3609 5606 nisi
3637 5556 3768 5619 quia

2179 5663 2369 5707 omnes
2398 5647 2695 5721 incorrupti
2735 5651 3042 5717 resurgent,
3074 5643 3171 5700 sed
3206 5658 3275 5699 ex
3302 5643 3388 5699 his
3419 5641 3555 5714 justi
3601 5640 3767 5697 etiam

2182 5739 2612 5796 iininutabuntur
2644 5738 2701 5794 in
2728 5736 2874 5793 illam
2918 5735 3360 5806 incorruptelam,
3406 5736 3495 5791 cui
3542 5733 3768 5789 omnino

2181 5833 2326 5891 nulla
2351 5832 2520 5906 possit
2542 5846 2738 5891 nocere
2766 5828 3063 5901 corruptio,
3097 5842 3159 5884 ac
3187 5842 3285 5899 per
3314 5828 3416 5884 hoc
3442 5826 3535 5899 qui
3561 5825 3615 5883 in
3643 5836 3767 5881 eam
