  <div class='ocr_page' id='page_1' title='image "/cluster/home/n/w/nwhite01/storage/ocr_20150623/112/hvd.32044015685407/084.png"; bbox 0 0 4082 6332; ppageno 0'>
   <div class='ocr_carea' id='block_1_1' title="bbox 385 396 489 452">
    <p class='ocr_par' dir='ltr' id='par_1_1' title="bbox 385 396 489 452">
     <span class='ocr_line' id='line_1_1' title="bbox 385 396 489 452; baseline -0.019 0"><span class='ocrx_word' id='word_1_1' title='bbox 385 396 489 452; x_wconf 73' lang='grc'><strong>157</strong></span> 
     </span>
    </p>
   </div>
   <div class='ocr_carea' id='block_1_2' title="bbox 908 391 3110 454">
    <p class='ocr_par' dir='ltr' id='par_1_2' title="bbox 908 391 3110 454">
     <span class='ocr_line' id='line_1_2' title="bbox 908 391 3110 454; baseline 0.001 -7"><span class='ocrx_word' id='word_1_2' title='bbox 908 392 1460 452; x_wconf 76' lang='lat' dir='ltr'><strong>ENARRATIONUM</strong></span> <span class='ocrx_word' id='word_1_3' title='bbox 1498 394 1564 449; x_wconf 81' lang='lat' dir='ltr'><strong>IN</strong></span> <span class='ocrx_word' id='word_1_4' title='bbox 1601 393 1750 448; x_wconf 87' lang='lat' dir='ltr'><strong>EPP.</strong></span> <span class='ocrx_word' id='word_1_5' title='bbox 1787 391 1993 446; x_wconf 84' lang='lat' dir='ltr'><strong>PAULI</strong></span> <span class='ocrx_word' id='word_1_6' title='bbox 2026 391 2154 447; x_wconf 82' lang='lat' dir='ltr'><strong>LIB.</strong></span> <span class='ocrx_word' id='word_1_7' title='bbox 2193 391 2284 447; x_wconf 81' lang='lat' dir='ltr'><strong>XI.</strong></span> <span class='ocrx_word' id='word_1_8' title='bbox 2309 421 2381 434; x_wconf 91' lang='lat'><strong><em>—</em></strong></span> <span class='ocrx_word' id='word_1_9' title='bbox 2411 393 2481 450; x_wconf 83' lang='lat' dir='ltr'><strong>IN</strong></span> <span class='ocrx_word' id='word_1_10' title='bbox 2516 394 2732 452; x_wconf 87' lang='lat' dir='ltr'><strong>EPIST.</strong></span> <span class='ocrx_word' id='word_1_11' title='bbox 2771 396 2796 453; x_wconf 88' lang='grc' dir='ltr'>Ι</span> <span class='ocrx_word' id='word_1_12' title='bbox 2825 397 2919 452; x_wconf 87' lang='lat' dir='ltr'><strong>AD</strong></span> <span class='ocrx_word' id='word_1_13' title='bbox 2952 395 3110 454; x_wconf 63' lang='grc' dir='ltr'><strong>(ΞΟΠ.</strong></span> 
     </span>
    </p>
   </div>
   <div class='ocr_carea' id='block_1_3' title="bbox 3526 397 3632 456">
    <p class='ocr_par' dir='ltr' id='par_1_3' title="bbox 3526 397 3632 456">
     <span class='ocr_line' id='line_1_3' title="bbox 3526 397 3632 456; baseline 0.019 -2"><span class='ocrx_word' id='word_1_14' title='bbox 3526 397 3632 456; x_wconf 73' lang='grc'><strong>158</strong></span> 
     </span>
    </p>
   </div>
   <div class='ocr_carea' id='block_1_4' title="bbox 384 503 3631 582">
    <p class='ocr_par' dir='ltr' id='par_1_4' title="bbox 384 503 3631 582">
     <span class='ocr_line' id='line_1_4' title="bbox 384 503 3631 582; baseline 0.002 -19"><span class='ocrx_word' id='word_1_15' title='bbox 384 523 491 563; x_wconf 90' lang='lat' dir='ltr'><strong>nou</strong></span> <span class='ocrx_word' id='word_1_16' title='bbox 505 505 1308 574; x_wconf 77' lang='lat' dir='ltr'><strong>couimutabuntur,incorrupti</strong></span> <span class='ocrx_word' id='word_1_17' title='bbox 1323 505 1538 575; x_wconf 87' lang='lat' dir='ltr'><strong>quidem</strong></span> <span class='ocrx_word' id='word_1_18' title='bbox 1565 511 1846 574; x_wconf 81' lang='lat' dir='ltr'><strong>resurgent</strong></span> <span class='ocrx_word' id='word_1_19' title='bbox 1874 503 1959 570; x_wconf 81' lang='lat' dir='ltr'><strong>in-</strong></span> <span class='ocrx_word' id='word_1_20' title='bbox 1988 507 2036 567; x_wconf 83' lang='lat' dir='ltr'><strong>A</strong></span> <span class='ocrx_word' id='word_1_21' title='bbox 2065 514 2152 561; x_wconf 90' lang='lat' dir='ltr'><strong>set</strong></span> <span class='ocrx_word' id='word_1_22' title='bbox 2204 508 2460 563; x_wconf 79' lang='lat' dir='ltr'><strong>resistere</strong></span> <span class='ocrx_word' id='word_1_23' title='bbox 2515 509 2801 577; x_wconf 74' lang='lat' dir='ltr'><strong>voluntati,</strong></span> <span class='ocrx_word' id='word_1_24' title='bbox 2849 520 2906 567; x_wconf 92' lang='lat' dir='ltr'><strong>et</strong></span> <span class='ocrx_word' id='word_1_25' title='bbox 2947 526 3072 568; x_wconf 91' lang='lat' dir='ltr'><strong>cum</strong></span> <span class='ocrx_word' id='word_1_26' title='bbox 3122 511 3307 570; x_wconf 87' lang='lat' dir='ltr'><strong>dolore</strong></span> <span class='ocrx_word' id='word_1_27' title='bbox 3351 515 3631 582; x_wconf 84' lang='lat' dir='ltr'><strong>cohibere,</strong></span> 
     </span>
    </p>
   </div>
   <div class='ocr_carea' id='block_1_5' title="bbox 383 594 1960 668">
    <p class='ocr_par' dir='ltr' id='par_1_5' title="bbox 383 594 1960 668">
     <span class='ocr_line' id='line_1_5' title="bbox 383 594 1960 668; baseline -0.001 -15"><span class='ocrx_word' id='word_1_28' title='bbox 383 598 640 668; x_wconf 76' lang='lat' dir='ltr'><strong>tcgritate</strong></span> <span class='ocrx_word' id='word_1_29' title='bbox 653 594 1040 659; x_wconf 85' lang='lat' dir='ltr'><strong>membrorum,</strong></span> <span class='ocrx_word' id='word_1_30' title='bbox 1068 595 1161 650; x_wconf 90' lang='lat' dir='ltr'><strong>sed</strong></span> <span class='ocrx_word' id='word_1_31' title='bbox 1183 595 1754 666; x_wconf 71' lang='lat' dir='ltr'><strong>tamenlcorrumpendi</strong></span> <span class='ocrx_word' id='word_1_32' title='bbox 1778 596 1960 651; x_wconf 91' lang='lat' dir='ltr'><strong>dolore</strong></span> 
     </span>
    </p>
   </div>
   <div class='ocr_carea' id='block_1_6' title="bbox 383 684 1961 760">
    <p class='ocr_par' dir='ltr' id='par_1_6' title="bbox 383 684 1961 760">
     <span class='ocr_line' id='line_1_6' title="bbox 383 684 1961 760; baseline -0.002 -16"><span class='ocrx_word' id='word_1_33' title='bbox 383 702 692 760; x_wconf 67' lang='lat' dir='ltr'><strong>pinnarum,</strong></span> <span class='ocrx_word' id='word_1_34' title='bbox 719 701 843 742; x_wconf 90' lang='lat' dir='ltr'><strong>cum</strong></span> <span class='ocrx_word' id='word_1_35' title='bbox 872 684 1141 740; x_wconf 82' lang='lat' dir='ltr'><strong>audierint</strong></span> <span class='ocrx_word' id='word_1_36' title='bbox 1169 704 1182 740; x_wconf 91' lang='lat'>:</span> <span class='ocrx_word' id='word_1_37' title='bbox 1219 685 1300 740; x_wconf 85' lang='lat' dir='ltr'><strong>Ite</strong></span> <span class='ocrx_word' id='word_1_38' title='bbox 1325 686 1378 739; x_wconf 86' lang='lat' dir='ltr'><strong>in</strong></span> <span class='ocrx_word' id='word_1_39' title='bbox 1403 687 1569 757; x_wconf 87' lang='lat' dir='ltr'><strong>ignem</strong></span> <span class='ocrx_word' id='word_1_40' title='bbox 1597 696 1846 741; x_wconf 73' lang='lat' dir='ltr'><strong>wternum</strong></span> <span class='ocrx_word' id='word_1_41' title='bbox 1871 687 1961 758; x_wconf 97' lang='lat' dir='ltr'><strong>qui</strong></span> 
     </span>
    </p>
   </div>
   <div class='ocr_carea' id='block_1_7' title="bbox 381 775 1961 850">
    <p class='ocr_par' dir='ltr' id='par_1_7' title="bbox 381 775 1961 850">
     <span class='ocr_line' id='line_1_7' title="bbox 381 775 1961 850; baseline 0 -18"><span class='ocrx_word' id='word_1_42' title='bbox 381 787 602 849; x_wconf 86' lang='lat' dir='ltr'><strong>paratus</strong></span> <span class='ocrx_word' id='word_1_43' title='bbox 627 786 702 832; x_wconf 88' lang='lat' dir='ltr'><strong>est</strong></span> <span class='ocrx_word' id='word_1_44' title='bbox 725 775 933 830; x_wconf 79' lang='lat' dir='ltr'><strong>diabolo</strong></span> <span class='ocrx_word' id='word_1_45' title='bbox 968 784 1017 830; x_wconf 91' lang='lat' dir='ltr'><strong>et</strong></span> <span class='ocrx_word' id='word_1_46' title='bbox 1053 776 1250 846; x_wconf 79' lang='lat' dir='ltr'><strong>angelis</strong></span> <span class='ocrx_word' id='word_1_47' title='bbox 1298 777 1412 846; x_wconf 85' lang='lat' dir='ltr'><strong>ejus</strong></span> <span class='ocrx_word' id='word_1_48' title='bbox 1463 776 1678 847; x_wconf 80' lang='lat' dir='ltr'><strong>(Matth.</strong></span> <span class='ocrx_word' id='word_1_49' title='bbox 1731 776 1883 850; x_wconf 85' lang='lat' dir='ltr'><strong>xxv),</strong></span> <span class='ocrx_word' id='word_1_50' title='bbox 1928 793 1961 832; x_wconf 89' lang='lat' dir='ltr'><strong>a</strong></span> 
     </span>
    </p>
   </div>
   <div class='ocr_carea' id='block_1_8' title="bbox 383 865 1962 941">
    <p class='ocr_par' dir='ltr' id='par_1_8' title="bbox 383 865 1962 941">
     <span class='ocr_line' id='line_1_8' title="bbox 383 865 1962 941; baseline 0 -17"><span class='ocrx_word' id='word_1_51' title='bbox 383 884 493 941; x_wconf 92' lang='lat' dir='ltr'><strong>quo</strong></span> <span class='ocrx_word' id='word_1_52' title='bbox 521 868 708 924; x_wconf 88' lang='lat' dir='ltr'><strong>auditu</strong></span> <span class='ocrx_word' id='word_1_53' title='bbox 737 866 879 921; x_wconf 90' lang='lat' dir='ltr'><strong>malo</strong></span> <span class='ocrx_word' id='word_1_54' title='bbox 899 865 1081 935; x_wconf 85' lang='lat' dir='ltr'><strong>justus</strong></span> <span class='ocrx_word' id='word_1_55' title='bbox 1127 881 1233 922; x_wconf 92' lang='lat' dir='ltr'><strong>non</strong></span> <span class='ocrx_word' id='word_1_56' title='bbox 1282 867 1510 922; x_wconf 76' lang='lat' dir='ltr'><strong>timebit.</strong></span> <span class='ocrx_word' id='word_1_57' title='bbox 1574 868 1651 925; x_wconf 89' lang='lat' dir='ltr'><strong>Dc</strong></span> <span class='ocrx_word' id='word_1_58' title='bbox 1703 868 1794 923; x_wconf 88' lang='lat' dir='ltr'><strong>illa</strong></span> <span class='ocrx_word' id='word_1_59' title='bbox 1830 883 1962 924; x_wconf 90' lang='lat' dir='ltr'><strong>vero</strong></span> 
     </span>
    </p>
   </div>
   <div class='ocr_carea' id='block_1_9' title="bbox 382 957 1959 1028">
    <p class='ocr_par' dir='ltr' id='par_1_9' title="bbox 382 957 1959 1028">
     <span class='ocr_line' id='line_1_9' title="bbox 382 957 1959 1028; baseline -0.001 -12"><span class='ocrx_word' id='word_1_60' title='bbox 382 958 805 1016; x_wconf 85' lang='lat' dir='ltr'><strong>commutatione</strong></span> <span class='ocrx_word' id='word_1_61' title='bbox 844 957 1114 1028; x_wconf 79' lang='lat' dir='ltr'><strong>iustorum</strong></span> <span class='ocrx_word' id='word_1_62' title='bbox 1147 973 1270 1013; x_wconf 89' lang='lat' dir='ltr'><strong>cum</strong></span> <span class='ocrx_word' id='word_1_63' title='bbox 1297 958 1522 1013; x_wconf 79' lang='lat' dir='ltr'><strong>dixisset</strong></span> <span class='ocrx_word' id='word_1_64' title='bbox 1547 975 1640 1013; x_wconf 90' lang='lat' dir='ltr'><strong>nos</strong></span> <span class='ocrx_word' id='word_1_65' title='bbox 1668 969 1959 1014; x_wconf 87' lang='lat' dir='ltr'><strong>commuta—</strong></span> 
     </span>
    </p>
   </div>
   <div class='ocr_carea' id='block_1_10' title="bbox 383 1047 1962 1117">
    <p class='ocr_par' dir='ltr' id='par_1_10' title="bbox 383 1047 1962 1117">
     <span class='ocr_line' id='line_1_10' title="bbox 383 1047 1962 1117; baseline 0.001 -15"><span class='ocrx_word' id='word_1_66' title='bbox 383 1047 575 1112; x_wconf 90' lang='lat' dir='ltr'><strong>bimur,</strong></span> <span class='ocrx_word' id='word_1_67' title='bbox 611 1054 865 1117; x_wconf 86' lang='lat' dir='ltr'><strong>tanquam</strong></span> <span class='ocrx_word' id='word_1_68' title='bbox 890 1061 1253 1116; x_wconf 81' lang='lat' dir='ltr'><strong>quaereremus</strong></span> <span class='ocrx_word' id='word_1_69' title='bbox 1277 1048 1546 1117; x_wconf 91' lang='lat' dir='ltr'><strong>quomodo</strong></span> <span class='ocrx_word' id='word_1_70' title='bbox 1565 1047 1708 1102; x_wconf 91' lang='lat' dir='ltr'><strong>istud</strong></span> <span class='ocrx_word' id='word_1_71' title='bbox 1737 1048 1848 1110; x_wconf 90' lang='lat' dir='ltr'><strong>ﬁat,</strong></span> <span class='ocrx_word' id='word_1_72' title='bbox 1877 1048 1962 1103; x_wconf 86' lang='lat' dir='ltr'><strong>vel</strong></span> 
     </span>
    </p>
   </div>
   <div class='ocr_carea' id='block_1_11' title="bbox 383 1135 1958 1208">
    <p class='ocr_par' dir='ltr' id='par_1_11' title="bbox 383 1135 1958 1208">
     <span class='ocr_line' id='line_1_11' title="bbox 383 1135 1958 1208; baseline 0.003 -18"><span class='ocrx_word' id='word_1_73' title='bbox 383 1136 562 1206; x_wconf 81' lang='lat' dir='ltr'><strong>qualis</strong></span> <span class='ocrx_word' id='word_1_74' title='bbox 599 1135 688 1191; x_wconf 86' lang='lat' dir='ltr'><strong>illa</strong></span> <span class='ocrx_word' id='word_1_75' title='bbox 717 1136 1068 1193; x_wconf 86' lang='lat' dir='ltr'><strong>commutatio</strong></span> <span class='ocrx_word' id='word_1_76' title='bbox 1114 1136 1293 1190; x_wconf 89' lang='lat' dir='ltr'><strong>futura</strong></span> <span class='ocrx_word' id='word_1_77' title='bbox 1321 1138 1411 1203; x_wconf 88' lang='lat' dir='ltr'><strong>sit,</strong></span> <span class='ocrx_word' id='word_1_78' title='bbox 1441 1137 1681 1208; x_wconf 81' lang='lat' dir='ltr'><strong>adjungit</strong></span> <span class='ocrx_word' id='word_1_79' title='bbox 1708 1145 1764 1193; x_wconf 90' lang='lat' dir='ltr'><strong>et</strong></span> <span class='ocrx_word' id='word_1_80' title='bbox 1787 1138 1919 1194; x_wconf 88' lang='lat' dir='ltr'><strong>dicit</strong></span> <span class='ocrx_word' id='word_1_81' title='bbox 1943 1155 1958 1194; x_wconf 92' lang='lat'>:</span> 
     </span>
    </p>
   </div>
   <div class='ocr_carea' id='block_1_12' title="bbox 385 1223 1958 1295">
    <p class='ocr_par' dir='ltr' id='par_1_12' title="bbox 385 1223 1958 1295">
     <span class='ocr_line' id='line_1_12' title="bbox 385 1223 1958 1295; baseline 0.002 -16"><span class='ocrx_word' id='word_1_82' title='bbox 385 1223 604 1293; x_wconf 81' lang='lat' dir='ltr'><strong>Oportet</strong></span> <span class='ocrx_word' id='word_1_83' title='bbox 633 1226 771 1280; x_wconf 88' lang='lat' dir='ltr'><strong>enim</strong></span> <span class='ocrx_word' id='word_1_84' title='bbox 797 1224 1130 1295; x_wconf 86' lang='lat' dir='ltr'><strong>corruptibile</strong></span> <span class='ocrx_word' id='word_1_85' title='bbox 1157 1225 1253 1280; x_wconf 88' lang='lat' dir='ltr'><strong>hoc</strong></span> <span class='ocrx_word' id='word_1_86' title='bbox 1276 1227 1490 1282; x_wconf 80' lang='lat' dir='ltr'><strong>induere</strong></span> <span class='ocrx_word' id='word_1_87' title='bbox 1534 1228 1958 1293; x_wconf 79' lang='lat' dir='ltr'><strong>incorruptelam,</strong></span> 
     </span>
    </p>
   </div>
   <div class='ocr_carea' id='block_1_13' title="bbox 383 1316 1960 1388">
    <p class='ocr_par' dir='ltr' id='par_1_13' title="bbox 383 1316 1960 1388">
     <span class='ocr_line' id='line_1_13' title="bbox 383 1316 1960 1388; baseline 0.002 -18"><span class='ocrx_word' id='word_1_88' title='bbox 383 1326 433 1370; x_wconf 90' lang='lat' dir='ltr'><strong>et</strong></span> <span class='ocrx_word' id='word_1_89' title='bbox 459 1316 682 1372; x_wconf 83' lang='lat' dir='ltr'><strong>mortale</strong></span> <span class='ocrx_word' id='word_1_90' title='bbox 710 1317 806 1371; x_wconf 82' lang='lat' dir='ltr'><strong>hoc</strong></span> <span class='ocrx_word' id='word_1_91' title='bbox 845 1317 1062 1371; x_wconf 77' lang='lat' dir='ltr'><strong>induere</strong></span> <span class='ocrx_word' id='word_1_92' title='bbox 1083 1317 1544 1372; x_wconf 82' lang='lat' dir='ltr'><strong>immortalitatem.</strong></span> <span class='ocrx_word' id='word_1_93' title='bbox 1571 1318 1710 1384; x_wconf 87' lang='lat' dir='ltr'><strong>Non,</strong></span> <span class='ocrx_word' id='word_1_94' title='bbox 1741 1327 1800 1372; x_wconf 90' lang='lat' dir='ltr'><strong>ut</strong></span> <span class='ocrx_word' id='word_1_95' title='bbox 1843 1319 1960 1388; x_wconf 91' lang='lat' dir='ltr'><strong>opi-</strong></span> 
     </span>
    </p>
   </div>
   <div class='ocr_carea' id='block_1_14' title="bbox 382 1407 1961 1471">
    <p class='ocr_par' dir='ltr' id='par_1_14' title="bbox 382 1407 1961 1471">
     <span class='ocr_line' id='line_1_14' title="bbox 382 1407 1961 1471; baseline 0.001 -9"><span class='ocrx_word' id='word_1_96' title='bbox 382 1422 508 1471; x_wconf 85' lang='lat' dir='ltr'><strong>nor,</strong></span> <span class='ocrx_word' id='word_1_97' title='bbox 534 1407 884 1463; x_wconf 87' lang='lat' dir='ltr'><strong>dubitandum</strong></span> <span class='ocrx_word' id='word_1_98' title='bbox 917 1416 1000 1462; x_wconf 91' lang='lat' dir='ltr'><strong>est</strong></span> <span class='ocrx_word' id='word_1_99' title='bbox 1033 1408 1325 1463; x_wconf 88' lang='lat' dir='ltr'><strong>secundum</strong></span> <span class='ocrx_word' id='word_1_100' title='bbox 1362 1409 1466 1463; x_wconf 92' lang='lat' dir='ltr'><strong>hoc</strong></span> <span class='ocrx_word' id='word_1_101' title='bbox 1495 1408 1696 1464; x_wconf 90' lang='lat' dir='ltr'><strong>dictum</strong></span> <span class='ocrx_word' id='word_1_102' title='bbox 1717 1425 1730 1462; x_wconf 89' lang='lat'><strong>:</strong></span> <span class='ocrx_word' id='word_1_103' title='bbox 1751 1407 1888 1464; x_wconf 89' lang='lat' dir='ltr'><strong>Caro</strong></span> <span class='ocrx_word' id='word_1_104' title='bbox 1912 1418 1961 1464; x_wconf 88' lang='lat' dir='ltr'><strong>et</strong></span> 
     </span>
    </p>
   </div>
   <div class='ocr_carea' id='block_1_15' title="bbox 383 1497 1960 1570">
    <p class='ocr_par' dir='ltr' id='par_1_15' title="bbox 383 1497 1960 1570">
     <span class='ocr_line' id='line_1_15' title="bbox 383 1497 1960 1570; baseline 0.003 -18"><span class='ocrx_word' id='word_1_105' title='bbox 383 1499 600 1568; x_wconf 76' lang='lat' dir='ltr'><strong>sanguis</strong></span> <span class='ocrx_word' id='word_1_106' title='bbox 657 1514 871 1568; x_wconf 85' lang='lat' dir='ltr'><strong>regnum</strong></span> <span class='ocrx_word' id='word_1_107' title='bbox 919 1497 1019 1552; x_wconf 89' lang='lat' dir='ltr'><strong>Dei</strong></span> <span class='ocrx_word' id='word_1_108' title='bbox 1060 1515 1164 1553; x_wconf 87' lang='lat' dir='ltr'><strong>non</strong></span> <span class='ocrx_word' id='word_1_109' title='bbox 1211 1498 1562 1570; x_wconf 86' lang='lat' dir='ltr'><strong>possidebunt,</strong></span> <span class='ocrx_word' id='word_1_110' title='bbox 1588 1500 1712 1569; x_wconf 87' lang='lat' dir='ltr'><strong>quia</strong></span> <span class='ocrx_word' id='word_1_111' title='bbox 1740 1515 1846 1555; x_wconf 92' lang='lat' dir='ltr'><strong>non</strong></span> <span class='ocrx_word' id='word_1_112' title='bbox 1887 1500 1960 1556; x_wconf 85' lang='lat' dir='ltr'><strong>ibi</strong></span> 
     </span>
    </p>
   </div>
   <div class='ocr_carea' id='block_1_16' title="bbox 383 1585 1960 1661">
    <p class='ocr_par' dir='ltr' id='par_1_16' title="bbox 383 1585 1960 1661">
     <span class='ocr_line' id='line_1_16' title="bbox 383 1585 1960 1661; baseline 0.005 -23"><span class='ocrx_word' id='word_1_113' title='bbox 383 1585 490 1640; x_wconf 90' lang='lat' dir='ltr'><strong>erit</strong></span> <span class='ocrx_word' id='word_1_114' title='bbox 515 1587 788 1657; x_wconf 84' lang='lat' dir='ltr'><strong>corruptio</strong></span> <span class='ocrx_word' id='word_1_115' title='bbox 817 1597 873 1643; x_wconf 91' lang='lat' dir='ltr'><strong>et</strong></span> <span class='ocrx_word' id='word_1_116' title='bbox 898 1587 1200 1644; x_wconf 83' lang='lat' dir='ltr'><strong>mortalitas</strong></span> <span class='ocrx_word' id='word_1_117' title='bbox 1222 1589 1402 1644; x_wconf 91' lang='lat' dir='ltr'><strong>carnis</strong></span> <span class='ocrx_word' id='word_1_118' title='bbox 1431 1598 1485 1644; x_wconf 90' lang='lat' dir='ltr'><strong>et</strong></span> <span class='ocrx_word' id='word_1_119' title='bbox 1517 1589 1792 1661; x_wconf 79' lang='lat' dir='ltr'><strong>sanguinis</strong></span> <span class='ocrx_word' id='word_1_120' title='bbox 1824 1607 1838 1642; x_wconf 91' lang='lat'><strong>:</strong></span> <span class='ocrx_word' id='word_1_121' title='bbox 1870 1605 1960 1646; x_wconf 87' lang='lat' dir='ltr'><strong>se-</strong></span> 
     </span>
    </p>
   </div>
   <div class='ocr_carea' id='block_1_17' title="bbox 383 1675 1961 1747">
    <p class='ocr_par' dir='ltr' id='par_1_17' title="bbox 383 1675 1961 1747">
     <span class='ocr_line' id='line_1_17' title="bbox 383 1675 1961 1747; baseline 0.006 -18"><span class='ocrx_word' id='word_1_122' title='bbox 383 1675 620 1730; x_wconf 89' lang='lat' dir='ltr'><strong>cundum</strong></span> <span class='ocrx_word' id='word_1_123' title='bbox 676 1677 776 1733; x_wconf 90' lang='lat' dir='ltr'><strong>has</strong></span> <span class='ocrx_word' id='word_1_124' title='bbox 804 1677 951 1732; x_wconf 89' lang='lat' dir='ltr'><strong>enim</strong></span> <span class='ocrx_word' id='word_1_125' title='bbox 999 1677 1286 1747; x_wconf 86' lang='lat' dir='ltr'><strong>qualitates</strong></span> <span class='ocrx_word' id='word_1_126' title='bbox 1326 1680 1428 1734; x_wconf 93' lang='lat' dir='ltr'><strong>hoc</strong></span> <span class='ocrx_word' id='word_1_127' title='bbox 1475 1679 1596 1735; x_wconf 93' lang='lat' dir='ltr'><strong>loco</strong></span> <span class='ocrx_word' id='word_1_128' title='bbox 1643 1697 1862 1737; x_wconf 87' lang='lat' dir='ltr'><strong>carnem</strong></span> <span class='ocrx_word' id='word_1_129' title='bbox 1904 1691 1961 1738; x_wconf 91' lang='lat' dir='ltr'><strong>et</strong></span> 
     </span>
    </p>
   </div>
   <div class='ocr_carea' id='block_1_18' title="bbox 383 1769 1960 1842">
    <p class='ocr_par' dir='ltr' id='par_1_18' title="bbox 383 1769 1960 1842">
     <span class='ocr_line' id='line_1_18' title="bbox 383 1769 1960 1842; baseline 0.004 -19"><span class='ocrx_word' id='word_1_130' title='bbox 383 1769 703 1840; x_wconf 79' lang='lat' dir='ltr'><strong>sanguinem</strong></span> <span class='ocrx_word' id='word_1_131' title='bbox 724 1769 1070 1841; x_wconf 83' lang='lat' dir='ltr'><strong>nuncupavit.</strong></span> <span class='ocrx_word' id='word_1_132' title='bbox 1099 1769 1326 1842; x_wconf 84' lang='lat' dir='ltr'><strong>(Ambr.)</strong></span> <span class='ocrx_word' id='word_1_133' title='bbox 1359 1771 1456 1826; x_wconf 88' lang='lat' dir='ltr'><strong>Est</strong></span> <span class='ocrx_word' id='word_1_134' title='bbox 1493 1772 1634 1841; x_wconf 91' lang='lat' dir='ltr'><strong>quod</strong></span> <span class='ocrx_word' id='word_1_135' title='bbox 1677 1773 1868 1839; x_wconf 89' lang='lat' dir='ltr'><strong>induit,</strong></span> <span class='ocrx_word' id='word_1_136' title='bbox 1905 1782 1960 1829; x_wconf 90' lang='lat' dir='ltr'><strong>et</strong></span> 
     </span>
    </p>
   </div>
   <div class='ocr_carea' id='block_1_19' title="bbox 2031 596 3633 671">
    <p class='ocr_par' dir='ltr' id='par_1_19' title="bbox 2031 596 3633 671">
     <span class='ocr_line' id='line_1_19' title="bbox 2031 596 3633 671; baseline 0.01 -24"><span class='ocrx_word' id='word_1_137' title='bbox 2031 610 2220 664; x_wconf 86' lang='lat' dir='ltr'><strong>-quam</strong></span> <span class='ocrx_word' id='word_1_138' title='bbox 2247 596 2678 666; x_wconf 85' lang='lat' dir='ltr'><strong>delectationem,</strong></span> <span class='ocrx_word' id='word_1_139' title='bbox 2714 601 2842 671; x_wconf 89' lang='lat' dir='ltr'><strong>quia</strong></span> <span class='ocrx_word' id='word_1_140' title='bbox 2869 601 2923 656; x_wconf 90' lang='lat' dir='ltr'><strong>in</strong></span> <span class='ocrx_word' id='word_1_141' title='bbox 2945 600 3157 659; x_wconf 90' lang='lat' dir='ltr'><strong>defectu</strong></span> <span class='ocrx_word' id='word_1_142' title='bbox 3195 611 3280 658; x_wconf 89' lang='lat' dir='ltr'><strong>est</strong></span> <span class='ocrx_word' id='word_1_143' title='bbox 3319 605 3512 659; x_wconf 67' lang='lat' dir='ltr'><strong>animae</strong></span> <span class='ocrx_word' id='word_1_144' title='bbox 3534 604 3633 663; x_wconf 82' lang='lat' dir='ltr'><strong>de-</strong></span> 
     </span>
    </p>
   </div>
   <div class='ocr_carea' id='block_1_20' title="bbox 2059 686 3630 758">
    <p class='ocr_par' dir='ltr' id='par_1_20' title="bbox 2059 686 3630 758">
     <span class='ocr_line' id='line_1_20' title="bbox 2059 686 3630 758; baseline 0.008 -19"><span class='ocrx_word' id='word_1_145' title='bbox 2059 686 2274 742; x_wconf 88' lang='lat' dir='ltr'><strong>terioris</strong></span> <span class='ocrx_word' id='word_1_146' title='bbox 2299 687 2522 756; x_wconf 63' lang='lat' dir='ltr'><strong>effectui,</strong></span> <span class='ocrx_word' id='word_1_147' title='bbox 2541 687 2666 758; x_wconf 84' lang='lat' dir='ltr'><strong>jure</strong></span> <span class='ocrx_word' id='word_1_148' title='bbox 2695 700 2924 746; x_wconf 90' lang='lat' dir='ltr'><strong>mortem</strong></span> <span class='ocrx_word' id='word_1_149' title='bbox 2946 707 3221 748; x_wconf 88' lang='lat' dir='ltr'><strong>vocamus.</strong></span> <span class='ocrx_word' id='word_1_150' title='bbox 3248 693 3430 750; x_wconf 82' lang='lat' dir='ltr'><strong>Virtus</strong></span> <span class='ocrx_word' id='word_1_151' title='bbox 3446 704 3630 752; x_wconf 87' lang='lat' dir='ltr'><strong>autem</strong></span> 
     </span>
    </p>
   </div>
   <div class='ocr_carea' id='block_1_21' title="bbox 2057 777 3636 854">
    <p class='ocr_par' dir='ltr' id='par_1_21' title="bbox 2057 777 3636 854">
     <span class='ocr_line' id='line_1_21' title="bbox 2057 777 3636 854; baseline 0.009 -24"><span class='ocrx_word' id='word_1_152' title='bbox 2057 777 2265 845; x_wconf 87' lang='lat' dir='ltr'><strong>peccati</strong></span> <span class='ocrx_word' id='word_1_153' title='bbox 2287 777 2372 834; x_wconf 88' lang='lat' dir='ltr'><strong>lex</strong></span> <span class='ocrx_word' id='word_1_154' title='bbox 2399 787 2502 844; x_wconf 90' lang='lat' dir='ltr'><strong>est,</strong></span> <span class='ocrx_word' id='word_1_155' title='bbox 2541 779 2667 850; x_wconf 89' lang='lat' dir='ltr'><strong>quia</strong></span> <span class='ocrx_word' id='word_1_156' title='bbox 2701 781 2871 836; x_wconf 92' lang='lat' dir='ltr'><strong>multo</strong></span> <span class='ocrx_word' id='word_1_157' title='bbox 2896 781 3213 838; x_wconf 86' lang='lat' dir='ltr'><strong>sceleratius</strong></span> <span class='ocrx_word' id='word_1_158' title='bbox 3237 791 3293 838; x_wconf 89' lang='lat' dir='ltr'><strong>et</strong></span> <span class='ocrx_word' id='word_1_159' title='bbox 3316 781 3636 854; x_wconf 78' lang='lat' dir='ltr'><strong>flagitiosius</strong></span> 
     </span>
    </p>
   </div>
   <div class='ocr_carea' id='block_1_22' title="bbox 2059 867 3634 946">
    <p class='ocr_par' dir='ltr' id='par_1_22' title="bbox 2059 867 3634 946">
     <span class='ocr_line' id='line_1_22' title="bbox 2059 867 3634 946; baseline 0.008 -27"><span class='ocrx_word' id='word_1_160' title='bbox 2059 881 2180 936; x_wconf 62' lang='lat' dir='ltr'><strong>qua:</strong></span> <span class='ocrx_word' id='word_1_161' title='bbox 2214 867 2299 922; x_wconf 89' lang='lat' dir='ltr'><strong>lex</strong></span> <span class='ocrx_word' id='word_1_162' title='bbox 2326 869 2576 937; x_wconf 87' lang='lat' dir='ltr'><strong>prohibet</strong></span> <span class='ocrx_word' id='word_1_163' title='bbox 2603 872 3030 939; x_wconf 90' lang='lat' dir='ltr'><strong>committuntur,</strong></span> <span class='ocrx_word' id='word_1_164' title='bbox 3061 887 3222 944; x_wconf 90' lang='lat' dir='ltr'><strong>quam</strong></span> <span class='ocrx_word' id='word_1_165' title='bbox 3250 875 3295 930; x_wconf 91' lang='lat' dir='ltr'><strong>si</strong></span> <span class='ocrx_word' id='word_1_166' title='bbox 3328 875 3470 930; x_wconf 90' lang='lat' dir='ltr'><strong>nulla</strong></span> <span class='ocrx_word' id='word_1_167' title='bbox 3513 875 3634 946; x_wconf 79' lang='lat' dir='ltr'><strong>lege</strong></span> 
     </span>
    </p>
   </div>
   <div class='ocr_carea' id='block_1_23' title="bbox 2059 956 3632 1033">
    <p class='ocr_par' dir='ltr' id='par_1_23' title="bbox 2059 956 3632 1033">
     <span class='ocr_line' id='line_1_23' title="bbox 2059 956 3632 1033; baseline 0.007 -24"><span class='ocrx_word' id='word_1_168' title='bbox 2059 956 2497 1025; x_wconf 87' lang='lat' dir='ltr'><strong>prohiberentur.</strong></span> <span class='ocrx_word' id='word_1_169' title='bbox 2526 959 2678 1015; x_wconf 91' lang='lat' dir='ltr'><strong>Tunc</strong></span> <span class='ocrx_word' id='word_1_170' title='bbox 2706 961 2888 1031; x_wconf 89' lang='lat' dir='ltr'><strong>itaque</strong></span> <span class='ocrx_word' id='word_1_171' title='bbox 2927 963 3184 1033; x_wconf 88' lang='lat' dir='ltr'><strong>absorpta</strong></span> <span class='ocrx_word' id='word_1_172' title='bbox 3230 965 3333 1019; x_wconf 92' lang='lat' dir='ltr'><strong>erit</strong></span> <span class='ocrx_word' id='word_1_173' title='bbox 3386 981 3533 1020; x_wconf 91' lang='lat' dir='ltr'><strong>mors</strong></span> <span class='ocrx_word' id='word_1_174' title='bbox 3577 967 3632 1020; x_wconf 88' lang='lat' dir='ltr'><strong>in</strong></span> 
     </span>
    </p>
   </div>
   <div class='ocr_carea' id='block_1_24' title="bbox 2059 1046 3637 1118">
    <p class='ocr_par' dir='ltr' id='par_1_24' title="bbox 2059 1046 3637 1118">
     <span class='ocr_line' id='line_1_24' title="bbox 2059 1046 3637 1118; baseline 0.006 -18"><span class='ocrx_word' id='word_1_175' title='bbox 2059 1046 2304 1113; x_wconf 88' lang='lat' dir='ltr'><strong>victoria,</strong></span> <span class='ocrx_word' id='word_1_176' title='bbox 2333 1062 2455 1103; x_wconf 91' lang='lat' dir='ltr'><strong>cum</strong></span> <span class='ocrx_word' id='word_1_177' title='bbox 2482 1065 2578 1118; x_wconf 90' lang='lat' dir='ltr'><strong>per</strong></span> <span class='ocrx_word' id='word_1_178' title='bbox 2621 1051 3104 1108; x_wconf 89' lang='lat' dir='ltr'><strong>sanctiﬁcationem</strong></span> <span class='ocrx_word' id='word_1_179' title='bbox 3132 1053 3188 1107; x_wconf 91' lang='lat' dir='ltr'><strong>in</strong></span> <span class='ocrx_word' id='word_1_180' title='bbox 3227 1054 3374 1108; x_wconf 90' lang='lat' dir='ltr'><strong>omni</strong></span> <span class='ocrx_word' id='word_1_181' title='bbox 3399 1054 3637 1110; x_wconf 84' lang='lat' dir='ltr'><strong>hominis</strong></span> 
     </span>
    </p>
   </div>
   <div class='ocr_carea' id='block_1_25' title="bbox 2058 1136 3634 1211">
    <p class='ocr_par' dir='ltr' id='par_1_25' title="bbox 2058 1136 3634 1211">
     <span class='ocr_line' id='line_1_25' title="bbox 2058 1136 3634 1211; baseline 0.004 -21"><span class='ocrx_word' id='word_1_182' title='bbox 2058 1145 2214 1206; x_wconf 90' lang='lat' dir='ltr'><strong>parte</strong></span> <span class='ocrx_word' id='word_1_183' title='bbox 2238 1136 2476 1206; x_wconf 86' lang='lat' dir='ltr'><strong>perfecta</strong></span> <span class='ocrx_word' id='word_1_184' title='bbox 2490 1138 2848 1195; x_wconf 84' lang='lat' dir='ltr'><strong>delectatione</strong></span> <span class='ocrx_word' id='word_1_185' title='bbox 2870 1141 3195 1211; x_wconf 88' lang='lat' dir='ltr'><strong>spiritalium</strong></span> <span class='ocrx_word' id='word_1_186' title='bbox 3217 1142 3498 1197; x_wconf 90' lang='lat' dir='ltr'><strong>delectatio</strong></span> <span class='ocrx_word' id='word_1_187' title='bbox 3511 1159 3634 1198; x_wconf 90' lang='lat' dir='ltr'><strong>car-</strong></span> 
     </span>
    </p>
   </div>
   <div class='ocr_carea' id='block_1_26' title="bbox 2059 1225 3636 1302">
    <p class='ocr_par' dir='ltr' id='par_1_26' title="bbox 2059 1225 3636 1302">
     <span class='ocr_line' id='line_1_26' title="bbox 2059 1225 3636 1302; baseline 0.006 -24"><span class='ocrx_word' id='word_1_188' title='bbox 2059 1225 2199 1280; x_wconf 91' lang='lat' dir='ltr'><strong>nalis</strong></span> <span class='ocrx_word' id='word_1_189' title='bbox 2225 1225 2500 1281; x_wconf 89' lang='lat' dir='ltr'><strong>obruetur.</strong></span> <span class='ocrx_word' id='word_1_190' title='bbox 2530 1227 2762 1284; x_wconf 87' lang='lat' dir='ltr'><strong>Aculeus</strong></span> <span class='ocrx_word' id='word_1_191' title='bbox 2781 1239 2959 1285; x_wconf 91' lang='lat' dir='ltr'><strong>autem</strong></span> <span class='ocrx_word' id='word_1_192' title='bbox 3003 1232 3193 1286; x_wconf 88' lang='lat' dir='ltr'><strong>mortis</strong></span> <span class='ocrx_word' id='word_1_193' title='bbox 3218 1240 3499 1302; x_wconf 88' lang='lat' dir='ltr'><strong>peccatum</strong></span> <span class='ocrx_word' id='word_1_194' title='bbox 3527 1241 3636 1299; x_wconf 90' lang='lat' dir='ltr'><strong>est,</strong></span> 
     </span>
    </p>
   </div>
   <div class='ocr_carea' id='block_1_27' title="bbox 2061 1312 3634 1390">
    <p class='ocr_par' dir='ltr' id='par_1_27' title="bbox 2061 1312 3634 1390">
     <span class='ocr_line' id='line_1_27' title="bbox 2061 1312 3634 1390; baseline 0.003 -21"><span class='ocrx_word' id='word_1_195' title='bbox 2061 1312 2213 1382; x_wconf 86' lang='lat' dir='ltr'><strong>cujus</strong></span> <span class='ocrx_word' id='word_1_196' title='bbox 2229 1315 2514 1384; x_wconf 90' lang='lat' dir='ltr'><strong>punctione</strong></span> <span class='ocrx_word' id='word_1_197' title='bbox 2534 1315 2674 1371; x_wconf 87' lang='lat' dir='ltr'><strong>facta</strong></span> <span class='ocrx_word' id='word_1_198' title='bbox 2695 1326 2938 1374; x_wconf 88' lang='lat' dir='ltr'><strong>estmors</strong></span> <span class='ocrx_word' id='word_1_199' title='bbox 2959 1336 2973 1372; x_wconf 67' lang='grc' dir='ltr'><strong>ι</strong></span> <span class='ocrx_word' id='word_1_200' title='bbox 2995 1327 3276 1390; x_wconf 88' lang='lat' dir='ltr'><strong>peccatum</strong></span> <span class='ocrx_word' id='word_1_201' title='bbox 3303 1319 3456 1389; x_wconf 88' lang='lat' dir='ltr'><strong>quasi</strong></span> <span class='ocrx_word' id='word_1_202' title='bbox 3485 1335 3634 1374; x_wconf 89' lang='lat' dir='ltr'><strong>scor-</strong></span> 
     </span>
    </p>
   </div>
   <div class='ocr_carea' id='block_1_28' title="bbox 2060 1403 3638 1478">
    <p class='ocr_par' dir='ltr' id='par_1_28' title="bbox 2060 1403 3638 1478">
     <span class='ocr_line' id='line_1_28' title="bbox 2060 1403 3638 1478; baseline 0.003 -21"><span class='ocrx_word' id='word_1_203' title='bbox 2060 1403 2182 1473; x_wconf 90' lang='lat' dir='ltr'><strong>pius</strong></span> <span class='ocrx_word' id='word_1_204' title='bbox 2225 1411 2331 1469; x_wconf 91' lang='lat' dir='ltr'><strong>est,</strong></span> <span class='ocrx_word' id='word_1_205' title='bbox 2359 1404 2584 1476; x_wconf 80' lang='lat' dir='ltr'><strong>pupugit</strong></span> <span class='ocrx_word' id='word_1_206' title='bbox 2622 1421 2719 1460; x_wconf 88' lang='lat' dir='ltr'><strong>nos</strong></span> <span class='ocrx_word' id='word_1_207' title='bbox 2747 1414 2801 1462; x_wconf 88' lang='lat' dir='ltr'><strong>et</strong></span> <span class='ocrx_word' id='word_1_208' title='bbox 2837 1408 3036 1462; x_wconf 81' lang='lat' dir='ltr'><strong>mortui</strong></span> <span class='ocrx_word' id='word_1_209' title='bbox 3085 1421 3292 1462; x_wconf 91' lang='lat' dir='ltr'><strong>sumus.</strong></span> <span class='ocrx_word' id='word_1_210' title='bbox 3350 1406 3456 1462; x_wconf 89' lang='lat' dir='ltr'><strong>Sed</strong></span> <span class='ocrx_word' id='word_1_211' title='bbox 3504 1421 3638 1478; x_wconf 89' lang='lat' dir='ltr'><strong>quo-</strong></span> 
     </span>
    </p>
   </div>
   <div class='ocr_carea' id='block_1_29' title="bbox 2060 1492 3638 1559">
    <p class='ocr_par' dir='ltr' id='par_1_29' title="bbox 2060 1492 3638 1559">
     <span class='ocr_line' id='line_1_29' title="bbox 2060 1492 3638 1559; baseline 0.003 -13"><span class='ocrx_word' id='word_1_212' title='bbox 2060 1492 2220 1547; x_wconf 90' lang='lat' dir='ltr'><strong>modo</strong></span> <span class='ocrx_word' id='word_1_213' title='bbox 2270 1502 2382 1559; x_wconf 91' lang='lat' dir='ltr'><strong>est,</strong></span> <span class='ocrx_word' id='word_1_214' title='bbox 2411 1501 2469 1547; x_wconf 91' lang='lat' dir='ltr'><strong>ut</strong></span> <span class='ocrx_word' id='word_1_215' title='bbox 2499 1493 2742 1559; x_wconf 84' lang='lat' dir='ltr'><strong>dicatur,</strong></span> <span class='ocrx_word' id='word_1_216' title='bbox 2787 1495 2876 1550; x_wconf 90' lang='lat' dir='ltr'><strong>ubi</strong></span> <span class='ocrx_word' id='word_1_217' title='bbox 2915 1503 2998 1551; x_wconf 91' lang='lat' dir='ltr'><strong>est</strong></span> <span class='ocrx_word' id='word_1_218' title='bbox 3045 1511 3193 1552; x_wconf 91' lang='lat' dir='ltr'><strong>mors</strong></span> <span class='ocrx_word' id='word_1_219' title='bbox 3235 1497 3462 1551; x_wconf 87' lang='lat' dir='ltr'><strong>victoria</strong></span> <span class='ocrx_word' id='word_1_220' title='bbox 3505 1496 3638 1550; x_wconf 84' lang='lat' dir='ltr'><strong>tua?</strong></span> 
     </span>
    </p>
   </div>
   <div class='ocr_carea' id='block_1_30' title="bbox 2060 1583 3635 1642">
    <p class='ocr_par' dir='ltr' id='par_1_30' title="bbox 2060 1583 3635 1642">
     <span class='ocr_line' id='line_1_30' title="bbox 2060 1583 3635 1642; baseline 0.001 -4"><span class='ocrx_word' id='word_1_221' title='bbox 2060 1583 2162 1638; x_wconf 86' lang='lat' dir='ltr'><strong>hoc</strong></span> <span class='ocrx_word' id='word_1_222' title='bbox 2202 1584 2348 1640; x_wconf 89' lang='lat' dir='ltr'><strong>enim</strong></span> <span class='ocrx_word' id='word_1_223' title='bbox 2387 1584 2544 1640; x_wconf 85' lang='lat' dir='ltr'><strong>nobis</strong></span> <span class='ocrx_word' id='word_1_224' title='bbox 2584 1600 2690 1640; x_wconf 92' lang='lat' dir='ltr'><strong>non</strong></span> <span class='ocrx_word' id='word_1_225' title='bbox 2737 1586 2792 1640; x_wconf 91' lang='lat' dir='ltr'><strong>in</strong></span> <span class='ocrx_word' id='word_1_226' title='bbox 2839 1588 2940 1640; x_wconf 90' lang='lat' dir='ltr'><strong>hac</strong></span> <span class='ocrx_word' id='word_1_227' title='bbox 2979 1587 3088 1641; x_wconf 88' lang='lat' dir='ltr'><strong>vita</strong></span> <span class='ocrx_word' id='word_1_228' title='bbox 3114 1587 3208 1642; x_wconf 89' lang='lat' dir='ltr'><strong>sed</strong></span> <span class='ocrx_word' id='word_1_229' title='bbox 3251 1587 3306 1640; x_wconf 93' lang='lat' dir='ltr'><strong>in</strong></span> <span class='ocrx_word' id='word_1_230' title='bbox 3356 1601 3635 1641; x_wconf 82' lang='lat' dir='ltr'><strong>resurrec-</strong></span> 
     </span>
    </p>
   </div>
   <div class='ocr_carea' id='block_1_31' title="bbox 2059 1673 3634 1747">
    <p class='ocr_par' dir='ltr' id='par_1_31' title="bbox 2059 1673 3634 1747">
     <span class='ocr_line' id='line_1_31' title="bbox 2059 1673 3634 1747; baseline 0.003 -19"><span class='ocrx_word' id='word_1_231' title='bbox 2059 1673 2206 1728; x_wconf 87' lang='lat' dir='ltr'><strong>tione</strong></span> <span class='ocrx_word' id='word_1_232' title='bbox 2233 1674 2586 1744; x_wconf 88' lang='lat' dir='ltr'><strong>promittitur,</strong></span> <span class='ocrx_word' id='word_1_233' title='bbox 2613 1683 2740 1731; x_wconf 91' lang='lat' dir='ltr'><strong>tunc</strong></span> <span class='ocrx_word' id='word_1_234' title='bbox 2787 1676 3004 1731; x_wconf 83' lang='lat' dir='ltr'><strong>dabitur</strong></span> <span class='ocrx_word' id='word_1_235' title='bbox 3053 1678 3256 1732; x_wconf 90' lang='lat' dir='ltr'><strong>sanctis</strong></span> <span class='ocrx_word' id='word_1_236' title='bbox 3304 1684 3364 1731; x_wconf 93' lang='lat' dir='ltr'><strong>ut</strong></span> <span class='ocrx_word' id='word_1_237' title='bbox 3407 1692 3634 1747; x_wconf 86' lang='lat' dir='ltr'><strong>peccare</strong></span> 
     </span>
    </p>
   </div>
   <div class='ocr_carea' id='block_1_32' title="bbox 2061 1765 3637 1839">
    <p class='ocr_par' dir='ltr' id='par_1_32' title="bbox 2061 1765 3637 1839">
     <span class='ocr_line' id='line_1_32' title="bbox 2061 1765 3637 1839; baseline 0.003 -21"><span class='ocrx_word' id='word_1_238' title='bbox 2061 1779 2162 1820; x_wconf 90' lang='lat' dir='ltr'><strong>nec</strong></span> <span class='ocrx_word' id='word_1_239' title='bbox 2213 1765 2384 1821; x_wconf 89' lang='lat' dir='ltr'><strong>velint</strong></span> <span class='ocrx_word' id='word_1_240' title='bbox 2443 1767 2680 1832; x_wconf 89' lang='lat' dir='ltr'><strong>omnino,</strong></span> <span class='ocrx_word' id='word_1_241' title='bbox 2735 1783 2835 1822; x_wconf 89' lang='lat' dir='ltr'><strong>nec</strong></span> <span class='ocrx_word' id='word_1_242' title='bbox 2894 1769 3118 1838; x_wconf 89' lang='lat' dir='ltr'><strong>possint.</strong></span> <span class='ocrx_word' id='word_1_243' title='bbox 3161 1769 3272 1823; x_wconf 88' lang='lat' dir='ltr'><strong>Deo</strong></span> <span class='ocrx_word' id='word_1_244' title='bbox 3319 1780 3490 1823; x_wconf 83' lang='lat' dir='ltr'><strong>autem</strong></span> <span class='ocrx_word' id='word_1_245' title='bbox 3521 1786 3637 1839; x_wconf 86' lang='lat' dir='ltr'><strong>gra-</strong></span> 
     </span>
    </p>
   </div>
   <div class='ocr_carea' id='block_1_33' title="bbox 381 1853 3634 1933">
    <p class='ocr_par' dir='ltr' id='par_1_33' title="bbox 381 1853 3634 1933">
     <span class='ocr_line' id='line_1_33' title="bbox 381 1853 3634 1933; baseline 0.002 -26"><span class='ocrx_word' id='word_1_246' title='bbox 381 1863 470 1913; x_wconf 84' lang='lat' dir='ltr'><strong>est</strong></span> <span class='ocrx_word' id='word_1_247' title='bbox 503 1857 754 1913; x_wconf 82' lang='lat' dir='ltr'><strong>similiter</strong></span> <span class='ocrx_word' id='word_1_248' title='bbox 774 1859 1167 1914; x_wconf 73' lang='lat' dir='ltr'><strong>indumentum.</strong></span> <span class='ocrx_word' id='word_1_249' title='bbox 1197 1859 1380 1932; x_wconf 80' lang='lat' dir='ltr'><strong>(Aug.)</strong></span> <span class='ocrx_word' id='word_1_250' title='bbox 1415 1859 1549 1915; x_wconf 83' lang='lat' dir='ltr'><strong>Cum</strong></span> <span class='ocrx_word' id='word_1_251' title='bbox 1577 1876 1706 1933; x_wconf 69' lang='lat' dir='ltr'><strong>ergo</strong></span> <span class='ocrx_word' id='word_1_252' title='bbox 1735 1875 1837 1917; x_wconf 76' lang='lat' dir='ltr'><strong>nec</strong></span> <span class='ocrx_word' id='word_1_253' title='bbox 1869 1875 1958 1916; x_wconf 71' lang='lat' dir='ltr'><strong>re-</strong></span> <span class='ocrx_word' id='word_1_254' title='bbox 1988 1859 2036 1921; x_wconf 76' lang='grc' dir='ltr'><strong>Β</strong></span> <span class='ocrx_word' id='word_1_255' title='bbox 2063 1853 2163 1907; x_wconf 87' lang='lat' dir='ltr'><strong>tias</strong></span> <span class='ocrx_word' id='word_1_256' title='bbox 2213 1854 2304 1920; x_wconf 87' lang='lat' dir='ltr'><strong>qui</strong></span> <span class='ocrx_word' id='word_1_257' title='bbox 2349 1855 2490 1908; x_wconf 85' lang='lat' dir='ltr'><strong>dedit</strong></span> <span class='ocrx_word' id='word_1_258' title='bbox 2545 1854 2691 1909; x_wconf 89' lang='lat' dir='ltr'><strong>nobis</strong></span> <span class='ocrx_word' id='word_1_259' title='bbox 2754 1857 3026 1911; x_wconf 86' lang='lat' dir='ltr'><strong>victoriam</strong></span> <span class='ocrx_word' id='word_1_260' title='bbox 3076 1874 3169 1926; x_wconf 89' lang='lat' dir='ltr'><strong>per</strong></span> <span class='ocrx_word' id='word_1_261' title='bbox 3211 1857 3495 1911; x_wconf 86' lang='lat' dir='ltr'><strong>Dominum</strong></span> <span class='ocrx_word' id='word_1_262' title='bbox 3542 1875 3634 1912; x_wconf 90' lang='lat' dir='ltr'><strong>no-</strong></span> 
     </span>
    </p>
   </div>
   <div class='ocr_carea' id='block_1_34' title="bbox 381 1948 1961 2020">
    <p class='ocr_par' dir='ltr' id='par_1_34' title="bbox 381 1948 1961 2020">
     <span class='ocr_line' id='line_1_34' title="bbox 381 1948 1961 2020; baseline 0.003 -16"><span class='ocrx_word' id='word_1_263' title='bbox 381 1948 653 2004; x_wconf 89' lang='lat' dir='ltr'><strong>surrectio</strong></span> <span class='ocrx_word' id='word_1_264' title='bbox 671 1948 812 2014; x_wconf 87' lang='lat' dir='ltr'><strong>ﬁeri,</strong></span> <span class='ocrx_word' id='word_1_265' title='bbox 841 1949 945 2004; x_wconf 91' lang='lat' dir='ltr'><strong>nisi</strong></span> <span class='ocrx_word' id='word_1_266' title='bbox 970 1964 1118 2004; x_wconf 90' lang='lat' dir='ltr'><strong>mors</strong></span> <span class='ocrx_word' id='word_1_267' title='bbox 1141 1951 1502 2020; x_wconf 81' lang='lat' dir='ltr'><strong>praecesserit,</strong></span> <span class='ocrx_word' id='word_1_268' title='bbox 1533 1966 1635 2007; x_wconf 90' lang='lat' dir='ltr'><strong>nec</strong></span> <span class='ocrx_word' id='word_1_269' title='bbox 1678 1952 1961 2009; x_wconf 89' lang='lat' dir='ltr'><strong>dormitio-</strong></span> 
     </span>
    </p>
   </div>
   <div class='ocr_carea' id='block_1_35' title="bbox 381 2039 1963 2115">
    <p class='ocr_par' dir='ltr' id='par_1_35' title="bbox 381 2039 1963 2115">
     <span class='ocr_line' id='line_1_35' title="bbox 381 2039 1963 2115; baseline 0.005 -22"><span class='ocrx_word' id='word_1_270' title='bbox 381 2055 508 2094; x_wconf 91' lang='lat' dir='ltr'><strong>nem</strong></span> <span class='ocrx_word' id='word_1_271' title='bbox 531 2040 800 2110; x_wconf 88' lang='lat' dir='ltr'><strong>possimus</strong></span> <span class='ocrx_word' id='word_1_272' title='bbox 835 2039 928 2095; x_wconf 92' lang='lat' dir='ltr'><strong>illo</strong></span> <span class='ocrx_word' id='word_1_273' title='bbox 957 2039 1075 2096; x_wconf 93' lang='lat' dir='ltr'><strong>loco</strong></span> <span class='ocrx_word' id='word_1_274' title='bbox 1112 2041 1410 2112; x_wconf 81' lang='lat' dir='ltr'><strong>intelligere</strong></span> <span class='ocrx_word' id='word_1_275' title='bbox 1434 2043 1539 2098; x_wconf 91' lang='lat' dir='ltr'><strong>nisi</strong></span> <span class='ocrx_word' id='word_1_276' title='bbox 1557 2052 1803 2110; x_wconf 89' lang='lat' dir='ltr'><strong>mortem,</strong></span> <span class='ocrx_word' id='word_1_277' title='bbox 1827 2060 1963 2115; x_wconf 85' lang='lat' dir='ltr'><strong>quo-</strong></span> 
     </span>
    </p>
   </div>
   <div class='ocr_carea' id='block_1_36' title="bbox 381 2128 1962 2205">
    <p class='ocr_par' dir='ltr' id='par_1_36' title="bbox 381 2128 1962 2205">
     <span class='ocr_line' id='line_1_36' title="bbox 381 2128 1962 2205; baseline 0.005 -23"><span class='ocrx_word' id='word_1_278' title='bbox 381 2129 545 2183; x_wconf 89' lang='lat' dir='ltr'><strong>modo</strong></span> <span class='ocrx_word' id='word_1_279' title='bbox 602 2143 790 2185; x_wconf 89' lang='lat' dir='ltr'><strong>omnes</strong></span> <span class='ocrx_word' id='word_1_280' title='bbox 839 2128 927 2184; x_wconf 90' lang='lat' dir='ltr'><strong>vel</strong></span> <span class='ocrx_word' id='word_1_281' title='bbox 978 2131 1248 2186; x_wconf 90' lang='lat' dir='ltr'><strong>dormient</strong></span> <span class='ocrx_word' id='word_1_282' title='bbox 1290 2131 1377 2188; x_wconf 86' lang='lat' dir='ltr'><strong>vel</strong></span> <span class='ocrx_word' id='word_1_283' title='bbox 1405 2142 1705 2205; x_wconf 82' lang='lat' dir='ltr'><strong>resurgent,</strong></span> <span class='ocrx_word' id='word_1_284' title='bbox 1751 2135 1798 2190; x_wconf 85' lang='lat' dir='ltr'><strong>si</strong></span> <span class='ocrx_word' id='word_1_285' title='bbox 1851 2144 1962 2190; x_wconf 84' lang='lat' dir='ltr'><strong>tam</strong></span> 
     </span>
    </p>
   </div>
   <div class='ocr_carea' id='block_1_37' title="bbox 381 2219 1962 2290">
    <p class='ocr_par' dir='ltr' id='par_1_37' title="bbox 381 2219 1962 2290">
     <span class='ocr_line' id='line_1_37' title="bbox 381 2219 1962 2290; baseline 0.007 -18"><span class='ocrx_word' id='word_1_286' title='bbox 381 2219 539 2273; x_wconf 86' lang='lat' dir='ltr'><strong>multi</strong></span> <span class='ocrx_word' id='word_1_287' title='bbox 587 2234 723 2290; x_wconf 92' lang='lat' dir='ltr'><strong>quos</strong></span> <span class='ocrx_word' id='word_1_288' title='bbox 760 2220 812 2274; x_wconf 93' lang='lat' dir='ltr'><strong>in</strong></span> <span class='ocrx_word' id='word_1_289' title='bbox 842 2235 1068 2290; x_wconf 90' lang='lat' dir='ltr'><strong>corpore</strong></span> <span class='ocrx_word' id='word_1_290' title='bbox 1102 2221 1418 2279; x_wconf 89' lang='lat' dir='ltr'><strong>inventurus</strong></span> <span class='ocrx_word' id='word_1_291' title='bbox 1443 2231 1528 2279; x_wconf 90' lang='lat' dir='ltr'><strong>est</strong></span> <span class='ocrx_word' id='word_1_292' title='bbox 1551 2224 1816 2290; x_wconf 86' lang='lat' dir='ltr'><strong>Christus,</strong></span> <span class='ocrx_word' id='word_1_293' title='bbox 1861 2242 1962 2283; x_wconf 92' lang='lat' dir='ltr'><strong>nec</strong></span> 
     </span>
    </p>
   </div>
   <div class='ocr_carea' id='block_1_38' title="bbox 382 2304 1962 2384">
    <p class='ocr_par' dir='ltr' id='par_1_38' title="bbox 382 2304 1962 2384">
     <span class='ocr_line' id='line_1_38' title="bbox 382 2304 1962 2384; baseline 0.007 -24"><span class='ocrx_word' id='word_1_294' title='bbox 382 2304 679 2373; x_wconf 89' lang='lat' dir='ltr'><strong>dormient,</strong></span> <span class='ocrx_word' id='word_1_295' title='bbox 702 2320 804 2363; x_wconf 89' lang='lat' dir='ltr'><strong>nec</strong></span> <span class='ocrx_word' id='word_1_296' title='bbox 832 2309 1150 2379; x_wconf 87' lang='lat' dir='ltr'><strong>resurgent?</strong></span> <span class='ocrx_word' id='word_1_297' title='bbox 1177 2308 1234 2364; x_wconf 91' lang='lat' dir='ltr'><strong>Si</strong></span> <span class='ocrx_word' id='word_1_298' title='bbox 1261 2326 1391 2382; x_wconf 85' lang='lat' dir='ltr'><strong>ergo</strong></span> <span class='ocrx_word' id='word_1_299' title='bbox 1423 2322 1640 2368; x_wconf 89' lang='lat' dir='ltr'><strong>sanctos</strong></span> <span class='ocrx_word' id='word_1_300' title='bbox 1675 2315 1766 2384; x_wconf 90' lang='lat' dir='ltr'><strong>qui</strong></span> <span class='ocrx_word' id='word_1_301' title='bbox 1805 2330 1962 2384; x_wconf 85' lang='lat' dir='ltr'><strong>repe-</strong></span> 
     </span>
    </p>
   </div>
   <div class='ocr_carea' id='block_1_39' title="bbox 383 2396 1962 2473">
    <p class='ocr_par' dir='ltr' id='par_1_39' title="bbox 383 2396 1962 2473">
     <span class='ocr_line' id='line_1_39' title="bbox 383 2396 1962 2473; baseline 0.006 -23"><span class='ocrx_word' id='word_1_302' title='bbox 383 2397 600 2451; x_wconf 86' lang='lat' dir='ltr'><strong>riuntur</strong></span> <span class='ocrx_word' id='word_1_303' title='bbox 619 2396 834 2453; x_wconf 87' lang='lat' dir='ltr'><strong>Christo</strong></span> <span class='ocrx_word' id='word_1_304' title='bbox 870 2399 1117 2454; x_wconf 89' lang='lat' dir='ltr'><strong>veniente</strong></span> <span class='ocrx_word' id='word_1_305' title='bbox 1151 2401 1414 2467; x_wconf 88' lang='lat' dir='ltr'><strong>viventes,</strong></span> <span class='ocrx_word' id='word_1_306' title='bbox 1445 2403 1601 2473; x_wconf 88' lang='lat' dir='ltr'><strong>eique</strong></span> <span class='ocrx_word' id='word_1_307' title='bbox 1647 2404 1701 2458; x_wconf 90' lang='lat' dir='ltr'><strong>in</strong></span> <span class='ocrx_word' id='word_1_308' title='bbox 1746 2405 1962 2460; x_wconf 88' lang='lat' dir='ltr'><strong>obviam</strong></span> 
     </span>
    </p>
   </div>
   <div class='ocr_carea' id='block_1_40' title="bbox 381 2486 1963 2561">
    <p class='ocr_par' dir='ltr' id='par_1_40' title="bbox 381 2486 1963 2561">
     <span class='ocr_line' id='line_1_40' title="bbox 381 2486 1963 2561; baseline 0.006 -22"><span class='ocrx_word' id='word_1_309' title='bbox 381 2486 524 2555; x_wconf 84' lang='lat' dir='ltr'><strong>rapi,</strong></span> <span class='ocrx_word' id='word_1_310' title='bbox 581 2486 970 2542; x_wconf 88' lang='lat' dir='ltr'><strong>crediderimus</strong></span> <span class='ocrx_word' id='word_1_311' title='bbox 1006 2487 1063 2542; x_wconf 91' lang='lat' dir='ltr'><strong>in</strong></span> <span class='ocrx_word' id='word_1_312' title='bbox 1104 2488 1292 2544; x_wconf 90' lang='lat' dir='ltr'><strong>eodem</strong></span> <span class='ocrx_word' id='word_1_313' title='bbox 1333 2500 1512 2561; x_wconf 87' lang='lat' dir='ltr'><strong>raptu,</strong></span> <span class='ocrx_word' id='word_1_314' title='bbox 1547 2493 1612 2547; x_wconf 89' lang='lat' dir='ltr'><strong>de</strong></span> <span class='ocrx_word' id='word_1_315' title='bbox 1647 2493 1963 2549; x_wconf 89' lang='lat' dir='ltr'><strong>mortalibus</strong></span> 
     </span>
    </p>
   </div>
   <div class='ocr_carea' id='block_1_41' title="bbox 383 2578 1964 2648">
    <p class='ocr_par' dir='ltr' id='par_1_41' title="bbox 383 2578 1964 2648">
     <span class='ocr_line' id='line_1_41' title="bbox 383 2578 1964 2648; baseline 0.006 -17"><span class='ocrx_word' id='word_1_316' title='bbox 383 2579 706 2648; x_wconf 90' lang='lat' dir='ltr'><strong>corporibus</strong></span> <span class='ocrx_word' id='word_1_317' title='bbox 727 2578 984 2645; x_wconf 82' lang='lat' dir='ltr'><strong>exituros,</strong></span> <span class='ocrx_word' id='word_1_318' title='bbox 1006 2579 1144 2648; x_wconf 72' lang='lat' dir='ltr'><strong>etlad</strong></span> <span class='ocrx_word' id='word_1_319' title='bbox 1164 2580 1355 2635; x_wconf 90' lang='lat' dir='ltr'><strong>eadem</strong></span> <span class='ocrx_word' id='word_1_320' title='bbox 1377 2597 1503 2636; x_wconf 89' lang='lat' dir='ltr'><strong>mox</strong></span> <span class='ocrx_word' id='word_1_321' title='bbox 1533 2582 1856 2638; x_wconf 85' lang='lat' dir='ltr'><strong>immortalia</strong></span> <span class='ocrx_word' id='word_1_322' title='bbox 1880 2599 1964 2640; x_wconf 81' lang='lat' dir='ltr'><strong>re-</strong></span> 
     </span>
    </p>
   </div>
   <div class='ocr_carea' id='block_1_42' title="bbox 383 2667 1946 2745">
    <p class='ocr_par' dir='ltr' id='par_1_42' title="bbox 383 2667 1946 2745">
     <span class='ocr_line' id='line_1_42' title="bbox 383 2667 1946 2745; baseline 0.006 -23"><span class='ocrx_word' id='word_1_323' title='bbox 383 2667 613 2734; x_wconf 90' lang='lat' dir='ltr'><strong>dituros,</strong></span> <span class='ocrx_word' id='word_1_324' title='bbox 635 2667 808 2724; x_wconf 89' lang='lat' dir='ltr'><strong>nullas</strong></span> <span class='ocrx_word' id='word_1_325' title='bbox 837 2669 890 2723; x_wconf 91' lang='lat' dir='ltr'><strong>in</strong></span> <span class='ocrx_word' id='word_1_326' title='bbox 914 2669 1090 2725; x_wconf 87' lang='lat' dir='ltr'><strong>verbis</strong></span> <span class='ocrx_word' id='word_1_327' title='bbox 1105 2671 1348 2741; x_wconf 85' lang='lat' dir='ltr'><strong>Apostoli</strong></span> <span class='ocrx_word' id='word_1_328' title='bbox 1362 2673 1630 2742; x_wconf 88' lang='lat' dir='ltr'><strong>patiemur</strong></span> <span class='ocrx_word' id='word_1_329' title='bbox 1649 2675 1946 2745; x_wconf 82' lang='lat' dir='ltr'><strong>angustias,</strong></span> 
     </span>
    </p>
   </div>
   <div class='ocr_carea' id='block_1_43' title="bbox 385 2758 1963 2832">
    <p class='ocr_par' dir='ltr' id='par_1_43' title="bbox 385 2758 1963 2832">
     <span class='ocr_line' id='line_1_43' title="bbox 385 2758 1963 2832; baseline 0.004 -20"><span class='ocrx_word' id='word_1_330' title='bbox 385 2758 500 2813; x_wconf 85' lang='lat' dir='ltr'><strong>sive</strong></span> <span class='ocrx_word' id='word_1_331' title='bbox 523 2759 614 2813; x_wconf 88' lang='lat' dir='ltr'><strong>ubi</strong></span> <span class='ocrx_word' id='word_1_332' title='bbox 642 2759 776 2814; x_wconf 90' lang='lat' dir='ltr'><strong>dicit</strong></span> <span class='ocrx_word' id='word_1_333' title='bbox 801 2776 814 2812; x_wconf 89' lang='lat'>:</span> <span class='ocrx_word' id='word_1_334' title='bbox 845 2759 924 2814; x_wconf 90' lang='lat' dir='ltr'><strong>Tu</strong></span> <span class='ocrx_word' id='word_1_335' title='bbox 945 2759 1084 2830; x_wconf 88' lang='lat' dir='ltr'><strong>quod</strong></span> <span class='ocrx_word' id='word_1_336' title='bbox 1122 2761 1348 2816; x_wconf 84' lang='lat' dir='ltr'><strong>seminus</strong></span> <span class='ocrx_word' id='word_1_337' title='bbox 1375 2779 1479 2816; x_wconf 89' lang='lat' dir='ltr'><strong>non</strong></span> <span class='ocrx_word' id='word_1_338' title='bbox 1504 2763 1818 2832; x_wconf 81' lang='lat' dir='ltr'><strong>viviﬁcatur,</strong></span> <span class='ocrx_word' id='word_1_339' title='bbox 1863 2765 1963 2819; x_wconf 89' lang='lat' dir='ltr'><strong>nisi</strong></span> 
     </span>
    </p>
   </div>
   <div class='ocr_carea' id='block_1_44' title="bbox 383 2851 1961 2925">
    <p class='ocr_par' dir='ltr' id='par_1_44' title="bbox 383 2851 1961 2925">
     <span class='ocr_line' id='line_1_44' title="bbox 383 2851 1961 2925; baseline 0.003 -21"><span class='ocrx_word' id='word_1_340' title='bbox 383 2851 530 2921; x_wconf 86' lang='lat' dir='ltr'><strong>prius</strong></span> <span class='ocrx_word' id='word_1_341' title='bbox 567 2853 862 2918; x_wconf 85' lang='lat' dir='ltr'><strong>moriatur;</strong></span> <span class='ocrx_word' id='word_1_342' title='bbox 891 2852 1003 2907; x_wconf 87' lang='lat' dir='ltr'><strong>sive</strong></span> <span class='ocrx_word' id='word_1_343' title='bbox 1030 2851 1121 2907; x_wconf 88' lang='lat' dir='ltr'><strong>ubi</strong></span> <span class='ocrx_word' id='word_1_344' title='bbox 1157 2852 1288 2908; x_wconf 91' lang='lat' dir='ltr'><strong>dicit</strong></span> <span class='ocrx_word' id='word_1_345' title='bbox 1319 2871 1333 2908; x_wconf 89' lang='lat'><strong>:</strong></span> <span class='ocrx_word' id='word_1_346' title='bbox 1367 2853 1558 2909; x_wconf 86' lang='lat' dir='ltr'><strong>Omnes</strong></span> <span class='ocrx_word' id='word_1_347' title='bbox 1612 2871 1961 2925; x_wconf 88' lang='lat' dir='ltr'><strong>resurgemus,</strong></span> 
     </span>
    </p>
   </div>
   <div class='ocr_carea' id='block_1_45' title="bbox 383 2941 1964 3014">
    <p class='ocr_par' dir='ltr' id='par_1_45' title="bbox 383 2941 1964 3014">
     <span class='ocr_line' id='line_1_45' title="bbox 383 2941 1964 3014; baseline 0.004 -21"><span class='ocrx_word' id='word_1_348' title='bbox 383 2950 477 2994; x_wconf 87' lang='lat' dir='ltr'><strong>aut</strong></span> <span class='ocrx_word' id='word_1_349' title='bbox 506 2941 822 2996; x_wconf 89' lang='lat' dir='ltr'><strong>dormiemus</strong></span> <span class='ocrx_word' id='word_1_350' title='bbox 849 2958 1046 3008; x_wconf 89' lang='lat' dir='ltr'><strong>omnes,</strong></span> <span class='ocrx_word' id='word_1_351' title='bbox 1077 2942 1199 3011; x_wconf 88' lang='lat' dir='ltr'><strong>quia</strong></span> <span class='ocrx_word' id='word_1_352' title='bbox 1225 2959 1324 2999; x_wconf 90' lang='lat' dir='ltr'><strong>nec</strong></span> <span class='ocrx_word' id='word_1_353' title='bbox 1352 2943 1426 2998; x_wconf 89' lang='lat' dir='ltr'><strong>illi</strong></span> <span class='ocrx_word' id='word_1_354' title='bbox 1446 2959 1544 3014; x_wconf 90' lang='lat' dir='ltr'><strong>per</strong></span> <span class='ocrx_word' id='word_1_355' title='bbox 1585 2945 1964 3000; x_wconf 87' lang='lat' dir='ltr'><strong>immortalita-</strong></span> 
     </span>
    </p>
   </div>
   <div class='ocr_carea' id='block_1_46' title="bbox 384 3030 1962 3102">
    <p class='ocr_par' dir='ltr' id='par_1_46' title="bbox 384 3030 1962 3102">
     <span class='ocr_line' id='line_1_46' title="bbox 384 3030 1962 3102; baseline 0.003 -18"><span class='ocrx_word' id='word_1_356' title='bbox 384 3039 497 3085; x_wconf 90' lang='lat' dir='ltr'><strong>tem</strong></span> <span class='ocrx_word' id='word_1_357' title='bbox 540 3030 976 3097; x_wconf 86' lang='lat' dir='ltr'><strong>vivilicabuntur,</strong></span> <span class='ocrx_word' id='word_1_358' title='bbox 1025 3032 1130 3086; x_wconf 89' lang='lat' dir='ltr'><strong>nisi</strong></span> <span class='ocrx_word' id='word_1_359' title='bbox 1175 3032 1398 3101; x_wconf 89' lang='lat' dir='ltr'><strong>quilibet</strong></span> <span class='ocrx_word' id='word_1_360' title='bbox 1450 3032 1722 3102; x_wconf 87' lang='lat' dir='ltr'><strong>paululum</strong></span> <span class='ocrx_word' id='word_1_361' title='bbox 1785 3041 1962 3089; x_wconf 85' lang='lat' dir='ltr'><strong>tamen</strong></span> 
     </span>
    </p>
   </div>
   <div class='ocr_carea' id='block_1_47' title="bbox 388 3120 1963 3192">
    <p class='ocr_par' dir='ltr' id='par_1_47' title="bbox 388 3120 1963 3192">
     <span class='ocr_line' id='line_1_47' title="bbox 388 3120 1963 3192; baseline 0.003 -18"><span class='ocrx_word' id='word_1_362' title='bbox 388 3127 514 3174; x_wconf 89' lang='lat' dir='ltr'><strong>ante</strong></span> <span class='ocrx_word' id='word_1_363' title='bbox 553 3120 872 3187; x_wconf 87' lang='lat' dir='ltr'><strong>moriantur,</strong></span> <span class='ocrx_word' id='word_1_364' title='bbox 900 3135 963 3176; x_wconf 92' lang='lat' dir='ltr'><strong>ac</strong></span> <span class='ocrx_word' id='word_1_365' title='bbox 989 3135 1088 3192; x_wconf 92' lang='lat' dir='ltr'><strong>per</strong></span> <span class='ocrx_word' id='word_1_366' title='bbox 1133 3120 1238 3176; x_wconf 91' lang='lat' dir='ltr'><strong>hoc</strong></span> <span class='ocrx_word' id='word_1_367' title='bbox 1278 3129 1333 3176; x_wconf 90' lang='lat' dir='ltr'><strong>et</strong></span> <span class='ocrx_word' id='word_1_368' title='bbox 1362 3136 1394 3176; x_wconf 91' lang='lat' dir='ltr'><strong>a</strong></span> <span class='ocrx_word' id='word_1_369' title='bbox 1429 3122 1826 3176; x_wconf 89' lang='lat' dir='ltr'><strong>resurrectione</strong></span> <span class='ocrx_word' id='word_1_370' title='bbox 1855 3137 1963 3178; x_wconf 90' lang='lat' dir='ltr'><strong>non</strong></span> 
     </span>
    </p>
   </div>
   <div class='ocr_carea' id='block_1_48' title="bbox 387 3211 1959 3284">
    <p class='ocr_par' dir='ltr' id='par_1_48' title="bbox 387 3211 1959 3284">
     <span class='ocr_line' id='line_1_48' title="bbox 387 3211 1959 3284; baseline 0.002 -18"><span class='ocrx_word' id='word_1_371' title='bbox 387 3219 548 3267; x_wconf 88' lang='lat' dir='ltr'><strong>erunt</strong></span> <span class='ocrx_word' id='word_1_372' title='bbox 575 3211 758 3277; x_wconf 89' lang='lat' dir='ltr'><strong>alieni,</strong></span> <span class='ocrx_word' id='word_1_373' title='bbox 781 3213 835 3266; x_wconf 92' lang='lat' dir='ltr'><strong>in</strong></span> <span class='ocrx_word' id='word_1_374' title='bbox 863 3228 969 3283; x_wconf 88' lang='lat' dir='ltr'><strong>qua</strong></span> <span class='ocrx_word' id='word_1_375' title='bbox 998 3213 1325 3269; x_wconf 88' lang='lat' dir='ltr'><strong>dormitione</strong></span> <span class='ocrx_word' id='word_1_376' title='bbox 1349 3213 1680 3284; x_wconf 68' lang='lat' dir='ltr'><strong>pramedunt,</strong></span> <span class='ocrx_word' id='word_1_377' title='bbox 1713 3213 1959 3282; x_wconf 85' lang='lat' dir='ltr'><strong>quamvis</strong></span> 
     </span>
    </p>
   </div>
   <div class='ocr_carea' id='block_1_49' title="bbox 385 3302 1957 3360">
    <p class='ocr_par' dir='ltr' id='par_1_49' title="bbox 385 3302 1957 3360">
     <span class='ocr_line' id='line_1_49' title="bbox 385 3302 1957 3360; baseline 0 -3"><span class='ocrx_word' id='word_1_378' title='bbox 385 3303 703 3359; x_wconf 86' lang='lat' dir='ltr'><strong>brevissima</strong></span> <span class='ocrx_word' id='word_1_379' title='bbox 731 3319 837 3359; x_wconf 94' lang='lat' dir='ltr'><strong>non</strong></span> <span class='ocrx_word' id='word_1_380' title='bbox 861 3311 1038 3359; x_wconf 90' lang='lat' dir='ltr'><strong>tamen</strong></span> <span class='ocrx_word' id='word_1_381' title='bbox 1058 3304 1224 3360; x_wconf 89' lang='lat' dir='ltr'><strong>nulla.</strong></span> <span class='ocrx_word' id='word_1_382' title='bbox 1255 3302 1386 3358; x_wconf 88' lang='lat' dir='ltr'><strong>Cum</strong></span> <span class='ocrx_word' id='word_1_383' title='bbox 1413 3314 1586 3358; x_wconf 88' lang='lat' dir='ltr'><strong>autem</strong></span> <span class='ocrx_word' id='word_1_384' title='bbox 1617 3304 1837 3358; x_wconf 78' lang='lat' dir='ltr'><strong>mortale</strong></span> <span class='ocrx_word' id='word_1_385' title='bbox 1861 3304 1957 3358; x_wconf 85' lang='lat' dir='ltr'><strong>hoc</strong></span> 
     </span>
    </p>
   </div>
   <div class='ocr_carea' id='block_1_50' title="bbox 385 3397 1957 3468">
    <p class='ocr_par' dir='ltr' id='par_1_50' title="bbox 385 3397 1957 3468">
     <span class='ocr_line' id='line_1_50' title="bbox 385 3397 1957 3468; baseline 0.001 -17"><span class='ocrx_word' id='word_1_386' title='bbox 385 3397 615 3452; x_wconf 86' lang='lat' dir='ltr'><strong>induerit</strong></span> <span class='ocrx_word' id='word_1_387' title='bbox 639 3397 1106 3464; x_wconf 85' lang='lat' dir='ltr'><strong>immortalitatem,</strong></span> <span class='ocrx_word' id='word_1_388' title='bbox 1131 3406 1254 3453; x_wconf 90' lang='lat' dir='ltr'><strong>tunc</strong></span> <span class='ocrx_word' id='word_1_389' title='bbox 1279 3397 1366 3467; x_wconf 80' lang='lat' dir='ltr'><strong>ﬁet</strong></span> <span class='ocrx_word' id='word_1_390' title='bbox 1404 3414 1571 3452; x_wconf 86' lang='lat' dir='ltr'><strong>sermo</strong></span> <span class='ocrx_word' id='word_1_391' title='bbox 1599 3398 1688 3468; x_wconf 88' lang='lat' dir='ltr'><strong>qui</strong></span> <span class='ocrx_word' id='word_1_392' title='bbox 1735 3398 1957 3467; x_wconf 88' lang='lat' dir='ltr'><strong>scriptus</strong></span> 
     </span>
    </p>
   </div>
   <div class='ocr_carea' id='block_1_51' title="bbox 387 3485 1960 3558">
    <p class='ocr_par' dir='ltr' id='par_1_51' title="bbox 387 3485 1960 3558">
     <span class='ocr_line' id='line_1_51' title="bbox 387 3485 1960 3558; baseline -0.001 -17"><span class='ocrx_word' id='word_1_393' title='bbox 387 3497 461 3541; x_wconf 87' lang='lat' dir='ltr'><strong>est</strong></span> <span class='ocrx_word' id='word_1_394' title='bbox 486 3501 504 3539; x_wconf 94' lang='lat'><em>:</em></span> <span class='ocrx_word' id='word_1_395' title='bbox 530 3487 815 3557; x_wconf 83' lang='lat' dir='ltr'><strong>Absorpbta</strong></span> <span class='ocrx_word' id='word_1_396' title='bbox 843 3495 918 3541; x_wconf 90' lang='lat' dir='ltr'><strong>est</strong></span> <span class='ocrx_word' id='word_1_397' title='bbox 943 3502 1082 3540; x_wconf 85' lang='lat' dir='ltr'><strong>mors</strong></span> <span class='ocrx_word' id='word_1_398' title='bbox 1103 3488 1157 3540; x_wconf 91' lang='lat' dir='ltr'><strong>in</strong></span> <span class='ocrx_word' id='word_1_399' title='bbox 1185 3488 1416 3541; x_wconf 83' lang='lat' dir='ltr'><strong>victoria.</strong></span> <span class='ocrx_word' id='word_1_400' title='bbox 1450 3485 1686 3558; x_wconf 86' lang='lat' dir='ltr'><strong>(Ambr.)</strong></span> <span class='ocrx_word' id='word_1_401' title='bbox 1730 3485 1801 3542; x_wconf 86' lang='lat' dir='ltr'><strong>Ut</strong></span> <span class='ocrx_word' id='word_1_402' title='bbox 1834 3499 1960 3542; x_wconf 90' lang='lat' dir='ltr'><strong>eva-</strong></span> 
     </span>
    </p>
   </div>
   <div class='ocr_carea' id='block_1_52' title="bbox 387 3575 1960 3646">
    <p class='ocr_par' dir='ltr' id='par_1_52' title="bbox 387 3575 1960 3646">
     <span class='ocr_line' id='line_1_52' title="bbox 387 3575 1960 3646; baseline 0.001 -15"><span class='ocrx_word' id='word_1_403' title='bbox 387 3576 563 3632; x_wconf 90' lang='lat' dir='ltr'><strong>cuatis</strong></span> <span class='ocrx_word' id='word_1_404' title='bbox 586 3575 765 3631; x_wconf 90' lang='lat' dir='ltr'><strong>causis</strong></span> <span class='ocrx_word' id='word_1_405' title='bbox 790 3575 980 3630; x_wconf 90' lang='lat' dir='ltr'><strong>mortis</strong></span> <span class='ocrx_word' id='word_1_406' title='bbox 1001 3589 1098 3646; x_wconf 89' lang='lat' dir='ltr'><strong>per</strong></span> <span class='ocrx_word' id='word_1_407' title='bbox 1130 3575 1369 3631; x_wconf 85' lang='lat' dir='ltr'><strong>divinam</strong></span> <span class='ocrx_word' id='word_1_408' title='bbox 1395 3575 1676 3630; x_wconf 87' lang='lat' dir='ltr'><strong>victoriam</strong></span> <span class='ocrx_word' id='word_1_409' title='bbox 1706 3589 1771 3630; x_wconf 93' lang='lat' dir='ltr'><strong>ac</strong></span> <span class='ocrx_word' id='word_1_410' title='bbox 1789 3575 1834 3630; x_wconf 89' lang='lat' dir='ltr'><strong>si</strong></span> <span class='ocrx_word' id='word_1_411' title='bbox 1865 3576 1960 3632; x_wconf 83' lang='lat' dir='ltr'><strong>ab-</strong></span> 
     </span>
    </p>
   </div>
   <div class='ocr_carea' id='block_1_53' title="bbox 388 3663 1961 3739">
    <p class='ocr_par' dir='ltr' id='par_1_53' title="bbox 388 3663 1961 3739">
     <span class='ocr_line' id='line_1_53' title="bbox 388 3663 1961 3739; baseline -0.001 -17"><span class='ocrx_word' id='word_1_412' title='bbox 388 3676 573 3739; x_wconf 86' lang='lat' dir='ltr'><strong>sorpta</strong></span> <span class='ocrx_word' id='word_1_413' title='bbox 616 3681 765 3722; x_wconf 91' lang='lat' dir='ltr'><strong>mors</strong></span> <span class='ocrx_word' id='word_1_414' title='bbox 786 3673 990 3736; x_wconf 88' lang='lat' dir='ltr'><strong>pereat.</strong></span> <span class='ocrx_word' id='word_1_415' title='bbox 1025 3663 1122 3720; x_wconf 86' lang='lat' dir='ltr'><strong>Ubi</strong></span> <span class='ocrx_word' id='word_1_416' title='bbox 1152 3675 1228 3721; x_wconf 88' lang='lat' dir='ltr'><strong>est</strong></span> <span class='ocrx_word' id='word_1_417' title='bbox 1253 3683 1394 3721; x_wconf 85' lang='lat' dir='ltr'><strong>mors</strong></span> <span class='ocrx_word' id='word_1_418' title='bbox 1419 3667 1660 3722; x_wconf 89' lang='lat' dir='ltr'><strong>stimulus</strong></span> <span class='ocrx_word' id='word_1_419' title='bbox 1695 3676 1836 3733; x_wconf 89' lang='lat' dir='ltr'><strong>tuus,</strong></span> <span class='ocrx_word' id='word_1_420' title='bbox 1872 3667 1961 3722; x_wconf 89' lang='lat' dir='ltr'><strong>ubi</strong></span> 
     </span>
    </p>
   </div>
   <div class='ocr_carea' id='block_1_54' title="bbox 389 3754 1958 3828">
    <p class='ocr_par' dir='ltr' id='par_1_54' title="bbox 389 3754 1958 3828">
     <span class='ocr_line' id='line_1_54' title="bbox 389 3754 1958 3828; baseline 0 -16"><span class='ocrx_word' id='word_1_421' title='bbox 389 3768 462 3812; x_wconf 90' lang='lat' dir='ltr'><strong>est</strong></span> <span class='ocrx_word' id='word_1_422' title='bbox 492 3774 630 3812; x_wconf 88' lang='lat' dir='ltr'><strong>mors</strong></span> <span class='ocrx_word' id='word_1_423' title='bbox 655 3756 872 3811; x_wconf 83' lang='lat' dir='ltr'><strong>uictoria</strong></span> <span class='ocrx_word' id='word_1_424' title='bbox 897 3755 1030 3810; x_wconf 81' lang='lat' dir='ltr'><strong>tua?</strong></span> <span class='ocrx_word' id='word_1_425' title='bbox 1073 3754 1255 3827; x_wconf 75' lang='lat' dir='ltr'><strong>(Aug.)</strong></span> <span class='ocrx_word' id='word_1_426' title='bbox 1298 3755 1563 3825; x_wconf 87' lang='lat' dir='ltr'><strong>Propheta</strong></span> <span class='ocrx_word' id='word_1_427' title='bbox 1615 3771 1683 3811; x_wconf 84' lang='lat' dir='ltr'><strong>ex</strong></span> <span class='ocrx_word' id='word_1_428' title='bbox 1731 3773 1958 3828; x_wconf 90' lang='lat' dir='ltr'><strong>persona</strong></span> 
     </span>
    </p>
   </div>
   <div class='ocr_carea' id='block_1_55' title="bbox 385 3845 1958 3918">
    <p class='ocr_par' dir='ltr' id='par_1_55' title="bbox 385 3845 1958 3918">
     <span class='ocr_line' id='line_1_55' title="bbox 385 3845 1958 3918; baseline 0 -16"><span class='ocrx_word' id='word_1_429' title='bbox 385 3849 650 3917; x_wconf 71' lang='lat' dir='ltr'><strong>iustorum</strong></span> <span class='ocrx_word' id='word_1_430' title='bbox 675 3846 909 3916; x_wconf 91' lang='lat' dir='ltr'><strong>loquitur</strong></span> <span class='ocrx_word' id='word_1_431' title='bbox 945 3845 1319 3900; x_wconf 88' lang='lat' dir='ltr'><strong>insultantium</strong></span> <span class='ocrx_word' id='word_1_432' title='bbox 1343 3847 1526 3901; x_wconf 90' lang='lat' dir='ltr'><strong>morti.</strong></span> <span class='ocrx_word' id='word_1_433' title='bbox 1569 3845 1730 3911; x_wconf 86' lang='lat' dir='ltr'><strong>Tunc,</strong></span> <span class='ocrx_word' id='word_1_434' title='bbox 1765 3848 1958 3918; x_wconf 84' lang='lat' dir='ltr'><strong>inquit,</strong></span> 
     </span>
    </p>
   </div>
   <div class='ocr_carea' id='block_1_56' title="bbox 388 3935 1961 4006">
    <p class='ocr_par' dir='ltr' id='par_1_56' title="bbox 388 3935 1961 4006">
     <span class='ocr_line' id='line_1_56' title="bbox 388 3935 1961 4006; baseline 0.003 -16"><span class='ocrx_word' id='word_1_435' title='bbox 388 3936 476 4006; x_wconf 80' lang='lat' dir='ltr'><strong>ﬁet</strong></span> <span class='ocrx_word' id='word_1_436' title='bbox 531 3952 724 4001; x_wconf 87' lang='lat' dir='ltr'><strong>sermo,</strong></span> <span class='ocrx_word' id='word_1_437' title='bbox 764 3936 854 4006; x_wconf 87' lang='lat' dir='ltr'><strong>qui</strong></span> <span class='ocrx_word' id='word_1_438' title='bbox 895 3935 1119 4006; x_wconf 86' lang='lat' dir='ltr'><strong>scriptus</strong></span> <span class='ocrx_word' id='word_1_439' title='bbox 1161 3945 1236 3990; x_wconf 88' lang='lat' dir='ltr'><strong>est</strong></span> <span class='ocrx_word' id='word_1_440' title='bbox 1262 3949 1281 3988; x_wconf 90' lang='lat'><strong><em>:</em></strong></span> <span class='ocrx_word' id='word_1_441' title='bbox 1309 3935 1566 4006; x_wconf 81' lang='lat' dir='ltr'><strong>Absorpta</strong></span> <span class='ocrx_word' id='word_1_442' title='bbox 1609 3945 1685 3991; x_wconf 90' lang='lat' dir='ltr'><strong>est</strong></span> <span class='ocrx_word' id='word_1_443' title='bbox 1717 3954 1856 3992; x_wconf 88' lang='lat' dir='ltr'><strong>mors</strong></span> <span class='ocrx_word' id='word_1_444' title='bbox 1904 3940 1961 3994; x_wconf 88' lang='lat' dir='ltr'><strong>in</strong></span> 
     </span>
    </p>
   </div>
   <div class='ocr_carea' id='block_1_57' title="bbox 388 4025 1963 4090">
    <p class='ocr_par' dir='ltr' id='par_1_57' title="bbox 388 4025 1963 4090">
     <span class='ocr_line' id='line_1_57' title="bbox 388 4025 1963 4090; baseline 0.003 -13"><span class='ocrx_word' id='word_1_445' title='bbox 388 4026 627 4090; x_wconf 73' lang='lat' dir='ltr'><strong>uictoria,</strong></span> <span class='ocrx_word' id='word_1_446' title='bbox 654 4025 744 4079; x_wconf 90' lang='lat' dir='ltr'><strong>ubi</strong></span> <span class='ocrx_word' id='word_1_447' title='bbox 767 4034 841 4080; x_wconf 87' lang='lat' dir='ltr'><strong>est</strong></span> <span class='ocrx_word' id='word_1_448' title='bbox 874 4040 1014 4080; x_wconf 88' lang='lat' dir='ltr'><strong>mors</strong></span> <span class='ocrx_word' id='word_1_449' title='bbox 1032 4026 1292 4080; x_wconf 86' lang='lat' dir='ltr'><strong>contentio</strong></span> <span class='ocrx_word' id='word_1_450' title='bbox 1320 4025 1551 4080; x_wconf 84' lang='lat' dir='ltr'><strong>tua?ubi</strong></span> <span class='ocrx_word' id='word_1_451' title='bbox 1575 4037 1647 4080; x_wconf 90' lang='lat' dir='ltr'><strong>est</strong></span> <span class='ocrx_word' id='word_1_452' title='bbox 1673 4043 1814 4082; x_wconf 88' lang='lat' dir='ltr'><strong>mors</strong></span> <span class='ocrx_word' id='word_1_453' title='bbox 1837 4045 1963 4082; x_wconf 87' lang='lat' dir='ltr'><strong>acu-</strong></span> 
     </span>
    </p>
   </div>
   <div class='ocr_carea' id='block_1_58' title="bbox 388 4114 1961 4186">
    <p class='ocr_par' dir='ltr' id='par_1_58' title="bbox 388 4114 1961 4186">
     <span class='ocr_line' id='line_1_58' title="bbox 388 4114 1961 4186; baseline 0.003 -17"><span class='ocrx_word' id='word_1_454' title='bbox 388 4116 500 4170; x_wconf 90' lang='lat' dir='ltr'><strong>leus</strong></span> <span class='ocrx_word' id='word_1_455' title='bbox 548 4116 711 4170; x_wconf 80' lang='lat' dir='ltr'><strong>tuus?</strong></span> <span class='ocrx_word' id='word_1_456' title='bbox 745 4114 958 4170; x_wconf 87' lang='lat' dir='ltr'><strong>aculeus</strong></span> <span class='ocrx_word' id='word_1_457' title='bbox 993 4124 1166 4170; x_wconf 86' lang='lat' dir='ltr'><strong>autem</strong></span> <span class='ocrx_word' id='word_1_458' title='bbox 1191 4116 1372 4170; x_wconf 88' lang='lat' dir='ltr'><strong>mortis</strong></span> <span class='ocrx_word' id='word_1_459' title='bbox 1391 4125 1466 4172; x_wconf 91' lang='lat' dir='ltr'><strong>est</strong></span> <span class='ocrx_word' id='word_1_460' title='bbox 1493 4126 1780 4186; x_wconf 88' lang='lat' dir='ltr'><strong>peccatum.</strong></span> <span class='ocrx_word' id='word_1_461' title='bbox 1815 4117 1961 4173; x_wconf 81' lang='lat' dir='ltr'><strong>Mor-</strong></span> 
     </span>
    </p>
   </div>
   <div class='ocr_carea' id='block_1_59' title="bbox 391 4205 1964 4275">
    <p class='ocr_par' dir='ltr' id='par_1_59' title="bbox 391 4205 1964 4275">
     <span class='ocr_line' id='line_1_59' title="bbox 391 4205 1964 4275; baseline 0.003 -15"><span class='ocrx_word' id='word_1_462' title='bbox 391 4216 498 4260; x_wconf 89' lang='lat' dir='ltr'><strong>tem</strong></span> <span class='ocrx_word' id='word_1_463' title='bbox 520 4205 818 4275; x_wconf 80' lang='lat' dir='ltr'><strong>signiﬁcari</strong></span> <span class='ocrx_word' id='word_1_464' title='bbox 846 4205 1082 4260; x_wconf 88' lang='lat' dir='ltr'><strong>arbitror</strong></span> <span class='ocrx_word' id='word_1_465' title='bbox 1100 4206 1204 4262; x_wconf 93' lang='lat' dir='ltr'><strong>hoc</strong></span> <span class='ocrx_word' id='word_1_466' title='bbox 1229 4205 1348 4261; x_wconf 91' lang='lat' dir='ltr'><strong>loco</strong></span> <span class='ocrx_word' id='word_1_467' title='bbox 1372 4205 1643 4262; x_wconf 88' lang='lat' dir='ltr'><strong>carnalem</strong></span> <span class='ocrx_word' id='word_1_468' title='bbox 1677 4217 1964 4264; x_wconf 89' lang='lat' dir='ltr'><strong>consuetu-</strong></span> 
     </span>
    </p>
   </div>
   <div class='ocr_carea' id='block_1_60' title="bbox 388 4294 1963 4365">
    <p class='ocr_par' dir='ltr' id='par_1_60' title="bbox 388 4294 1963 4365">
     <span class='ocr_line' id='line_1_60' title="bbox 388 4294 1963 4365; baseline 0.003 -14"><span class='ocrx_word' id='word_1_469' title='bbox 388 4296 590 4361; x_wconf 87' lang='lat' dir='ltr'><strong>dinem,</strong></span> <span class='ocrx_word' id='word_1_470' title='bbox 617 4310 738 4365; x_wconf 66' lang='lat' dir='ltr'><strong>qua‘:</strong></span> <span class='ocrx_word' id='word_1_471' title='bbox 764 4294 969 4351; x_wconf 89' lang='lat' dir='ltr'><strong>resistit</strong></span> <span class='ocrx_word' id='word_1_472' title='bbox 991 4294 1150 4352; x_wconf 58' lang='lat' dir='ltr'><strong>bona;</strong></span> <span class='ocrx_word' id='word_1_473' title='bbox 1170 4295 1433 4351; x_wconf 88' lang='lat' dir='ltr'><strong>voluntati</strong></span> <span class='ocrx_word' id='word_1_474' title='bbox 1459 4297 1812 4354; x_wconf 88' lang='lat' dir='ltr'><strong>delectatione</strong></span> <span class='ocrx_word' id='word_1_475' title='bbox 1829 4307 1963 4354; x_wconf 59' lang='lat' dir='ltr'><strong>temo</strong></span> 
     </span>
    </p>
   </div>
   <div class='ocr_carea' id='block_1_61' title="bbox 386 4385 1962 4457">
    <p class='ocr_par' dir='ltr' id='par_1_61' title="bbox 386 4385 1962 4457">
     <span class='ocr_line' id='line_1_61' title="bbox 386 4385 1962 4457; baseline 0.003 -18"><span class='ocrx_word' id='word_1_476' title='bbox 386 4385 653 4457; x_wconf 87' lang='lat' dir='ltr'><strong>poralium</strong></span> <span class='ocrx_word' id='word_1_477' title='bbox 679 4385 1028 4441; x_wconf 88' lang='lat' dir='ltr'><strong>fruendorum</strong></span> <span class='ocrx_word' id='word_1_478' title='bbox 1059 4402 1074 4440; x_wconf 89' lang='lat'><strong>:</strong></span> <span class='ocrx_word' id='word_1_479' title='bbox 1112 4400 1221 4441; x_wconf 91' lang='lat' dir='ltr'><strong>non</strong></span> <span class='ocrx_word' id='word_1_480' title='bbox 1251 4386 1398 4442; x_wconf 87' lang='lat' dir='ltr'><strong>enim</strong></span> <span class='ocrx_word' id='word_1_481' title='bbox 1435 4386 1725 4454; x_wconf 89' lang='lat' dir='ltr'><strong>diceretur,</strong></span> <span class='ocrx_word' id='word_1_482' title='bbox 1757 4388 1848 4443; x_wconf 88' lang='lat' dir='ltr'><strong>ubi</strong></span> <span class='ocrx_word' id='word_1_483' title='bbox 1878 4397 1962 4445; x_wconf 90' lang='lat' dir='ltr'><strong>est</strong></span> 
     </span>
    </p>
   </div>
   <div class='ocr_carea' id='block_1_62' title="bbox 388 4475 1960 4548">
    <p class='ocr_par' dir='ltr' id='par_1_62' title="bbox 388 4475 1960 4548">
     <span class='ocr_line' id='line_1_62' title="bbox 388 4475 1960 4548; baseline 0 -14"><span class='ocrx_word' id='word_1_484' title='bbox 388 4477 665 4534; x_wconf 88' lang='lat' dir='ltr'><strong>contentio</strong></span> <span class='ocrx_word' id='word_1_485' title='bbox 691 4485 802 4542; x_wconf 91' lang='lat' dir='ltr'><strong>tua,</strong></span> <span class='ocrx_word' id='word_1_486' title='bbox 825 4477 872 4532; x_wconf 90' lang='lat' dir='ltr'><strong>si</strong></span> <span class='ocrx_word' id='word_1_487' title='bbox 898 4491 1007 4532; x_wconf 90' lang='lat' dir='ltr'><strong>non</strong></span> <span class='ocrx_word' id='word_1_488' title='bbox 1030 4475 1320 4532; x_wconf 89' lang='lat' dir='ltr'><strong>restitisset</strong></span> <span class='ocrx_word' id='word_1_489' title='bbox 1341 4483 1398 4532; x_wconf 91' lang='lat' dir='ltr'><strong>et</strong></span> <span class='ocrx_word' id='word_1_490' title='bbox 1422 4486 1766 4548; x_wconf 81' lang='lat' dir='ltr'><strong>repugnaret.</strong></span> <span class='ocrx_word' id='word_1_491' title='bbox 1787 4478 1960 4548; x_wconf 82' lang='lat' dir='ltr'><strong>Ipsius</strong></span> 
     </span>
    </p>
   </div>
   <div class='ocr_carea' id='block_1_63' title="bbox 2060 1943 3638 2017">
    <p class='ocr_par' dir='ltr' id='par_1_63' title="bbox 2060 1943 3638 2017">
     <span class='ocr_line' id='line_1_63' title="bbox 2060 1943 3638 2017; baseline 0.003 -18"><span class='ocrx_word' id='word_1_492' title='bbox 2060 1954 2227 1999; x_wconf 78' lang='lat' dir='ltr'><strong>atrum</strong></span> <span class='ocrx_word' id='word_1_493' title='bbox 2294 1943 2477 1999; x_wconf 71' lang='lat' dir='ltr'><strong>Iesum</strong></span> <span class='ocrx_word' id='word_1_494' title='bbox 2554 1943 2837 2000; x_wconf 80' lang='lat' dir='ltr'><strong>Christum.</strong></span> <span class='ocrx_word' id='word_1_495' title='bbox 2942 1946 3233 2002; x_wconf 80' lang='lat' dir='ltr'><strong>Victoriam</strong></span> <span class='ocrx_word' id='word_1_496' title='bbox 3297 1946 3437 2001; x_wconf 82' lang='lat' dir='ltr'><strong>illius</strong></span> <span class='ocrx_word' id='word_1_497' title='bbox 3510 1963 3638 2017; x_wconf 86' lang='lat' dir='ltr'><strong>pec-</strong></span> 
     </span>
    </p>
   </div>
   <div class='ocr_carea' id='block_1_64' title="bbox 2060 2034 3636 2106">
    <p class='ocr_par' dir='ltr' id='par_1_64' title="bbox 2060 2034 3636 2106">
     <span class='ocr_line' id='line_1_64' title="bbox 2060 2034 3636 2106; baseline 0.001 -15"><span class='ocrx_word' id='word_1_498' title='bbox 2060 2036 2188 2102; x_wconf 87' lang='lat' dir='ltr'><strong>cati,</strong></span> <span class='ocrx_word' id='word_1_499' title='bbox 2233 2035 2288 2089; x_wconf 90' lang='lat' dir='ltr'><strong>in</strong></span> <span class='ocrx_word' id='word_1_500' title='bbox 2336 2051 2443 2106; x_wconf 91' lang='lat' dir='ltr'><strong>quo</strong></span> <span class='ocrx_word' id='word_1_501' title='bbox 2502 2034 2591 2091; x_wconf 84' lang='lat' dir='ltr'><strong>lex</strong></span> <span class='ocrx_word' id='word_1_502' title='bbox 2634 2051 2732 2106; x_wconf 91' lang='lat' dir='ltr'><strong>per</strong></span> <span class='ocrx_word' id='word_1_503' title='bbox 2776 2037 3048 2092; x_wconf 89' lang='lat' dir='ltr'><strong>carnalem</strong></span> <span class='ocrx_word' id='word_1_504' title='bbox 3095 2043 3337 2093; x_wconf 88' lang='lat' dir='ltr'><strong>nostram</strong></span> <span class='ocrx_word' id='word_1_505' title='bbox 3385 2038 3636 2093; x_wconf 88' lang='lat' dir='ltr'><strong>volunta-</strong></span> 
     </span>
    </p>
   </div>
   <div class='ocr_carea' id='block_1_65' title="bbox 2061 2125 3639 2199">
    <p class='ocr_par' dir='ltr' id='par_1_65' title="bbox 2061 2125 3639 2199">
     <span class='ocr_line' id='line_1_65' title="bbox 2061 2125 3639 2199; baseline 0.001 -17"><span class='ocrx_word' id='word_1_506' title='bbox 2061 2136 2169 2182; x_wconf 88' lang='lat' dir='ltr'><strong>tem</strong></span> <span class='ocrx_word' id='word_1_507' title='bbox 2194 2125 2370 2182; x_wconf 81' lang='lat' dir='ltr'><strong>fuerat</strong></span> <span class='ocrx_word' id='word_1_508' title='bbox 2395 2125 2689 2194; x_wconf 87' lang='lat' dir='ltr'><strong>inﬁrmata,</strong></span> <span class='ocrx_word' id='word_1_509' title='bbox 2716 2143 2876 2199; x_wconf 87' lang='lat' dir='ltr'><strong>quam</strong></span> <span class='ocrx_word' id='word_1_510' title='bbox 2905 2127 3152 2184; x_wconf 87' lang='lat' dir='ltr'><strong>Christus</strong></span> <span class='ocrx_word' id='word_1_511' title='bbox 3184 2144 3345 2185; x_wconf 88' lang='lat' dir='ltr'><strong>cruce</strong></span> <span class='ocrx_word' id='word_1_512' title='bbox 3367 2131 3639 2199; x_wconf 80' lang='lat' dir='ltr'><strong>extemplo</strong></span> 
     </span>
    </p>
   </div>
   <div class='ocr_carea' id='block_1_66' title="bbox 2061 2216 3638 2289">
    <p class='ocr_par' dir='ltr' id='par_1_66' title="bbox 2061 2216 3638 2289">
     <span class='ocr_line' id='line_1_66' title="bbox 2061 2216 3638 2289; baseline 0.002 -18"><span class='ocrx_word' id='word_1_513' title='bbox 2061 2217 2347 2273; x_wconf 84' lang='lat' dir='ltr'><strong>destruxit.</strong></span> <span class='ocrx_word' id='word_1_514' title='bbox 2380 2216 2580 2289; x_wconf 85' lang='lat' dir='ltr'><strong>Itaque,</strong></span> <span class='ocrx_word' id='word_1_515' title='bbox 2615 2219 2804 2288; x_wconf 80' lang='lat' dir='ltr'><strong>fratres</strong></span> <span class='ocrx_word' id='word_1_516' title='bbox 2840 2219 2940 2274; x_wconf 88' lang='lat' dir='ltr'><strong>mei</strong></span> <span class='ocrx_word' id='word_1_517' title='bbox 2969 2219 3164 2284; x_wconf 86' lang='lat' dir='ltr'><strong>dilecti,</strong></span> <span class='ocrx_word' id='word_1_518' title='bbox 3212 2219 3426 2273; x_wconf 87' lang='lat' dir='ltr'><strong>stabiles</strong></span> <span class='ocrx_word' id='word_1_519' title='bbox 3475 2230 3638 2274; x_wconf 83' lang='lat' dir='ltr'><strong>estote</strong></span> 
     </span>
    </p>
   </div>
   <div class='ocr_carea' id='block_1_67' title="bbox 2061 2307 3640 2382">
    <p class='ocr_par' dir='ltr' id='par_1_67' title="bbox 2061 2307 3640 2382">
     <span class='ocr_line' id='line_1_67' title="bbox 2061 2307 3640 2382; baseline 0.002 -20"><span class='ocrx_word' id='word_1_520' title='bbox 2061 2317 2110 2362; x_wconf 91' lang='lat' dir='ltr'><strong>et</strong></span> <span class='ocrx_word' id='word_1_521' title='bbox 2153 2307 2460 2372; x_wconf 82' lang='lat' dir='ltr'><strong>immobiles,</strong></span> <span class='ocrx_word' id='word_1_522' title='bbox 2514 2309 2838 2364; x_wconf 85' lang='lat' dir='ltr'><strong>abundantes</strong></span> <span class='ocrx_word' id='word_1_523' title='bbox 2887 2312 2941 2365; x_wconf 91' lang='lat' dir='ltr'><strong>in</strong></span> <span class='ocrx_word' id='word_1_524' title='bbox 2990 2327 3140 2382; x_wconf 84' lang='lat' dir='ltr'><strong>opere</strong></span> <span class='ocrx_word' id='word_1_525' title='bbox 3169 2309 3401 2374; x_wconf 86' lang='lat' dir='ltr'><strong>Domini,</strong></span> <span class='ocrx_word' id='word_1_526' title='bbox 3437 2328 3640 2381; x_wconf 84' lang='lat' dir='ltr'><strong>semper</strong></span> 
     </span>
    </p>
   </div>
   <div class='ocr_carea' id='block_1_68' title="bbox 2062 2399 3638 2470">
    <p class='ocr_par' dir='ltr' id='par_1_68' title="bbox 2062 2399 3638 2470">
     <span class='ocr_line' id='line_1_68' title="bbox 2062 2399 3638 2470; baseline 0.003 -16"><span class='ocrx_word' id='word_1_527' title='bbox 2062 2399 2280 2454; x_wconf 85' lang='lat' dir='ltr'><strong>scientes</strong></span> <span class='ocrx_word' id='word_1_528' title='bbox 2328 2400 2466 2470; x_wconf 89' lang='lat' dir='ltr'><strong>quod</strong></span> <span class='ocrx_word' id='word_1_529' title='bbox 2517 2399 2665 2453; x_wconf 87' lang='lat' dir='ltr'><strong>labor</strong></span> <span class='ocrx_word' id='word_1_530' title='bbox 2700 2410 2865 2456; x_wconf 85' lang='lat' dir='ltr'><strong>vester</strong></span> <span class='ocrx_word' id='word_1_531' title='bbox 2897 2417 2998 2456; x_wconf 90' lang='lat' dir='ltr'><strong>non</strong></span> <span class='ocrx_word' id='word_1_532' title='bbox 3019 2410 3092 2455; x_wconf 89' lang='lat' dir='ltr'><strong>est</strong></span> <span class='ocrx_word' id='word_1_533' title='bbox 3115 2401 3286 2454; x_wconf 83' lang='lat' dir='ltr'><strong>inanis</strong></span> <span class='ocrx_word' id='word_1_534' title='bbox 3315 2403 3368 2454; x_wconf 89' lang='lat' dir='ltr'><strong>in</strong></span> <span class='ocrx_word' id='word_1_535' title='bbox 3389 2401 3638 2458; x_wconf 87' lang='lat' dir='ltr'><strong>Domino.</strong></span> 
     </span>
    </p>
   </div>
   <div class='ocr_carea' id='block_1_69' title="bbox 2063 2487 3633 2560">
    <p class='ocr_par' dir='ltr' id='par_1_69' title="bbox 2063 2487 3633 2560">
     <span class='ocr_line' id='line_1_69' title="bbox 2063 2487 3633 2560; baseline 0.002 -19"><span class='ocrx_word' id='word_1_536' title='bbox 2063 2487 2290 2542; x_wconf 84' lang='lat' dir='ltr'><strong>Reddita</strong></span> <span class='ocrx_word' id='word_1_537' title='bbox 2339 2489 2752 2544; x_wconf 91' lang='lat' dir='ltr'><strong>resurrectionis</strong></span> <span class='ocrx_word' id='word_1_538' title='bbox 2795 2490 3026 2556; x_wconf 86' lang='lat' dir='ltr'><strong>ratione,</strong></span> <span class='ocrx_word' id='word_1_539' title='bbox 3054 2491 3120 2545; x_wconf 90' lang='lat' dir='ltr'><strong>de</strong></span> <span class='ocrx_word' id='word_1_540' title='bbox 3160 2505 3264 2560; x_wconf 77' lang='lat' dir='ltr'><strong>qua</strong></span> <span class='ocrx_word' id='word_1_541' title='bbox 3293 2491 3633 2556; x_wconf 66' lang='lat' dir='ltr'><strong>haesitabant,</strong></span> 
     </span>
    </p>
   </div>
   <div class='ocr_carea' id='block_1_70' title="bbox 2061 2576 3634 2649">
    <p class='ocr_par' dir='ltr' id='par_1_70' title="bbox 2061 2576 3634 2649">
     <span class='ocr_line' id='line_1_70' title="bbox 2061 2576 3634 2649; baseline 0.003 -19"><span class='ocrx_word' id='word_1_542' title='bbox 2061 2576 2312 2631; x_wconf 88' lang='lat' dir='ltr'><strong>hortatur</strong></span> <span class='ocrx_word' id='word_1_543' title='bbox 2333 2592 2427 2632; x_wconf 91' lang='lat' dir='ltr'><strong>eos</strong></span> <span class='ocrx_word' id='word_1_544' title='bbox 2454 2577 2507 2631; x_wconf 87' lang='lat' dir='ltr'><strong>in</strong></span> <span class='ocrx_word' id='word_1_545' title='bbox 2532 2576 2630 2631; x_wconf 89' lang='lat' dir='ltr'><strong>Dei</strong></span> <span class='ocrx_word' id='word_1_546' title='bbox 2659 2592 2822 2647; x_wconf 87' lang='lat' dir='ltr'><strong>opere</strong></span> <span class='ocrx_word' id='word_1_547' title='bbox 2848 2593 3186 2648; x_wconf 88' lang='lat' dir='ltr'><strong>permanere,</strong></span> <span class='ocrx_word' id='word_1_548' title='bbox 3211 2578 3324 2649; x_wconf 87' lang='lat' dir='ltr'><strong>jam</strong></span> <span class='ocrx_word' id='word_1_549' title='bbox 3353 2588 3534 2634; x_wconf 90' lang='lat' dir='ltr'><strong>certos</strong></span> <span class='ocrx_word' id='word_1_550' title='bbox 3563 2580 3634 2635; x_wconf 88' lang='lat' dir='ltr'><strong>de</strong></span> 
     </span>
    </p>
   </div>
   <div class='ocr_carea' id='block_1_71' title="bbox 2063 2666 2650 2723">
    <p class='ocr_par' dir='ltr' id='par_1_71' title="bbox 2063 2666 2650 2723">
     <span class='ocr_line' id='line_1_71' title="bbox 2063 2666 2650 2723; baseline 0 -1"><span class='ocrx_word' id='word_1_551' title='bbox 2063 2667 2418 2723; x_wconf 89' lang='lat' dir='ltr'><strong>retributione</strong></span> <span class='ocrx_word' id='word_1_552' title='bbox 2447 2666 2650 2722; x_wconf 90' lang='lat' dir='ltr'><strong>futura.</strong></span> 
     </span>
    </p>
   </div>
   <div class='ocr_carea' id='block_1_72' title="bbox 2656 2779 3049 2837">
    <p class='ocr_par' dir='ltr' id='par_1_72' title="bbox 2656 2779 3049 2837">
     <span class='ocr_line' id='line_1_72' title="bbox 2656 2779 3049 2837; baseline 0.008 -3"><span class='ocrx_word' id='word_1_553' title='bbox 2656 2779 2883 2837; x_wconf 89' lang='lat' dir='ltr'><strong>CAPUT</strong></span> <span class='ocrx_word' id='word_1_554' title='bbox 2911 2781 3049 2837; x_wconf 81' lang='lat' dir='ltr'><strong>XVI.</strong></span> 
     </span>
    </p>
   </div>
   <div class='ocr_carea' id='block_1_73' title="bbox 2064 2867 3640 2952">
    <p class='ocr_par' dir='ltr' id='par_1_73' title="bbox 2064 2867 3640 2952">
     <span class='ocr_line' id='line_1_73' title="bbox 2064 2867 3640 2952; baseline 0.003 -30"><span class='ocrx_word' id='word_1_555' title='bbox 2064 2867 2228 2952; x_wconf 79' lang='lat' dir='ltr'><strong>Docet</strong></span> <span class='ocrx_word' id='word_1_556' title='bbox 2250 2869 2526 2952; x_wconf 73' lang='lat' dir='ltr'><strong>Apostolus</strong></span> <span class='ocrx_word' id='word_1_557' title='bbox 2561 2873 2850 2952; x_wconf 32' lang='lat' dir='ltr'><strong>quomodo“</strong></span> <span class='ocrx_word' id='word_1_558' title='bbox 2865 2873 3274 2952; x_wconf 66' lang='lat' dir='ltr'><strong>conuersandum</strong></span> <span class='ocrx_word' id='word_1_559' title='bbox 3316 2883 3390 2928; x_wconf 88' lang='lat' dir='ltr'><strong>est</strong></span> <span class='ocrx_word' id='word_1_560' title='bbox 3414 2889 3530 2952; x_wconf 72' lang='lat' dir='ltr'><strong>cum</strong></span> <span class='ocrx_word' id='word_1_561' title='bbox 3553 2889 3640 2952; x_wconf 73' lang='lat' dir='ltr'><strong>ea:-</strong></span> 
     </span>
    </p>
   </div>
   <div class='ocr_carea' id='block_1_74' title="bbox 2136 2939 3640 3062">
    <p class='ocr_par' dir='ltr' id='par_1_74' title="bbox 2136 2939 3640 3062">
     <span class='ocr_line' id='line_1_74' title="bbox 2136 2939 3640 3062; baseline 0.003 -71"><span class='ocrx_word' id='word_1_562' title='bbox 2136 2939 2332 3062; x_wconf 49' lang='lat' dir='ltr'><strong>irqneis</strong></span> <span class='ocrx_word' id='word_1_563' title='bbox 2354 2948 2402 2993; x_wconf 88' lang='lat' dir='ltr'><strong>et</strong></span> <span class='ocrx_word' id='word_1_564' title='bbox 2429 2939 2631 3006; x_wconf 85' lang='lat' dir='ltr'><strong>uicinis,</strong></span> <span class='ocrx_word' id='word_1_565' title='bbox 2653 2958 2715 2994; x_wconf 89' lang='lat' dir='ltr'><strong>ac</strong></span> <span class='ocrx_word' id='word_1_566' title='bbox 2738 2943 2792 2995; x_wconf 89' lang='lat' dir='ltr'><strong>in</strong></span> <span class='ocrx_word' id='word_1_567' title='bbox 2813 2942 2916 3010; x_wconf 76' lang='lat' dir='ltr'><strong>fine</strong></span> <span class='ocrx_word' id='word_1_568' title='bbox 2961 2942 3211 3013; x_wconf 66' lang='lat' dir='ltr'><strong>Epistolis</strong></span> <span class='ocrx_word' id='word_1_569' title='bbox 3241 2944 3467 2997; x_wconf 83' lang='lat' dir='ltr'><strong>annectit</strong></span> <span class='ocrx_word' id='word_1_570' title='bbox 3495 2943 3640 2996; x_wconf 88' lang='lat' dir='ltr'><strong>salu-</strong></span> 
     </span>
     <span class='ocr_line' id='line_1_75' title="bbox 2161 3025 2413 3062; baseline 0 0"><span class='ocrx_word' id='word_1_571' title='bbox 2161 3026 2192 3062; x_wconf 87' lang='lat' dir='ltr'><strong>a</strong></span> <span class='ocrx_word' id='word_1_572' title='bbox 2219 3025 2413 3062; x_wconf 77' lang='lat' dir='ltr'><strong>tonem.</strong></span> 
     </span>
    </p>
   </div>
   <div class='ocr_carea' id='block_1_75' title="bbox 2161 3025 2413 3062">
    <p class='ocr_par' dir='ltr' id='par_1_75' title="bbox 2161 3025 2413 3062">
     <span class='ocr_line' id='line_1_76' title="bbox 2161 3025 2413 3062; baseline 0 0"><span class='ocrx_word' id='word_1_573' title='bbox 2161 3025 2413 3062; x_wconf 87' lang='lat' dir='ltr'><strong>auonem.</strong></span> 
     </span>
    </p>
   </div>
   <div class='ocr_carea' id='block_1_76' title="bbox 2137 3116 3638 3191">
    <p class='ocr_par' dir='ltr' id='par_1_76' title="bbox 2137 3116 3638 3191">
     <span class='ocr_line' id='line_1_77' title="bbox 2137 3116 3638 3191; baseline 0.003 -19"><span class='ocrx_word' id='word_1_574' title='bbox 2137 3116 2282 3172; x_wconf 89' lang='lat' dir='ltr'><strong>Nam</strong></span> <span class='ocrx_word' id='word_1_575' title='bbox 2309 3117 2374 3172; x_wconf 89' lang='lat' dir='ltr'><strong>de</strong></span> <span class='ocrx_word' id='word_1_576' title='bbox 2400 3117 2628 3174; x_wconf 83' lang='lat' dir='ltr'><strong>collectis</strong></span> <span class='ocrx_word' id='word_1_577' title='bbox 2656 3136 2774 3191; x_wconf 75' lang='lat' dir='ltr'><strong>qua:</strong></span> <span class='ocrx_word' id='word_1_578' title='bbox 2798 3120 2930 3190; x_wconf 78' lang='lat' dir='ltr'><strong>ﬁunt</strong></span> <span class='ocrx_word' id='word_1_579' title='bbox 2961 3121 3018 3176; x_wconf 89' lang='lat' dir='ltr'><strong>in</strong></span> <span class='ocrx_word' id='word_1_580' title='bbox 3046 3129 3274 3189; x_wconf 88' lang='lat' dir='ltr'><strong>sanctos,</strong></span> <span class='ocrx_word' id='word_1_581' title='bbox 3307 3122 3442 3176; x_wconf 86' lang='lat' dir='ltr'><strong>sicut</strong></span> <span class='ocrx_word' id='word_1_582' title='bbox 3491 3123 3638 3177; x_wconf 83' lang='lat' dir='ltr'><strong>ordi-</strong></span> 
     </span>
    </p>
   </div>
   <div class='ocr_carea' id='block_1_77' title="bbox 1986 3203 3635 3284">
    <p class='ocr_par' dir='ltr' id='par_1_77' title="bbox 1986 3203 3635 3284">
     <span class='ocr_line' id='line_1_78' title="bbox 1986 3203 3635 3284; baseline 0.002 -18"><span class='ocrx_word' id='word_1_583' title='bbox 1986 3203 2032 3266; x_wconf 88' lang='lat' dir='ltr'><strong>C</strong></span> <span class='ocrx_word' id='word_1_584' title='bbox 2063 3213 2184 3268; x_wconf 88' lang='lat' dir='ltr'><strong>navi</strong></span> <span class='ocrx_word' id='word_1_585' title='bbox 2211 3211 2462 3268; x_wconf 85' lang='lat' dir='ltr'><strong>Ecclesiis</strong></span> <span class='ocrx_word' id='word_1_586' title='bbox 2504 3212 2754 3280; x_wconf 69' lang='lat' dir='ltr'><strong>Galatiae,</strong></span> <span class='ocrx_word' id='word_1_587' title='bbox 2801 3216 2876 3268; x_wconf 91' lang='lat' dir='ltr'><strong>ita</strong></span> <span class='ocrx_word' id='word_1_588' title='bbox 2928 3223 2977 3269; x_wconf 91' lang='lat' dir='ltr'><strong>et</strong></span> <span class='ocrx_word' id='word_1_589' title='bbox 3017 3231 3104 3270; x_wconf 80' lang='lat' dir='ltr'><strong>vos</strong></span> <span class='ocrx_word' id='word_1_590' title='bbox 3133 3215 3308 3284; x_wconf 76' lang='lat' dir='ltr'><strong>facite.</strong></span> <span class='ocrx_word' id='word_1_591' title='bbox 3340 3215 3446 3269; x_wconf 89' lang='lat' dir='ltr'><strong>Per</strong></span> <span class='ocrx_word' id='word_1_592' title='bbox 3474 3231 3635 3270; x_wconf 86' lang='lat' dir='ltr'><strong>unam</strong></span> 
     </span>
    </p>
   </div>
   <div class='ocr_carea' id='block_1_78' title="bbox 2057 3303 3638 3376">
    <p class='ocr_par' dir='ltr' id='par_1_78' title="bbox 2057 3303 3638 3376">
     <span class='ocr_line' id='line_1_79' title="bbox 2057 3303 3638 3376; baseline -0.001 -16"><span class='ocrx_word' id='word_1_593' title='bbox 2057 3304 2279 3360; x_wconf 86' lang='lat' dir='ltr'><strong>sabbati.</strong></span> <span class='ocrx_word' id='word_1_594' title='bbox 2309 3303 2542 3376; x_wconf 85' lang='lat' dir='ltr'><strong>(Ambr.)</strong></span> <span class='ocrx_word' id='word_1_595' title='bbox 2571 3303 2647 3360; x_wconf 87' lang='lat' dir='ltr'><strong>De</strong></span> <span class='ocrx_word' id='word_1_596' title='bbox 2676 3305 2976 3375; x_wconf 89' lang='lat' dir='ltr'><strong>sumptibus</strong></span> <span class='ocrx_word' id='word_1_597' title='bbox 3004 3305 3137 3361; x_wconf 93' lang='lat' dir='ltr'><strong>dicit</strong></span> <span class='ocrx_word' id='word_1_598' title='bbox 3160 3305 3251 3374; x_wconf 92' lang='lat' dir='ltr'><strong>qui</strong></span> <span class='ocrx_word' id='word_1_599' title='bbox 3277 3320 3373 3374; x_wconf 88' lang='lat' dir='ltr'><strong>per</strong></span> <span class='ocrx_word' id='word_1_600' title='bbox 3403 3305 3638 3374; x_wconf 75' lang='lat' dir='ltr'><strong>singulas</strong></span> 
     </span>
    </p>
   </div>
   <div class='ocr_carea' id='block_1_79' title="bbox 2056 3393 3638 3467">
    <p class='ocr_par' dir='ltr' id='par_1_79' title="bbox 2056 3393 3638 3467">
     <span class='ocr_line' id='line_1_80' title="bbox 2056 3393 3638 3467; baseline -0.001 -17"><span class='ocrx_word' id='word_1_601' title='bbox 2056 3394 2329 3450; x_wconf 86' lang='lat' dir='ltr'><strong>Ecclesias</strong></span> <span class='ocrx_word' id='word_1_602' title='bbox 2383 3393 2597 3450; x_wconf 90' lang='lat' dir='ltr'><strong>collecti</strong></span> <span class='ocrx_word' id='word_1_603' title='bbox 2649 3393 3036 3467; x_wconf 82' lang='lat' dir='ltr'><strong>Jerosolymam</strong></span> <span class='ocrx_word' id='word_1_604' title='bbox 3067 3395 3268 3451; x_wconf 88' lang='lat' dir='ltr'><strong>sanctis</strong></span> <span class='ocrx_word' id='word_1_605' title='bbox 3308 3395 3638 3464; x_wconf 89' lang='lat' dir='ltr'><strong>pauperibus</strong></span> 
     </span>
    </p>
   </div>
   <div class='ocr_carea' id='block_1_80' title="bbox 2055 3483 3636 3549">
    <p class='ocr_par' dir='ltr' id='par_1_80' title="bbox 2055 3483 3636 3549">
     <span class='ocr_line' id='line_1_81' title="bbox 2055 3483 3636 3549; baseline -0.003 -9"><span class='ocrx_word' id='word_1_606' title='bbox 2055 3485 2426 3541; x_wconf 87' lang='lat' dir='ltr'><strong>mittebantur.</strong></span> <span class='ocrx_word' id='word_1_607' title='bbox 2461 3484 2577 3540; x_wconf 91' lang='lat' dir='ltr'><strong>Una</strong></span> <span class='ocrx_word' id='word_1_608' title='bbox 2602 3485 2812 3540; x_wconf 87' lang='lat' dir='ltr'><strong>sabbati</strong></span> <span class='ocrx_word' id='word_1_609' title='bbox 2844 3485 3124 3541; x_wconf 91' lang='lat' dir='ltr'><strong>Dominica</strong></span> <span class='ocrx_word' id='word_1_610' title='bbox 3152 3485 3265 3540; x_wconf 90' lang='lat' dir='ltr'><strong>dies</strong></span> <span class='ocrx_word' id='word_1_611' title='bbox 3294 3484 3552 3549; x_wconf 90' lang='lat' dir='ltr'><strong>est,sicut</strong></span> <span class='ocrx_word' id='word_1_612' title='bbox 3583 3483 3636 3537; x_wconf 93' lang='lat' dir='ltr'><strong>in</strong></span> 
     </span>
    </p>
   </div>
   <div class='ocr_carea' id='block_1_81' title="bbox 2057 3575 3633 3648">
    <p class='ocr_par' dir='ltr' id='par_1_81' title="bbox 2057 3575 3633 3648">
     <span class='ocr_line' id='line_1_82' title="bbox 2057 3575 3633 3648; baseline -0.004 -16"><span class='ocrx_word' id='word_1_613' title='bbox 2057 3576 2345 3648; x_wconf 76' lang='lat' dir='ltr'><strong>Evangelio</strong></span> <span class='ocrx_word' id='word_1_614' title='bbox 2394 3577 2592 3632; x_wconf 89' lang='lat' dir='ltr'><strong>dicitur</strong></span> <span class='ocrx_word' id='word_1_615' title='bbox 2626 3577 2912 3632; x_wconf 91' lang='lat' dir='ltr'><strong>Dominum</strong></span> <span class='ocrx_word' id='word_1_616' title='bbox 2940 3592 3045 3632; x_wconf 89' lang='lat' dir='ltr'><strong>una</strong></span> <span class='ocrx_word' id='word_1_617' title='bbox 3075 3576 3284 3632; x_wconf 89' lang='lat' dir='ltr'><strong>sabbati</strong></span> <span class='ocrx_word' id='word_1_618' title='bbox 3308 3575 3633 3630; x_wconf 86' lang='lat' dir='ltr'><strong>surrexisse.</strong></span> 
     </span>
    </p>
   </div>
   <div class='ocr_carea' id='block_1_82' title="bbox 2060 3662 3639 3738">
    <p class='ocr_par' dir='ltr' id='par_1_82' title="bbox 2060 3662 3639 3738">
     <span class='ocr_line' id='line_1_83' title="bbox 2060 3662 3639 3738; baseline -0.004 -16"><span class='ocrx_word' id='word_1_619' title='bbox 2060 3666 2426 3738; x_wconf 86' lang='lat' dir='ltr'><strong>Unusquisque</strong></span> <span class='ocrx_word' id='word_1_620' title='bbox 2456 3675 2678 3722; x_wconf 81' lang='lat' dir='ltr'><strong>uestrum</strong></span> <span class='ocrx_word' id='word_1_621' title='bbox 2700 3667 2839 3736; x_wconf 91' lang='lat' dir='ltr'><strong>apud</strong></span> <span class='ocrx_word' id='word_1_622' title='bbox 2863 3683 2918 3720; x_wconf 89' lang='lat' dir='ltr'><strong>se</strong></span> <span class='ocrx_word' id='word_1_623' title='bbox 2938 3665 3221 3720; x_wconf 88' lang='lat' dir='ltr'><strong>recondens</strong></span> <span class='ocrx_word' id='word_1_624' title='bbox 3264 3663 3402 3735; x_wconf 86' lang='lat' dir='ltr'><strong>quod</strong></span> <span class='ocrx_word' id='word_1_625' title='bbox 3423 3664 3470 3717; x_wconf 88' lang='lat' dir='ltr'><strong>ei</strong></span> <span class='ocrx_word' id='word_1_626' title='bbox 3513 3662 3639 3716; x_wconf 80' lang='lat' dir='ltr'><strong>bene</strong></span> 
     </span>
    </p>
   </div>
   <div class='ocr_carea' id='block_1_83' title="bbox 2057 3750 3638 3831">
    <p class='ocr_par' dir='ltr' id='par_1_83' title="bbox 2057 3750 3638 3831">
     <span class='ocr_line' id='line_1_84' title="bbox 2057 3750 3638 3831; baseline -0.004 -17"><span class='ocrx_word' id='word_1_627' title='bbox 2057 3759 2333 3831; x_wconf 87' lang='lat' dir='ltr'><strong>placuerit,</strong></span> <span class='ocrx_word' id='word_1_628' title='bbox 2356 3767 2412 3812; x_wconf 89' lang='lat' dir='ltr'><strong>ut</strong></span> <span class='ocrx_word' id='word_1_629' title='bbox 2441 3775 2543 3812; x_wconf 90' lang='lat' dir='ltr'><strong>non</strong></span> <span class='ocrx_word' id='word_1_630' title='bbox 2569 3773 2687 3812; x_wconf 88' lang='lat' dir='ltr'><strong>cum</strong></span> <span class='ocrx_word' id='word_1_631' title='bbox 2713 3773 2918 3822; x_wconf 82' lang='lat' dir='ltr'><strong>venero,</strong></span> <span class='ocrx_word' id='word_1_632' title='bbox 2951 3765 3076 3810; x_wconf 90' lang='lat' dir='ltr'><strong>tunc</strong></span> <span class='ocrx_word' id='word_1_633' title='bbox 3109 3754 3338 3809; x_wconf 77' lang='lat' dir='ltr'><strong>collecta:</strong></span> <span class='ocrx_word' id='word_1_634' title='bbox 3383 3753 3534 3823; x_wconf 76' lang='lat' dir='ltr'><strong>ﬁant.</strong></span> <span class='ocrx_word' id='word_1_635' title='bbox 3565 3750 3638 3808; x_wconf 88' lang='lat' dir='ltr'><strong>Ut</strong></span> 
     </span>
    </p>
   </div>
   <div class='ocr_carea' id='block_1_84' title="bbox 2058 3844 3636 3919">
    <p class='ocr_par' dir='ltr' id='par_1_84' title="bbox 2058 3844 3636 3919">
     <span class='ocr_line' id='line_1_85' title="bbox 2058 3844 3636 3919; baseline -0.004 -15"><span class='ocrx_word' id='word_1_636' title='bbox 2058 3849 2316 3919; x_wconf 89' lang='lat' dir='ltr'><strong>paulatim</strong></span> <span class='ocrx_word' id='word_1_637' title='bbox 2345 3853 2686 3904; x_wconf 87' lang='lat' dir='ltr'><strong>reservantes</strong></span> <span class='ocrx_word' id='word_1_638' title='bbox 2715 3861 2824 3901; x_wconf 88' lang='lat' dir='ltr'><strong>non</strong></span> <span class='ocrx_word' id='word_1_639' title='bbox 2853 3859 2963 3901; x_wconf 86' lang='lat' dir='ltr'><strong>una</strong></span> <span class='ocrx_word' id='word_1_640' title='bbox 3005 3845 3138 3900; x_wconf 89' lang='lat' dir='ltr'><strong>hora</strong></span> <span class='ocrx_word' id='word_1_641' title='bbox 3188 3844 3406 3916; x_wconf 76' lang='lat' dir='ltr'><strong>gravari</strong></span> <span class='ocrx_word' id='word_1_642' title='bbox 3447 3858 3506 3898; x_wconf 90' lang='lat' dir='ltr'><strong>se</strong></span> <span class='ocrx_word' id='word_1_643' title='bbox 3536 3858 3636 3912; x_wconf 88' lang='lat' dir='ltr'><strong>pu-</strong></span> 
     </span>
    </p>
   </div>
   <div class='ocr_carea' id='block_1_85' title="bbox 2061 3933 3633 4008">
    <p class='ocr_par' dir='ltr' id='par_1_85' title="bbox 2061 3933 3633 4008">
     <span class='ocr_line' id='line_1_86' title="bbox 2061 3933 3633 4008; baseline -0.005 -12"><span class='ocrx_word' id='word_1_644' title='bbox 2061 3948 2195 4008; x_wconf 90' lang='lat' dir='ltr'><strong>tent,</strong></span> <span class='ocrx_word' id='word_1_645' title='bbox 2218 3948 2280 3995; x_wconf 89' lang='lat' dir='ltr'><strong>ut</strong></span> <span class='ocrx_word' id='word_1_646' title='bbox 2305 3939 2504 3996; x_wconf 89' lang='lat' dir='ltr'><strong>hilares</strong></span> <span class='ocrx_word' id='word_1_647' title='bbox 2524 3939 2739 3994; x_wconf 88' lang='lat' dir='ltr'><strong>datores</strong></span> <span class='ocrx_word' id='word_1_648' title='bbox 2766 3937 3057 4008; x_wconf 78' lang='lat' dir='ltr'><strong>diligantur</strong></span> <span class='ocrx_word' id='word_1_649' title='bbox 3086 3952 3117 3990; x_wconf 91' lang='lat' dir='ltr'><strong>a</strong></span> <span class='ocrx_word' id='word_1_650' title='bbox 3146 3937 3277 3990; x_wconf 87' lang='lat' dir='ltr'><strong>Deo.</strong></span> <span class='ocrx_word' id='word_1_651' title='bbox 3309 3933 3441 3990; x_wconf 89' lang='lat' dir='ltr'><strong>Cum</strong></span> <span class='ocrx_word' id='word_1_652' title='bbox 3459 3944 3633 3989; x_wconf 86' lang='lat' dir='ltr'><strong>autem</strong></span> 
     </span>
    </p>
   </div>
   <div class='ocr_carea' id='block_1_86' title="bbox 2060 4025 3634 4102">
    <p class='ocr_par' dir='ltr' id='par_1_86' title="bbox 2060 4025 3634 4102">
     <span class='ocr_line' id='line_1_87' title="bbox 2060 4025 3634 4102; baseline -0.004 -16"><span class='ocrx_word' id='word_1_653' title='bbox 2060 4032 2208 4102; x_wconf 75' lang='lat' dir='ltr'><strong>fuero</strong></span> <span class='ocrx_word' id='word_1_654' title='bbox 2231 4047 2480 4100; x_wconf 57' lang='lat' dir='ltr'><strong>praesens,</strong></span> <span class='ocrx_word' id='word_1_655' title='bbox 2502 4044 2834 4099; x_wconf 88' lang='lat' dir='ltr'><strong>quoscunque</strong></span> <span class='ocrx_word' id='word_1_656' title='bbox 2857 4026 3195 4098; x_wconf 84' lang='lat' dir='ltr'><strong>probaueritis</strong></span> <span class='ocrx_word' id='word_1_657' title='bbox 3227 4042 3320 4096; x_wconf 87' lang='lat' dir='ltr'><strong>per</strong></span> <span class='ocrx_word' id='word_1_658' title='bbox 3339 4025 3634 4096; x_wconf 83' lang='lat' dir='ltr'><strong>epistolam,</strong></span> 
     </span>
    </p>
   </div>
   <div class='ocr_carea' id='block_1_87' title="bbox 2058 4109 3636 4191">
    <p class='ocr_par' dir='ltr' id='par_1_87' title="bbox 2058 4109 3636 4191">
     <span class='ocr_line' id='line_1_88' title="bbox 2058 4109 3636 4191; baseline -0.005 -15"><span class='ocrx_word' id='word_1_659' title='bbox 2058 4119 2153 4177; x_wconf 69' lang='lat' dir='ltr'><strong>Icos</strong></span> <span class='ocrx_word' id='word_1_660' title='bbox 2185 4122 2387 4175; x_wconf 90' lang='lat' dir='ltr'><strong>mittam</strong></span> <span class='ocrx_word' id='word_1_661' title='bbox 2414 4119 2643 4191; x_wconf 80' lang='lat' dir='ltr'><strong>perferre</strong></span> <span class='ocrx_word' id='word_1_662' title='bbox 2662 4117 2886 4188; x_wconf 87' lang='lat' dir='ltr'><strong>gratiam</strong></span> <span class='ocrx_word' id='word_1_663' title='bbox 2916 4125 3137 4172; x_wconf 83' lang='lat' dir='ltr'><strong>uestram</strong></span> <span class='ocrx_word' id='word_1_664' title='bbox 3157 4109 3474 4180; x_wconf 76' lang='lat' dir='ltr'><strong>Jerusalem,</strong></span> <span class='ocrx_word' id='word_1_665' title='bbox 3496 4115 3636 4186; x_wconf 84' lang='lat' dir='ltr'><strong>quod</strong></span> 
     </span>
    </p>
   </div>
   <div class='ocr_carea' id='block_1_88' title="bbox 2059 4203 3639 4282">
    <p class='ocr_par' dir='ltr' id='par_1_88' title="bbox 2059 4203 3639 4282">
     <span class='ocr_line' id='line_1_89' title="bbox 2059 4203 3639 4282; baseline -0.004 -16"><span class='ocrx_word' id='word_1_666' title='bbox 2059 4213 2106 4266; x_wconf 87' lang='lat' dir='ltr'><strong>si</strong></span> <span class='ocrx_word' id='word_1_667' title='bbox 2131 4211 2346 4282; x_wconf 88' lang='lat' dir='ltr'><strong>dignum</strong></span> <span class='ocrx_word' id='word_1_668' title='bbox 2367 4209 2541 4279; x_wconf 87' lang='lat' dir='ltr'><strong>fuerit,</strong></span> <span class='ocrx_word' id='word_1_669' title='bbox 2567 4217 2623 4262; x_wconf 90' lang='lat' dir='ltr'><strong>ut</strong></span> <span class='ocrx_word' id='word_1_670' title='bbox 2649 4224 2740 4278; x_wconf 90' lang='lat' dir='ltr'><strong>ego</strong></span> <span class='ocrx_word' id='word_1_671' title='bbox 2759 4223 2895 4274; x_wconf 89' lang='lat' dir='ltr'><strong>eam,</strong></span> <span class='ocrx_word' id='word_1_672' title='bbox 2918 4222 3116 4261; x_wconf 88' lang='lat' dir='ltr'><strong>mecum</strong></span> <span class='ocrx_word' id='word_1_673' title='bbox 3141 4203 3306 4260; x_wconf 88' lang='lat' dir='ltr'><strong>ibunt.</strong></span> <span class='ocrx_word' id='word_1_674' title='bbox 3321 4203 3425 4260; x_wconf 89' lang='lat' dir='ltr'><strong>Per</strong></span> <span class='ocrx_word' id='word_1_675' title='bbox 3444 4217 3504 4260; x_wconf 89' lang='lat' dir='ltr'><strong>se</strong></span> <span class='ocrx_word' id='word_1_676' title='bbox 3525 4204 3639 4260; x_wconf 91' lang='lat' dir='ltr'><strong>cla-</strong></span> 
     </span>
    </p>
   </div>
   <div class='ocr_carea' id='block_1_89' title="bbox 2060 4295 3641 4372">
    <p class='ocr_par' dir='ltr' id='par_1_89' title="bbox 2060 4295 3641 4372">
     <span class='ocr_line' id='line_1_90' title="bbox 2060 4295 3641 4372; baseline -0.005 -14"><span class='ocrx_word' id='word_1_677' title='bbox 2060 4319 2182 4358; x_wconf 89' lang='lat' dir='ltr'><strong>rum</strong></span> <span class='ocrx_word' id='word_1_678' title='bbox 2209 4310 2314 4367; x_wconf 91' lang='lat' dir='ltr'><strong>est,</strong></span> <span class='ocrx_word' id='word_1_679' title='bbox 2345 4301 2472 4372; x_wconf 87' lang='lat' dir='ltr'><strong>quia</strong></span> <span class='ocrx_word' id='word_1_680' title='bbox 2501 4307 2789 4369; x_wconf 89' lang='lat' dir='ltr'><strong>utrumque</strong></span> <span class='ocrx_word' id='word_1_681' title='bbox 2814 4314 3002 4356; x_wconf 91' lang='lat' dir='ltr'><strong>eorum</strong></span> <span class='ocrx_word' id='word_1_682' title='bbox 3035 4296 3261 4353; x_wconf 89' lang='lat' dir='ltr'><strong>arbitrio</strong></span> <span class='ocrx_word' id='word_1_683' title='bbox 3291 4295 3641 4367; x_wconf 89' lang='lat' dir='ltr'><strong>derelinquit,</strong></span> 
     </span>
    </p>
   </div>
   <div class='ocr_carea' id='block_1_90' title="bbox 2059 4387 3636 4464">
    <p class='ocr_par' dir='ltr' id='par_1_90' title="bbox 2059 4387 3636 4464">
     <span class='ocr_line' id='line_1_91' title="bbox 2059 4387 3636 4464; baseline -0.006 -15"><span class='ocrx_word' id='word_1_684' title='bbox 2059 4402 2120 4449; x_wconf 89' lang='lat' dir='ltr'><strong>ut</strong></span> <span class='ocrx_word' id='word_1_685' title='bbox 2143 4401 2198 4449; x_wconf 89' lang='lat' dir='ltr'><strong>et</strong></span> <span class='ocrx_word' id='word_1_686' title='bbox 2221 4393 2365 4464; x_wconf 88' lang='lat' dir='ltr'><strong>quod</strong></span> <span class='ocrx_word' id='word_1_687' title='bbox 2389 4391 2638 4448; x_wconf 89' lang='lat' dir='ltr'><strong>dederint</strong></span> <span class='ocrx_word' id='word_1_688' title='bbox 2661 4398 2928 4462; x_wconf 89' lang='lat' dir='ltr'><strong>portetur,</strong></span> <span class='ocrx_word' id='word_1_689' title='bbox 2952 4398 3007 4445; x_wconf 88' lang='lat' dir='ltr'><strong>et</strong></span> <span class='ocrx_word' id='word_1_690' title='bbox 3033 4405 3133 4460; x_wconf 90' lang='lat' dir='ltr'><strong>per</strong></span> <span class='ocrx_word' id='word_1_691' title='bbox 3158 4403 3296 4459; x_wconf 90' lang='lat' dir='ltr'><strong>quos</strong></span> <span class='ocrx_word' id='word_1_692' title='bbox 3311 4387 3636 4453; x_wconf 84' lang='lat' dir='ltr'><strong>direxerint,</strong></span> 
     </span>
    </p>
   </div>
   <div class='ocr_carea' id='block_1_91' title="bbox 2061 4479 3642 4555">
    <p class='ocr_par' dir='ltr' id='par_1_91' title="bbox 2061 4479 3642 4555">
     <span class='ocr_line' id='line_1_92' title="bbox 2061 4479 3642 4555; baseline -0.005 -15"><span class='ocrx_word' id='word_1_693' title='bbox 2061 4485 2164 4555; x_wconf 89' lang='lat' dir='ltr'><strong>ipsi</strong></span> <span class='ocrx_word' id='word_1_694' title='bbox 2188 4491 2335 4539; x_wconf 90' lang='lat' dir='ltr'><strong>eant.</strong></span> <span class='ocrx_word' id='word_1_695' title='bbox 2369 4481 2524 4550; x_wconf 86' lang='lat' dir='ltr'><strong>Quod</strong></span> <span class='ocrx_word' id='word_1_696' title='bbox 2571 4482 2616 4536; x_wconf 92' lang='lat' dir='ltr'><strong>si</strong></span> <span class='ocrx_word' id='word_1_697' title='bbox 2671 4481 2910 4551; x_wconf 90' lang='lat' dir='ltr'><strong>dignum,</strong></span> <span class='ocrx_word' id='word_1_698' title='bbox 2953 4479 3149 4550; x_wconf 90' lang='lat' dir='ltr'><strong>inquit,</strong></span> <span class='ocrx_word' id='word_1_699' title='bbox 3186 4479 3340 4548; x_wconf 79' lang='lat' dir='ltr'><strong>fuerit</strong></span> <span class='ocrx_word' id='word_1_700' title='bbox 3369 4486 3422 4530; x_wconf 93' lang='lat' dir='ltr'><strong>ut</strong></span> <span class='ocrx_word' id='word_1_701' title='bbox 3453 4486 3502 4532; x_wconf 87' lang='lat' dir='ltr'><strong>et</strong></span> <span class='ocrx_word' id='word_1_702' title='bbox 3547 4493 3642 4547; x_wconf 82' lang='lat' dir='ltr'><strong>ego</strong></span> 
     </span>
    </p>
   </div>
   <div class='ocr_carea' id='block_1_92' title="bbox 387 4555 3638 4642">
    <p class='ocr_par' dir='ltr' id='par_1_92' title="bbox 387 4555 3638 4642">
     <span class='ocr_line' id='line_1_93' title="bbox 387 4555 3638 4642; baseline -0.002 -13"><span class='ocrx_word' id='word_1_703' title='bbox 387 4569 662 4626; x_wconf 79' lang='lat' dir='ltr'><strong>contentio</strong></span> <span class='ocrx_word' id='word_1_704' title='bbox 686 4567 851 4624; x_wconf 77' lang='lat' dir='ltr'><strong>etiam</strong></span> <span class='ocrx_word' id='word_1_705' title='bbox 893 4567 984 4623; x_wconf 80' lang='lat' dir='ltr'><strong>illo</strong></span> <span class='ocrx_word' id='word_1_706' title='bbox 1019 4567 1141 4623; x_wconf 78' lang='lat'><strong>1000</strong></span> <span class='ocrx_word' id='word_1_707' title='bbox 1167 4567 1492 4623; x_wconf 70' lang='lat' dir='ltr'><strong>describitur</strong></span> <span class='ocrx_word' id='word_1_708' title='bbox 1517 4565 1662 4639; x_wconf 74' lang='lat' dir='ltr'><strong>(Gal.</strong></span> <span class='ocrx_word' id='word_1_709' title='bbox 1685 4568 1742 4639; x_wconf 75' lang='grc' dir='ltr'><strong>ν)</strong></span> <span class='ocrx_word' id='word_1_710' title='bbox 1775 4586 1788 4622; x_wconf 88' lang='lat'><strong>:</strong></span> <span class='ocrx_word' id='word_1_711' title='bbox 1820 4566 1958 4623; x_wconf 82' lang='lat' dir='ltr'><strong>Cara</strong></span> <span class='ocrx_word' id='word_1_712' title='bbox 1985 4555 2038 4614; x_wconf 81' lang='grc' dir='ltr'>Ῑ)</span> <span class='ocrx_word' id='word_1_713' title='bbox 2061 4591 2196 4642; x_wconf 85' lang='lat' dir='ltr'><strong>eam,</strong></span> <span class='ocrx_word' id='word_1_714' title='bbox 2224 4590 2424 4628; x_wconf 89' lang='lat' dir='ltr'><strong>mecum</strong></span> <span class='ocrx_word' id='word_1_715' title='bbox 2467 4572 2636 4627; x_wconf 87' lang='lat' dir='ltr'><strong>ibunt.</strong></span> <span class='ocrx_word' id='word_1_716' title='bbox 2664 4572 2723 4628; x_wconf 88' lang='lat' dir='ltr'><strong>ld</strong></span> <span class='ocrx_word' id='word_1_717' title='bbox 2751 4580 2855 4639; x_wconf 88' lang='lat' dir='ltr'><strong>est,</strong></span> <span class='ocrx_word' id='word_1_718' title='bbox 2887 4571 2932 4626; x_wconf 87' lang='lat' dir='ltr'><strong>si</strong></span> <span class='ocrx_word' id='word_1_719' title='bbox 2963 4570 3090 4626; x_wconf 90' lang='lat' dir='ltr'><strong>talis</strong></span> <span class='ocrx_word' id='word_1_720' title='bbox 3120 4569 3284 4625; x_wconf 89' lang='lat' dir='ltr'><strong>fuerit</strong></span> <span class='ocrx_word' id='word_1_721' title='bbox 3315 4568 3514 4624; x_wconf 93' lang='lat' dir='ltr'><strong>oblatio</strong></span> <span class='ocrx_word' id='word_1_722' title='bbox 3542 4582 3638 4622; x_wconf 89' lang='lat' dir='ltr'><strong>ve-</strong></span> 
     </span>
    </p>
   </div>
   <div class='ocr_carea' id='block_1_93' title="bbox 388 4657 1962 4732">
    <p class='ocr_par' dir='ltr' id='par_1_93' title="bbox 388 4657 1962 4732">
     <span class='ocr_line' id='line_1_94' title="bbox 388 4657 1962 4732; baseline -0.004 -15"><span class='ocrx_word' id='word_1_723' title='bbox 388 4661 703 4732; x_wconf 82' lang='lat' dir='ltr'><strong>concupiscit</strong></span> <span class='ocrx_word' id='word_1_724' title='bbox 725 4659 971 4714; x_wconf 83' lang='lat' dir='ltr'><strong>adversus</strong></span> <span class='ocrx_word' id='word_1_725' title='bbox 1001 4657 1263 4728; x_wconf 87' lang='lat' dir='ltr'><strong>spiritum,</strong></span> <span class='ocrx_word' id='word_1_726' title='bbox 1299 4657 1514 4728; x_wconf 84' lang='lat' dir='ltr'><strong>spiritus</strong></span> <span class='ocrx_word' id='word_1_727' title='bbox 1560 4657 1806 4712; x_wconf 79' lang='lat' dir='ltr'><strong>adversus</strong></span> <span class='ocrx_word' id='word_1_728' title='bbox 1844 4674 1962 4711; x_wconf 90' lang='lat' dir='ltr'><strong>car-</strong></span> 
     </span>
    </p>
   </div>
   <div class='ocr_carea' id='block_1_94' title="bbox 387 4746 1960 4819">
    <p class='ocr_par' dir='ltr' id='par_1_94' title="bbox 387 4746 1960 4819">
     <span class='ocr_line' id='line_1_95' title="bbox 387 4746 1960 4819; baseline -0.003 -14"><span class='ocrx_word' id='word_1_729' title='bbox 387 4768 524 4818; x_wconf 85' lang='lat' dir='ltr'><strong>nem,</strong></span> <span class='ocrx_word' id='word_1_730' title='bbox 553 4761 610 4804; x_wconf 90' lang='lat' dir='ltr'><strong>ut</strong></span> <span class='ocrx_word' id='word_1_731' title='bbox 633 4767 738 4804; x_wconf 89' lang='lat' dir='ltr'><strong>non</strong></span> <span class='ocrx_word' id='word_1_732' title='bbox 763 4765 882 4819; x_wconf 76' lang='lat' dir='ltr'><strong>qua:</strong></span> <span class='ocrx_word' id='word_1_733' title='bbox 901 4747 1054 4804; x_wconf 80' lang='lat' dir='ltr'><strong>vultis</strong></span> <span class='ocrx_word' id='word_1_734' title='bbox 1080 4748 1309 4818; x_wconf 79' lang='lat' dir='ltr'><strong>faciatis.</strong></span> <span class='ocrx_word' id='word_1_735' title='bbox 1331 4747 1420 4802; x_wconf 85' lang='lat' dir='ltr'><strong>Fit</strong></span> <span class='ocrx_word' id='word_1_736' title='bbox 1439 4762 1568 4818; x_wconf 80' lang='lat' dir='ltr'><strong>ergo</strong></span> <span class='ocrx_word' id='word_1_737' title='bbox 1597 4763 1693 4818; x_wconf 88' lang='lat' dir='ltr'><strong>per</strong></span> <span class='ocrx_word' id='word_1_738' title='bbox 1720 4746 1960 4802; x_wconf 78' lang='lat' dir='ltr'><strong>sanctifi-</strong></span> 
     </span>
    </p>
   </div>
   <div class='ocr_carea' id='block_1_95' title="bbox 389 4837 1958 4910">
    <p class='ocr_par' dir='ltr' id='par_1_95' title="bbox 389 4837 1958 4910">
     <span class='ocr_line' id='line_1_96' title="bbox 389 4837 1958 4910; baseline -0.001 -14"><span class='ocrx_word' id='word_1_739' title='bbox 389 4841 657 4896; x_wconf 89' lang='lat' dir='ltr'><strong>cationcm</strong></span> <span class='ocrx_word' id='word_1_740' title='bbox 686 4838 1000 4910; x_wconf 88' lang='lat' dir='ltr'><strong>perfectam,</strong></span> <span class='ocrx_word' id='word_1_741' title='bbox 1048 4847 1109 4893; x_wconf 90' lang='lat' dir='ltr'><strong>ut</strong></span> <span class='ocrx_word' id='word_1_742' title='bbox 1159 4853 1348 4894; x_wconf 88' lang='lat' dir='ltr'><strong>omnes</strong></span> <span class='ocrx_word' id='word_1_743' title='bbox 1381 4837 1628 4895; x_wconf 89' lang='lat' dir='ltr'><strong>carnales</strong></span> <span class='ocrx_word' id='word_1_744' title='bbox 1673 4839 1958 4909; x_wconf 90' lang='lat' dir='ltr'><strong>appetitus,</strong></span> 
     </span>
    </p>
   </div>
   <div class='ocr_carea' id='block_1_96' title="bbox 386 4928 1963 5011">
    <p class='ocr_par' dir='ltr' id='par_1_96' title="bbox 386 4928 1963 5011">
     <span class='ocr_line' id='line_1_97' title="bbox 386 4928 1963 5011; baseline -0.001 -25"><span class='ocrx_word' id='word_1_745' title='bbox 386 4932 578 5002; x_wconf 88' lang='lat' dir='ltr'><strong>spiritu</strong></span> <span class='ocrx_word' id='word_1_746' title='bbox 608 4937 793 4985; x_wconf 89' lang='lat' dir='ltr'><strong>nostro</strong></span> <span class='ocrx_word' id='word_1_747' title='bbox 823 4929 1120 4984; x_wconf 88' lang='lat' dir='ltr'><strong>illuminato</strong></span> <span class='ocrx_word' id='word_1_748' title='bbox 1161 4937 1242 5011; x_wconf 48' lang='lat' dir='ltr'><strong>et.</strong></span> <span class='ocrx_word' id='word_1_749' title='bbox 1265 4928 1556 4993; x_wconf 89' lang='lat' dir='ltr'><strong>viviﬁcato,</strong></span> <span class='ocrx_word' id='word_1_750' title='bbox 1592 4929 1766 4984; x_wconf 91' lang='lat' dir='ltr'><strong>eidem</strong></span> <span class='ocrx_word' id='word_1_751' title='bbox 1809 4930 1963 4986; x_wconf 62' lang='lat' dir='ltr'><strong>bona:</strong></span> 
     </span>
    </p>
   </div>
   <div class='ocr_carea' id='block_1_97' title="bbox 385 5017 1963 5088">
    <p class='ocr_par' dir='ltr' id='par_1_97' title="bbox 385 5017 1963 5088">
     <span class='ocr_line' id='line_1_98' title="bbox 385 5017 1963 5088; baseline 0.001 -14"><span class='ocrx_word' id='word_1_752' title='bbox 385 5020 680 5077; x_wconf 87' lang='lat' dir='ltr'><strong>voluntatis</strong></span> <span class='ocrx_word' id='word_1_753' title='bbox 707 5018 1081 5088; x_wconf 90' lang='lat' dir='ltr'><strong>subjiciantur.</strong></span> <span class='ocrx_word' id='word_1_754' title='bbox 1106 5017 1258 5074; x_wconf 85' lang='lat' dir='ltr'><strong>Hanc</strong></span> <span class='ocrx_word' id='word_1_755' title='bbox 1281 5027 1462 5074; x_wconf 88' lang='lat' dir='ltr'><strong>autem</strong></span> <span class='ocrx_word' id='word_1_756' title='bbox 1490 5027 1719 5074; x_wconf 87' lang='lat' dir='ltr'><strong>mortem</strong></span> <span class='ocrx_word' id='word_1_757' title='bbox 1741 5028 1963 5088; x_wconf 85' lang='lat' dir='ltr'><strong>peccato</strong></span> 
     </span>
    </p>
   </div>
   <div class='ocr_carea' id='block_1_98' title="bbox 386 5107 1962 5181">
    <p class='ocr_par' dir='ltr' id='par_1_98' title="bbox 386 5107 1962 5181">
     <span class='ocr_line' id='line_1_99' title="bbox 386 5107 1962 5181; baseline -0.001 -15"><span class='ocrx_word' id='word_1_758' title='bbox 386 5111 707 5176; x_wconf 88' lang='lat' dir='ltr'><strong>meruimus,</strong></span> <span class='ocrx_word' id='word_1_759' title='bbox 738 5110 880 5181; x_wconf 93' lang='lat' dir='ltr'><strong>quod</strong></span> <span class='ocrx_word' id='word_1_760' title='bbox 906 5116 1191 5180; x_wconf 89' lang='lat' dir='ltr'><strong>peccatum</strong></span> <span class='ocrx_word' id='word_1_761' title='bbox 1224 5117 1346 5162; x_wconf 88' lang='lat' dir='ltr'><strong>erat</strong></span> <span class='ocrx_word' id='word_1_762' title='bbox 1373 5107 1682 5164; x_wconf 90' lang='lat' dir='ltr'><strong>omnimodo</strong></span> <span class='ocrx_word' id='word_1_763' title='bbox 1708 5108 1762 5162; x_wconf 93' lang='lat' dir='ltr'><strong>in</strong></span> <span class='ocrx_word' id='word_1_764' title='bbox 1793 5107 1962 5164; x_wconf 90' lang='lat' dir='ltr'><strong>libero</strong></span> 
     </span>
    </p>
   </div>
   <div class='ocr_carea' id='block_1_99' title="bbox 385 5199 1961 5272">
    <p class='ocr_par' dir='ltr' id='par_1_99' title="bbox 385 5199 1961 5272">
     <span class='ocr_line' id='line_1_100' title="bbox 385 5199 1961 5272; baseline 0 -15"><span class='ocrx_word' id='word_1_765' title='bbox 385 5199 638 5268; x_wconf 79' lang='lat' dir='ltr'><strong>arbit&#39;rio,</strong></span> <span class='ocrx_word' id='word_1_766' title='bbox 693 5218 817 5258; x_wconf 90' lang='lat' dir='ltr'><strong>cum</strong></span> <span class='ocrx_word' id='word_1_767' title='bbox 859 5202 914 5256; x_wconf 91' lang='lat' dir='ltr'><strong>in</strong></span> <span class='ocrx_word' id='word_1_768' title='bbox 963 5201 1216 5272; x_wconf 90' lang='lat' dir='ltr'><strong>paradiso</strong></span> <span class='ocrx_word' id='word_1_769' title='bbox 1263 5200 1442 5256; x_wconf 91' lang='lat' dir='ltr'><strong>nullus</strong></span> <span class='ocrx_word' id='word_1_770' title='bbox 1486 5199 1640 5256; x_wconf 91' lang='lat' dir='ltr'><strong>dolor</strong></span> <span class='ocrx_word' id='word_1_771' title='bbox 1691 5200 1961 5271; x_wconf 78' lang='lat' dir='ltr'><strong>denegatae</strong></span> 
     </span>
    </p>
   </div>
   <div class='ocr_carea' id='block_1_100' title="bbox 387 5289 1957 5351">
    <p class='ocr_par' dir='ltr' id='par_1_100' title="bbox 387 5289 1957 5351">
     <span class='ocr_line' id='line_1_101' title="bbox 387 5289 1957 5351; baseline -0.004 0"><span class='ocrx_word' id='word_1_772' title='bbox 387 5292 760 5351; x_wconf 88' lang='lat' dir='ltr'><strong>delectationis</strong></span> <span class='ocrx_word' id='word_1_773' title='bbox 808 5291 1070 5348; x_wconf 86' lang='lat' dir='ltr'><strong>voluntati</strong></span> <span class='ocrx_word' id='word_1_774' title='bbox 1121 5292 1278 5347; x_wconf 70' lang='lat' dir='ltr'><strong>bonae</strong></span> <span class='ocrx_word' id='word_1_775' title='bbox 1329 5289 1566 5345; x_wconf 90' lang='lat' dir='ltr'><strong>hominis</strong></span> <span class='ocrx_word' id='word_1_776' title='bbox 1627 5289 1957 5346; x_wconf 88' lang='lat' dir='ltr'><strong>resistebat.</strong></span> 
     </span>
    </p>
   </div>
   <div class='ocr_carea' id='block_1_101' title="bbox 385 5379 1963 5452">
    <p class='ocr_par' dir='ltr' id='par_1_101' title="bbox 385 5379 1963 5452">
     <span class='ocr_line' id='line_1_102' title="bbox 385 5379 1963 5452; baseline -0.004 -12"><span class='ocrx_word' id='word_1_777' title='bbox 385 5384 646 5440; x_wconf 84' lang='lat' dir='ltr'><strong>Stimulus</strong></span> <span class='ocrx_word' id='word_1_778' title='bbox 690 5393 864 5439; x_wconf 88' lang='lat' dir='ltr'><strong>autem</strong></span> <span class='ocrx_word' id='word_1_779' title='bbox 905 5382 1089 5437; x_wconf 89' lang='lat' dir='ltr'><strong>mortis</strong></span> <span class='ocrx_word' id='word_1_780' title='bbox 1129 5390 1204 5437; x_wconf 89' lang='lat' dir='ltr'><strong>est</strong></span> <span class='ocrx_word' id='word_1_781' title='bbox 1238 5390 1526 5452; x_wconf 89' lang='lat' dir='ltr'><strong>peccatum.</strong></span> <span class='ocrx_word' id='word_1_782' title='bbox 1578 5379 1785 5452; x_wconf 77' lang='lat' dir='ltr'><strong>(Ambr.</strong></span> <span class='ocrx_word' id='word_1_783' title='bbox 1812 5380 1831 5451; x_wconf 93' lang='lat'><strong>)</strong></span> <span class='ocrx_word' id='word_1_784' title='bbox 1863 5379 1963 5436; x_wconf 85' lang='lat' dir='ltr'><strong>Sa-</strong></span> 
     </span>
    </p>
   </div>
   <div class='ocr_carea' id='block_1_102' title="bbox 386 5470 1958 5547">
    <p class='ocr_par' dir='ltr' id='par_1_102' title="bbox 386 5470 1958 5547">
     <span class='ocr_line' id='line_1_103' title="bbox 386 5470 1958 5547; baseline -0.002 -17"><span class='ocrx_word' id='word_1_785' title='bbox 386 5477 525 5547; x_wconf 77' lang='lat' dir='ltr'><strong>gitta</strong></span> <span class='ocrx_word' id='word_1_786' title='bbox 560 5476 752 5532; x_wconf 90' lang='lat' dir='ltr'><strong>mortis</strong></span> <span class='ocrx_word' id='word_1_787' title='bbox 800 5483 1082 5544; x_wconf 87' lang='lat' dir='ltr'><strong>peccatum</strong></span> <span class='ocrx_word' id='word_1_788' title='bbox 1120 5489 1218 5543; x_wconf 90' lang='lat' dir='ltr'><strong>per</strong></span> <span class='ocrx_word' id='word_1_789' title='bbox 1250 5471 1393 5542; x_wconf 89' lang='lat' dir='ltr'><strong>quod</strong></span> <span class='ocrx_word' id='word_1_790' title='bbox 1414 5472 1608 5527; x_wconf 70' lang='lat' dir='ltr'><strong>anima:</strong></span> <span class='ocrx_word' id='word_1_791' title='bbox 1624 5470 1958 5542; x_wconf 75' lang='lat' dir='ltr'><strong>iugulantur.</strong></span> 
     </span>
    </p>
   </div>
   <div class='ocr_carea' id='block_1_103' title="bbox 395 5561 1963 5635">
    <p class='ocr_par' dir='ltr' id='par_1_103' title="bbox 395 5561 1963 5635">
     <span class='ocr_line' id='line_1_104' title="bbox 395 5561 1963 5635; baseline -0.003 -14"><span class='ocrx_word' id='word_1_792' title='bbox 395 5564 572 5621; x_wconf 83' lang='lat' dir='ltr'><strong>Virtus</strong></span> <span class='ocrx_word' id='word_1_793' title='bbox 598 5582 718 5620; x_wconf 77' lang='lat' dir='ltr'><strong>vero</strong></span> <span class='ocrx_word' id='word_1_794' title='bbox 744 5566 941 5635; x_wconf 84' lang='lat' dir='ltr'><strong>peccati</strong></span> <span class='ocrx_word' id='word_1_795' title='bbox 969 5563 1073 5618; x_wconf 74' lang='lat' dir='ltr'><strong>lex.</strong></span> <span class='ocrx_word' id='word_1_796' title='bbox 1110 5563 1248 5618; x_wconf 89' lang='lat' dir='ltr'><strong>Dum</strong></span> <span class='ocrx_word' id='word_1_797' title='bbox 1276 5561 1470 5618; x_wconf 83' lang='lat' dir='ltr'><strong>fortius</strong></span> <span class='ocrx_word' id='word_1_798' title='bbox 1497 5570 1553 5617; x_wconf 90' lang='lat' dir='ltr'><strong>et</strong></span> <span class='ocrx_word' id='word_1_799' title='bbox 1577 5563 1752 5633; x_wconf 89' lang='lat' dir='ltr'><strong>majus</strong></span> <span class='ocrx_word' id='word_1_800' title='bbox 1782 5562 1842 5617; x_wconf 88' lang='lat' dir='ltr'><strong>lit</strong></span> <span class='ocrx_word' id='word_1_801' title='bbox 1865 5577 1963 5633; x_wconf 86' lang='lat' dir='ltr'><strong>per</strong></span> 
     </span>
    </p>
   </div>
   <div class='ocr_carea' id='block_1_104' title="bbox 391 5652 1961 5726">
    <p class='ocr_par' dir='ltr' id='par_1_104' title="bbox 391 5652 1961 5726">
     <span class='ocr_line' id='line_1_105' title="bbox 391 5652 1961 5726; baseline -0.003 -13"><span class='ocrx_word' id='word_1_802' title='bbox 391 5657 669 5724; x_wconf 83' lang='lat' dir='ltr'><strong>scientiam</strong></span> <span class='ocrx_word' id='word_1_803' title='bbox 701 5664 1003 5726; x_wconf 88' lang='lat' dir='ltr'><strong>peccatum,</strong></span> <span class='ocrx_word' id='word_1_804' title='bbox 1049 5669 1179 5726; x_wconf 81' lang='lat' dir='ltr'><strong>ergo</strong></span> <span class='ocrx_word' id='word_1_805' title='bbox 1204 5652 1422 5708; x_wconf 89' lang='lat' dir='ltr'><strong>aculeus</strong></span> <span class='ocrx_word' id='word_1_806' title='bbox 1467 5653 1656 5708; x_wconf 88' lang='lat' dir='ltr'><strong>mortis</strong></span> <span class='ocrx_word' id='word_1_807' title='bbox 1680 5663 1961 5723; x_wconf 88' lang='lat' dir='ltr'><strong>peccatum</strong></span> 
     </span>
    </p>
   </div>
   <div class='ocr_carea' id='block_1_105' title="bbox 391 5743 1959 5820">
    <p class='ocr_par' dir='ltr' id='par_1_105' title="bbox 391 5743 1959 5820">
     <span class='ocr_line' id='line_1_106' title="bbox 391 5743 1959 5820; baseline -0.002 -17"><span class='ocrx_word' id='word_1_808' title='bbox 391 5757 492 5812; x_wconf 86' lang='lat' dir='ltr'><strong>est,</strong></span> <span class='ocrx_word' id='word_1_809' title='bbox 516 5749 644 5820; x_wconf 85' lang='lat' dir='ltr'><strong>quia</strong></span> <span class='ocrx_word' id='word_1_810' title='bbox 673 5755 894 5817; x_wconf 83' lang='lat' dir='ltr'><strong>peccato</strong></span> <span class='ocrx_word' id='word_1_811' title='bbox 925 5745 1065 5802; x_wconf 88' lang='lat' dir='ltr'><strong>facta</strong></span> <span class='ocrx_word' id='word_1_812' title='bbox 1090 5754 1171 5802; x_wconf 91' lang='lat' dir='ltr'><strong>cst</strong></span> <span class='ocrx_word' id='word_1_813' title='bbox 1201 5743 1508 5810; x_wconf 85' lang='lat' dir='ltr'><strong>delectatio,</strong></span> <span class='ocrx_word' id='word_1_814' title='bbox 1540 5760 1658 5813; x_wconf 73' lang='lat' dir='ltr'><strong>qua:</strong></span> <span class='ocrx_word' id='word_1_815' title='bbox 1681 5743 1790 5813; x_wconf 71' lang='lat' dir='ltr'><strong>jam</strong></span> <span class='ocrx_word' id='word_1_816' title='bbox 1833 5760 1959 5813; x_wconf 86' lang='lat' dir='ltr'><strong>pos-</strong></span> 
     </span>
    </p>
   </div>
   <div class='ocr_carea' id='block_1_106' title="bbox 2064 4656 3637 4734">
    <p class='ocr_par' dir='ltr' id='par_1_106' title="bbox 2064 4656 3637 4734">
     <span class='ocr_line' id='line_1_107' title="bbox 2064 4656 3637 4734; baseline -0.004 -15"><span class='ocrx_word' id='word_1_817' title='bbox 2064 4673 2196 4730; x_wconf 89' lang='lat' dir='ltr'><strong>stra,</strong></span> <span class='ocrx_word' id='word_1_818' title='bbox 2223 4678 2342 4734; x_wconf 63' lang='lat' dir='ltr'><strong>qua:</strong></span> <span class='ocrx_word' id='word_1_819' title='bbox 2367 4677 2486 4718; x_wconf 89' lang='lat' dir='ltr'><strong>mea</strong></span> <span class='ocrx_word' id='word_1_820' title='bbox 2516 4676 2730 4734; x_wconf 88' lang='lat' dir='ltr'><strong>quoque</strong></span> <span class='ocrx_word' id='word_1_821' title='bbox 2767 4660 3146 4731; x_wconf 87' lang='lat' dir='ltr'><strong>prosecutione</strong></span> <span class='ocrx_word' id='word_1_822' title='bbox 3191 4658 3384 4714; x_wconf 87' lang='lat' dir='ltr'><strong>debeat</strong></span> <span class='ocrx_word' id='word_1_823' title='bbox 3421 4656 3637 4713; x_wconf 84' lang='lat' dir='ltr'><strong>deferri.</strong></span> 
     </span>
    </p>
   </div>
   <div class='ocr_carea' id='block_1_107' title="bbox 2071 4749 3639 4820">
    <p class='ocr_par' dir='ltr' id='par_1_107' title="bbox 2071 4749 3639 4820">
     <span class='ocr_line' id='line_1_108' title="bbox 2071 4749 3639 4820; baseline -0.004 -12"><span class='ocrx_word' id='word_1_824' title='bbox 2071 4753 2291 4810; x_wconf 86' lang='lat' dir='ltr'><strong>Veniam</strong></span> <span class='ocrx_word' id='word_1_825' title='bbox 2313 4763 2487 4808; x_wconf 91' lang='lat' dir='ltr'><strong>autem</strong></span> <span class='ocrx_word' id='word_1_826' title='bbox 2516 4753 2584 4807; x_wconf 90' lang='lat' dir='ltr'><strong>ad</strong></span> <span class='ocrx_word' id='word_1_827' title='bbox 2615 4770 2704 4808; x_wconf 80' lang='lat' dir='ltr'><strong>vos</strong></span> <span class='ocrx_word' id='word_1_828' title='bbox 2725 4769 2844 4807; x_wconf 87' lang='lat' dir='ltr'><strong>cum</strong></span> <span class='ocrx_word' id='word_1_829' title='bbox 2875 4750 3241 4805; x_wconf 79' lang='lat' dir='ltr'><strong>Macedoniam</strong></span> <span class='ocrx_word' id='word_1_830' title='bbox 3269 4749 3639 4820; x_wconf 85' lang='lat' dir='ltr'><strong>pertransiero,</strong></span> 
     </span>
    </p>
   </div>
   <div class='ocr_carea' id='block_1_108' title="bbox 2065 4839 3641 4914">
    <p class='ocr_par' dir='ltr' id='par_1_108' title="bbox 2065 4839 3641 4914">
     <span class='ocr_line' id='line_1_109' title="bbox 2065 4839 3641 4914; baseline -0.004 -15"><span class='ocrx_word' id='word_1_831' title='bbox 2065 4863 2188 4900; x_wconf 89' lang='lat' dir='ltr'><strong>nam</strong></span> <span class='ocrx_word' id='word_1_832' title='bbox 2217 4843 2579 4899; x_wconf 80' lang='lat' dir='ltr'><strong>Macedoniam</strong></span> <span class='ocrx_word' id='word_1_833' title='bbox 2608 4841 2959 4914; x_wconf 86' lang='lat' dir='ltr'><strong>pertransibo,</strong></span> <span class='ocrx_word' id='word_1_834' title='bbox 2990 4839 3130 4911; x_wconf 87' lang='lat' dir='ltr'><strong>apud</strong></span> <span class='ocrx_word' id='word_1_835' title='bbox 3171 4856 3258 4894; x_wconf 82' lang='lat' dir='ltr'><strong>vos</strong></span> <span class='ocrx_word' id='word_1_836' title='bbox 3287 4848 3457 4894; x_wconf 88' lang='lat' dir='ltr'><strong>autem</strong></span> <span class='ocrx_word' id='word_1_837' title='bbox 3487 4839 3641 4908; x_wconf 56' lang='lat' dir='ltr'><strong>farsi.</strong></span> 
     </span>
    </p>
   </div>
   <div class='ocr_carea' id='block_1_109' title="bbox 2064 4925 3641 4996">
    <p class='ocr_par' dir='ltr' id='par_1_109' title="bbox 2064 4925 3641 4996">
     <span class='ocr_line' id='line_1_110' title="bbox 2064 4925 3641 4996; baseline -0.003 -10"><span class='ocrx_word' id='word_1_838' title='bbox 2064 4940 2156 4986; x_wconf 90' lang='lat' dir='ltr'><strong>tan</strong></span> <span class='ocrx_word' id='word_1_839' title='bbox 2182 4931 2420 4996; x_wconf 89' lang='lat' dir='ltr'><strong>manebo,</strong></span> <span class='ocrx_word' id='word_1_840' title='bbox 2445 4930 2520 4986; x_wconf 86' lang='lat' dir='ltr'><strong>vel</strong></span> <span class='ocrx_word' id='word_1_841' title='bbox 2551 4930 2707 4984; x_wconf 90' lang='lat' dir='ltr'><strong>etiam</strong></span> <span class='ocrx_word' id='word_1_842' title='bbox 2733 4927 2976 4982; x_wconf 85' lang='lat' dir='ltr'><strong>hiemabo</strong></span> <span class='ocrx_word' id='word_1_843' title='bbox 2995 4966 3012 4993; x_wconf 95' lang='lat'><strong>,</strong></span> <span class='ocrx_word' id='word_1_844' title='bbox 3038 4934 3096 4980; x_wconf 90' lang='lat' dir='ltr'><strong>ut</strong></span> <span class='ocrx_word' id='word_1_845' title='bbox 3121 4942 3211 4980; x_wconf 86' lang='lat' dir='ltr'><strong>vos</strong></span> <span class='ocrx_word' id='word_1_846' title='bbox 3249 4941 3330 4980; x_wconf 85' lang='lat' dir='ltr'><strong>me</strong></span> <span class='ocrx_word' id='word_1_847' title='bbox 3369 4925 3641 4982; x_wconf 88' lang='lat' dir='ltr'><strong>deducatis</strong></span> 
     </span>
    </p>
   </div>
   <div class='ocr_carea' id='block_1_110' title="bbox 2061 5016 3636 5094">
    <p class='ocr_par' dir='ltr' id='par_1_110' title="bbox 2061 5016 3636 5094">
     <span class='ocr_line' id='line_1_111' title="bbox 2061 5016 3636 5094; baseline -0.002 -18"><span class='ocrx_word' id='word_1_848' title='bbox 2061 5038 2367 5094; x_wconf 88' lang='lat' dir='ltr'><strong>quocunque</strong></span> <span class='ocrx_word' id='word_1_849' title='bbox 2385 5022 2514 5076; x_wconf 89' lang='lat' dir='ltr'><strong>iero.</strong></span> <span class='ocrx_word' id='word_1_850' title='bbox 2549 5020 2602 5074; x_wconf 84' lang='grc' dir='ltr'><em>Ν</em></span> <span class='ocrx_word' id='word_1_851' title='bbox 2606 5019 2690 5073; x_wconf 92' lang='lat' dir='ltr'><strong>olo</strong></span> <span class='ocrx_word' id='word_1_852' title='bbox 2708 5018 2846 5073; x_wconf 89' lang='lat' dir='ltr'><strong>enim</strong></span> <span class='ocrx_word' id='word_1_853' title='bbox 2862 5033 2952 5072; x_wconf 83' lang='lat' dir='ltr'><strong>vos</strong></span> <span class='ocrx_word' id='word_1_854' title='bbox 2974 5033 3111 5071; x_wconf 88' lang='lat' dir='ltr'><strong>nunc</strong></span> <span class='ocrx_word' id='word_1_855' title='bbox 3130 5018 3187 5070; x_wconf 90' lang='lat' dir='ltr'><strong>in</strong></span> <span class='ocrx_word' id='word_1_856' title='bbox 3209 5016 3432 5070; x_wconf 85' lang='lat' dir='ltr'><strong>transitu</strong></span> <span class='ocrx_word' id='word_1_857' title='bbox 3445 5017 3636 5084; x_wconf 82' lang='lat' dir='ltr'><strong>uidere,</strong></span> 
     </span>
    </p>
   </div>
   <div class='ocr_carea' id='block_1_111' title="bbox 2063 5105 3638 5182">
    <p class='ocr_par' dir='ltr' id='par_1_111' title="bbox 2063 5105 3638 5182">
     <span class='ocr_line' id='line_1_112' title="bbox 2063 5105 3638 5182; baseline -0.002 -17"><span class='ocrx_word' id='word_1_858' title='bbox 2063 5127 2211 5182; x_wconf 88' lang='lat' dir='ltr'><strong>spero</strong></span> <span class='ocrx_word' id='word_1_859' title='bbox 2238 5110 2376 5165; x_wconf 89' lang='lat' dir='ltr'><strong>enim</strong></span> <span class='ocrx_word' id='word_1_860' title='bbox 2401 5125 2484 5162; x_wconf 90' lang='lat' dir='ltr'><strong>me</strong></span> <span class='ocrx_word' id='word_1_861' title='bbox 2511 5107 2840 5179; x_wconf 83' lang='lat' dir='ltr'><strong>aliquantum</strong></span> <span class='ocrx_word' id='word_1_862' title='bbox 2880 5107 3127 5177; x_wconf 86' lang='lat' dir='ltr'><strong>temporis</strong></span> <span class='ocrx_word' id='word_1_863' title='bbox 3152 5105 3465 5161; x_wconf 86' lang='lat' dir='ltr'><strong>mansurum</strong></span> <span class='ocrx_word' id='word_1_864' title='bbox 3496 5108 3638 5178; x_wconf 90' lang='lat' dir='ltr'><strong>apud</strong></span> 
     </span>
    </p>
   </div>
   <div class='ocr_carea' id='block_1_112' title="bbox 2062 5194 3640 5269">
    <p class='ocr_par' dir='ltr' id='par_1_112' title="bbox 2062 5194 3640 5269">
     <span class='ocr_line' id='line_1_113' title="bbox 2062 5194 3640 5269; baseline -0.003 -13"><span class='ocrx_word' id='word_1_865' title='bbox 2062 5218 2173 5267; x_wconf 83' lang='lat' dir='ltr'><strong>vos,</strong></span> <span class='ocrx_word' id='word_1_866' title='bbox 2205 5201 2250 5254; x_wconf 88' lang='lat' dir='ltr'><strong>si</strong></span> <span class='ocrx_word' id='word_1_867' title='bbox 2285 5199 2543 5254; x_wconf 80' lang='lat' dir='ltr'><strong>Dominus</strong></span> <span class='ocrx_word' id='word_1_868' title='bbox 2565 5198 2878 5269; x_wconf 83' lang='lat' dir='ltr'><strong>permiserit.</strong></span> <span class='ocrx_word' id='word_1_869' title='bbox 2912 5195 3050 5264; x_wconf 85' lang='lat' dir='ltr'><strong>Quia</strong></span> <span class='ocrx_word' id='word_1_870' title='bbox 3079 5195 3154 5251; x_wconf 88' lang='lat' dir='ltr'><strong>ita</strong></span> <span class='ocrx_word' id='word_1_871' title='bbox 3184 5211 3243 5252; x_wconf 87' lang='lat' dir='ltr'><strong>se</strong></span> <span class='ocrx_word' id='word_1_872' title='bbox 3269 5203 3436 5266; x_wconf 82' lang='lat' dir='ltr'><strong>agunt</strong></span> <span class='ocrx_word' id='word_1_873' title='bbox 3464 5194 3640 5252; x_wconf 85' lang='lat' dir='ltr'><strong>Mace-</strong></span> 
     </span>
    </p>
   </div>
   <div class='ocr_carea' id='block_1_113' title="bbox 2065 5285 3638 5356">
    <p class='ocr_par' dir='ltr' id='par_1_113' title="bbox 2065 5285 3638 5356">
     <span class='ocr_line' id='line_1_114' title="bbox 2065 5285 3638 5356; baseline -0.003 -11"><span class='ocrx_word' id='word_1_874' title='bbox 2065 5290 2251 5354; x_wconf 89' lang='lat' dir='ltr'><strong>dones,</strong></span> <span class='ocrx_word' id='word_1_875' title='bbox 2279 5296 2341 5344; x_wconf 88' lang='lat' dir='ltr'><strong>ut</strong></span> <span class='ocrx_word' id='word_1_876' title='bbox 2375 5303 2481 5344; x_wconf 90' lang='lat' dir='ltr'><strong>non</strong></span> <span class='ocrx_word' id='word_1_877' title='bbox 2507 5288 2578 5342; x_wconf 92' lang='lat' dir='ltr'><strong>sit</strong></span> <span class='ocrx_word' id='word_1_878' title='bbox 2608 5302 2832 5343; x_wconf 88' lang='lat' dir='ltr'><strong>necesse</strong></span> <span class='ocrx_word' id='word_1_879' title='bbox 2858 5286 2989 5341; x_wconf 89' lang='lat' dir='ltr'><strong>mihi</strong></span> <span class='ocrx_word' id='word_1_880' title='bbox 3016 5285 3157 5356; x_wconf 89' lang='lat' dir='ltr'><strong>apud</strong></span> <span class='ocrx_word' id='word_1_881' title='bbox 3184 5301 3278 5341; x_wconf 93' lang='lat' dir='ltr'><strong>eos</strong></span> <span class='ocrx_word' id='word_1_882' title='bbox 3316 5285 3520 5340; x_wconf 91' lang='lat' dir='ltr'><strong>diutius</strong></span> <span class='ocrx_word' id='word_1_883' title='bbox 3548 5300 3638 5340; x_wconf 86' lang='lat' dir='ltr'><strong>re-</strong></span> 
     </span>
    </p>
   </div>
   <div class='ocr_carea' id='block_1_114' title="bbox 2063 5374 3636 5448">
    <p class='ocr_par' dir='ltr' id='par_1_114' title="bbox 2063 5374 3636 5448">
     <span class='ocr_line' id='line_1_115' title="bbox 2063 5374 3636 5448; baseline -0.004 -14"><span class='ocrx_word' id='word_1_884' title='bbox 2063 5394 2300 5444; x_wconf 88' lang='lat' dir='ltr'><strong>manere,</strong></span> <span class='ocrx_word' id='word_1_885' title='bbox 2338 5377 2479 5448; x_wconf 88' lang='lat' dir='ltr'><strong>apud</strong></span> <span class='ocrx_word' id='word_1_886' title='bbox 2500 5393 2595 5433; x_wconf 91' lang='lat' dir='ltr'><strong>vos</strong></span> <span class='ocrx_word' id='word_1_887' title='bbox 2616 5392 2836 5433; x_wconf 89' lang='lat' dir='ltr'><strong>necesse</strong></span> <span class='ocrx_word' id='word_1_888' title='bbox 2863 5385 2967 5438; x_wconf 88' lang='lat' dir='ltr'><strong>est,</strong></span> <span class='ocrx_word' id='word_1_889' title='bbox 2991 5386 3051 5431; x_wconf 92' lang='lat' dir='ltr'><strong>ut</strong></span> <span class='ocrx_word' id='word_1_890' title='bbox 3081 5391 3352 5441; x_wconf 89' lang='lat' dir='ltr'><strong>maneam,</strong></span> <span class='ocrx_word' id='word_1_891' title='bbox 3394 5375 3476 5430; x_wconf 89' lang='lat' dir='ltr'><strong>vel</strong></span> <span class='ocrx_word' id='word_1_892' title='bbox 3520 5374 3636 5430; x_wconf 89' lang='lat' dir='ltr'><strong>hie-</strong></span> 
     </span>
    </p>
   </div>
   <div class='ocr_carea' id='block_1_115' title="bbox 2064 5464 3640 5538">
    <p class='ocr_par' dir='ltr' id='par_1_115' title="bbox 2064 5464 3640 5538">
     <span class='ocr_line' id='line_1_116' title="bbox 2064 5464 3640 5538; baseline -0.003 -14"><span class='ocrx_word' id='word_1_893' title='bbox 2064 5485 2204 5526; x_wconf 91' lang='lat' dir='ltr'><strong>mem</strong></span> <span class='ocrx_word' id='word_1_894' title='bbox 2235 5487 2247 5522; x_wconf 91' lang='lat'>:</span> <span class='ocrx_word' id='word_1_895' title='bbox 2281 5468 2446 5523; x_wconf 86' lang='lat' dir='ltr'><strong>multa</strong></span> <span class='ocrx_word' id='word_1_896' title='bbox 2467 5468 2610 5523; x_wconf 89' lang='lat' dir='ltr'><strong>enim</strong></span> <span class='ocrx_word' id='word_1_897' title='bbox 2625 5475 2751 5523; x_wconf 86' lang='lat' dir='ltr'><strong>sunt</strong></span> <span class='ocrx_word' id='word_1_898' title='bbox 2773 5482 2894 5538; x_wconf 64' lang='lat' dir='ltr'><strong>quae</strong></span> <span class='ocrx_word' id='word_1_899' title='bbox 2917 5466 3261 5538; x_wconf 77' lang='lat' dir='ltr'><strong>corrigantur</strong></span> <span class='ocrx_word' id='word_1_900' title='bbox 3286 5480 3318 5520; x_wconf 89' lang='lat' dir='ltr'><strong>a</strong></span> <span class='ocrx_word' id='word_1_901' title='bbox 3339 5464 3513 5530; x_wconf 90' lang='lat' dir='ltr'><strong>vobis,</strong></span> <span class='ocrx_word' id='word_1_902' title='bbox 3535 5464 3640 5520; x_wconf 91' lang='lat' dir='ltr'><strong>sic-</strong></span> 
     </span>
    </p>
   </div>
   <div class='ocr_carea' id='block_1_116' title="bbox 2064 5558 3632 5628">
    <p class='ocr_par' dir='ltr' id='par_1_116' title="bbox 2064 5558 3632 5628">
     <span class='ocr_line' id='line_1_117' title="bbox 2064 5558 3632 5628; baseline -0.007 -9"><span class='ocrx_word' id='word_1_903' title='bbox 2064 5572 2123 5619; x_wconf 93' lang='lat' dir='ltr'><strong>ut</strong></span> <span class='ocrx_word' id='word_1_904' title='bbox 2163 5563 2402 5618; x_wconf 89' lang='lat' dir='ltr'><strong>medicus</strong></span> <span class='ocrx_word' id='word_1_905' title='bbox 2451 5561 2521 5616; x_wconf 90' lang='lat' dir='ltr'><strong>ibi</strong></span> <span class='ocrx_word' id='word_1_906' title='bbox 2552 5576 2759 5616; x_wconf 91' lang='lat' dir='ltr'><strong>moram</strong></span> <span class='ocrx_word' id='word_1_907' title='bbox 2809 5560 2992 5626; x_wconf 89' lang='lat' dir='ltr'><strong>habet,</strong></span> <span class='ocrx_word' id='word_1_908' title='bbox 3021 5558 3112 5613; x_wconf 92' lang='lat' dir='ltr'><strong>ubi</strong></span> <span class='ocrx_word' id='word_1_909' title='bbox 3142 5558 3324 5628; x_wconf 88' lang='lat' dir='ltr'><strong>plures</strong></span> <span class='ocrx_word' id='word_1_910' title='bbox 3352 5563 3632 5626; x_wconf 65' lang='lat' dir='ltr'><strong>aegrotant.</strong></span> 
     </span>
    </p>
   </div>
   <div class='ocr_carea' id='block_1_117' title="bbox 2066 5645 3632 5724">
    <p class='ocr_par' dir='ltr' id='par_1_117' title="bbox 2066 5645 3632 5724">
     <span class='ocr_line' id='line_1_118' title="bbox 2066 5645 3632 5724; baseline -0.008 -13"><span class='ocrx_word' id='word_1_911' title='bbox 2066 5655 2286 5711; x_wconf 77' lang='lat' dir='ltr'><strong>Manebo</strong></span> <span class='ocrx_word' id='word_1_912' title='bbox 2313 5665 2485 5710; x_wconf 88' lang='lat' dir='ltr'><strong>autem</strong></span> <span class='ocrx_word' id='word_1_913' title='bbox 2523 5653 2716 5724; x_wconf 88' lang='lat' dir='ltr'><strong>Ephesi</strong></span> <span class='ocrx_word' id='word_1_914' title='bbox 2747 5668 2906 5723; x_wconf 87' lang='lat' dir='ltr'><strong>usque</strong></span> <span class='ocrx_word' id='word_1_915' title='bbox 2933 5649 3004 5704; x_wconf 90' lang='lat' dir='ltr'><strong>ad</strong></span> <span class='ocrx_word' id='word_1_916' title='bbox 3034 5647 3395 5713; x_wconf 86' lang='lat' dir='ltr'><strong>Pentecosten,</strong></span> <span class='ocrx_word' id='word_1_917' title='bbox 3444 5645 3632 5699; x_wconf 88' lang='lat' dir='ltr'><strong>ostium</strong></span> 
     </span>
    </p>
   </div>
   <div class='ocr_carea' id='block_1_118' title="bbox 2063 5735 3631 5816">
    <p class='ocr_par' dir='ltr' id='par_1_118' title="bbox 2063 5735 3631 5816">
     <span class='ocr_line' id='line_1_119' title="bbox 2063 5735 3631 5816; baseline -0.008 -16"><span class='ocrx_word' id='word_1_918' title='bbox 2063 5756 2234 5800; x_wconf 87' lang='lat' dir='ltr'><strong>autem</strong></span> <span class='ocrx_word' id='word_1_919' title='bbox 2257 5745 2379 5802; x_wconf 81' lang='lat' dir='ltr'><strong>mihi</strong></span> <span class='ocrx_word' id='word_1_920' title='bbox 2407 5754 2642 5816; x_wconf 87' lang='lat' dir='ltr'><strong>apertum</strong></span> <span class='ocrx_word' id='word_1_921' title='bbox 2681 5753 2754 5798; x_wconf 87' lang='lat' dir='ltr'><strong>est</strong></span> <span class='ocrx_word' id='word_1_922' title='bbox 2778 5757 3044 5812; x_wconf 88' lang='lat' dir='ltr'><strong>magnum,</strong></span> <span class='ocrx_word' id='word_1_923' title='bbox 3081 5748 3129 5794; x_wconf 88' lang='lat' dir='ltr'><strong>et</strong></span> <span class='ocrx_word' id='word_1_924' title='bbox 3163 5737 3388 5805; x_wconf 79' lang='lat' dir='ltr'><strong>evidens,</strong></span> <span class='ocrx_word' id='word_1_925' title='bbox 3427 5735 3514 5790; x_wconf 85' lang='lat' dir='ltr'><strong>sed</strong></span> <span class='ocrx_word' id='word_1_926' title='bbox 3539 5735 3631 5788; x_wconf 81' lang='lat' dir='ltr'><strong>ad-</strong></span> 
     </span>
    </p>
   </div>
  </div>
