4082 6332
395 272 489 328 l6!

890 270 1437 346 ENARRATiONUM
1473 275 1541 330 IN
1579 275 1728 332 EPP.
1768 277 1973 335 PAULI
2011 277 2140 334 LIB.
2188 277 2304 335 XII.
2342 311 2414 321 —
2448 280 2517 336 IN
2551 281 2765 339 EPIST.
2803 283 2849 340 II
2880 285 2973 341 AD
3005 285 3163 344 COR.

3533 293 3636 351 I62

388 385 602 482 saria)“
625 383 770 442 servi
823 386 981 482 ambo
1029 396 1320 458 ponuntur.
1345 475 1356 482 -
1379 387 1509 444 Cum
1563 391 1800 447 omnibus
1845 409 1967 448 san-
1993 395 2046 456 A
2069 393 2190 449 vius
2212 393 2439 464 ferrent,
2471 397 2517 453 si
2541 399 2939 469 corriperentur
2961 418 3177 462 errores
3203 391 3414 466 illorum
3439 410 3507 468 ab
3525 413 3633 482 his,

385 476 504 530 etis.
537 473 640 529 llic
688 473 861 529 sancti
912 484 1140 544 possunt
1186 475 1360 547 accipi
1401 479 1730 547 sacerdotes,
1764 481 1858 550 qui
1904 481 1960 535 in

385 565 562 635 prima
593 573 867 634 ponuntur
907 558 1197 621 Dominum
1225 567 1556 636 invocantes,
1587 577 1642 625 et
1665 571 1733 626 ad
1759 571 1963 642 Philip-

383 669 581 724 penses
628 668 750 708 cum
800 652 1076 726 Episcopis
1122 664 1178 711 et
1210 657 1553 726 Diaconibus,
1608 660 1729 716 ideo
1778 669 1958 718 autem

384 751 579 814 postea
648 743 1036 812 nominantur,
1107 761 1176 802 ne
1222 761 1409 818 parum
1455 749 1813 822 intelligentes
1863 768 1960 810 eos

381 835 694 906 prmmissos
728 849 848 892 esse
902 846 1178 908 putarent,
1229 854 1352 895 cum
1373 837 1489 909 jam
1530 842 1639 898 sint
1684 844 1739 899 in
1772 844 1958 902 Eccle-

382 927 462 986 sia
485 926 881 996 comprehensi.
912 928 1018 994 Qui
1039 939 1160 984 sunt
1189 931 1244 984 in
1271 931 1510 988 universa
1546 935 1764 991 Achaia.
1792 935 1957 1006 Cujus

380 1024 466 1071 est
499 1015 814 1087 metropolis
845 1016 1156 1074 Corinthus.
1187 1016 1373 1076 Gratia
1396 1022 1535 1077 vobis
1564 1033 1611 1078 et
1639 1041 1745 1095 pax
1765 1043 1796 1080 a
1822 1025 1951 1081 Deo.

377 1107 596 1163 Gratias
625 1117 792 1178 agunt
839 1109 950 1166 Deo
979 1110 1274 1182 gaudentes
1306 1127 1364 1168 se
1411 1113 1531 1171 ideo
1579 1117 1842 1174 consolari
1893 1127 1954 1174 ut

379 1203 484 1272 ipsi
533 1203 667 1258 alios
710 1203 1072 1260 consolentur.
1140 1203 1455 1262 Benedictus
1508 1208 1650 1264 Deus
1699 1220 1748 1265 et
1789 1208 1954 1267 Pater

378 1293 594 1347 Domini
619 1295 784 1348 nostri
822 1294 952 1350 Jesu
981 1295 1198 1362 Christi,
1257 1295 1416 1354 Pater
1451 1301 1946 1357 misericordiarum.

378 1384 516 1451 Quia
549 1400 614 1439 ex
663 1384 780 1454 ipso
810 1385 984 1440 omnis
1036 1385 1429 1442 misericordia.
1485 1387 1554 1443 Et
1595 1389 1738 1446 Deus
1793 1393 1951 1447 totius

377 1474 768 1530 consolationis.
819 1475 876 1531 ld
921 1483 1024 1542 est,
1079 1476 1329 1546 perfectae
1375 1480 1774 1547 consolationis,
1821 1481 1950 1553 quia

373 1585 482 1624 non
513 1577 599 1624 est
639 1568 820 1624 minus
847 1569 901 1623 in
928 1569 1272 1626 tribulatione
1319 1569 1590 1626 solatium.
1631 1571 1735 1638 Qui
1771 1589 1952 1629 conso-

372 1657 518 1712 latur
541 1673 632 1711 nos
655 1658 710 1711 in
736 1674 979 1727 pressura
1009 1669 1207 1714 nostra.
1230 1659 1349 1716 Non
1381 1662 1434 1716 in
1465 1662 1751 1732 aliquibus,
1775 1664 1868 1721 sed
1892 1664 1945 1720 in

2062 485 2154 556 qui
2177 486 2293 543 luteo
2312 496 2420 543 tam
2463 504 2652 560 aspera
2681 490 2984 548 tolerabant
3025 511 3124 565 pro
3161 498 3284 556 illis.
3337 501 3469 569 Quis
3488 505 3634 561 enim

2057 577 2391 634 medicorum
2409 595 2517 635 non
2547 588 2738 651 arguat
2765 593 3075 654 susceptum
3097 602 3250 644 suum
3280 591 3634 663 negligentius

2059 681 2119 722 se
2139 675 2482 737 tractantem,
2507 685 2576 726 ne
2600 684 2743 728 curae
2765 673 3045 732 medicina:
3057 675 3175 746 ejus
3193 679 3310 736 sine
3332 679 3522 739 eﬂ‘ectu
3541 698 3630 742 re-

2057 769 2295 815 maneat.

2125 852 2230 909 Sed
2253 856 2354 925 ipsi
2389 855 2446 911 in
2486 857 2630 912 nobis
2687 876 2986 930 responsum
3025 865 3210 918 mortis
3249 865 3544 936 habuimus,
3570 878 3630 926 ut
3675 866 3684 876 ’

2055 960 2159 998 non
2208 946 2372 1001 simus
2397 937 2617 1016 fidentes
2645 950 2699 1004 in
2724 951 2892 1017 nobis,
2924 953 3015 1008 sed
3044 953 3100 1007 in
3123 953 3256 1022 Deo,
3299 958 3390 1028 qui
3409 959 3627 1014 suscitat

2054 1045 2306 1091 mortuos.
2356 1037 2583 1092 Tantam
2639 1039 2978 1095 insolentiam
3012 1042 3317 1113 iniquitatis
3361 1046 3630 1116 signiﬁcat

2053 1125 2413 1182 insurrexisse
2471 1137 2662 1184 contra
2692 1129 2814 1185 ﬁdei
2848 1131 3248 1200 prtedicatores,
3301 1144 3358 1190 ut
3397 1145 3626 1192 mortem

2053 1223 2180 1272 ante
2223 1217 2407 1274 oculos
2433 1219 2718 1286 haberent,
2749 1221 2976 1291 denique
3017 1225 3188 1294 erepti
3227 1225 3293 1281 de
3333 1225 3447 1296 ipsa
3476 1242 3625 1298 pres-

2051 1320 2176 1362 sura
2224 1309 2573 1365 resuscitatos
2612 1324 2670 1365 se
2729 1310 2930 1367 dicunt.
2987 1311 3078 1368 Sic
3118 1314 3260 1369 enim
3284 1315 3466 1372 aﬁlicti
3505 1318 3624 1374 fue-

2051 1404 2208 1462 rant,
2271 1405 2330 1452 ut
2377 1397 2723 1468 desperarent
2759 1400 2825 1456 de
2874 1402 3126 1470 praesenti
3173 1403 3303 1458 vita.
3336 1403 3443 1461 Sed
3495 1407 3622 1477 quia

2051 1486 2194 1541 Deus
2239 1486 2486 1557 praesidia
2531 1502 2629 1542 sua
2687 1502 2792 1543 non
2844 1497 3004 1559 negat
3059 1489 3114 1544 in
3166 1493 3489 1550 necessitate
3526 1510 3623 1566 po-

2050 1575 2213 1641 sitis,
2291 1577 2528 1632 maxime
2577 1577 2708 1642 suis,
2765 1577 2961 1648 eripuit
3005 1579 3126 1636 illos
3173 1580 3520 1653 desperantes
3555 1584 3625 1642 de

2049 1664 2374 1736 semetipsis,
2440 1667 2666 1723 ﬁdentes
2713 1675 2890 1723 autem
2947 1669 3014 1724 de
3059 1670 3198 1739 Deo;
3231 1673 3420 1730 nimia
3473 1675 3618 1731 enim

369 1748 643 1804 omnibus.
697 1745 763 1801 Ut
787 1751 1041 1818 possimus
1070 1760 1120 1805 et
1149 1751 1251 1823 ipsi
1297 1752 1557 1808 consolari
1581 1771 1666 1809 eos
1689 1756 1778 1826 qui
1824 1765 1946 1811 sunt
1973 1743 2019 1804 Β
2045 1771 2297 1826 pressura
2333 1755 2562 1814 deﬁcere
2582 1771 2641 1813 se
2663 1757 3073 1828 proﬁtebantur,
3096 1760 3200 1816 nisi
3223 1762 3436 1818 adesset
3456 1764 3617 1821 Deus.

367 1838 427 1891 in
448 1837 590 1891 omni
615 1839 878 1908 angustia,
912 1855 1004 1908 per
1030 1840 1441 1896 exhortationem
1475 1860 1581 1914 qua
1607 1846 1947 1900 exhortamur

366 1936 417 1982 et
441 1927 541 1997 ipsi
582 1926 768 1982 aDeo.
818 1928 1109 1999 Propterea
1156 1932 1470 2001 liberamur,
1503 1943 1564 1990 ut
1607 1944 1658 1992 et
1684 1952 1784 1994 nos
1812 1939 1946 1995 alios

366 2019 637 2074 consolari
689 2020 835 2075 etde
862 2022 1084 2077 tristitia
1136 2019 1369 2080 liberare
1408 2027 1702 2095 possimus,
1751 2037 1844 2084 aut
1871 2029 1945 2086 ita

364 2106 598 2164 fortnam
626 2109 782 2165 nobis
808 2109 899 2164 dat
934 2110 1070 2168 alios
1099 2112 1434 2179 consolandi,
1486 2125 1540 2170 et
1563 2129 1663 2186 per
1690 2118 1946 2175 exhorta-

365 2198 589 2265 tionem,
640 2213 745 2269 qua
801 2201 900 2270 ipsi
951 2216 983 2256 a
1012 2202 1123 2259 Deo
1169 2204 1551 2274 consolamur,
1603 2210 1944 2280 agnoscimus

363 2289 510 2360 quod
537 2289 680 2345 Deus
710 2291 1014 2346 timentium
1069 2307 1128 2349 se
1159 2295 1430 2352 neminem
1479 2298 1838 2372 derelinquat,
1889 2311 1945 2358 et

361 2381 535 2437 multo
585 2383 755 2455 magis
805 2384 859 2438 in
910 2385 1086 2442 futuro
1123 2398 1449 2455 remaneret,
1503 2405 1638 2461 quos
1695 2393 1941 2449 etiamin

359 2474 616 2546 prtesenti
644 2490 753 2530 non
779 2476 996 2532 deserit.
1029 2477 1291 2544 Qttoniam
1326 2482 1462 2536 sicut
1491 2483 1766 2539 abundant
1813 2502 1940 2556 pas-

362 2566 532 2620 siones
553 2564 772 2634 Christi,
808 2569 883 2624 ita
905 2579 953 2624 et
973 2585 1065 2640 per
1088 2569 1352 2626 Christum
1379 2573 1611 2629 abundat
1638 2576 1796 2630 etiam
1826 2591 1943 2632 con-

363 2653 554 2710 solatio
587 2667 787 2724 nostra,
816 2666 875 2713 ut
908 2667 962 2714 et
997 2659 1191 2716 Petrus
1220 2671 1304 2716 est
1334 2664 1399 2718 de
1429 2678 1648 2719 carcere
1675 2663 1938 2722 liberatus

364 2747 662 2818 (Act.xu);
714 2757 770 2803 et
821 2749 936 2819 ipse
993 2749 1192 2807 Paulus
1218 2753 1425 2808 visione
1465 2754 1676 2809 Domini
1703 2765 1757 2811 et
1807 2771 1940 2813 voce

363 2837 712 2894 conﬁrmatus
739 2839 794 2894 in
852 2841 1051 2912 templo
1086 2842 1225 2914 (Act.
1285 2843 1446 2916 xxn).
1501 2846 1623 2902 Sive
1649 2857 1818 2902 autem
1851 2865 1942 2903 an-

361 2925 588 2997 gustiam
618 2929 851 2998 patimur
898 2947 992 3002 pro
1025 2939 1194 2987 vestra
1225 2933 1607 3001 exhortatione,
1665 2946 1712 2989 et
1747 2935 1935 2991 salute.

361 3019 495 3087 Quia
525 3035 623 3076 vos
653 3020 720 3075 ad
749 3021 976 3078 salutem
1005 3024 1307 3092 hortamur,
1345 3025 1460 3081 sive
1489 3035 1549 3082 ut
1581 3026 1735 3083 vobis
1755 3043 1936 3083 exem-

361 3111 507 3180 plum
554 3111 875 3167 tolerantiae
943 3113 1337 3184 praebeamus:
1407 3131 1530 3171 nam
1593 3116 1938 3174 manifestum

363 3210 464 3266 est,
503 3203 630 3272 quia
659 3218 758 3272 pro
787 3219 895 3274 quo
921 3204 1182 3274 patimur,
1227 3205 1340 3275 ipse
1371 3206 1525 3262 nobis
1553 3209 1708 3263 adest
1755 3222 1942 3264 conso-

363 3293 481 3347 laus
509 3309 628 3356 nos,
663 3309 758 3364 per
780 3293 1158 3350 liberationem
1206 3295 1441 3366 eripiens
1466 3312 1566 3353 nos
1594 3299 1659 3354 de
1688 3313 1939 3368 pressura

363 3385 668 3440 interventu
697 3419 704 3424 -
729 3384 1026 3455 majestatis
1056 3401 1185 3442 sute.
1259 3385 1379 3442 Sive
1425 3396 1600 3441 autem
1644 3403 1940 3458 pressuram

360 3475 614 3545 patimur,
661 3491 755 3544 pro
787 3482 955 3530 vestra
995 3474 1351 3530 exhortatione
1380 3485 1428 3530 et
1455 3475 1655 3530 salute:
1701 3492 1808 3530 sive
1845 3491 1937 3530 ex-

361 3563 713 3618 hortationem
757 3565 1139 3635 conscquimur,
1193 3581 1289 3635 pro
1344 3573 1512 3620 uestra
1554 3565 1937 3633 exhortatione,

359 3673 478 3726 qua:
508 3665 756 3726 operatur
789 3673 881 3726 per
924 3656 1228 3726 patientiam
1268 3656 1568 3711 earumdem
1614 3657 1939 3728 passionum,

361 3765 493 3818 quas
521 3757 567 3802 et
615 3763 710 3802 nos
764 3747 1016 3817 patimur.
1065 3757 1113 3802 et
1145 3763 1258 3818 spes
1315 3757 1493 3802 nostra
1538 3757 1679 3802 certa
1725 3757 1804 3802 est
1844 3762 1940 3818 pro

363 3837 525 3902 vobis,
553 3838 677 3907 quia
713 3837 906 3891 scimus
951 3837 1091 3908 quod
1119 3837 1165 3892 si
1202 3837 1330 3892 socii
1365 3839 1490 3894 estis
1523 3839 1941 3908 passionum,sic

363 3937 412 3980 et
445 3927 839 3982 consolationis.
885 3925 1223 3984 Generaliter
1249 3927 1508 3998 loquitur,
1557 3937 1618 3983 ut
1664 3927 1791 3996 quia
1821 3942 1939 3984 cre-

369 4016 612 4070 dentium
649 4030 812 4071 causa
842 4016 1242 4087 persecutiones
1281 4016 1622 4086 patiebantur
1650 4031 1680 4070 a
1720 4016 1942 4087 perﬁdis

365 4105 591 4174 subjecti
623 4105 834 4175 injuriis
860 4114 916 4161 et
942 4105 1201 4172 ctedibus,
1251 4105 1328 4161 sic
1369 4106 1562 4161 iterum
1610 4106 1808 4162 auxilio
1844 4105 1940 4161 Dei

365 4183 726 4254 liberarentur
773 4198 838 4253 ad
865 4198 1285 4254 consolationem
1326 4199 1660 4254 credentium
1691 4214 1760 4255 ne
1785 4215 1942 4256 scan-

366 4289 543 4343 dalum
593 4289 739 4358 passi
769 4304 800 4342 a
849 4289 954 4345 ﬁde
989 4279 1317 4355 exciderent,
1379 4290 1506 4361 quia
1553 4288 1760 4358 injuriae
1807 4304 1939 4360 apo-

366 4378 628 4434 stolorum
657 4381 984 4436 tentationes
1013 4388 1169 4436 erant
1200 4381 1554 4448 credentium,
1607 4367 1748 4437 sicut
1799 4381 1936 4437 scri-

365 4482 514 4544 ptum
553 4479 638 4527 est
691 4471 744 4526 in
775 4471 1034 4544 prepbeta
1065 4471 1326 4526 Zacharia
1357 4485 1371 4524 :
1408 4469 1708 4526 Percutiam
1767 4481 1942 4542 pasto-

367 4580 496 4626 rem,
529 4572 578 4616 et
622 4563 986 4632 dispergentur
1010 4577 1124 4616 oves
1152 4561 1320 4632 gregis
1359 4558 1544 4632 (Zaclt.
1573 4561 1714 4633 x1").
1743 4561 1944 4630 Quam¢

367 4655 449 4708 vis
479 4653 660 4708 futura
688 4653 912 4708 credant
941 4650 1146 4716 ﬁdeles,
1177 4659 1357 4706 tamen
1401 4652 1543 4708 inter
1571 4653 1685 4722 ipsa
1711 4653 1945 4722 primor-

368 4745 456 4799 dia
508 4757 776 4815 pressura:
826 4741 1052 4798 novellis
1099 4740 1304 4796 faciunt
1367 4739 1696 4808 scandalum,
1752 4750 1944 4812 putant

369 4836 512 4889 enim
545 4835 761 4888 inanem
815 4846 932 4888 esse
959 4830 1392 4902 promissionem,
1440 4827 1486 4884 si
1537 4827 1592 4883 vi
1628 4843 1942 4899 oppressum

368 4923 605 4978 viderint
655 4920 1058 4992 praedicantem.
1110 4916 1217 4973 Sed
1263 4917 1306 4973 si
1329 4916 1440 4985 jam
1476 4915 1663 4972 ﬁrmus
1711 4925 1792 4973 est
1819 4932 1936 4974 ere-

370 5017 522 5081 dens,
573 5013 900 5084 compatitur
948 5025 1068 5066 cum
1096 5023 1194 5065 suo
1231 5008 1506 5080 magistro,
1539 5007 1713 5064 ﬁdens
1741 5008 1808 5064 de
1847 5023 1943 5079 spe

371 5111 576 5178 futura,
607 5119 670 5165 ut
696 5109 853 5165 simul
897 5106 1227 5170 consoletur,
1256 5119 1379 5160 cum
1410 5119 1517 5175 quo
1544 5113 1600 5160 et
1627 5103 1847 5175 patitur.

444 5201 571 5257 Non
591 5202 729 5256 enim
773 5198 1010 5253 volumus
1036 5198 1277 5268 ignorare
1311 5211 1424 5261 vos,
1454 5195 1666 5265 fratres,
1691 5193 1755 5250 de
1799 5209 1945 5265 pres-

371 5312 496 5350 sura
523 5301 722 5358 nostra,
740 5306 859 5362 qua:
887 5290 1030 5360 facta
1047 5298 1122 5344 est
1147 5289 1202 5343 in
1223 5288 1371 5354 Asia,
1391 5289 1516 5358 quia
1544 5302 1703 5357 supra
1730 5286 1942 5340 modum

372 5385 576 5456 gravati
618 5398 799 5438 sumus
846 5395 1006 5452 supra
1053 5380 1314 5444 uirtutem,
1363 5379 1440 5432 ita
1493 5387 1548 5431 ut
1593 5375 1801 5431 ttcderet
1852 5390 1945 5429 nos

373 5478 532 5531 etiam
576 5477 763 5531 vivere.
820 5474 944 5530 Ideo
997 5473 1276 5544 passiones
1325 5485 1701 5542 pressurarum
1746 5469 1946 5526 indicat

375 5580 542 5634 prope
577 5572 754 5634 usque
785 5563 853 5618 ad
892 5571 1121 5618 mortem
1171 5561 1381 5626 allatas,
1427 5570 1487 5616 ut
1526 5559 1780 5616 ostendat
1821 5575 1944 5630 qua:

378 5655 520 5713 mala
548 5655 738 5713 salutis
763 5653 974 5714 illorum
1003 5667 1176 5728 causa
1213 5651 1572 5724 patiebantur,
1604 5659 1795 5712 utnon
1817 5667 1941 5723 gra-

1964 4429 2017 4490 D

2048 1843 2153 1911 Qui
2180 1843 2245 1899 de
2281 1845 2440 1899 tantis
2467 1845 2714 1916 periculis
2735 1845 2927 1916 eripuit
2959 1863 3052 1902 nos
3091 1857 3140 1902 et
3163 1850 3301 1903 eruit
3330 1865 3349 1905 :
3383 1851 3620 1919 inquam

2044 1951 2334 2006 speramus,
2373 1936 2620 2006 quoniam
2649 1945 2699 1990 et
2723 1936 2896 1990 adhuc
2923 1937 3121 2008 eripiet,
3155 1939 3522 2009 adjuvantibus
3567 1951 3618 1996 et

2044 2023 2184 2079 vobis
2211 2025 2267 2079 in
2302 2025 2536 2086 oratione
2570 2041 2666 2095 pro
2695 2025 2842 2080 nobis
2877 2036 2931 2080 ut
2953 2042 3018 2080 ea:
3060 2026 3340 2082 multorum
3385 2031 3619 2100 personis

2043 2113 2158 2184 ejus
2190 2131 2307 2186 quin
2355 2115 2412 2170 in
2439 2114 2586 2170 nobis
2637 2125 2712 2171 est
2751 2117 3047 2172 donationis
3091 2134 3184 2188 per
3207 2118 3397 2175 multos
3435 2122 3620 2192 gratite

2044 2215 2269 2276 agantur
2312 2222 2407 2276 pro
2451 2205 2619 2260 nobis.
2665 2206 2779 2262 Hoc
2827 2207 2978 2274 dicit,
3032 2209 3284 2278 quoniam
3318 2210 3491 2280 gratia
3521 2210 3618 2266 Dei

2043 2293 2333 2349 multorum
2362 2310 2526 2351 causa
2546 2294 2821 2353 consolata
2859 2305 2942 2352 est
2967 2296 3260 2367 apostolos,
3295 2298 3350 2354 id
3375 2308 3489 2365 est,
3503 2314 3621 2355 om-

2041 2388 2190 2444 nium
2204 2387 2562 2456 credentium,
2593 2403 2822 2459 quorum
2838 2402 3001 2444 causa
3014 2396 3068 2444 et
3079 2402 3349 2458 pressura:
3382 2389 3462 2446 eis
3473 2389 3618 2460 inge-

2041 2479 2264 2534 rebantu
2272 2477 2403 2533 r.Ac
2413 2493 2511 2548 per
2525 2479 2628 2535 hoc
2641 2478 2765 2548 quia
2778 2477 3016 2533 omnium
3033 2493 3195 2534 causa
3207 2480 3493 2547 est,cuncti
3506 2479 3619 2536 Deo

2041 2568 2243 2640 gratias
2272 2568 2531 2635 referant,
2561 2584 2683 2624 cum
2705 2576 2881 2624 cessat
2904 2568 3151 2634 tentatio,
3180 2580 3274 2624 aut
3297 2569 3492 2634 oritur,
3545 2571 3617 2625 si-

2039 2661 2151 2717 mul
2176 2661 2550 2719 obsecrentur.
2577 2660 2762 2718 Gloria
2785 2663 2922 2717 enim
2948 2671 3126 2717 nostra
3155 2663 3266 2719 hac
3285 2673 3361 2719 est
3387 2664 3618 2742 testimo-

2042 2755 2184 2809 nium
2209 2755 2538 2809 conscientia:
2561 2763 2772 2808 nostra’.
2801 2752 2913 2810 lIoc
2933 2754 3086 2819 dicit,
3115 2755 3240 2824 quia
3266 2754 3332 2810 de
3360 2769 3458 2810 sua
3485 2769 3616 2810 con-

2021 2844 2264 2908 scientia
2305 2846 2722 2914 praesumebant,
2762 2859 2881 2914 quae
2915 2861 3050 2914 pura
3091 2854 3209 2900 erat
3243 2846 3312 2901 ab
3356 2846 3502 2901 omni
3537 2846 3613 2902 si-

2040 2933 2354 2998 mulatione,
2395 2932 2742 3004 quamobrem
2777 2935 2844 2988 de
2873 2933 2968 2996 Dei
3016 2935 3230 2990 auxiliis
3258 2949 3364 2990 non
3411 2935 3618 2991 diliide-

2039 3025 2190 3080 bant.
2232 3021 2438 3095 (Greg.)
2468 3021 2668 3078 Sancta
2703 3023 2941 3078 Ecclesia
2992 3025 3046 3078 in
3084 3023 3375 3095 Evangelio
3397 3023 3612 3096 (Matth.

2045 3115 2172 3188 xxv)
2213 3115 2401 3172 decem
2453 3115 2755 3187 virginibus
2788 3115 2982 3172 similis
3017 3115 3389 3192 denuntiatur,
3421 3117 3477 3173 in
3504 3132 3612 3188 qua

2043 3206 2171 3276 quia
2213 3204 2339 3260 mali
2375 3219 2496 3260 cum
2517 3205 2676 3260 bonis
2702 3213 2757 3260 et
2781 3205 2994 3275 reprobi
3022 3221 3144 3261 cum
3171 3205 3358 3262 electis
3386 3205 3616 3264 admixti

2029 3305 2185 3376 sunt,
2231 3303 2378 3351 recte
2402 3294 2595 3351 similis
2622 3294 2922 3366 virginibus
2960 3295 3312 3365 prudentibus
3347 3304 3404 3351 et
3453 3293 3619 3352 fatuis

2041 3402 2161 3443 esse
2189 3386 2541 3456 perhibetur:
2575 3393 2702 3441 sunt
2728 3400 2962 3456 namque
2983 3385 3227 3457 plerique
3253 3386 3612 3450 continentes,

2041 3475 2133 3544 qui
2161 3476 2230 3531 ab
2269 3473 2525 3530 exteriori
2559 3489 2618 3529 se
2662 3473 2902 3545 appetitu
2929 3473 3261 3542 custodiunt,
3307 3483 3363 3530 et
3396 3488 3492 3544 spe
3544 3475 3614 3531 ad

2042 3565 2304 3622 interiora
2340 3566 2640 3637 rapiuntur,
2671 3580 2888 3622 carnem
2917 3573 3215 3631 macerant,
3247 3573 3302 3621 et
3333 3573 3445 3620 toto
3476 3564 3619 3620 desi-

2041 3658 2192 3714 derio
2229 3659 2295 3713 ad
2327 3672 2614 3728 supernam
2638 3657 2868 3726 patriam
2918 3657 3192 3724 anhelant,
3231 3667 3432 3713 aeterna
3479 3672 3618 3728 prte-

2025 3745 2148 3803 'mia
2186 3755 2464 3818 expetunt,
2517 3761 2617 3816 pro
2661 3746 2937 3802 laboribus
2979 3746 3092 3802 suis
3146 3743 3387 3817 recipere
3431 3745 3618 3802 laudes

2041 3839 2306 3894 humanas
2331 3836 2535 3902 nolunt,
2574 3837 2628 3891 bi
2669 3836 2919 3891 nimirum
2965 3836 3189 3908 gloriam
3235 3852 3388 3893 suam
3409 3851 3513 3890 non
3559 3836 3616 3891 in

2040 3944 2135 3984 ore
2155 3930 2432 3985 hominum
2458 3935 2685 3998 ponunt,
2717 3927 2810 3983 sed
2839 3927 2980 3982 intra
3009 3927 3395 3983 conscientiam
3434 3934 3618 3982 conte-

2043 4026 2206 4090 gunt;
2232 4025 2288 4072 et
2307 4026 2434 4072 sunt
2450 4016 2691 4087 plerique
2735 4015 2829 4084 qui
2867 4029 3060 4085 corpus
3089 4029 3186 4086 per
3233 4015 3616 4069 abstinentiam

2042 4108 2304 4178 afﬂigunt,
2336 4108 2428 4162 sed
2441 4107 2506 4161 dc
2531 4106 2646 4176 ipsa
2669 4119 2766 4160 sua
2787 4105 3112 4160 abstinentia
3129 4106 3393 4160 humanos
3405 4103 3618 4161 favores

2041 4207 2318 4270 expetunt,
2345 4196 2603 4254 doctrina:
2619 4195 2938 4260 inserviunt,
2953 4193 3316 4266 indigentibus
3327 4192 3492 4248 multa
3507 4193 3618 4249 lar-

2041 4291 2278 4363 giuntur,
2293 4289 2385 4347 sed
2401 4287 2814 4359 fatuteprol'ecto
2857 4287 3248 4359 suntvtrgines,
3281 4287 3409 4358 quia
3444 4287 3616 4343 solam

2039 4382 2216 4439 laudis
2257 4381 2584 4439 transitoria:
2621 4379 3032 4436 retributionem
3079 4387 3348 4449 quterunt,
3388 4379 3529 4434 unde
3561 4386 3618 4435 et

2042 4481 2226 4544 aperte
2239 4471 2514 4528 subditur:
2535 4470 2774 4542 Quinque
2787 4469 2950 4540 future
2963 4485 3066 4524 non
3080 4477 3410 4539 sumpserunt
3444 4466 3616 4524 oleum

2041 4579 2236 4628 secum,
2253 4561 2532 4633 prudentes
2548 4569 2721 4614 autem
2737 4566 3043 4630 acceperunt
3067 4558 3238 4612 oleum
3272 4558 3327 4612 in
3344 4557 3482 4613 vasis
3506 4557 3623 4612 suis

2043 4661 2162 4708 cum
2185 4650 2646 4722 lampadibus,per
2672 4647 2851 4705 oleum
2873 4648 3070 4718 quippe
3095 4648 3240 4702 nitor
3265 4647 3450 4719 gloria:
3469 4647 3616 4702 desi-

2043 4749 2256 4814 gnatur,
2301 4740 2518 4797 vascula
2558 4747 2738 4796 autem
2788 4747 2973 4794 nostra
3017 4746 3144 4793 sunt
3197 4739 3388 4804 corda,
3415 4737 3469 4792 in
3499 4737 3620 4808 qui-

2042 4833 2146 4888 bus
2199 4829 2426 4886 ferimus
2475 4837 2671 4884 cuneta
2740 4843 2862 4899 quae
2930 4829 3251 4900 cogitamus.
3318 4827 3620 4884 Prudentes

2044 4936 2174 4978 vero
2213 4920 2388 4978 oleum
2442 4920 2498 4976 in
2541 4921 2688 4976 vasis
2735 4919 2956 4987 habent,
3001 4920 3126 4989 quia
3157 4919 3390 4975 nitorem
3432 4919 3619 4991 gloria:

2046 5015 2190 5070 intra
2231 5013 2619 5071 conscientiam
2648 5019 2853 5078 tenent,
2884 5011 3052 5067 Paulo
3071 5019 3360 5068 attestante
3380 5011 3472 5082 qui
3493 5009 3614 5066 ait:

2047 5101 2230 5160 Gloria
2258 5113 2436 5160 nostra
2462 5102 2574 5157 [nec
2594 5111 2668 5157 est
2686 5102 3034 5157 testimonium
3053 5103 3380 5158 conscientia:
3391 5110 3618 5158 nostra:

2047 5193 2210 5250 fatua:
2264 5202 2443 5248 autem
2481 5191 2719 5264 virgines
2757 5192 2933 5249 oleum
2987 5207 3170 5248 secum
3220 5207 3328 5247 non
3375 5198 3616 5258 sumunt,

2048 5284 2174 5355 quia
2227 5283 2452 5354 gloriam
2481 5281 2626 5338 intra
2661 5281 3049 5340 conscientiam
3094 5297 3199 5338 non
3233 5281 3456 5343 habent,
3490 5295 3618 5336 num

2045 5377 2186 5434 hanc
2198 5377 2266 5433 ab
2276 5392 2372 5433 ore
2383 5377 2748 5449 proximorum
2765 5385 3034 5448 quierunt.
3068 5375 3207 5442 Quia
3222 5377 3277 5430 in
3288 5374 3620 5446 simplicitate

2043 5479 2092 5525 et
2107 5469 2426 5532 sinceritate,
2441 5469 2611 5524 nonin
2630 5469 2886 5539 sapientia
2899 5468 3124 5532 carnali,
3149 5468 3239 5522 sed
3260 5467 3314 5521 in
3327 5465 3500 5536 gratia
3521 5463 3619 5517 Dei

2045 5561 2330 5615 conversati
2345 5577 2525 5616 sumus
2549 5562 2603 5616 in
2625 5561 2720 5615 hoc
2737 5560 2953 5626 mundo,
2977 5559 3329 5614 abundantius
3350 5565 3524 5610 autem
3547 5556 3618 5607 ad

2044 5669 2152 5709 vos.
2181 5651 2386 5725 (Amb.)
2413 5653 2536 5710 llaec
2569 5662 2651 5712 est
2696 5652 2866 5724 gloria
2906 5649 3249 5709 conscientia:
3278 5660 3441 5717 quam
3463 5642 3620 5700 dixit
