4082 6332
429 257 538 314 165

1060 259 1125 316 Β.
1165 261 1424 318 RABANI
1459 261 1684 320 MAUBI
1715 261 2036 320 ARCHTEP.
2075 261 2392 322 HOGUNT.
2431 262 2726 321 (PERUII
2753 263 2938 321 PARS
2971 265 3058 322 ΙΗ.

3601 272 3708 329 164

427 374 749 445 simplicitas
776 379 833 430 et
874 373 1185 442 sinceritas,
1211 383 1270 430 et
1303 375 1428 447 quia
1452 376 1571 452 haec
1607 376 1674 432 de
1704 376 1801 432 Dei
1821 377 2015 433 doctri—
2039 385 2096 446 Α
2119 386 2230 447 tur,
2255 379 2417 450 quod;
2433 378 2724 450 Apostolus
2737 395 2954 452 semper
2978 381 3201 450 sprevit.
3239 381 3496 452 Spiritalc
3519 395 3712 445 ante.

427 482 498 520 na
525 474 673 532 sunt,
702 463 926 535 adjecit,
959 484 980 518 t
1011 481 1120 521 non
1163 465 1218 521 in
1261 466 1527 536 sapientia
1561 468 1786 534 carnali,
1814 468 1910 522 sed
1954 468 2009 522 in

425 557 602 626 gratia
639 555 767 622 Dei;
809 575 829 608 υ
875 562 936 610 ιιι
966 555 1281 611 ostenderet
1310 572 1418 612 non
1449 557 1697 613 humana:
1735 557 2014 627 sapientia:

439 645 536 700 sed
564 645 902 714 Evangelicee
933 646 1307 715 prtedicationi
1355 647 1585 702 liberam
1629 663 1689 704 se
1731 647 2014 704 conscien-

431 735 563 790 tiam
606 735 938 792 exhibuisse.
985 737 1270 792 Przeterita
1297 737 1544 805 refricat,
1597 739 1703 795 hoc
1743 738 1888 794 enim
1943 739 2016 794 si-

345 826 354 835 '
429 825 687 898 gniﬁcat,
729 828 874 896 quod
925 827 982 882 in
1042 827 1221 898 prima
1265 828 1493 898 epistola
1525 829 1726 900 arguit
1776 828 2014 884 fucatam

423 915 866 984 praedicationem
924 913 1082 986 juxta
1131 917 1429 972 humanum
1486 932 1705 972 sensum
1753 926 2012 989 aptatam,

424 1007 583 1077 cujus
612 1010 996 1079 praedicatores
1025 1007 1225 1079 duplici
1262 1009 1539 1080 generein
1583 1009 1848 1080 sapientia
1889 1025 2013 1066 cars

428 1100 549 1155 nali;
589 1109 828 1166 accusat,
862 1100 987 1171 quia
1026 1108 1081 1154 et
1098 1098 1256 1168 juxta
1281 1099 1468 1155 mundi
1504 1114 1725 1155 sensum
1756 1100 2018 1170 praedica-

425 1190 579 1256 bant,
608 1205 678 1245 ne
700 1189 856 1246 facile
896 1189 1234 1245 offenderent
1256 1188 1504 1244 homines
1516 1197 1572 1244 et
1591 1196 1831 1259 quaestus
1853 1203 2016 1244 causa

426 1281 533 1337 hoc
571 1283 804 1352 agebant
859 1282 1094 1353 propriis
1140 1281 1307 1338 lucris
1363 1281 1674 1338 carnalibus
1714 1283 2013 1338 studentes.

430 1371 587 1428 Unde
649 1381 707 1428 et
763 1373 1054 1444 Apostolus
1101 1387 1379 1443 nunquam
1438 1389 1470 1428 a
1517 1372 1814 1429 Corinthiis
1868 1359 2018 1432 sum-

429 1472 556 1536 ptus
605 1464 777 1520 voluit
832 1466 1100 1535 accipere,
1155 1479 1226 1520 ne
1279 1464 1366 1520 his
1440 1465 1780 1522 occasionem
1837 1463 2014 1530 daret,

428 1569 496 1610 eo
535 1555 679 1624 quod
741 1555 935 1610 similis
993 1554 1074 1609 eis
1115 1560 1262 1609 esset
1321 1553 1379 1608 in
1437 1555 1542 1610 hac
1598 1569 1678 1609 re.
1724 1553 1863 1609 Hinc
1907 1561 2014 1619 est,

426 1647 575 1712 quod
604 1648 757 1714 dicit,
796 1668 815 1700 ι
845 1647 1207 1703 abundantius
1243 1646 1504 1718 apudrvos
1557 1645 1878 1716 simpliciter
1929 1661 2018 1702 su-

2114 478 2243 528 tunc
2272 473 2590 544 dispositum
2630 488 2740 528 non
2771 473 3048 546 impletur,
3094 476 3310 544 quando
3335 477 3713 547 providentius

2115 563 2319 636 aliquid
2341 581 2441 635 pro
2470 565 2641 622 salute
2666 565 2857 621 animae
2884 567 3202 634 meditatur,
3232 568 3373 624 sicut
3403 578 3458 626 et
3475 570 3712 642 Aposto-

2113 656 2198 713 lus
2241 658 2362 714 ideo
2404 673 2513 714 non
2565 657 2808 728 implevit
2838 659 2984 729 quod
3023 660 3288 730 voluerat,
3333 670 3394 717 ut
3451 680 3550 734 per
3604 666 3712 722 hoc

2117 748 2295 822 ipsum
2325 751 2578 806 meliores
2597 749 2971 818 efﬁcerentur,
3001 752 3238 809 scientes
3263 753 3386 810 ideo
3435 756 3715 814 distulisse

2115 856 2262 908 eum,
2299 843 2427 913 quia
2454 843 2673 912 quidam
2719 842 2895 898 adhuc
2919 843 3062 898 inter
3095 858 3189 900 eos
3217 859 3325 899 non
3365 859 3426 900 se
3453 847 3714 916 puriﬁca-

2114 941 2314 989 verant
2365 948 2395 988 a
2418 933 2678 1003 peccatis.
2717 931 2788 986 Ut
2813 933 2907 999 sit,
2934 932 3134 1003 inquit,
3165 933 3308 1003 apud
3351 951 3452 1000 me,
3483 947 3576 1004 est,
3611 948 3709 1002 est,

2116 1040 2244 1092 non,
2273 1041 2400 1092 non,
2425 1025 2530 1080 hoc
2558 1023 2830 1094 signiﬁcat
2853 1026 2981 1096 quia
3010 1041 3120 1082 non
3144 1027 3291 1084 aliud
3313 1028 3426 1099 egit
3447 1045 3614 1099 quam
3639 1031 3718 1087 sit

2117 1117 2404 1187 agendum,
2453 1116 2581 1188 quia
2619 1115 2824 1172 utilitas
2859 1119 3236 1188 anteponenda
3291 1128 3376 1176 est
3420 1119 3714 1176 voluntati.

2118 1205 2219 1264 Hic
2266 1223 2461 1263 sensus
2502 1207 2764 1279 spiritalis
2807 1216 2892 1264 est
2941 1227 2955 1262 :
3004 1211 3243 1267 carnalis
3289 1220 3466 1268 autem
3519 1229 3721 1270 sensus

2119 1299 2200 1356 sic
2236 1309 2510 1366 mutatur,
2551 1309 2614 1355 ut
2647 1306 2943 1370 anteponat
2969 1302 3302 1359 voluntatem
3333 1303 3576 1360 utilitati.
3616 1303 3720 1359 Fi-

2119 1393 2252 1449 delis
2293 1404 2469 1448 autem
2516 1392 2658 1448 Deus
2696 1393 2824 1464 quia
2870 1409 3041 1448 sermo
3083 1407 3260 1450 noster
3297 1397 3389 1466 qui
3429 1395 3529 1465 fuit
3569 1397 3720 1466 apud

2119 1483 2338 1538 vos'non
2372 1494 2448 1538 est
2472 1483 2528 1537 in
2552 1481 2666 1550 illo,
2691 1492 2765 1537 est
2790 1491 2985 1538 etnon.
3019 1482 3126 1539 Sed
3147 1494 3222 1539 est
3245 1483 3446 1550 iniillu,
3476 1496 3572 1540 est.
3599 1485 3720 1542 Hoc

2119 1580 2204 1628 est
2229 1573 2373 1644 quod
2417 1573 2549 1628 dicit
2575 1581 2632 1628 et
2657 1572 2726 1627 ad
2747 1571 2967 1628 Galatas
2999 1591 3012 1628 :
3057 1572 3117 1628 Si
3149 1590 3267 1644 quae
3311 1573 3568 1638 destruxi,
3601 1575 3721 1630 hinc

2120 1663 2303 1717 eadem
2331 1662 2562 1731 aediﬁco,
2584 1661 3046 1732 prteuaricatorem
3077 1679 3158 1717 me
3177 1661 3595 1734 constituo(Gal.
3625 1663 3718 1736 ιι).

427 1753 550 1794 mus
589 1739 914 1804 conversati,
958 1757 977 1790 ι
1010 1737 1139 1808 quia
1187 1737 1572 1793 cum‘abvaliis
1617 1732 1912 1807 accbperit,
1951 1735 2020 1790 ab

2123 1752 2248 1810 Ideo
2273 1768 2403 1824 ergo
2427 1752 2642 1808 fidelem
2667 1753 2722 1807 in
2748 1767 2807 1808 se
2829 1752 3077 1808 dicit.Dei
3098 1732 3562 1824 praedicationem,
3583 1732 3722 1809 nam

426 1831 514 1888 his
555 1831 746 1898 noluit,
776 1845 845 1886 ne
883 1829 1143 1900 arguendi
1182 1844 1278 1885 eos
1311 1829 1693 1884 auctoritatem
1720 1827 2016 1883 amitteret.

427 1921 554 1977 Non
576 1924 713 1976 enim
737 1921 846 1976 alia
878 1921 1184 1991 scripsimus
1239 1919 1408 1986 vobis,
1457 1935 1617 1990 quam
1661 1934 1778 1989 quae
1825 1917 2020 1989 legistis

425 2021 477 2068 et
515 2013 847 2083 cognoscitis.
879 2011 956 2066 Ea
987 2025 1046 2065 se
1073 2009 1206 2065 dicit
1228 2010 1490 2074 scribere,
1548 2024 1668 2078 quae
1709 2023 1817 2062 non
1846 2007 2020 2063 solum

426 2101 626 2156 litteris
669 2108 980 2166 cernerent,
1036 2099 1130 2155 sed
1163 2106 1220 2153 et
1265 2098 1522 2169 operibus
1569 2096 1686 2166 ejus
1734 2097 2022 2152 manifesta

426 2192 713 2260 haberent,
772 2201 833 2247 ut
880 2191 1141 2263 probaret
1185 2204 1249 2245 ea
1296 2203 1415 2259 quae
1457 2189 1698 2258 loquitur
1745 2188 1913 2258 gestis
1963 2203 2024 2243 se

429 2285 683 2356 implere,
729 2285 926 2356 quibus
986 2279 1412 2351 uniuscujusque
1465 2295 1621 2336 mens
1674 2288 1729 2335 et
1777 2279 2023 2350 proposi-

427 2383 545 2430 tum
566 2375 756 2431 discat.
789 2373 952 2445 Spero
990 2383 1164 2427 autem
1189 2371 1329 2443 quod
1374 2387 1538 2443 usque
1570 2370 1624 2423 in
1652 2370 1810 2439 ﬁnem
1834 2385 2026 2440 cogno-

435 2465 603 2532 scitis,
635 2466 771 2519 sicut
800 2473 848 2518 et
891 2463 1204 2534 cognovistis
1255 2477 1348 2516 nos
1391 2477 1457 2515 ea:
1488 2469 1656 2530 parte,
1697 2461 1822 2530 quia
1855 2459 2024 2530 gloria

431 2567 600 2611 uestra
628 2571 831 2620 sumus,
859 2555 994 2608 sicut
1033 2563 1081 2608 et
1105 2568 1192 2607 vos
1219 2561 1401 2606 nostra
1448 2551 1503 2605 in
1527 2550 1612 2604 die
1637 2550 1853 2604 Domini
1891 2547 2024 2603 Iesu

433 2646 648 2703 Christi.
677 2646 949 2702 Proﬁcere
979 2645 1099 2701 illos
1146 2651 1330 2714 sperat
1356 2659 1423 2698 ex
1461 2657 1548 2708 eo,
1588 2641 1730 2712 quod
1763 2639 1876 2709 jam
1907 2654 2024 2694 ete-

431 2746 628 2810 perant
652 2737 909 2800 meliores
939 2735 1096 2801 eﬁici,
1125 2734 1341 2804 cognito
1368 2731 1565 2788 aﬁ‘ectu
1598 2733 1744 2787 circa
1793 2745 1852 2785 se
1881 2729 2025 2800 Apo-

432 2829 580 2895 stoli,
608 2836 663 2884 et
685 2828 1060 2898 gloriabantur
1080 2825 1135 2879 in
1165 2840 1231 2880 eo
1251 2825 1398 2879 velut
1419 2823 1514 2878 ﬁlii
1538 2825 1591 2878 in
1620 2831 1774 2892 patre
1816 2821 2025 2876 charis-

432 2919 593 2984 simo,
615 2921 758 2974 unde
786 2927 840 2973 et
864 2916 1154 2988 Apostolus
1178 2916 1406 2987 gloriam
1435 2931 1586 2971 suam
1599 2915 1771 2970 videri
1795 2921 2026 2968 testatur

433 3007 489 3063 in
521 3007 662 3063 ﬁlios
709 3007 1045 3072 obedientcs,
1088 3013 1143 3061 et
1196 3014 1325 3060 tunc
1355 3005 1552 3059 debere
1581 3003 1754 3058 videri
1802 3001 2021 3072 quando

432 3098 671 3168 prodest,
702 3097 754 3152 id
777 3105 882 3162 est,
909 3097 966 3150 in
999 3096 1085 3150 die
1104 3094 1294 3165 judicii
1318 3093 1434 3148 Dei.
1463 3093 1577 3149 Hoc
1599 3093 1806 3158 dicens,
1835 3104 2023 3162 perse-
2051 3099 2098 3163 ο

434 3191 730 3246 verandum
761 3196 966 3243 monet.

505 3289 576 3344 Et
595 3291 694 3344 hac
718 3290 918 3360 ﬁducia
957 3288 1222 3344 volueram
1245 3288 1392 3359 prius
1420 3289 1591 3344 venire
1626 3289 1697 3343 ad
1722 3305 1810 3343 vos
1834 3296 1890 3342 ut
1937 3304 2022 3342 se-

434 3381 661 3437 cundum
703 3382 930 3452 gratiam
977 3380 1258 3443 haberetis,
1299 3389 1348 3434 et
1393 3396 1487 3450 per
1529 3396 1616 3434 vos
1643 3381 1924 3433 transirem
1967 3379 2024 3433 in

436 3471 823 3535 Macedoniam,
853 3481 900 3526 et
921 3473 1110 3526 iterant
1148 3488 1180 3524 a
1215 3470 1528 3524 Macedonia
1556 3472 1780 3526 venirent
1808 3470 1877 3525 ad
1911 3486 2020 3536 vos,

433 3579 480 3619 et
505 3583 536 3619 a
563 3565 704 3620 vobis
725 3563 912 3618 deduci
928 3565 980 3618 in
995 3563 1266 3618 Jttdteam.
1292 3562 1416 3618 llaec
1439 3564 1634 3618 ﬁducia
1656 3579 1724 3618 ex
1737 3563 2024 3619 emendata

435 3664 519 3712 est
557 3656 668 3710 vita
714 3655 949 3710 illorum.
1007 3652 1128 3708 Jam
1159 3655 1304 3708 enim
1330 3663 1387 3709 et
1425 3655 1740 3710 desiderare
1791 3671 1850 3710 se
1903 3656 2025 3711 illos

436 3747 726 3820 signiﬁcat,
755 3762 892 3818 quos
924 3755 1048 3801 ante
1075 3745 1358 3817 indignum
1400 3752 1521 3800 erat
1571 3745 1773 3801 videre.
1803 3745 2024 3800 Plenam

435 3855 566 3911 ergo
593 3840 822 3913 gratiam
846 3838 1162 3894 habuissent
1181 3838 1248 3893 de
1278 3837 1510 3892 adventu
1538 3837 1671 3908 ejus,
1691 3839 1816 3908 quia
1846 3839 2023 3910 imago

435 3942 522 3990 est
549 3931 799 4003 epistola,
821 3931 1108 4002 praesentia
1138 3939 1319 3985 autem
1348 3930 1568 3985 veritas.
1595 3929 1711 3984 Non
1733 3939 1816 3985 cst
1843 3930 2024 4002 itaque

434 4025 693 4090 otiosum,
736 4022 864 4094 quia
905 4021 1140 4078 voluerit
1165 4023 1244 4077 ire
1273 4029 1328 4076 et
1357 4037 1465 4076 non
1501 4022 1582 4086 iit,
1621 4021 1848 4091 intelligi
1877 4023 2024 4078 enim

433 4114 549 4170 vult
574 4129 695 4169 esse
715 4113 926 4182 aliquos
953 4113 1095 4168 inter
1118 4127 1232 4179 eos,
1257 4127 1488 4182 quorum
1504 4126 1670 4167 causa
1695 4110 2024 4167 voluntatem

435 4221 590 4262 suam
665 4221 774 4262 non
828 4203 1089 4275 implevit,
1136 4211 1194 4257 ut
1240 4202 1482 4258 adhibita
1550 4217 1715 4272 opera
1763 4201 2022 4272 puriﬁca-

435 4309 646 4358 rentur.

508 4409 626 4465 Hoc
646 4425 768 4480 ergo
790 4417 1046 4479 cogitans,
1074 4407 1310 4478 nunquid
1344 4405 1549 4460 levitate
1595 4421 1722 4460 usus
1765 4421 1906 4470 sum,
1930 4414 2023 4461 aut

433 4517 554 4574 qua
579 4502 749 4572 cogito
781 4499 1067 4554 secundum
1091 4513 1302 4552 carnem
1336 4497 1504 4566 cogito
1523 4535 1540 4561 ,
1573 4505 1630 4550 ut
1662 4496 1728 4550 sit
1755 4496 1897 4567 apud
1920 4514 2020 4564 me,

435 4601 536 4659 est,
562 4601 659 4659 est,
695 4607 820 4657 non,
861 4607 985 4644 non.
1025 4589 1292 4656 Quoniam
1329 4587 1486 4652 dixit,
1537 4586 1812 4643 volueram
1840 4588 2025 4643 venire

437 4683 508 4740 ad
548 4697 666 4748 vos,
714 4690 772 4737 et
810 4697 918 4736 non
962 4681 1044 4747 iit,
1083 4679 1310 4741 idcirco,
1359 4678 1594 4750 nunquid
1647 4678 1852 4733 levitate
1893 4697 2022 4734 usus

435 4792 576 4842 sum,
604 4774 803 4846 inquit,
842 4783 934 4828 aut
964 4789 1080 4846 qua:
1102 4772 1270 4842 cogito
1300 4772 1587 4825 secundum
1615 4788 1825 4827 carnem
1853 4773 2024 4842 cogito

436 4876 496 4922 ut
536 4868 606 4922 sit
641 4866 782 4936 apud
803 4882 883 4921 me
913 4874 987 4919 est
1017 4872 1064 4919 et
1097 4880 1223 4918 non.
1258 4862 1338 4919 Ac
1363 4863 1410 4918 si
1444 4869 1626 4934 aperte
1649 4863 1794 4919 dicat
1819 4863 2025 4921 idcirco

437 4957 816 5014 mutabilitatis
836 4972 968 5012 aura
984 4973 1089 5013 non
1115 4967 1348 5022 moveat,
1363 4957 1488 5027 quia
1510 4955 1744 5014 levitatis
1761 4958 1895 5013 vitio
1914 4973 2024 5014 non

436 5051 753 5118 succumbo,
768 5050 895 5120 quia
909 5049 1123 5104 videtur
1140 5050 1233 5120 qui
1246 5050 1378 5105 dicit
1389 5049 1610 5119 aliquid,
1624 5059 1680 5104 et
1691 5066 1799 5108 non
1810 5050 1940 5106 facit
1955 5051 2024 5107 le-

435 5140 607 5196 vitate
618 5140 717 5196 uti.
731 5140 856 5197 Ideo
870 5155 936 5195 ne
947 5138 1088 5196 forte
1100 5140 1244 5195 istud
1255 5142 1320 5195 de
1332 5139 1589 5210 Apostolo
1602 5141 1804 5202 arbitra
1811 5150 2019 5210 rentur,

439 5233 545 5290 hoc
564 5241 782 5304 purgat,
817 5234 943 5304 quia
961 5249 1068 5290 non
1104 5233 1249 5288 istud
1273 5233 1484 5301 leviter,
1505 5235 1601 5290 sed
1624 5251 1747 5290 cum
1791 5234 2019 5290 consilio

438 5323 606 5389 fecit,
655 5333 717 5380 ut
785 5339 894 5380 non
953 5325 1201 5394 impleret
1269 5326 1415 5395 quod
1479 5326 1840 5398 disposuerat.
1918 5326 2023 5380 Aut

438 5418 675 5488 nunquid
700 5434 818 5490 qua:
841 5419 1030 5489 cogito,
1056 5418 1253 5489 inquit,
1270 5419 1555 5473 secundum
1577 5435 1788 5474 carnem
1809 5417 1978 5488 cogito
2000 5417 2025 5471 ?

438 5510 536 5581 qui
591 5509 736 5565 enim
794 5512 1090 5566 secundum
1152 5526 1370 5566 carnem
1425 5511 1659 5582 cogitat,
1729 5521 1855 5566 tunc
1913 5524 2022 5564 non

439 5599 628 5672 implet
655 5618 776 5673 quae
805 5603 1060 5673 disponit,
1115 5604 1330 5674 quando
1357 5613 1451 5658 aut
1477 5603 1724 5674 personis
1751 5601 2025 5674 ampliori-

441 5691 544 5749 bus
565 5693 756 5764 defert,
800 5703 892 5751 aut
915 5704 1063 5752 certe
1089 5695 1274 5762 lucris,
1320 5707 1413 5750 aut
1452 5697 1801 5765 apparatibus
1857 5694 2024 5750 vinci-

2047 4455 2102 4516 D

2123 1846 2242 1902 haec
2287 1844 2496 1902 faciunt
2539 1845 2871 1913 adulatores,
2919 1845 3232 1917 frequenter
3257 1847 3404 1902 enim
3434 1862 3504 1903 ne
3532 1848 3720 1904 homi-

2122 1952 2222 1992 nes
2287 1936 2609 2002 oﬁ'cndant,
2672 1952 2792 2006 qute
2863 1951 2993 1991 vera
3066 1945 3194 1992 sunt
3263 1937 3718 2008 prmtermittunt.

2122 2027 2224 2082 Dei
2247 2029 2382 2083 enim
2413 2026 2587 2082 Filius
2607 2027 2764 2082 Jesus
2801 2026 3041 2082 Christus
3084 2029 3174 2098 qui
3208 2029 3262 2082 in
3311 2029 3453 2083 uobis
3497 2045 3592 2098 per
3622 2046 3723 2085 nos

2121 2118 2438 2190 prardicatus
2473 2128 2569 2184 est,
2611 2135 2704 2189 per
2737 2135 2819 2172 me
2861 2128 2910 2175 et
2949 2117 3222 2174 Silvanum
3267 2127 3318 2173 et
3359 2117 3720 2188 Timotheum,

2123 2227 2230 2265 non
2279 2211 2382 2281 fuit
2416 2211 2471 2264 in
2493 2209 2608 2275 illo,
2653 2217 2748 2274 est,
2807 2221 2856 2264 et
2904 2225 3009 2264 non
3039 2224 3058 2262 .'
3085 2209 3176 2263 sed
3211 2217 3313 2274 est,
3357 2209 3414 2262 in
3445 2208 3539 2263 illo
3589 2209 3717 2278 fuit.

2125 2303 2325 2376 (Δηώ.)
2345 2303 2616 2372 Quantum
2631 2301 2699 2357 ad
2713 2303 2936 2357 idoneos
2948 2301 3598 2372 praedicatorespertinct,
3615 2302 3726 2358 hoc

2123 2398 2284 2454 debet
2307 2412 2448 2464 esse,
2477 2405 2539 2452 ut
2563 2396 2636 2452 sit
2661 2395 2802 2466 apud
2823 2411 2939 2463 eos,
2966 2403 3074 2462 est,
3095 2404 3202 2463 est,
3225 2410 3355 2462 non,
3380 2410 3510 2462 non,
3525 2404 3586 2450 ut
3607 2411 3722 2452 non

2125 2491 2269 2546 aliud
2290 2490 2516 2556 faciant,
2543 2505 2706 2560 quam
2729 2489 2914 2544 sciunt
2939 2489 3071 2545 utile
3095 2507 3108 2544 :
3138 2489 3264 2559 quia
3285 2489 3431 2544 enim
3458 2487 3719 2559 frequen-

2126 2593 2209 2639 ter
2233 2581 2378 2637 aliud
2400 2581 2667 2645 volumus,
2699 2595 2864 2650 quam
2892 2589 2977 2635 est
3009 2579 3145 2635 utile
3165 2620 3180 2646 ,
3207 2595 3278 2636 ne
3306 2579 3560 2636 voluntas
3588 2581 3720 2635 vin-

2125 2683 2214 2730 cat
2261 2673 2574 2738 utilitatem,
2603 2671 2724 2726 ideo
2750 2671 3042 2742 Apostolus
3060 2671 3325 2726 voluntati
3347 2687 3460 2727 suae
3507 2673 3720 2726 utilita-

2127 2779 2233 2826 tem
2263 2766 2576 2839 praeposuit,
2601 2781 2671 2820 ne
2707 2765 2812 2820 iret
2839 2765 2906 2820 ad
2941 2765 3082 2820 illos.
3124 2764 3183 2820 ln
3207 2763 3424 2821 Christo
3449 2765 3594 2820 enim
3621 2764 3719 2820 Je-

2126 2875 2189 2916 su
2215 2875 2322 2914 non
2353 2857 2457 2913 fuit
2493 2864 2596 2922 est,
2624 2865 2680 2911 ct
2709 2872 2836 2920 non,
2877 2855 2973 2911 sed
3032 2863 3119 2911 est
3160 2855 3213 2910 in
3262 2855 3354 2911 illo
3403 2856 3526 2922 fuit,
3588 2857 3719 2926 quia

2125 2964 2408 3020 nunquam
2432 2947 2579 3001 aliud
2610 2946 2782 3000 voluit
2807 2960 2970 3016 quam
3001 2946 3148 3016 quod
3195 2953 3280 3001 est
3309 2945 3458 3010 utile,
3501 2961 3720 3014 semper

2129 3041 2272 3097 enim
2297 3039 2548 3096 voluntas
2571 3037 2686 3109 ejus
2705 3053 2828 3093 cum
2842 3037 3076 3092 utilitate
3095 3046 3210 3104 est;
3235 3052 3337 3093 nec
3358 3047 3442 3093 est
3463 3038 3721 3092 immuta-

2131 3139 2237 3197 tus,
2283 3140 2345 3185 ut
2373 3129 2577 3184 faceret
2607 3129 2826 3192 invitus,
2882 3128 3024 3183 sicut
3048 3129 3234 3194 homo,
3263 3129 3410 3198 quod
3434 3136 3520 3183 est
3561 3127 3716 3196 utile,

2124 3231 2220 3276 aut
2239 3221 2538 3291 ambigeret
2569 3219 2637 3274 de
2661 3218 2954 3288 aliquibus,
2982 3227 3076 3273 aut
3102 3227 3340 3273 mutaret
3359 3219 3714 3276 voluntatem.

2127 3312 2392 3380 Quotquot
2436 3317 2575 3367 enim
2610 3311 2982 3383 promissiones
3022 3311 3115 3366 Dei
3159 3321 3299 3376 sunt,
3350 3309 3410 3364 in
3473 3309 3567 3365 illo
3617 3321 3716 3368 est.

2125 3400 2255 3457 Ideo
2307 3411 2357 3455 et
2401 3418 2494 3472 per
2527 3402 2700 3472 ipsum
2736 3417 2890 3455 amen
2924 3400 3036 3454 Deo
3077 3401 3146 3454 ad
3195 3400 3418 3471 gloriam
3457 3409 3714 3457 nostram.

2125 3491 2474 3548 Manifestum
2521 3499 2608 3547 est
2655 3491 2782 3560 quia
2829 3506 3044 3562 semper
3091 3491 3148 3546 in
3192 3491 3303 3546 Deo
3364 3491 3569 3548 veritas
3609 3500 3716 3559 est,

2126 3585 2230 3640 hoc
2283 3592 2398 3650 est,
2449 3598 2629 3648 amen,
2683 3580 3028 3637 manifestata
3097 3597 3195 3652 per
3237 3565 3536 3650 Christum,
3593 3593 3718 3654 post

2124 3695 2224 3749 per
2287 3677 2560 3749 apostolos
2611 3677 2903 3747 pradicata
2958 3675 3026 3731 ad
3067 3676 3292 3747 gloriam
3343 3677 3472 3743 Dei,
3529 3677 3716 3749 signo-

2127 3784 2248 3823 rum
2319 3768 2614 3823 virtutibus
2686 3767 3054 3822 testimonium
3116 3767 3526 3838 perhibentibus
3585 3783 3716 3823 vera

2125 3874 2284 3927 esse,
2343 3873 2465 3929 qua:
2521 3858 2776 3929 promisit
2833 3858 2975 3914 Deus
3035 3872 3134 3930 per
3199 3857 3477 3914 Christum
3536 3857 3717 3914 Domi-

2125 3965 2255 4004 num
2319 3958 2586 4006 nostrum.
2659 3948 2845 4004 Gloria
2894 3949 3040 4004 enim
3105 3949 3199 4004 Dei
3261 3957 3389 4016 est,
3453 3965 3578 4005 cum
3645 3951 3716 4006 ab

2127 4041 2220 4098 illo
2261 4041 2462 4106 omnia,
2507 4050 2562 4096 et
2590 4055 2687 4111 per
2725 4039 2895 4106 illum,
2937 4049 2994 4096 et
3038 4040 3094 4095 in
3138 4040 3228 4096 illo
3271 4054 3394 4096 esse
3430 4040 3712 4096 dicuntur.

2129 4130 2234 4196 Qui
2271 4130 2739 4198 autem’conﬁrmat
2790 4145 2883 4184 nos
2914 4129 3175 4184 vobiscum
3200 4132 3255 4184 in
3281 4129 3510 4197 Christo,
3541 4141 3590 4185 et
3624 4133 3720 4203 qui

2126 4220 2279 4275 unxit
2320 4237 2413 4274 nos
2462 4220 2629 4287 Deus,
2683 4229 2732 4274 et
2771 4221 2861 4291 qui
2903 4222 3128 4292 signavit
3174 4238 3290 4288 nos,
3340 4231 3390 4277 et
3435 4223 3579 4277 dedit
3635 4225 3721 4293 pi-

2127 4327 2260 4381 gnus
2303 4311 2520 4382 spiritus
2577 4313 2635 4364 in
2683 4311 2926 4367 cordibus
2975 4313 3190 4369 nostris.
3253 4313 3527 4370 Christum
3585 4315 3718 4370 dicit

2128 4401 2456 4457 conﬁrmare
2477 4410 2666 4473 gentes
2687 4402 2742 4456 in
2771 4403 2932 4460 ﬁdem
2963 4406 3290 4474 promissam
3319 4403 3540 4470 Judmis,
3585 4407 3717 4476 quia

2127 4495 2243 4564 ipse
2262 4503 2348 4550 est.
2372 4495 2464 4565 qui
2494 4495 2623 4549 fecit
2644 4503 2874 4566 utraque
2909 4511 3095 4561 unum,
3138 4496 3190 4551 id
3212 4504 3317 4562 est,
3339 4496 3714 4553 circumcisio-

2125 4597 2252 4639 ncm
2279 4593 2336 4639 et
2360 4585 2707 4655 praeputium,
2742 4585 2798 4639 in
2828 4601 2938 4640 uno
2966 4601 3107 4642 novo
3137 4586 3357 4641 homine
3382 4585 3588 4642 faciens
3619 4602 3716 4658 pa-

2124 4690 2264 4730 cem.
2298 4675 2560 4730 Dominus
2611 4689 2742 4746 ergo
2795 4674 3083 4731 conﬁrmat
3123 4685 3178 4729 et
3226 4675 3392 4742 Deus,
3426 4677 3517 4748 qui
3563 4679 3716 4732 unxit

2127 4781 2240 4828 nos,
2275 4763 2325 4819 id
2349 4772 2454 4829 cst,
2492 4765 2586 4835 qui
2632 4764 2782 4819 dedit
2818 4765 3024 4835 regiam
3048 4765 3542 4830 honoriﬁcentiam,
3575 4767 3717 4822 sicut

2132 4856 2269 4913 dicit
2307 4856 2502 4912 Petrus
2546 4855 2840 4927 apostolus,
2881 4857 3006 4927 quia
3063 4874 3266 4924 sumus,
3309 4858 3507 4927 inquit,
3550 4875 3717 4930 genus

2131 4948 2305 5020 regale
2334 4947 2385 5021 (ι
2416 4946 2562 5003 Petr.
2599 4949 2682 5020 ιι),
2706 4964 2804 5019 per
2857 4949 3170 5005 unctionem
3210 4950 3534 5021 spiritalem,
3563 4949 3719 5020 cujus

2127 5051 2289 5114 typus
2314 5042 2416 5097 fuit
2446 5043 2499 5097 in
2543 5043 2758 5114 regibus
2786 5040 3117 5099 Judmorum.
3151 5043 3254 5110 Qui
3279 5055 3327 5099 et
3350 5045 3572 5116 signavit
3596 5061 3714 5111 nos,

2131 5136 2310 5193 dando
2339 5137 2589 5207 spiritum
2613 5152 2770 5192 suum
2802 5137 2961 5193 nobis
2989 5138 3202 5209 pignus,
3245 5147 3306 5193 ut
3335 5153 3444 5194 non
3473 5140 3716 5212 ambiga-

2129 5244 2252 5284 mus
2288 5228 2354 5284 de
2375 5229 2658 5298 promissis
2711 5227 2848 5298 ejus.
2893 5227 2950 5283 Si
2981 5229 3128 5284 enim
3173 5231 3352 5286 adhuc
3392 5231 3716 5287 mortalibus

2126 5323 2376 5394 spiritum
2404 5337 2562 5377 suum
2589 5321 2838 5387 credidit,
2889 5323 3110 5378 dubium
3137 5339 3244 5379 non
3287 5333 3393 5388 est,
3424 5323 3555 5393 quin
3598 5321 3716 5392 jam

2128 5414 2524 5470 immortalibus
2555 5412 2720 5468 addat
2769 5413 2838 5469 ad
2874 5413 3123 5485 gloriam.
3169 5414 3347 5471 Unum
3375 5421 3556 5469 tamen
3579 5429 3716 5485 opus

2127 5509 2259 5565 dicit
2280 5507 2458 5564 Patris
2475 5516 2530 5563 et
2549 5507 2691 5574 Filii,
2721 5508 2849 5579 quia
2876 5516 2934 5564 et
2955 5508 3230 5564 Christum
3245 5507 3717 5564 dicitconﬁrmare

2128 5609 2182 5656 et
2207 5600 2396 5655 Deum.
2432 5599 2602 5668 Quem
2635 5600 2780 5655 enim
2823 5600 3108 5656 conﬁrmat
3135 5599 3306 5665 ﬁlius,
3344 5599 3632 5656 conﬁrmat
3660 5608 3715 5654 et

2128 5693 2310 5759 Pater,
2335 5698 2532 5749 etcum
2553 5691 2649 5748 dat
2677 5691 2941 5762 Spiritum
2964 5690 3143 5758 Pater,
3172 5688 3264 5745 dat
3287 5698 3342 5747 et
3366 5689 3550 5754 Filius,
3583 5689 3713 5758 quia
