4082 6332
323 258 429 315 165

814 261 1366 322 ENARRATIONUM
1402 265 1472 321 IN
1511 265 1663 322 EPP.
1704 264 1910 323 PAULI
1948 264 2078 322 LIB.
2121 265 2236 325 XII.
2274 295 2345 308 —-
2377 265 2447 322 IN
2483 266 2702 324 EPIST.
2740 269 2786 324 II
2817 269 2912 324 AD
2949 267 3107 327 COR.

3480 275 3584 332 166

319 374 1352 447 utriusqueestSpiritussanctus,sicut
1367 377 1496 433 dicit
1516 379 1582 434 ad
1601 378 1901 434 Romanos:
1929 383 1983 444 Α
2007 377 2265 450 gauderet
2300 377 2390 449 qui
2424 378 2786 436 crediderant.
2815 378 3082 436 Gaudium
3123 382 3266 438 enim
3317 383 3581 456 Apostoli,

323 465 522 536 Siquis
549 475 725 526 autem
755 468 997 538 spiritum
1014 467 1234 522 «Christi
1270 485 1374 523 non
1393 468 1565 534 habet,
1588 468 1671 522 hic
1708 476 1908 523 nonest

321 556 442 626 ejus
481 554 660 626 (Rom.
697 555 835 628 vni).
872 557 1136 624 Quoniam
1164 571 1292 630 ergo
1337 559 1403 614 de
1448 557 1776 628 perfectione
1815 559 1910 614 ho-

323 647 493 702 minis
532 646 745 702 locutus
767 655 868 714 est,
898 649 1182 704 Trinitatis
1223 650 1328 706 hoc
1366 649 1484 705 loco
1515 649 1642 704 fecit
1673 651 1908 704 mentio-

323 751 497 792 nem:
527 737 704 792 omnis
730 738 874 792 enim
921 755 1132 794 summa
1174 739 1516 810 perfectionis
1544 741 1601 796 in
1646 741 1910 797 Trinitate

326 827 596 882 consistit.
653 827 760 898 Ego
800 838 973 884 autem
1005 840 1183 885 testem
1215 832 1379 886 Deum
1400 833 1577 887 invoco
1603 833 1658 886 in
1681 835 1910 887 animam

326 933 520 983 meam,
542 917 680 988 quod
720 934 936 988 parcens
957 920 1098 974 vobis
1131 937 1234 975 non
1259 922 1374 976 veni
1400 920 1542 975 ultra
1579 920 1908 976 Corinthum.

327 1007 485 1063 Nunc
508 1008 836 1075 manifestat,
861 1024 968 1078 qua
996 1026 1157 1067 causa
1179 1025 1300 1066 cum
1329 1011 1680 1067 voluissetire
1692 1010 1909 1078 adillos,

329 1096 561 1164 distulit,
584 1105 645 1152 ut
669 1105 798 1152 tunc
820 1099 944 1167 iret,
973 1101 1190 1171 quando
1203 1101 1314 1171 jam
1331 1117 1498 1173 prope
1521 1117 1709 1158 omnes
1731 1119 1912 1159 emen—

329 1186 493 1243 datos
519 1187 809 1244 inveniret.
836 1189 933 1245 llis
975 1191 1122 1246 enim
1151 1209 1296 1248 nunc
1322 1193 1581 1262 loquitur,
1633 1194 1725 1264 qui
1760 1195 1914 1250 vide-

331 1277 532 1332 bantur
550 1277 688 1333 velle
737 1293 796 1334 se
820 1280 1114 1352 corrigere,
1168 1281 1263 1336 sed
1303 1297 1525 1351 operam
1572 1296 1679 1337 non
1710 1283 1912 1338 dabant

331 1376 397 1422 ut
437 1367 542 1422 hoc
575 1368 860 1439 implerent
881 1383 896 1424 :
916 1371 1042 1439 quia
1065 1385 1196 1442 ergo
1223 1371 1499 1441 corripere
1543 1371 1663 1428 illos
1690 1387 1913 1429 necesse

333 1463 478 1522 erat,
499 1457 606 1512 iter
639 1473 799 1513 suum
836 1459 904 1514 ad
948 1460 1084 1516 alios
1113 1461 1398 1527 convertit,
1450 1477 1518 1516 ne
1567 1464 1914 1520 contristarot

334 1549 558 1616 multos,
590 1558 647 1605 et
679 1549 785 1604 hoc
819 1549 924 1605 fuit
960 1551 1066 1606 illis
1092 1566 1338 1621 parcere.
1377 1551 1530 1619 Quod
1555 1560 1612 1607 ut
1645 1555 1914 1610 mentibus

333 1654 527 1695 eorum
567 1639 938 1706 commendet,
979 1641 1150 1696 Deum
1198 1649 1388 1696 testem
1429 1641 1543 1708 dat,
1571 1657 1639 1696 ne
1664 1651 1916 1712 putarent

2007 467 2313 538 purificatio
2368 475 2452 522 est
2512 469 2713 538 populi.
2767 469 2893 525 Ideo
2955 471 3103 525 enim
3161 473 3406 543 gaudet,
3452 478 3582 548 quia

2009 559 2335 630 vituperatio
2397 575 2505 615 non
2555 568 2640 616 est
2684 561 2738 616 in
2789 562 2867 618 eis
2895 601 2911 630 ,
2970 578 3106 634 quos
3149 564 3310 622 simul
3371 577 3585 638 oportet

2010 652 2265 723 gaudere.

2082 739 2227 795 Nam
2288 757 2352 796 ea:
2408 740 2577 796 multa
2631 743 2967 799 tribulatione
3011 753 3060 799 et
3129 747 3372 818 angustia
3411 749 3586 806 cordis

2010 830 2195 901 scripsi
2242 831 2383 886 vobis
2419 849 2513 903 per
2564 833 2757 888 multas
2792 833 3074 905 lacrymas,
3141 852 3244 890 non
3288 845 3344 890 ut
3387 839 3585 892 contri-

2009 920 2237 985 stemini,
2292 919 2383 974 sed
2445 928 2500 973 ut
2551 922 2752 986 sciatis,
2806 939 2964 992 quam
3008 921 3315 978 charitatem
3367 923 3586 979 habeam

2011 1009 2364 1064 abundantius
2387 1011 2442 1064 in
2475 1011 2638 1066 vobis.
2694 1011 3038 1068 Manifestum
3068 1021 3171 1079 est,
3223 1014 3349 1083 quia
3374 1014 3590 1084 quando

2012 1100 2117 1154 hoc
2149 1098 2344 1154 affectu
2368 1100 2490 1168 quis
2511 1099 2742 1169 aliquem
2766 1102 3007 1171 corripit,
3048 1110 3111 1156 ut
3132 1101 3254 1172 plus
3275 1103 3368 1158 illo
3406 1102 3588 1157 doleat

2009 1189 2250 1258 peccatis
2276 1187 2414 1257 ejus,
2465 1205 2573 1244 non
2619 1191 2824 1258 utique,
2865 1198 2927 1244 ut
2959 1190 3106 1244 illum
3140 1191 3428 1246 contristet
3468 1205 3590 1246 cor-

2013 1282 2158 1351 ripit,
2191 1281 2285 1337 sed
2323 1288 2384 1335 ut
2435 1282 2683 1337 ostendat
2725 1282 2823 1347 illi,
2859 1297 2966 1351 quo
2996 1297 3178 1338 amore
3211 1282 3394 1353 diligat
3419 1298 3584 1348 eum;

2013 1373 2105 1442 qui
2157 1371 2301 1427 enim
2345 1387 2452 1426 non
2501 1372 2604 1426 hoc
2662 1369 2854 1427 atiectu
2897 1373 3125 1442 corripit
3164 1372 3408 1439 fratrem,
3458 1389 3588 1428 con-

2016 1466 2192 1520 tristat
2230 1482 2244 1519 :
2291 1464 2513 1519 insultat
2557 1464 2738 1530 enim,
2785 1464 2878 1534 qui
2925 1479 3033 1518 non
3085 1464 3336 1520 condolet
3407 1463 3586 1520 fratri.

2014 1553 2076 1612 Si
2109 1557 2225 1623 quis
2260 1563 2434 1609 autem
2468 1555 2790 1608 contristarit
2830 1559 3079 1619 me,‘non
3113 1569 3196 1607 me
3247 1553 3588 1619 contristavit,

2013 1647 2104 1702 sed
2143 1662 2210 1701 ea:
2229 1655 2410 1716 parte,
2434 1655 2490 1698 ut
2518 1662 2623 1700 non
2647 1661 2855 1700 onerem
2890 1661 2977 1698 vos
3007 1661 3202 1699 omnes.
3231 1644 3431 1700 Omnes
3466 1646 3588 1713 bos,

334 1732 588 1802 indignos
631 1745 691 1787 se
738 1746 877 1797 esse,
931 1739 990 1787 et
1038 1732 1311 1788 contemni
1351 1733 1420 1787 ab
1449 1733 1559 1798 illo,
1613 1747 1720 1802 quo
1755 1749 1908 1789 com-
1937 1730 1986 1790 B
2013 1753 2149 1808 quos
2186 1737 2317 1792 dicit
2345 1753 2407 1790 ea:
2429 1745 2576 1806 parte
2611 1736 2784 1791 sancti
2819 1743 2964 1802 sunt,
2992 1736 3111 1789 duae
3144 1735 3288 1789 enim
3317 1745 3498 1804 partes
3535 1735 3591 1789 in

333 1832 495 1894 perto
510 1830 572 1877 ut
595 1821 939 1891 praesentiam
955 1819 1072 1890 ejus
1084 1829 1438 1887 mererentur,
1465 1823 1813 1878 emendarent
1827 1839 1906 1879 se.

337 1911 466 1968 Non
485 1913 609 1983 quia
630 1911 957 1966 dominemur
975 1912 1101 1982 ﬁdei
1121 1922 1324 1978 vestra,
1349 1911 1438 1967 sed
1459 1913 1727 1983 adjutores
1747 1913 1911 1969 simus

333 2003 523 2074 gaudii
555 2004 738 2068 vestri,
779 1992 903 2057 nam
944 2002 1050 2071 fide
1090 2004 1263 2058 statis.
1317 2002 1584 2069 Quoniam
1628 2003 1761 2059 ﬁdes
1803 2019 1913 2060 non

335 2092 704 2158 necessitatis,
753 2091 850 2146 sed
889 2091 1183 2148 voluntatis
1213 2107 1301 2147 res
1321 2099 1428 2158 est,
1473 2092 1595 2148 ideo
1620 2086 1774 2158 dicit,
1810 2109 1915 2146 non

333 2185 477 2254 quod
515 2183 845 2238 dominemur
878 2181 1003 2250 fidei
1043 2191 1249 2248 vestrae,
1271 2182 1578 2237 dominatus
1631 2181 1775 2236 enim
1819 2197 1917 2238 ne-

335 2273 614 2329 cessitatis
633 2287 800 2328 causa
828 2278 934 2326 est.
973 2270 1258 2341 Adjutores
1304 2272 1462 2336 enim,
1491 2271 1688 2342 inquit,
1734 2286 1914 2326 sumus

334 2364 524 2433 gaudii
563 2363 738 2428 vestri,
794 2362 898 2418 hoc
941 2369 1047 2428 est,
1086 2361 1213 2432 quia
1262 2362 1405 2417 sicut
1441 2362 1498 2416 in
1572 2361 1716 2416 malo
1751 2375 1918 2430 opere

344 2455 566 2510 tristitia
579 2463 682 2521 est,
699 2454 775 2508 ita
791 2461 847 2508 et
859 2453 912 2506 in
930 2451 1306 2506 emendatione
1319 2451 1592 2522 gaudium.
1610 2448 1779 2519 Ilujus
1794 2465 1922 2521 gau-

340 2545 415 2602 dii
443 2544 716 2614 adjutores
737 2556 940 2608 sumus,
959 2541 1152 2610 inquit,
1170 2541 1296 2610 quia
1315 2540 1616 2597 volentibus
1635 2540 1716 2595 eis
1743 2553 1921 2595 emen-

341 2635 475 2692 dare
487 2649 546 2690 se
557 2632 793 2689 oll'eruut
808 2631 1122 2688 occasiones
1135 2639 1194 2685 ut
1205 2633 1348 2702 quod
1359 2631 1496 2687 velle
1507 2639 1782 2701 coeperant
1793 2646 1919 2702 pos-

340 2725 459 2781 sint
481 2724 726 2795 implere.
744 2723 870 2777 Non
890 2722 1015 2791 quia
1026 2721 1375 2784 dominamur,
1395 2722 1588 2791 inquit,
1605 2721 1727 2789 ﬁdei
1741 2729 1923 2775 vestra:

340 2815 437 2870 sed
462 2813 727 2884 adjutores
749 2811 911 2866 simus
931 2811 1112 2882 gaudii
1133 2811 1304 2876 vestri,
1329 2819 1490 2879 atque
1509 2809 1650 2865 illico
1661 2810 1922 2880 adjunxit,

341 2905 452 2975 ﬁde
473 2907 608 2961 enim
625 2906 794 2969 statis,
825 2919 889 2960 ac
915 2903 961 2959 si
988 2903 1043 2958 id
1071 2903 1216 2972 quod
1243 2901 1543 2972 protulerat
1565 2901 1802 2971 aperiret
1846 2900 1926 2954 di-

344 3012 499 3064 cens,
514 2998 632 3054 ideo
643 2995 1107 3065 nondominamur
1122 2993 1246 3050 fidei
1258 3001 1452 3049 vestrae
1464 2991 1592 3062 quia
1630 2990 1733 3046 ﬁde
1748 2990 1922 3056 statis,

2009 1829 2206 1900 populo
2254 1834 2398 1894 sunt,
2463 1826 2604 1882 sicut
2649 1826 2704 1880 in
2758 1825 2934 1896 prima
3005 1824 3230 1894 epistola
3269 1824 3586 1880 memoravi.

2001 1905 2076 1974 Ili
2121 1932 2251 1988 ergo
2315 1932 2385 1972 ex
2435 1925 2591 1986 parte
2636 1923 2950 1972 sanctorum
2998 1922 3143 1981 sunt,
3194 1929 3331 1984 quos
3385 1915 3592 1970 contri-

2011 2016 2180 2064 statos
2231 2007 2286 2062 in
2347 2020 2534 2061 errore
2591 2005 2774 2061 fratris
2843 2004 3144 2076 significatf,
3201 2004 3343 2060 sicut
3389 2015 3445 2060 et
3510 2019 3592 2061 sev

2010 2098 2321 2168 metipsum.
2357 2094 2470 2150 lloc
2497 2096 2682 2150 dicens
2717 2096 2961 2149 oneravit
2993 2102 3327 2164 peccantem,
3357 2094 3440 2150 vel
3469 2111 3592 2150 eum

2013 2188 2105 2258 qui
2139 2193 2465 2256 peccaverat
2497 2203 2509 2238 :
2538 2184 2659 2254 plus
2683 2185 2826 2238 enim
2862 2183 2923 2237 fit
2948 2199 3092 2248 reus,
3119 2184 3176 2238 in
3202 2181 3355 2252 cujus
3396 2184 3593 2240 delicto

2013 2277 2168 2333 multi
2202 2275 2553 2341 tribulantur,
2589 2289 2652 2329 ac
2679 2289 2776 2344 per
2799 2275 2903 2329 hoc
2927 2291 2940 2327 :
2961 2273 3162 2344 Suﬁ'icit
3207 2273 3286 2327 illi
3313 2275 3402 2344 qui
3449 2276 3591 2343 eius-

2013 2367 2156 2421 modi
2184 2373 2260 2421 est
2284 2365 2578 2435 objurgatio
2600 2364 2732 2431 lucc,
2757 2381 2874 2435 qua:
2898 2365 2957 2433 ﬁt
2987 2381 3018 2416 a
3049 2363 3307 2434 pluribus.
3339 2363 3588 2435 Magnum

2016 2456 2258 2518 dolorem
2321 2455 2508 2524 utique
2543 2454 2768 2524 patitur,
2819 2453 2913 2524 qui
2962 2454 3213 2510 delictum
3267 2470 3425 2509 suum
3469 2456 3587 2526 plu-

2016 2549 2168 2606 ribus
2191 2548 2341 2604 videt
2372 2548 2673 2618 displicere.
2715 2546 2804 2602 Ita
2832 2556 2888 2601 ut
2937 2557 3150 2602 econtra
3192 2549 3358 2619 magis
3395 2547 3594 2602 donatis

2017 2649 2068 2696 et
2114 2640 2470 2707 consolemini,
2516 2657 2578 2694 ne
2627 2639 2761 2710 forte
2799 2639 3176 2694 abundantiore
3233 2642 3449 2696 tristitia
3506 2640 3597 2692 ab-

2020 2733 2314 2797 sorbeatur,
2351 2732 2441 2801 qui
2471 2731 2731 2801 ejusmodi
2769 2741 2863 2786 est.
2888 2731 3107 2786 Afﬂicto
3135 2731 3358 2786 homini.
3388 2731 3598 2800 peccati

2019 2819 2224 2889 proprii
2248 2833 2406 2872 causa
2421 2819 2710 2874 subvenire
2736 2820 3012 2890 praecpit,
3037 2819 3158 2888 quia
3179 2820 3516 2888 paenitentia,
3551 2819 3599 2874 si

2025 2908 2092 2963 de
2104 2921 2232 2962 vero
2245 2907 2425 2961 animo
2437 2915 2535 2969 est,
2551 2907 2653 2961 hoc
2664 2917 2767 2972 est,
2783 2909 2828 2963 si
2843 2916 3124 2977 correptus
3146 2910 3327 2962 statim
3343 2909 3395 2962 in
3420 2909 3600 2962 animo

2026 2994 2224 3062 doleat,
2252 2995 2498 3066 protinus
2528 2996 2690 3051 habet
2720 2996 2973 3052 fructum.
3017 2997 3259 3067 Denique
3300 2999 3354 3052 in
3392 2997 3604 3067 Regno-

346 3088 584 3158 aequales
605 3088 750 3143 enim
781 3085 936 3142 vobis
959 3099 1145 3140 sumus
1165 3083 1221 3138 in
1241 3074 1349 3154 quo
1375 3096 1472 3137 vos
1485 3089 1630 3136 stare
1651 3079 1926 3150 cognosci-
1950 3071 1996 3134 ϐ
2025 3100 2148 3140 rum
2163 3084 2648 3152 habeturhistoria,
2682 3087 2807 3156 quia
2839 3086 3026 3142 Achab
3039 3102 3162 3142 cum
3197 3086 3457 3154 arguisset
3476 3101 3600 3142 eum

348 3193 492 3244 mus,
527 3176 681 3248 quasi
701 3175 981 3247 przelatum
1003 3189 1063 3231 se
1085 3173 1338 3229 fratribus
1353 3187 1473 3229 esse
1487 3171 1778 3237 nesciebat,
1806 3185 1928 3225 cum

348 3268 572 3333 diceret,
601 3267 728 3338 facti
749 3283 930 3322 sumus
957 3263 1162 3338 parvuli
1181 3265 1238 3318 in
1261 3264 1432 3318 medio
1455 3271 1677 3318 vestrum
1707 3259 1758 3332 (1
1775 3259 1926 3314 Thes.

352 3358 450 3428 n);
483 3365 537 3412 ct
563 3371 777 3413 rursum
795 3374 809 3410 :
827 3355 942 3412 Nos
961 3365 1134 3411 autem
1146 3371 1318 3411 servos
1332 3361 1524 3408 vestros
1545 3367 1639 3422 per
1661 3349 1928 3406 Christum

351 3448 444 3520 (ΙΙ
476 3447 600 3504 Cor.
627 3448 735 3522 'Iv).

949 3537 1176 3596 CAPUT
1228 3536 1293 3594 II.

351 3651 566 3723 Duplex
586 3667 746 3706 causa
760 3666 860 3723 cur
882 3649 1162 3723 Apostolus
1197 3665 1302 3723 non
1323 3648 1516 3723 venerit
1545 3661 1610 3700 ne
1629 3643 1928 3723 constrista-

427 3713 505 3777 ret
528 3738 636 3785 eos,
665 3732 712 3775 et
735 3720 862 3774 alibi
877 3713 1106 3788 fructum
1130 3720 1386 3790 majorem
1410 3719 1626 3787 faceret,
1646 3730 1799 3786 quem
1815 3713 1930 3783 fru-

426 3803 571 3846 ctum
596 3791 783 3845 deinde
803 3792 1048 3845 ostendit.

430 3905 609 3962 Statui
631 3913 805 3959 autem
826 3903 922 3958 hoc
958 3904 1068 3974 ipse
1097 3901 1238 3972 apud
1282 3917 1386 3968 me,
1418 3916 1482 3955 ne
1512 3900 1702 3954 iterum
1731 3915 1788 3952 in
1828 3899 1929 3954 tri-

353 3996 502 4051 stitia
522 3995 749 4050 venirem
770 3995 840 4048 ad
873 4009 982 4048 vos.
1015 3991 1220 4065 (Δηὼ.)
1248 3991 1506 4062 Apertum
1527 3997 1633 4056 est,
1661 3989 1786 4060 quia
1808 3988 1932 4043 ideo

356 4087 532 4144 noluit
575 4086 674 4150 ire,
721 4101 792 4140 ne
813 4084 952 4142 forte
980 4083 1280 4154 corripiens
1305 4097 1526 4152 paucos,
1573 4079 1769 4135 multos
1805 4093 1931 4135 con-

359 4178 629 4242 tristaret,
682 4175 798 4246 ipse
859 4174 1023 4230 etiam
1067 4171 1416 4228 contristatus
1465 4188 1480 4225 :
1534 4168 1933 4240 compatiuntur

358 4268 507 4322 enim
555 4264 738 4321 omnia
789 4263 1030 4318 membra
1077 4261 1236 4316 unius
1281 4259 1523 4316 maerori.
1573 4257 1632 4313 Si
1663 4258 1800 4312 enim
1837 4270 1930 4325 ego

2026 3175 2286 3245 propheta
2297 3213 2313 3241 ,
2342 3182 2642 3229 commotus
2655 3177 2835 3228 animo
2849 3172 3031 3226 statim
3045 3173 3241 3227 meruit
3252 3173 3461 3228 veniam
3483 3173 3602 3245 (III

2026 3265 2294 3337 Reg.xxr);
2309 3273 2364 3318 et
2377 3264 2544 3318 David
2558 3264 2612 3317 in
2627 3277 2787 3318 causa
2804 3262 2944 3318 Uriae
2957 3261 3158 3317 Hetbaei
3173 3263 3605 3333 correptus,quia

2025 3357 2276 3428 cognovit
2287 3369 2542 3426 peccasse
2554 3370 2632 3419 se,
2649 3354 2901 3410 delictum
2913 3353 3028 3422 ejus
3043 3354 3279 3409 deletum
3290 3363 3375 3410 est
3389 3353 3436 3427 (Ι
3443 3355 3468 3408 1
3479 3354 3601 3426 Reg.

2026 3446 2168 3519 xu):
2217 3446 2292 3500 ita
2318 3453 2374 3501 et
2401 3445 2688 3516 Apostolus
2725 3445 2896 3511 illum,
2945 3445 3038 3514 qui
3073 3445 3336 3501 incestum
3385 3447 3608 3501 commi-
3657 3505 3660 3509 ,

2025 3546 2194 3603 serat,
2220 3537 2425 3592 habens
2444 3552 2667 3592 uxorein
2688 3537 2882 3607 patris,
2902 3536 3245 3606 objurgatum
3260 3543 3316 3590 et
3339 3534 3607 3603 abiectum

2027 3629 2295 3686 dolentem
2324 3629 2564 3683 revocari
2581 3625 2756 3695 jubet,
2780 3643 2849 3683 ne
2879 3627 2968 3682 diu
3003 3627 3194 3682 videns
3221 3642 3280 3682 se
3318 3627 3609 3682 contrista-

2024 3728 2143 3776 tum
2169 3720 2370 3792 sperni,
2403 3719 2698 3790 desperans
2722 3720 2786 3775 de
2816 3735 2899 3786 se,
2926 3721 3077 3774 daret
3103 3719 3338 3773 animam
3365 3719 3432 3773 ad
3456 3734 3610 3774 mun-

2025 3814 2155 3868 dum
2177 3811 2485 3876 fruendum,
2510 3811 2664 3881 quasi
2693 3811 2785 3880 qui
2813 3811 2989 3866 locum
3012 3813 3150 3880 apud
3173 3811 3342 3864 Deum
3361 3809 3474 3880 jam
3500 3825 3609 3866 non

2027 3901 2273 3958 haberet.
2301 3901 2416 3956 Hoc
2457 3908 2562 3966 est,
2591 3902 2796 3970 majore
2821 3901 3045 3956 tristitia
3094 3899 3395 3964 absorberi,
3427 3900 3612 3970 despe-

2029 4001 2241 4049 rantem
2271 3993 2337 4048 de
2359 4007 2420 4048 se
2459 3992 2702 4048 converti
2740 3993 2807 4047 ad
2861 3991 3190 4048 admittenda
3215 4000 3456 4059 peccata,
3491 3992 3611 4060 qui-

2028 4087 2131 4143 bus
2163 4095 2418 4159 gravatus
2472 4086 2825 4142 absorbeatur
2876 4102 2907 4142 a
2955 4085 3191 4142 secunda
3237 4094 3411 4140 morte
3453 4086 3612 4141 :baec

2028 4179 2175 4235 enim
2201 4192 2332 4233 vera
2374 4177 2690 4247 paenitentia
2726 4187 2827 4244 est,
2853 4177 2967 4248 jam
3014 4190 3232 4232 cessare
3276 4191 3306 4228 a
3352 4183 3606 4245 peccato;

2029 4271 2112 4326 sic
2131 4269 2276 4324 enim
2302 4268 2500 4337 probat
2533 4266 2716 4322 dolere
2743 4282 2802 4323 se
2827 4267 2951 4333 sibi,
2979 4266 3024 4322 si
3046 4266 3114 4322 de
3149 4273 3347 4321 caetero
3377 4264 3610 4320 desinat.

359 4359 612 4411 contristo
650 4373 762 4422 vos,
791 4366 841 4410 et
878 4357 995 4427 quis
1034 4365 1130 4420 est,
1169 4355 1260 4426 qui
1304 4371 1386 4409 me
1427 4352 1676 4422 ltetiﬁcet,
1710 4350 1811 4404 nisi
1841 4364 1917 4419 qu:

2031 4358 2255 4432 Propter
2276 4357 2416 4430 quod
2435 4357 2643 4412 obsecro
2665 4375 2752 4413 vos
2780 4367 2838 4412 ut
2865 4357 3182 4426 conﬁrmetis
3229 4357 3285 4411 in
3315 4355 3464 4410 illum
3490 4355 3615 4410 cha-

360 4448 704 4501 contristatur
715 4462 780 4500 ex
805 4461 886 4500 me
909 4446 933 4500 1'
953 4444 1065 4501 Hoc
1091 4444 1242 4510 dicit,
1265 4444 1388 4514 quia
1411 4457 1518 4497 non
1541 4440 1657 4495 vult
1677 4454 1772 4495 eos
1801 4452 1917 4494 con-

2034 4451 2262 4504 ritatcm.
2289 4447 2418 4502 Ideo
2445 4447 2631 4518 scripsi
2656 4447 2819 4513 vobis,
2861 4457 2918 4501 ut
2949 4461 3257 4516 cognoscam
3286 4445 3614 4515 experimen-

361 4537 605 4602 tristare,
665 4536 760 4592 sed
821 4535 947 4608 quia
997 4535 1234 4606 peccatis
1296 4534 1648 4598 studuerant,
1715 4544 1917 4586 necess¢

2036 4549 2148 4594 tum
2185 4546 2432 4603 vestrum,
2462 4553 2532 4590 an
2565 4537 2620 4590 in
2649 4536 2886 4591 omnibus
2922 4535 3213 4590 obedientes
3248 4534 3382 4588 sitis.
3425 4532 3614 4600 Quan-

360 4636 480 4684 erat
538 4628 661 4684 illos
705 4626 1016 4683 contristari
1070 4627 1239 4682 invito
1272 4621 1562 4694 Apostolo,
1622 4621 1697 4676 ita
1733 4627 1910 4674 tamen

2039 4636 2150 4684 tum
2175 4627 2334 4683 datur
2359 4625 2604 4697 intelligi,
2643 4625 2956 4682 obedientes
2986 4625 3088 4679 hos
3118 4622 3289 4678 factos
3311 4621 3366 4676 in
3407 4621 3620 4677 cmteris

361 4725 424 4770 ut
478 4716 545 4771 de
591 4723 791 4771 caetero
845 4714 1194 4770 obaudientes
1237 4712 1387 4778 facti,
1438 4709 1777 4766 lzetilicarent
1821 4721 1914 4764 eos

2037 4715 2259 4786 probat,
2281 4714 2701 4770 emendaverant
2727 4712 2871 4768 enim
2908 4727 3029 4782 quae
3057 4709 3124 4766 ad
3157 4709 3402 4765 ordinem
3433 4709 3619 4766 Eccle-

362 4802 456 4873 qui
501 4803 962 4858 contristabantur
1007 4817 1132 4858 cum
1192 4802 1307 4868 eis,
1355 4809 1418 4856 ut
1463 4800 1556 4872 qui
1605 4797 1917 4868 corripiendi

2040 4806 2318 4863 siasticum
2342 4804 2646 4876 pertinent:
2664 4801 2808 4857 unde
2832 4801 2993 4856 etiam
3017 4801 3071 4856 in
3097 4800 3202 4856 hoc
3224 4797 3338 4854 vult
3357 4798 3477 4854 illos
3499 4811 3620 4853 esse

363 4892 786 4948 contristaverat
807 4906 925 4958 eos,
962 4890 1236 4946 laetaretur
1278 4906 1346 4946 ex
1383 4889 1469 4945 his
1502 4889 1630 4944 dum
1670 4901 1729 4943 se
1767 4887 1917 4943 corrin

2035 4897 2370 4961 obedientes,
2391 4901 2452 4950 ut
2470 4893 2790 4951 conﬁrment
2811 4890 3033 4947 fratrem
3055 4890 3110 4946 in
3134 4889 3422 4954 charitate,
3449 4887 3621 4943 susci-

365 4991 522 5055 gunt.
560 4982 631 5037 Et
656 4983 756 5037 hoc
787 4983 957 5053 ipsum
991 4983 1176 5053 scripsi
1201 4981 1362 5047 vobis,
1386 4991 1570 5034 utnon
1605 4994 1722 5033 cum
1751 4994 1917 5034 veneri

2032 4987 2245 5060 pientes
2264 5000 2386 5041 eum
2413 4985 2468 5040 in
2491 4983 2943 5040 communionem.
2971 4979 3070 5037 Cui
3099 4989 3273 5036 autem
3301 4978 3501 5050 aliquid
3523 4977 3619 5033 do-

367 5075 636 5130 tristitiam
665 5090 822 5145 super
840 5074 1106 5128 tristitiam
1135 5072 1375 5137 habeam,
1409 5071 1474 5125 de
1496 5070 1680 5141 quibus
1701 5077 1941 5140 oportue-
2036 5079 2223 5144 ηαειίε,
2245 5087 2293 5132 ει
2321 5093 2434 5147 ego,
2477 5075 2819 5130 Manifestum
2849 5084 2935 5130 est,
2963 5074 3111 5144 quia,
3144 5071 3456 5143 quodjubet
3479 5070 3619 5136 ﬁeri,

370 5175 453 5222 rat
486 5183 570 5223 me
610 5165 863 5238 gaudere,
929 5164 1194 5234 conﬁdens
1237 5165 1294 5218 in
1327 5163 1566 5218 omnibus
1605 5161 1770 5228 vobis,
1811 5161 1917 5231 quit

2035 5170 2153 5242 ipse
2172 5169 2321 5232 facit,
2350 5182 2453 5224 nec
2477 5173 2658 5236 potest
2698 5167 2802 5223 hoc
2829 5166 3067 5222 abnuere
3101 5164 3242 5236 quod
3268 5163 3432 5218 etiam
3457 5161 3618 5217 obse-

371 5259 625 5330 gaudium
668 5274 839 5313 meum
864 5257 1096 5312 omnium
1135 5265 1359 5312 vestrum
1405 5264 1503 5310 est.
1534 5253 1738 5309 Idcirco
1785 5253 1938 5318 dicit,
2041 5276 2201 5317 crans
2241 5269 2302 5314 ιιι
2342 5258 2458 5323 ﬁat,
2507 5256 2878 5323 scribit,-cum
2925 5256 3150 5311 habere;
3192 5260 3511 5324 ροιθειειιεω
3539 5247 3625 5317 ju.

371 5348 479 5415 boc
522 5363 583 5404 se
631 5345 935 5418 scripsisse,
973 5355 1034 5402 ut
1095 5353 1281 5417 postea
1331 5345 1572 5410 veniens,
1620 5358 1730 5398 non
1778 5349 1917 5397 esset

2042 5349 2226 5407 bendi.
2276 5347 2383 5404 Sed
2433 5348 2490 5402 in
2547 5348 2722 5418 prima
2772 5346 2998 5418 epistola
3042 5360 3206 5418 grave
3255 5342 3371 5412 ejus
3418 5341 3624 5396 crimen

375 5440 517 5494 unde
565 5439 1000 5504 contristaretur,
1057 5436 1285 5492 sublatis
1325 5435 1490 5499 vitiis,
1546 5437 1640 5489 sed
1690 5431 1917 5502 gaudere

2047 5439 2262 5504 detulit,
2303 5449 2366 5493 ut
2390 5439 2676 5495 horrerent
2717 5437 2864 5493 illum
2893 5451 3082 5494 omnes
3113 5451 3129 5490 :
3157 5449 3303 5490 nunc
3343 5429 3510 5498 recipi
3559 5427 3625 5480 il-

380 5541 503 5582 cum
541 5527 642 5593 Bis.
689 5526 844 5597 quasi
895 5541 1017 5582 cum
1055 5523 1389 5580 οιιπίδεῖηὶῖε
1439 5523 1584 5588 ﬁliis.
1631 5530 1693 5576 υι
1737 5522 1829 5590 (ἰαί
1882 5520 1950 5576 ab
2049 5531 2164 5586 lum
2189 5529 2324 5596 vult,
2353 5538 2476 5586 orat
2498 5545 2566 5587 ne
2590 5531 2765 5586 adhuc
2788 5530 3097 5586 exulcerato
3122 5527 3302 5582 animo
3345 5523 3626 5578 adversum

383 5615 684 5674 inﬁdelibus
712 5616 1141 5674 tribulationibus
1161 5614 1516 5678 adiciebatur,
1552 5613 1730 5669 abhis
1768 5613 1954 5683 utique
2055 5619 2203 5674 illum
2230 5619 2422 5676 durum
2469 5619 2575 5676 illis
2612 5628 2756 5677 esset
2781 5621 2982 5678 habere
3021 5633 3145 5675 cum
3181 5616 3270 5672 illo
3295 5608 3626 5670 communio-
