4082 6332
507 269 617 366 tot

1147 302 1214 358 Β.
1252 300 1507 356 RABANI
1547 297 1768 357 MAURI
1804 295 2126 355 ARCIIIEP.
2166 295 2478 354 MOGUNT.
2518 294 2804 353 OPERUM
2843 293 3023 353 PARS
3056 293 3143 352 ἰῐῐ.

3698 291 3806 354 108

507 439 632 482 nem
658 416 936 477 Ecclesiae.
959 415 1146 486 Neque
1167 412 1311 469 enim
1341 418 1488 468 tanta
1520 411 1576 466 in
1610 411 1691 466 eis
1731 417 1870 476 erat,
1897 392 2100 480 quanta
2127 412 2181 476 Α
2204 409 2321 481 ipse
2367 406 2636 480 ﬂagellum
2687 408 2843 465 fieret
2889 407 3207 480 disciplinae.
3261 406 3378 475 Qua
3430 414 3613 464 tamen
3663 410 3805 467 bene

507 518 563 575 in
597 510 854 585 Aposwlo
899 503 1258 580 providentia,
1289 509 1350 559 ut
1398 501 1580 558 statim
1611 499 1973 570 intelligerent
2019 497 2101 554 fa-

507 605 760 664 ciendum
795 614 916 658 esse
951 597 1095 670 quod
1143 595 1357 651 diccbat
1381 590 1670 663 Apostolus
1705 591 1761 646 in
1805 605 1967 646 causa
1994 591 2099 645 hu»

499 698 590 770 jus
626 697 918 756 duntaxat,
955 687 1074 743 ideo
1100 686 1350 742 obsecrat
1373 691 1435 737 ut
1464 682 1742 738 dimittant
1763 679 1870 748 illi,
1901 679 2104 752 signiﬁ-

476 803 637 860 ',3ans
661 789 829 844 Deum
873 783 948 840 illi
982 783 1270 856 ignovisse,
1302 781 1427 852 quia
1455 779 1590 836 nihil
1632 779 1749 835 sine
1785 779 1880 834 Dei
1907 777 2100 850 spiritu

505 878 699 951 agebat
725 874 1032 946 Apostolus.
1056 871 1260 945 (Greg.)
1283 870 1429 928 Bene
1449 879 1630 925 autem
1657 870 1713 924 in
1735 867 1943 925 visione
1968 867 2101 922 Eze-

505 969 696 1025 chielis
724 965 942 1038 (Ezech.
975 963 1068 1036 XL)
1105 979 1227 1018 cum
1273 976 1580 1018 mensarum
1605 959 1747 1016 labia
1781 959 2098 1025 metiuntur,

506 1068 564 1114 et
591 1071 846 1119 mensura
879 1055 1044 1126 palmi
1082 1053 1310 1120 dicitur,
1346 1051 1562 1108 additur
1603 1052 1790 1117 unius,
1821 1059 1882 1105 ut
1904 1065 1971 1106 ex
1999 1049 2101 1104 do-

505 1161 719 1208 ctorum
764 1146 1150 1220 pratdicatione
1188 1145 1330 1201 sicut
1367 1143 1546 1199 unitas
1604 1150 1819 1199 tenetur
1861 1141 1916 1196 in
1959 1141 2099 1208 fide,

505 1243 581 1298 ita
609 1254 822 1313 quoque
849 1239 1108 1295 mentium
1135 1237 1315 1293 unitas
1345 1243 1592 1292 servetur
1620 1230 1674 1291 in
1699 1249 1884 1305 opere,
1915 1249 1983 1290 ne
2003 1249 2103 1306 per

503 1350 639 1405 opus
663 1334 861 1389 bonum
886 1331 1029 1402 quod
1055 1329 1192 1384 alter
1233 1329 1361 1400 agit,
1393 1327 1531 1384 alter
1558 1328 1626 1383 ad
1666 1326 1951 1384 discordiae
1979 1342 2099 1381 ma-

504 1425 617 1480 lum
658 1431 996 1496 prorumpat.
1032 1421 1110 1476 Ita
1147 1421 1293 1477 enim
1332 1421 1474 1477 bona
1514 1417 1697 1477 facere
1736 1435 1902 1492 opera
1933 1420 2097 1476 debe-

505 1532 645 1582 mus,
674 1525 736 1570 ut
775 1530 876 1585 per
904 1514 1020 1570 hazc
1065 1526 1280 1582 quoque
1306 1526 1430 1566 cum
1461 1511 1546 1567 his
1581 1525 1703 1566 cum
1744 1509 1942 1580 quibus
1965 1508 2101 1563 vivi-

506 1623 628 1664 mus
647 1604 1078 1670 unanimitatem,
1105 1604 1157 1658 in
1184 1611 1446 1674 quantum
1475 1610 1622 1658 recte
1642 1616 1949 1673 possumus,
1973 1614 2102 1656 con-

501 1716 805 1766 servemus,
850 1698 905 1754 id
933 1706 1038 1764 est,
1084 1712 1192 1753 non
1234 1693 1532 1752 deserendo
1565 1695 1787 1760 bonum,
1814 1694 1959 1765 quod
1987 1692 2101 1764 agi-

2205 508 2355 573 gcsta
2382 501 2727 572 paenitentia,
2757 501 2883 558 dum
2923 500 3269 573 cognovisset
3293 499 3603 558 Corinthios
3638 517 3808 574 super-

2205 609 2329 650 eum
2351 593 2465 665 jam
2494 593 2920 650 misericorditer
2952 601 3150 660 motos,
3178 593 3254 648 ait
3283 609 3296 646 :
3327 591 3429 647 Cui
3455 592 3659 665 aliquid
3701 593 3807 651 do-

2206 683 2394 749 nastis,
2421 693 2470 738 et
2493 699 2608 754 ego.
2635 683 2779 738 Nam
2803 692 2852 738 et
2889 699 2982 754 ego
3027 683 3167 754 quod
3191 683 3407 749 donavi,
3447 683 3498 738 si
3540 684 3670 756 quid
3699 684 3803 741 do-

2206 791 2349 842 navi,
2391 784 2603 846 propter
2644 790 2736 830 vos
2782 775 2840 829 in
2871 791 3096 846 persona
3140 773 3358 830 Christi.
3391 773 3806 834 Communionis

2206 867 2390 938 itaque
2433 866 2667 937 gratiam
2695 865 2941 938 cogitans
2983 866 3080 932 ait,
3120 866 3206 920 cui
3249 865 3453 936 aliquid
3492 866 3732 924 donastis
3753 877 3808 924 et

2203 976 2316 1031 ego.
2331 959 2411 1014 Ac
2430 957 2477 1013 si
2500 957 2727 1024 diceret,
2749 956 2796 1011 Α
2816 957 2958 1012 bono
2978 963 3162 1012 vestro
3185 971 3292 1012 non
3311 957 3592 1022 dissentio,
3618 972 3806 1016 meum

2204 1049 2277 1105 sit
2304 1047 2566 1122 quidquid
2590 1047 2690 1118 ipsi
2719 1045 2931 1103 fecistis
2949 1054 3156 1117 ,.atque
3181 1061 3309 1101 mox
3334 1045 3598 1113 subdidit,
3632 1056 3682 1102 et
3707 1063 3804 1120 ego

2204 1143 2251 1197 si
2277 1141 2402 1212 quid
2428 1140 2618 1195 donavi
2636 1149 2850 1211 propter
2872 1155 2983 1205 vos,
3007 1153 3072 1194 ac
3097 1137 3141 1194 si
3171 1124 3410 1205 diceret,
3435 1140 3636 1196 vestris
3665 1139 3804 1196 acti-

2155 1219 2158 1224 ’
2203 1232 2306 1287 bus
2333 1232 2536 1287 bonum
2563 1227 2770 1296 addidi,
2799 1227 3060 1300 quidquid
3089 1235 3312 1299 propter
3338 1242 3437 1284 vos
3487 1229 3803 1286 miscricor-

2156 1321 2164 1324 ’
2203 1322 2343 1377 diter
2369 1320 2496 1387 feci,
2519 1330 2702 1377 vestra
2725 1334 2856 1391 ergo
2881 1328 2966 1376 est
2987 1319 3216 1386 utilitas,
3238 1319 3455 1376 bonitas
3481 1333 3604 1376 mea
3633 1338 3648 1375 :
3678 1336 3798 1377 mea

2203 1413 2414 1469 utilitas
2459 1412 2676 1469 bonitas
2701 1420 2904 1468 vestra.
2947 1411 3049 1478 Qui
3092 1410 3267 1482 ipsam
3313 1427 3440 1468 mox
3479 1426 3802 1485 compagem

2204 1502 2448 1558 cordium
2467 1542 2483 1569 ,
2511 1502 2567 1557 in
2594 1517 2700 1573 qua
2731 1501 2812 1558 sic
2851 1509 3089 1568 tenetur,
3120 1501 3421 1574 adjungens
3457 1503 3719 1569 subdidit,
3744 1503 3800 1558 in

2202 1608 2426 1664 persona
2463 1589 2661 1647 Christi
2689 1604 2710 1644 :
2755 1591 2863 1658 cui,
2893 1590 3042 1648 velut
3078 1590 3125 1647 si
3154 1591 3336 1648 dicere
3377 1606 3798 1662 pratsumamus,

2163 1679 2166 1682 ’
2204 1681 2385 1750 Quare
2399 1690 2452 1738 te
2479 1682 2554 1737 ita
2577 1689 2736 1740 caute
2763 1680 3044 1752 discipulis
3069 1681 3327 1752 copulas?
3347 1698 3516 1754 quare
3543 1692 3594 1740 te
3619 1683 3707 1740 vel
3736 1684 3796 1740 ilo

503 1809 624 1850 mus
641 1834 655 1860 ,
687 1775 782 1848 sed
806 1788 1184 1861 ρι-ωνεηίοηειο
1229 1789 1386 1844 bonis
1417 1785 1860 1858 persuasionibus
1894 1784 2099 1840 malum
2127 1779 2176 1840 B
2201 1771 2517 1861 lorum,‘vel
2543 1771 2662 1830 illos
2684 1773 2794 1829 tuis
2825 1773 3038 1830 actibus
3065 1779 3177 1827 tam
3205 1771 3436 1830 sollicita
3463 1784 3648 1832 mente
3668 1789 3801 1832 con-

501 1881 785 1938 discordia:
817 1878 961 1951 quod
981 1878 1264 1934 timemus.
1296 1875 1388 1932 Sic
1413 1876 1469 1932 in
1499 1875 1611 1931 suis
1635 1875 1890 1945 operibus
1914 1874 2096 1930 unita-

502 1985 612 2031 tem
635 1973 796 2045 palmi
818 1972 1129 2028 custodiens
1148 1969 1347 2025 Paulus
1366 1969 1690 2026 discordiam
1711 1967 1958 2040 generari
1974 1981 2102 2038 pro-

501 2064 744 2130 hibebat,
765 2078 888 2119 cum
911 2063 1198 2132 quemdam
1215 2059 1328 2129 jam
1353 2060 1564 2131 lapsum
1584 2068 1746 2130 atque
1767 2058 1836 2114 ab
1856 2058 2101 2115 Ecclesia

499 2152 804 2223 abiectum,
824 2154 940 2225 jam
963 2152 1104 2208 velle
1147 2152 1390 2222 recipere
1418 2150 1731 2207 Corinthios
1757 2151 1995 2217 videret,
2026 2150 2105 2206 di-

500 2263 669 2304 cens:
696 2245 753 2302 Si
783 2247 868 2302 cui
897 2245 1099 2318 aliquid
1151 2245 1406 2310 donastis,
1438 2253 1486 2298 et
1527 2259 1645 2314 ego,
1677 2258 1799 2297 nam
1844 2251 1893 2297 et
1936 2257 2029 2313 ego
2056 2242 2102 2296 si

499 2337 626 2409 quid
656 2337 868 2402 donavi,
912 2345 1122 2406 propter
1152 2350 1240 2389 vos
1287 2335 1343 2388 in
1382 2350 1605 2404 persona
1633 2331 1852 2398 Christi,
1897 2340 1954 2385 ut
1997 2347 2104 2386 non

501 2431 971 2485 circumveniamur
994 2445 1028 2482 a
1056 2427 1283 2482 Satana.
1320 2427 1422 2494 Qui
1446 2425 1699 2482 videlicet
1741 2423 1878 2480 solet
1899 2423 1969 2479 dc
2011 2421 2104 2479 ho-

504 2521 590 2578 nis
610 2521 748 2576 mala
769 2534 1051 2591 generare,
1073 2527 1128 2574 et
1153 2519 1258 2574 hoc
1277 2519 1420 2589 quod
1434 2532 1533 2588 per
1553 2517 1758 2572 charita
1767 2525 1872 2571 tem
1902 2514 2101 2586 agitur,

504 2614 575 2670 ad
602 2612 932 2669 discordiam
958 2611 1302 2667 contrahere.
1331 2607 1486 2665 Unde
1514 2615 1572 2664 et
1593 2621 1720 2662 mox
1745 2606 1813 2662 de
1841 2605 1959 2676 ipso
1979 2604 2104 2661 sub-

498 2704 631 2774 jecit
656 2702 843 2758 dicens
881 2719 896 2756 :
923 2700 1049 2756 Non
1077 2701 1215 2754 enim
1243 2700 1546 2770 ignoramus
1589 2697 1931 2768 cogitationes
1963 2695 2098 2772 ejus.

503 2796 702 2850 Doctor
735 2802 918 2850 autem
962 2792 1056 2863 qui
1099 2806 1198 2863 per
1246 2792 1390 2847 bona
1437 2804 1560 2860 qua:
1595 2787 1857 2858 praedicat
1883 2788 1942 2844 in
1985 2786 2101 2842 suis

503 2887 844 2944 auditoribus
886 2896 1094 2944 rectam
1140 2884 1513 2956 operationem
1542 2882 1762 2950 format,
1809 2882 1854 2938 si
1889 2890 2102 2939 mentes

499 2979 839 3052 operantium
859 2980 928 3036 ad
956 2979 1369 3036 unanimitatem
1395 2993 1504 3034 non
1531 2976 1684 3046 ligat,
1708 2976 1764 3032 in
1800 2975 1960 3032 labiis
1984 2975 2102 3046 pal-

501 3089 652 3132 mum
675 3074 872 3142 habet,
901 3073 998 3131 sed
1023 3089 1144 3130 eam
1169 3088 1289 3144 qua:
1327 3071 1473 3128 dicta
1495 3078 1578 3126 est
1595 3109 1611 3135 ,
1640 3068 1806 3140 palmi
1832 3068 2099 3125 unitatem

503 3180 610 3220 non
641 3165 822 3220 habet.
857 3131 1000 3217 illam
1027 3169 1078 3216 et
1113 3131 1206 3232 ego
1231 3163 1370 3234 quod
1412 3131 1627 3227 donavi,
1641 3131 1714 3215 ἐἰ
1735 3160 1864 3232 quid
1903 3160 2098 3216 donavi
2125 3131 2170 3196 ϐ

499 3263 714 3326 propter
739 3269 826 3308 vos
855 3253 910 3306 in
949 3267 1172 3322 persona
1193 3247 1408 3306 Christi.
1435 3249 1644 3322 (Amb.)
1669 3249 1780 3307 Hoc
1807 3250 1952 3307 dicto
1975 3265 2100 3322 gra-

508 3355 602 3400 vat
615 3345 755 3410 illos,
768 3345 895 3414 quia
911 3344 956 3399 si
981 3342 1088 3415 [Αι.
1104 3341 1283 3415 quasi]
1304 3343 1582 3414 magister,
1601 3339 1911 3411 petentibus
1935 3340 2100 3397 disci-

501 3437 647 3509 pulis
673 3435 915 3502 donavit,
943 3434 1030 3490 cui
1057 3434 1345 3490 voluerunt
1371 3441 1676 3504 peccatum,
1699 3439 1904 3503 quanto
1923 3431 2099 3502 magis

502 3527 766 3586 obaudire
790 3527 988 3584 debent
1007 3525 1253 3597 discipuli
1279 3523 1638 3595 magistrum?
1660 3531 1717 3580 et
1738 3531 1800 3578 ut
1819 3531 1997 3578 ratum
2021 3523 2096 3591 ei,

502 3621 593 3678 cui
621 3619 843 3676 donavit
879 3619 1187 3676 ostenderet
1225 3618 1368 3689 apud
1404 3618 1572 3673 Deum
1594 3657 1610 3684 ,
1648 3615 1756 3684 ait,
1790 3615 1844 3671 in
1872 3631 2099 3687 persona

502 3711 699 3768 Christi
725 3725 785 3767 se
813 3710 1044 3766 donasse
1066 3708 1209 3779 quod
1231 3708 1472 3773 donavit,
1509 3707 1611 3764 hoc
1639 3715 1725 3763 est
1755 3714 1978 3777 accepto
2012 3715 2098 3762 tu-

505 3802 634 3860 lisse
654 3802 953 3869 Christum,
976 3798 1130 3870 cujos
1156 3799 1423 3872 legatione
1449 3796 1867 3869 fungebatur,ut
1893 3797 2096 3854 factum

503 3895 771 3967 Apostoli,
803 3893 1008 3950 factum
1047 3893 1119 3948 sit
1157 3890 1381 3958 Christi,
1408 3891 1549 3947 sicut
1575 3891 1711 3946 dixit
1739 3908 1752 3944 :
1776 3907 2098 3962 quwcunque

501 3986 760 4041 soweritis
812 3999 969 4056 super
1031 3993 1224 4039 terram
1250 4023 1266 4048 ,
1320 3991 1473 4038 erunt
1522 3982 1698 4038 soluta
1758 3992 1807 4038 et
1856 3983 1913 4038 in
1965 3981 2093 4038 caelo

502 4077 720 4151 (Matth.
746 4075 926 4148 xvut).
955 4075 1014 4132 Si
1042 4090 1174 4132 vero
1196 4074 1323 4131 huic
1365 4087 1464 4144 pro
1505 4088 1616 4144 quo
1640 4073 1951 4143 petiverunt
1996 4087 2098 4145 per

501 4168 818 4240 Apostolum
852 4166 1103 4223 Christus
1133 4166 1369 4238 ignovit,
1400 4173 1604 4235 quanto
1627 4165 1802 4235 magis
1832 4165 1959 4222 huic
1978 4163 2096 4235 jam

501 4260 742 4330 ignotum
762 4264 902 4323 erat,
929 4258 1017 4312 cui
1047 4265 1106 4311 ut
1145 4257 1347 4312 donent
1368 4257 1530 4310 etiam
1567 4255 1681 4326 ipse
1711 4255 2000 4311 hortatur?
2026 4252 2094 4310 Ut

501 4367 607 4406 non
656 4349 1131 4404 circumveniamur
1153 4365 1187 4402 a
1214 4347 1440 4411 Satana,
1471 4364 1574 4402 non
1621 4349 1758 4402 enim
1792 4349 2095 4419 ignoramus

501 4441 841 4512 cogitationes
887 4439 1021 4510 ejus.
1049 4439 1162 4496 Hoc
1208 4439 1342 4496 dicit
1381 4439 1524 4510 quod
1567 4453 1730 4511 supra
1773 4441 2090 4509 memoravi,

2202 1844 2452 1922 formas"!
2493 1862 2639 1920 illico
2681 1862 2980 1934 subjunxit,
3029 1875 3088 1918 ut
3129 1879 3234 1918 non
3263 1864 3738 1920 eireumveniamur
3767 1882 3804 1921 α

2203 1955 2428 2013 Satana.
2470 1955 2634 2027 Cujus
2669 1953 2887 2014 Satanae
2912 1955 3048 2030 [Al.,
3085 1954 3335 2028 sagaces]
3371 1956 3599 2014 insidias
3633 1972 3801 2028 quam

2202 2060 2363 2107 acuto
2389 2065 2551 2106 sensu
2579 2047 2862 2122 transfigat
2879 2088 2898 2116 ,
2931 2049 3172 2106 insinuat
3199 2049 3438 2105 subdens
3468 2065 3483 2103 :
3510 2047 3636 2104 Non
3659 2048 3803 2104 enim

2200 2147 2505 2218 ignoramus
2535 2145 2872 2216 cogitationes
2899 2143 3046 2215 ejus,
3076 2157 3141 2199 ac
3167 2141 3217 2200 si
3241 2141 3427 2198 verbis
3449 2140 3572 2198 aliis
3601 2141 3750 2197 dicat
3782 2157 3800 2194 :

2199 2239 2390 2295 Acuta:
2421 2247 2644 2295 auctore
2668 2237 2899 2304 Domino
2928 2237 3092 2293 sudes
3118 2250 3330 2302 sumus,
3355 2242 3412 2290 et
3438 2248 3598 2290 nares
3625 2231 3806 2289 Bche-

2201 2328 2354 2385 moth
2386 2327 2546 2385 istius
2569 2325 2854 2384 subtiliter
2894 2322 3382 2396 circumspiciendo
3423 2329 3802 2393 penetramus,

2203 2433 2273 2475 ne
2303 2418 2409 2474 hoc
2448 2417 2591 2488 quod
2619 2418 2760 2476 bene
2798 2430 2954 2474 mens
2995 2415 3215 2472 inchoat
3245 2413 3362 2485 ipse
3399 2411 3456 2468 in
3485 2410 3708 2468 malitia:
3735 2411 3806 2468 ti-

2203 2522 2329 2564 nem
2353 2514 2656 2564 convertat.

2274 2617 2408 2672 Cum
2437 2618 2692 2674 venissem
2716 2627 2893 2674 autem
2922 2617 3180 2674 Troadem
3207 2625 3420 2690 propter
3447 2613 3803 2689 Evangelium

2203 2709 2421 2777 Christi,
2450 2719 2498 2764 et
2523 2711 2714 2765 ostium
2739 2710 2866 2765 mihi
2912 2718 3148 2781 apertum
3171 2719 3304 2764 esset
3332 2710 3390 2764 in
3413 2707 3664 2774 Domino,
3690 2722 3810 2764 non.

2202 2801 2365 2856 habui
2395 2803 2623 2874 requiem
2672 2802 2885 2873 spiritui
2929 2818 3068 2868 meo,
3091 2817 3150 2856 eo
3183 2801 3324 2873 quod
3372 2815 3478 2855 non
3509 2787 3803 2855 inveneris.

2205 2888 2381 2946 Titum
2423 2889 2642 2959 fratrem
2682 2906 2895 2955 meum;
2920 2891 3011 2945 sed
3055 2888 3371 2957 patefaciens
3402 2891 3478 2946 eis
3526 2889 3800 2960 profectus

2202 2966 2319 3034 sum
2341 2979 2396 3032 in
2426 2978 2814 3034 Macedoniam.
2861 2979 3063 3054 (ιιὶεγ.)
3113 2979 3313 3036 Narrat
3350 2979 3649 3038 Corinthiis
3674 2995 3802 3052 quas

2202 3068 2416 3138 fecerit,
2456 3084 2576 3140 qua:
2603 3086 2798 3142 passus
2821 3073 2911 3139 sit,
2944 3081 3000 3129 et
3025 3074 3298 3144 quomodo
3335 3075 3392 3130 in
3418 3074 3632 3132 cunctis
3671 3082 3804 3148 agat

2200 3163 2427 3235 gratias,
2450 3172 2510 3219 ut
2552 3163 2653 3218 sub
2678 3165 2926 3236 exemplo
2971 3166 3077 3232 sui,
3106 3165 3227 3222 illos
3267 3172 3526 3238 provocet
3568 3169 3638 3224 ad
3676 3181 3803 3224 cer-

2163 3293 2170 3299 -
2201 3259 2449 3313 tandum.
2477 3255 2634 3324 Veni,
2659 3259 2858 3328 inquit,
2888 3257 3178 3325 Troadem,
3201 3274 3324 3330 qua:
3349 3260 3501 3330 prius
3522 3258 3683 3330 Troja
3704 3273 3804 3331 ap-

2163 3383 2172 3392 κ
2198 3347 2520 3418 pellebatur,
2535 3355 2595 3402 ut
2613 3347 2964 3420 Evangellum
2980 3347 3182 3404 Christi
3197 3348 3252 3404 in
3271 3347 3400 3404 Asia
3419 3349 3798 3420 praedicarem.

2200 3434 2437 3508 Cumque
2456 3437 2650 3491 ostium
2681 3437 2812 3490 mihi
2839 3445 3077 3508 apertum
3106 3445 3240 3492 esset
3270 3437 3326 3491 in
3352 3436 3604 3504 Domino,
3629 3438 3682 3493 id
3709 3445 3803 3494 est

2196 3528 2418 3600 plurimi
2448 3525 2830 3595 credidissent,
2865 3528 2982 3585 sive
3027 3543 3128 3600 per
3169 3529 3321 3600 signa
3351 3538 3517 3601 atque
3547 3529 3799 3596 virtutes,

2199 3634 2320 3690 quae
2343 3620 2398 3675 in
2423 3634 2513 3676 me
2538 3621 2866 3690 operabatur
2888 3619 3052 3686 Deus,
3077 3634 3204 3692 spes
3235 3628 3385 3677 esset
3427 3621 3702 3678 nascentis
3730 3619 3802 3676 li-

2197 3709 2310 3777 dei,
2332 3719 2390 3768 et
2426 3710 2483 3768 in
2503 3709 2734 3767 Domino
2758 3711 3178 3776 sucerescentis,
3220 3727 3324 3766 non
3365 3711 3525 3766 habui
3564 3710 3798 3782 requiem

2195 3803 2568 3876 spiritui-meo,
2589 3802 2693 3859 hoc
2720 3809 2824 3871 est,
2855 3811 3128 3874 speratam
3161 3802 3588 3860 consolationem
3635 3801 3796 3859 inve-

2196 3894 2316 3950 nire
2358 3909 2465 3951 non
2493 3895 2665 3964 potui,
2709 3892 2942 3964 ecquod
2973 3893 3154 3950 Titum
3201 3893 3428 3950 fratrem
3467 3907 3646 3950 meum
3682 3907 3794 3949 non

2196 3984 2518 4052 invenerim,
2558 3985 2692 4053 sive,
2744 4001 2905 4056 quem
2955 3985 3030 4041 ibi
3080 3985 3458 4057 reperiendum
3506 3987 3794 4058 putabam,

2196 4076 2311 4132 sive
2339 4090 2501 4146 quem
2532 4075 2606 4131 ibi
2635 4075 2914 4132 audieram
2941 4075 3158 4148 degere,
3202 4075 3289 4132 vel
3316 4075 3406 4146 qui
3455 4073 3580 4132 illuc
3599 4084 3796 4131 ventu-

2196 4181 2317 4222 rum
2357 4180 2481 4222 esse
2505 4180 2565 4223 se
2590 4166 2821 4221 dixerat.
2859 4164 2990 4233 Qtne
3017 4174 3199 4221 autem
3223 4164 3326 4220 fuit
3351 4173 3500 4221 tanta
3542 4163 3795 4222 consola-

2196 4259 2292 4324 tio,
2319 4265 2376 4314 et
2414 4273 2534 4328 quae
2561 4259 2777 4329 requies
2803 4258 3015 4328 spiritui
3046 4258 3101 4314 in
3130 4259 3420 4330 prmsentia
3467 4258 3596 4325 Titi,
3629 4272 3792 4328 quem

2197 4349 2323 4419 quia
2367 4363 2476 4405 non
2528 4348 2755 4414 invenit,
2799 4347 3127 4405 valefaciens
3167 4349 3248 4404 eis
3294 4347 3570 4419 profectus
3603 4358 3690 4404 est
3733 4348 3793 4404 in

2198 4441 2598 4498 Macedoniam?
2625 4441 2925 4514 Aliquotics
2950 4442 3186 4498 diximus
3224 4441 3529 4513 apostolum
3559 4441 3792 4498 Paulum

501 4503 630 4604 quia
657 4503 958 4589 consolatio
979 4533 1140 4589 debet
1158 4503 1416 4604 subsequi
1434 4503 1657 4589 fratrem
1680 4534 1931 4590 delictum
1959 4503 2094 4590 ilen;
2119 4503 2170 4563 D
2196 4536 2374 4590 virum
2415 4534 2582 4591 fuisse
2604 4503 2977 4592 doctissimum
3006 4543 3064 4590 et
3083 4503 3356 4591 eruditum
3394 4537 3463 4590 ad
3491 4536 3655 4607 pedes
3677 4535 3792 4593 Ga-

505 4631 636 4689 tcm,
663 4638 731 4678 ne
756 4623 849 4680 diu
895 4623 1248 4680 contristatus
1289 4631 1345 4679 ct
1385 4633 1728 4694 contemptus
1771 4638 1802 4678 a
1825 4624 2093 4680 charitate

503 4713 787 4782 Ecclesia},
833 4714 1060 4784 incipiat
1106 4713 1398 4786 desperare
1432 4714 1498 4770 de
1535 4730 1623 4782 se;
1664 4721 1720 4770 et
1757 4715 1966 4778 videns,
1996 4714 2092 4784 qui

501 4821 717 4876 semper
741 4805 796 4860 in
827 4804 1038 4861 insidiis
1061 4813 1147 4862 est
1169 4805 1382 4862 subtilis
1407 4805 1682 4873 diabolus,
1709 4814 1946 4862 mentem
1973 4802 2093 4874 ejus

503 4898 664 4952 vilem
687 4896 957 4963 effectam,
981 4898 1206 4953 accedat
1227 4906 1282 4954 et
1303 4907 1557 4970 suggerat
1576 4899 1650 4965 ei,
1676 4908 1737 4954 ut
1753 4898 1838 4955 vel
1857 4913 2094 4969 praesen-

504 4989 648 5045 tibus
677 4988 908 5055 fruatur,
936 4989 1027 5060 qui
1058 4990 1124 5045 de
1143 5004 1240 5061 spe
1281 4990 1446 5047 futuri
1483 4991 1691 5062 prtemii
1719 4991 1960 5062 dejectus
1984 4999 2091 5057 est,

501 5088 557 5134 et
575 5087 762 5148 pereat
787 5077 958 5133 frater
977 5092 1261 5149 possessus
1282 5093 1313 5133 a
1334 5077 1569 5146 diabolo,
1585 5077 1687 5134 'cui
1706 5079 1774 5135 ad
1799 5080 1900 5136 hoc
1921 5080 2094 5150 pteni-
2131 5119 2133 5122 ι

504 5169 670 5224 tentia
711 5168 837 5224 data
861 5177 1005 5236 erat,
1030 5177 1091 5224 ut
1128 5170 1425 5226 conversus
1466 5167 1788 5226 reformaret
1829 5183 1908 5237 se,
1953 5171 2096 5226 sicut

503 5260 635 5315 dicit
662 5260 909 5317 Ezechiel
937 5261 1203 5334 propheta
1234 5279 1248 5316 :
1281 5261 1422 5316 Nolo
1449 5270 1667 5315 mortem
1689 5260 1982 5328 morientis,
2001 5260 2094 5315 sed

501 5353 670 5425 magis
693 5363 748 5408 ut
771 5364 1062 5409 revertatur
1084 5363 1132 5410 et
1159 5355 1294 5410 vivat
1315 5353 1534 5426 (Ezech.
1557 5351 1746 5423 mn);
1777 5361 1834 5408 et
1859 5353 2090 5409 iterum:

502 5445 902 5513 Convertuntur,
928 5447 1121 5517 inquit,
1148 5457 1197 5502 et
1214 5444 1519 5518 reptantabo
1539 5461 1626 5500 eos
1648 5443 1868 5515 (Ezech.
1892 5443 2090 5516 xxx").

504 5533 717 5608 [Greg.]
759 5535 951 5609 Magna
998 5538 1196 5609 quippe
1231 5543 1349 5591 arte
1398 5534 1695 5606 magisterii
1731 5534 1833 5606 ipsi
1863 5545 1948 5591 cst
1982 5544 2094 5590 tra-

504 5627 648 5682 ditu's
681 5638 903 5685 coactus
931 5629 983 5683 in
1030 5643 1267 5700 poenam,
1299 5627 1385 5684 cui
1437 5635 1627 5697 sponte
1672 5635 1756 5682 est
1785 5627 2094 5684 substratus

505 5717 560 5772 in
584 5719 756 5791 culpa,
790 5731 848 5776 ut
885 5722 976 5791 qui
1026 5728 1214 5776 auctor
1265 5719 1436 5774 fuerat
1479 5719 1546 5775 ad
1573 5719 1764 5774 vitium
1815 5720 2090 5790 nequitiae,

2194 4625 2394 4694 maliel,
2422 4627 2515 4697 qui
2539 4627 2594 4682 in
2618 4625 2982 4697 apostolorum
3012 4627 3239 4683 Actibus
3266 4627 3711 4696 concionabatur,
3734 4635 3793 4686 et

2193 4719 2326 4775 dicit
2357 4736 2370 4772 :
2398 4718 2469 4774 Et
2499 4735 2638 4774 nunc
2666 4719 2794 4789 quid
2827 4718 3026 4773 habetis
3071 4733 3191 4772 cum
3217 4718 3513 4772 hominibus
3554 4718 3712 4774 istis?
3741 4718 3792 4774 si

2191 4813 2328 4866 enim
2373 4829 2406 4866 a
2448 4810 2561 4866 Deo
2604 4819 2702 4877 est,
2731 4809 2911 4875 stabit,
2937 4810 2984 4863 si
3027 4825 3092 4863 ea:
3132 4807 3450 4875 hominibus,
3494 4807 3792 4864 destruetur

2192 4904 2329 4976 (Act.
2359 4903 2437 4976 v).
2465 4901 2711 4974 Cumque
2735 4903 2961 4958 haberet
2989 4909 3301 4958 sanctarum
3329 4900 3614 4957 scientiam
3641 4898 3792 4956 Scri-

2191 5002 2470 5065 pturarum
2498 5033 2514 5058 ,
2561 5002 2618 5048 et
2664 4992 2930 5048 sermonis
2985 4991 3430 5060 diversarumque
3482 4989 3788 5061 linguarum

2193 5083 2424 5155 gratiam
2463 5083 2787 5153 possideret,
2814 5079 2958 5136 unde
2984 5080 3097 5152 ipse
3124 5079 3388 5152 gloriatur
3408 5079 3461 5135 in
3485 5079 3714 5136 Domino
3735 5085 3781 5136 et

2194 5174 2324 5232 dicit
2355 5191 2369 5229 :
2399 5173 2612 5230 Gratias
2636 5172 2747 5227 Deo
2777 5186 2875 5242 ago
2912 5171 3053 5242 quod
3081 5170 3366 5226 Dominum
3406 5179 3630 5226 vestrum
3673 5185 3791 5224 nta-

2193 5265 2274 5338 gis
2318 5264 2508 5337 linguis
2551 5261 2740 5336 loquor
2771 5262 2822 5335 (ι
2847 5261 2972 5319 Cor.
3012 5262 3149 5336 11v),
3183 5263 3487 5319 divinorum
3525 5276 3789 5319 sensuum

2195 5357 2553 5430 majestatcm,
2585 5357 2747 5429 digno
2774 5371 2880 5414 non
2923 5363 3140 5428 poterat
3176 5355 3350 5412 Gnaei
3378 5353 3578 5426 eloquii
3618 5354 3790 5425 expli-

2195 5464 2326 5506 care
2352 5464 2622 5506 sermone.
2661 5448 2908 5506 Habebat
2933 5464 3064 5522 ergo
3092 5448 3273 5504 Titum
3297 5447 3651 5517 interpretem
3681 5446 3789 5503 sic-

2194 5552 2256 5597 ut
2293 5551 2349 5598 et
2391 5541 2451 5595 Β.
2476 5540 2671 5597 Petrus
2716 5541 2981 5607 Marcum,
3028 5537 3182 5610 cujus
3227 5538 3577 5611 Evangelium
3624 5536 3788 5593 Petro

2196 5643 2451 5690 narrante
2477 5643 2532 5690 et
2561 5634 2654 5708 illo
2695 5636 2967 5690 scribente
3004 5633 3362 5704 compositum
3395 5639 3501 5688 est.
3545 5630 3790 5701 Denique

2195 5735 2250 5784 ct
2280 5727 2397 5782 dum
2422 5726 2662 5798 epistola:
2691 5741 2810 5797 qua:
2847 5724 3094 5781 feruntur
3119 5723 3288 5792 Petri,
3316 5721 3457 5794 stylo
3483 5722 3624 5778 inter
3653 5733 3712 5778 se
3736 5726 3795 5778 et
