4082 6332
325 361 437 441 ἰω

829 383 1380 442 ENARBATIONUM
1417 381 1484 438 1N
1523 381 1672 438 EPP.
1713 380 1916 436 PAULI
1953 379 2084 435 LIB.
2129 377 2237 434 χιι.
2276 409 2345 420 -—
2383 377 2449 432 ΙΝ
2487 376 2706 436 EPIST.
2746 375 2790 434 ll
2827 376 2920 434 AD
2954 375 3112 432 C03.

3387 359 3390 362 ’
3478 373 3578 427 no

325 495 595 553 charitate
615 493 942 566 discrepant,
966 503 1344 565 structuraque
1368 493 1672 558 verborum,
1699 505 1768 547 ex
1796 505 1904 562 quo
1931 506 1982 564 Α
2007 499 2207 546 nostra;
2230 489 2387 559 longe
2413 487 2628 558 lateque
2654 489 2824 559 spirat
2847 487 3142 558 fragrantia
3173 505 3188 540 :
3215 486 3308 544 sed
3332 487 3459 558 quia
3485 488 3583 542 bo—

325 588 676 660 intelligimus
725 602 826 656 pro
879 587 1202 642 necessitate
1261 599 1444 640 rerum
1495 583 1723 639 diversis
1783 596 1907 636 eum

322 696 484 736 usum
530 677 935 747 interpretibus.
967 677 1110 748 Ergo
1151 686 1208 732 et
1245 675 1442 730 Paulus
1469 673 1742 745 apostolus
1783 687 1911 727 con-

324 772 579 826 tristatur
635 768 760 837 quia
809 767 1209 837 przedicationis
1271 781 1382 820 suae
1428 763 1910 835 impraesentiarum

325 861 564 917 ﬁstulam
594 873 965 930 organumque
998 873 1094 929 per
1119 857 1260 926 quod
1287 856 1502 912 Christo
1535 862 1775 918 caneret,
1805 869 1912 908 non

324 953 630 1015 invenerat,
661 949 1005 1020 perrexitque
1048 948 1105 1002 in
1148 946 1537 1002 Macedoniam.
1580 944 1914 1015 Apparuerat

325 1044 477 1098 enim
530 1041 581 1096 ei
619 1041 701 1094 vir
729 1039 968 1105 Macedo,
1000 1039 1183 1094 dicens
1213 1055 1226 1091 :
1261 1037 1538 1092 Transiens
1591 1036 1785 1105 adiuva
1821 1051 1916 1090 nos

329 1133 474 1204 (Act.
520 1129 668 1200 xvi),
715 1137 775 1183 ut
803 1129 877 1184 ibi
916 1129 1181 1184 inveniret
1225 1121 1403 1182 Titum
1448 1135 1504 1180 et
1542 1125 1753 1180 visitaet
1806 1124 1917 1179 fra-

331 1235 470 1289 tres,
508 1220 593 1277 vel
635 1221 1101 1292 persecutionihus
1142 1217 1481 1291 prabaretur.
1525 1216 1709 1274 Potest
1731 1225 1785 1271 et
1815 1218 1917 1272 hoc

327 1315 495 1370 aliter
542 1312 802 1384 intelligi,
850 1320 910 1367 ut
941 1311 1138 1383 (Δηώ.)
1176 1311 1440 1366 Troadem
1486 1311 1812 1381 perrexisset
1851 1311 1917 1366 ad

329 1401 737 1476 prxdicandum
781 1401 1124 1472 Evangelium
1154 1401 1372 1464 Christi,
1405 1410 1461 1456 et
1503 1417 1627 1458 cum
1666 1401 1920 1471 coepisset

332 1493 656 1564 praedicare,
676 1488 1009 1558 fuissentque
1028 1489 1120 1558 qui
1139 1498 1392 1560 caperent
1410 1490 1631 1544 verbum
1654 1489 1800 1554 ﬁdei,
1827 1489 1920 1545 sed

335 1584 468 1653 quia
493 1581 744 1638 solatium
771 1579 877 1634 Titi
901 1578 1087 1644 defuit,
1116 1579 1466 1636 intolerabilis
1491 1589 1608 1635 erat
1628 1579 1779 1636 labor
1801 1596 1922 1651 per-

335 1673 696 1747 strepentium
745 1687 927 1727 causa.
977 1670 1232 1738 Quamvis
1277 1672 1422 1752 enim
1469 1671 1686 1741 quidam
1733 1685 1922 1728 eorum

336 1770 667 1834 aperuerant
687 1760 849 1816 corda
876 1775 972 1815 sua
994 1761 1059 1814 ad
1088 1759 1454 1830 recipiendum
1474 1774 1778 1814 sermonem
1803 1759 1922 1826 Dei,

2011 582 2184 636 mines
2209 595 2308 636 suo
2329 581 2554 636 arbitrio
2575 580 2814 635 derelicti
2839 587 2982 644 sunt,
3010 593 3184 648 neque
3212 579 3356 633 enim
3381 580 3586 635 bonum

2010 671 2331 726 necessitate
2361 669 2586 735 faciunt,
2630 671 2724 726 sed
2767 671 3062 734 voluntate,
3093 678 3152 724 ut
3181 671 3463 725 credentes
3495 686 3587 726 co—

2013 780 2201 818 ronam
2243 764 2528 833 accipiant,
2561 763 2822 818 increduli
2868 763 3129 833 supplicio
3170 764 3582 832 mancipentur:

2013 856 2134 910 ideo
2157 855 2292 910 odor
2317 863 2489 910 noster
2507 895 2522 919 ,
2541 855 2631 923 qui
2655 869 2750 924 per
2772 870 2829 909 se
2857 867 3028 908 nonus
3049 864 3153 918 est,
3176 855 3372 909 virtute
3397 870 3588 911 eorum

2013 955 2068 1000 ct
2094 947 2225 1001 vitio
2249 945 2340 1015 qui
2365 945 2678 1014 suscipiunt,
2711 945 2823 1000 sive
2863 961 2968 1000 non
2999 946 3316 1015 suscipiunt,
3346 946 3589 1020 invitam

2015 1034 2230 1098 transit,
2275 1040 2372 1088 aut
2421 1033 2476 1087 in
2529 1041 2756 1101 mortem
2789 1049 2802 1086 :
2834 1044 2892 1086 ut
2940 1033 3032 1102 qui
3078 1025 3408 1088 crediderint
3457 1035 3592 1089 salvi

2017 1123 2169 1190 ﬁant,
2199 1123 2289 1192 qui
2316 1138 2424 1178 non
2452 1122 2779 1177 crediderint
2803 1132 3045 1192 pereant.
3077 1123 3272 1197 (Amb.)
3315 1124 3461 1181 Odor
3491 1141 3590 1181 no-

2017 1213 2150 1267 titiae
2185 1211 2282 1266 Dei
2327 1211 2380 1265 in
2427 1211 2644 1266 Christo
2687 1218 2742 1264 et
2772 1225 2868 1268 Der
2901 1211 3176 1267 Christum
3210 1221 3313 1268 est.
3362 1213 3594 1270 Odorem

2018 1311 2198 1357 autem
2233 1300 2435 1357 idcirco
2459 1302 2613 1367 dixit,
2639 1301 2762 1372 quia
2785 1301 2924 1362 sicut
2942 1301 3184 1372 quaedam
3211 1317 3451 1374 res,quae
3471 1321 3594 1360 cum

2019 1408 2126 1446 non
2165 1392 2469 1456 videantur,
2497 1407 2594 1462 per
2629 1392 2848 1446 odorem
2886 1401 3064 1447 tamen
3097 1405 3512 1464 cognoscuntur,
3541 1407 3598 1452 et

2022 1480 2274 1551 intelligis
2323 1481 2376 1534 in
2420 1480 2538 1534 loco
2585 1480 2764 1550 aliquo
2804 1496 2945 1547 esse,
2975 1483 3116 1552 quod
3159 1498 3265 1538 non
3303 1485 3490 1551 vides;
3524 1487 3598 1540 ita

2022 1580 2077 1625 ct
2109 1571 2270 1637 Deus,
2297 1571 2420 1640 quia
2451 1570 2734 1626 invisibilis
2759 1580 2862 1638 est,
2901 1587 2998 1642 per
3020 1572 3294 1628 Christum
3338 1590 3396 1630 se
3428 1577 3600 1632 voluit

2023 1659 2270 1732 intelligi,
2296 1670 2355 1716 ut
2394 1661 2705 1731 praedicatio
2744 1662 2964 1729 Christi,
2995 1679 3113 1732 qua:
3139 1666 3324 1734 utique
3363 1667 3604 1724 invisibi-

2023 1750 2180 1818 liter,
2221 1751 2362 1807 sicut
2410 1751 2478 1805 ad
2507 1766 2668 1807 nares
2694 1752 2848 1820 odor,
2890 1754 2966 1808 ita
3015 1753 3082 1809 ad
3128 1771 3289 1813 aures
3334 1761 3602 1829 pervenit,

338 1866 524 1909 tamen
568 1849 893 1923 impudentia
941 1847 1236 1906 inﬁdelium
1289 1867 1394 1907 non
1446 1852 1668 1907 minima
1719 1852 1920 1909 existe—
1950 1860 1998 1920 Β
2025 1840 2196 1896 Deum
2241 1841 2458 1898 Patrem
2502 1842 2802 1898 ίηδίηιιπθι
2849 1854 3133 1912 creatum,
3163 1857 3218 1902 εί
3251 1849 3448 1906 Filium
3485 1851 3603 1922 eius

337 1945 455 2012 bat,
480 1945 760 2016 insurgens
785 1945 837 1998 in
865 1943 1178 2014 Apostolum
1210 1943 1326 1999 zelo
1347 1944 1700 2011 credentium,
1731 1953 1787 2000 et
1811 1947 1925 2001 haec

341 2037 453 2091 duo
499 2033 566 2089 ab
594 2049 700 2090 uno
739 2028 948 2105 impleri
977 2049 1083 2089 non
1123 2042 1388 2104 poterant,
1421 2043 1480 2108 ut
1510 2042 1602 2089 aut
1627 2033 1811 2090 ﬁdeles
1845 2035 1928 2090 in-

341 2134 603 2191 strueret,
625 2134 720 2181 aut
742 2125 1031 2180 incredulis
1054 2133 1377 2196 repugnaret
1400 2143 1412 2180 :
1438 2125 1662 2196 ideoque
1685 2125 1799 2182 vale
1823 2127 1928 2184 illis

345 2217 492 2273 facto
517 2216 609 2288 qui
641 2224 990 2286 susceperant
1021 2231 1161 2281 eum,
1185 2215 1459 2287 profectus
1477 2225 1565 2272 est
1597 2217 1652 2273 in
1677 2216 1926 2275 Macedo-

345 2308 515 2362 niam.

421 2397 531 2452 Deo
558 2407 732 2452 autem
755 2398 952 2469 gratias
977 2415 1062 2471 qui
1086 2413 1284 2471 semper
1323 2398 1611 2472 triumphat
1632 2417 1726 2472 per
1749 2417 1841 2458 nos
1873 2403 1930 2458 in

347 2486 558 2542 Christo
585 2488 731 2543 Jesu.
767 2489 870 2544 Pro
896 2505 980 2555 eo,
1009 2491 1149 2560 quod
1198 2501 1300 2557 est,
1341 2492 1729 2562 triumphatde
1774 2493 1931 2549 nobis

349 2579 468 2635 sive
491 2581 814 2651 triumphum
839 2598 992 2637 suum
1018 2585 1127 2654 agit
1154 2598 1252 2654 per
1281 2599 1400 2650 nos,
1436 2585 1528 2655 qui
1571 2584 1625 2638 in
1663 2583 1768 2640 alio
1813 2585 1932 2641 loco

351 2672 566 2727 dixerat
592 2687 608 2726 :
640 2669 1004 2743 Spectaculum
1028 2675 1161 2745 facti
1187 2693 1366 2731 sumus
1391 2679 1609 2745 mundo,
1636 2688 1683 2733 et
1713 2679 1930 2750 angelis,

352 2775 404 2819 et
454 2765 767 2820 hominibus.
800 2767 942 2820 Nam
994 2784 1111 2822 cum
1158 2769 1406 2823 venissem
1444 2771 1500 2824 in
1545 2769 1930 2836 Macedoniam,

355 2856 559 2912 nullam
586 2860 810 2930 requiem
834 2859 1012 2913 habuit
1043 2877 1167 2914 caro
1195 2869 1392 2926 nostra,
1421 2861 1512 2914 sed
1545 2878 1745 2917 omnem
1771 2863 1937 2918 tribu-

355 2947 606 3004 lationem
642 2950 786 3019 passi
820 2949 948 3019 foris
998 2967 1206 3020 pugnw,
1250 2952 1390 3006 intus
1431 2953 1662 3006 timores.
1707 2950 1810 3006 Sed
1845 2953 1935 3025 qui

353 3040 657 3095 cumulatur
678 3041 897 3096 humiles
924 3041 1219 3096 consolatus
1240 3052 1316 3096 est
1345 3059 1436 3097 nos
1464 3042 1606 3098 Deus
1633 3045 1688 3098 in
1714 3044 1936 3099 adventu

357 3126 464 3183 Titi
495 3146 513 3184 :
545 3146 648 3184 non
676 3129 846 3184 solum
872 3139 1044 3184 autem
1070 3132 1124 3184 in
1165 3131 1388 3187 adventu
1410 3133 1546 3203 ejus,
1578 3133 1670 3188 sed
1696 3135 1853 3189 etiam
1880 3135 1936 3189 in

2023 1931 2378 2002 unigenitum,
2424 1931 2576 2002 cuius
2616 1933 2693 1989 rei
2736 1934 3002 2004 legatione
3027 1936 3313 2009 fungentes
3351 1943 3600 2012 apostoli,

2025 2023 2190 2092 (sicut
2209 2023 2339 2078 dicit
2354 2022 2612 2080 Dominus
2630 2023 2697 2079 ad
2721 2025 2913 2090 Deum.
2928 2027 3096 2084 Filius
3119 2031 3182 2084 ad
3204 2030 3445 2100 Patrem,
3461 2035 3605 2090 sicut

2025 2129 2113 2170 me
2131 2113 2325 2169 misisti
2353 2115 2404 2168 in
2435 2115 2578 2170 hunc
2602 2117 2884 2184 mundum,
2909 2118 2983 2173 ita
3012 2129 3066 2174 et
3085 2135 3180 2177 eos
3208 2123 3364 2178 mitto
3385 2125 3437 2179 in
3462 2125 3606 2181 hunc

2026 2204 2304 2276 mtmdum)
2332 2206 2550 2262 odorem
2579 2209 2783 2263 notitiae
2815 2207 2909 2264 Dei
2937 2218 2992 2265 et
3015 2210 3214 2266 Christi
3249 2229 3348 2284 per
3371 2216 3528 2285 signa
3553 2227 3609 2272 et

2026 2299 2269 2372 prodigia
2297 2299 2725 2358 manifestarent.
2757 2303 2897 2358 Vera
2937 2320 3056 2360 esse
3083 2306 3150 2361 de
3170 2307 3279 2362 Deo
3305 2316 3361 2364 et
3387 2308 3606 2364 Christo

2027 2393 2334 2465 praedicatio
2353 2394 2568 2450 virtutis
2603 2395 2908 2452 testimonio
2937 2399 3216 2467 probatur,
3242 2415 3362 2469 quae
3390 2401 3511 2456 ideo
3552 2403 3610 2456 in

2028 2486 2196 2542 odore
2239 2485 2540 2557 signiﬁcata
2579 2496 2681 2550 est,
2711 2489 2836 2559 quia
2866 2504 2989 2544 cum
3021 2489 3164 2546 Deus
3193 2505 3300 2546 non
3338 2492 3606 2561 videatur,

2029 2595 2127 2651 per
2177 2579 2340 2646 hanc,
2385 2596 2504 2651 quae
2545 2580 2888 2637 invisibiliter
2926 2591 3202 2653 operatur,
3254 2584 3308 2640 in
3353 2587 3611 2655 apostolis

2031 2688 2152 2728 esse
2199 2671 2513 2745 intelligitur
2563 2680 2622 2728 ut
2667 2675 2866 2730 veritas
2913 2674 3171 2730 doctrina:
3214 2676 3608 2733 manifestatur.

2033 2768 2134 2836 Qui
2165 2784 2296 2841 ergo
2317 2776 2462 2825 recte
2485 2770 2679 2825 asserit
2697 2770 2990 2836 Christum,
3021 2771 3193 2828 bonus
3221 2771 3355 2828 odor
3376 2781 3458 2827 est
3478 2771 3610 2836 Deo.

2034 2858 2192 2915 laude
2212 2859 2404 2929 dignus
2433 2859 2486 2912 in
2513 2874 2577 2914 eo
2605 2860 2696 2930 qui
2715 2860 2908 2924 credit,
2928 2874 3031 2914 nec
3053 2861 3420 2931 vituperabilis
3445 2861 3499 2916 in
3521 2861 3612 2916 illo

2035 2951 2126 3021 qui
2148 2966 2255 3006 non
2282 2950 2485 3016 credit;
2511 2950 2604 3020 qui
2626 2965 2753 3006 vero
2781 2966 2888 3005 non
2919 2959 3065 3007 recte
3087 2953 3278 3008 asseri.
3311 2952 3608 3014 Christum.

2036 3044 2211 3101 malus
2237 3045 2371 3100 odor
2393 3052 2477 3100 est
2503 3045 2614 3099 Deo
2639 3052 2748 3098 tam
2774 3041 2831 3096 in
2885 3042 2969 3098 his
3009 3043 3100 3112 qui
3152 3042 3243 3098 ﬁdi
3271 3052 3417 3108 sunt,
3447 3059 3612 3114 quam

2038 3139 2094 3192 in
2116 3137 2223 3192 illis
2249 3136 2342 3207 qui
2364 3135 2635 3201 difﬁdunt;
2660 3151 2758 3206 pro
2781 3135 3024 3204 utrisque
3047 3135 3189 3189 enim
3213 3149 3338 3191 reus
3361 3135 3499 3190 erit:
3522 3136 3616 3207 qui

353 3219 548 3274 solatio
571 3219 622 3290 (1
653 3216 776 3274 Cor.
806 3237 877 3286 IV,
909 3220 971 3274 Il
1014 3221 1134 3275 Cor.
1173 3221 1291 3293 vn).
1323 3222 1464 3294 Ergo
1491 3233 1778 3294 propterea
1820 3225 1937 3281 vale
1963 3221 2008 3284 C
2039 3227 2182 3283 enim
2205 3226 2394 3282 difﬁdit
2415 3227 2614 3282 idcirco
2633 3227 2964 3282 videturnon
2987 3226 3226 3292 credere,
3251 3227 3374 3297 quia
3397 3244 3617 3298 perver-

355 3308 562 3367 faciens
609 3309 870 3380 Trojanis,
903 3312 1015 3367 sive
1062 3311 1479 3380 Troadensibus,
1528 3314 1802 3384 profectus
1853 3324 1938 3371 est

357 3401 414 3454 in
460 3397 844 3466 Macedoniam,
869 3409 928 3455 ut
973 3401 1241 3458 inveniret
1288 3404 1361 3458 ibi
1391 3405 1569 3460 Titum
1617 3413 1673 3461 et
1712 3400 1938 3462 haberet

357 3491 823 3563 interpretationis
869 3493 1248 3564 Evangeliique
1288 3495 1560 3562 solatium,
1597 3511 1759 3566 quem
1783 3497 1940 3552 intel-

357 3583 577 3657 ligimns
601 3600 708 3640 non
748 3585 818 3640 ibi
850 3595 1152 3654 repertum,
1198 3586 1294 3642 sed
1332 3603 1431 3656 per
1475 3587 1849 3644 tribulationes
1884 3600 1940 3644 et

357 3677 762 3746 persecutiones
778 3673 1017 3747 Apostoli
1042 3679 1432 3748 supervenisse.
1453 3679 1612 3735 Prius
1627 3695 1756 3752 ergo
1776 3695 1939 3751 quam

360 3769 574 3823 veniret
595 3767 748 3823 Titus
781 3767 946 3822 multa
977 3783 1282 3838 perpessus,
1323 3770 1434 3840 agit
1460 3771 1670 3846 gratias.
1691 3771 1939 3841 omnipo-

365 3857 498 3912 tenti
529 3859 663 3922 Deo,
697 3854 752 3912 in
782 3856 996 3913 Christo
1025 3855 1170 3922 Jesu,
1216 3872 1376 3928 quem
1405 3857 1650 3928 gentibus
1677 3859 1938 3928 praedica-

361 3951 454 4005 bat
485 3969 498 4004 :
529 3951 674 4021 quod
713 3947 934 4019 dignum
959 3967 1017 4006 se
1042 3951 1284 4020 elegerit,
1310 3950 1363 4005 in
1401 3965 1510 4022 quo
1548 3951 1722 4022 egerit
1747 3953 1939 4006 trium-

362 4042 526 4112 phum
555 4035 677 4096 Filii
706 4041 811 4096 sui.
841 4041 1165 4112 Triumphus
1186 4043 1281 4098 Dei
1309 4051 1391 4100 est
1409 4045 1590 4116 passio
1616 4052 1939 4116 martyrum,

365 4133 420 4187 in
446 4133 646 4187 Christi
672 4132 886 4190 nomine
913 4134 1122 4190 cruoris
1159 4133 1371 4202 effusio,
1413 4144 1468 4191 et
1499 4135 1641 4192 inter
1674 4143 1940 4192 tormenta

367 4222 575 4288 ltetitia,
618 4238 740 4278 cum
782 4225 924 4278 enim
964 4223 1084 4294 quis
1121 4224 1314 4280 viderit
1345 4232 1497 4279 tanta
1540 4225 1941 4294 perseverantia

367 4321 513 4367 stare
537 4319 830 4386 martyres,
859 4321 1020 4384 atque
1048 4314 1307 4384 torqueri,
1354 4323 1411 4370 et
1451 4315 1505 4370 in
1545 4315 1658 4372 suis
1695 4315 1941 4371 cruciati-

365 4405 468 4461 bus
503 4405 742 4477 gloriari,
767 4407 900 4461 odor
924 4407 1128 4463 notitiae
1164 4407 1260 4464 Dei
1290 4408 1670 4463 disseminatur
1711 4409 1765 4464 in
1807 4425 1939 4480 gen-

2035 3331 2158 3371 sum
2198 3326 2282 3372 est
2309 3318 2450 3386 quod
2471 3317 2638 3380 audit,
2664 3324 2719 3371 et
2759 3315 2850 3386 qui
2876 3315 3070 3381 credit,
3098 3315 3235 3371 male
3257 3318 3446 3372 credit.
3475 3317 3620 3389 Apo-

2039 3407 2208 3463 stolus
2230 3423 2359 3478 ergo
2387 3407 2648 3462 rationem
2669 3407 2802 3477 legis
2823 3407 3032 3462 locutus
3047 3416 3153 3473 est,
3182 3415 3242 3462 ut
3262 3409 3401 3464 sicut
3425 3409 3476 3464 in
3501 3409 3620 3480 lege

2037 3501 2127 3570 qui
2153 3501 2358 3555 hostias
2392 3499 2532 3554 bono
2559 3506 2680 3554 voto
2703 3497 2986 3565 offerebat,
3012 3499 3184 3554 bonus
3207 3499 3342 3556 odor
3362 3511 3476 3555 erat
3510 3501 3621 3554 Deo

2037 3599 2094 3645 ct
2117 3589 2482 3658 acceptabilis,
2514 3589 2589 3642 ita
2629 3596 2684 3643 et
2709 3604 2852 3644 nunc
2879 3589 3283 3658 praedicationis
3315 3590 3394 3645 vis
3421 3590 3623 3645 doctri-

2038 3696 2120 3736 me
2145 3679 2364 3735 odorem
2390 3687 2611 3749 prtestat
2652 3678 2981 3749 fragrantem
3019 3680 3150 3736 Deo.
3185 3681 3356 3748 Quam
3385 3681 3456 3736 ob
3493 3698 3622 3737 ean-

2039 3787 2155 3826 sam
2183 3771 2396 3826 auxiliis
2439 3772 2552 3826 suis
2581 3778 2726 3826 totus
2762 3771 3053 3841 praestabat
3079 3771 3222 3826 Deus
3259 3772 3534 3842 apostolis,
3562 3782 3624 3828 ut

2040 3862 2202 3916 verba
2247 3861 2570 3931 cognitionis
2597 3859 2714 3929 ejus
2742 3861 3086 3918 infunderent
3116 3865 3426 3932 patentibus
3469 3865 3622 3920 auri-

2041 3952 2162 4017 bus,
2211 3951 2324 4006 sive
2349 3951 2566 4016 Judaeis,
2615 3952 2728 4006 sive
2770 3952 3047 4022 gentibus,
3091 3953 3274 4008 addito
3311 3954 3396 4008 his
3439 3970 3623 4009 sacra-

2041 4049 2223 4096 mento
2247 4041 2543 4096 nativitatis
2564 4041 2773 4096 Domini
2799 4039 2924 4096 Jesu
2956 4043 3249 4097 secundum
3289 4045 3620 4100 voluntatem

2042 4131 2136 4186 Dei
2165 4139 2221 4186 et
2245 4131 2414 4202 patris
2437 4131 2553 4202 ejus
2599 4133 2651 4186 in
2699 4133 2905 4188 unitate
2933 4133 3055 4189 ﬁdei
3099 4134 3352 4190 salutaris
3381 4137 3448 4191 ad
3487 4137 3627 4190 salu-

2043 4230 2150 4275 tem
2189 4221 2541 4287 credentium,
2586 4230 2641 4276 et
2673 4223 3028 4292 perditionem
3069 4223 3439 4281 diﬂidentium.
3467 4226 3622 4292 Aliis,

2044 4313 2248 4383 inquit,
2295 4313 2502 4385 quidem
2551 4315 2680 4369 odor
2727 4317 2912 4372 mortis
2951 4319 3006 4372 in
3043 4329 3282 4386 mortem,
3325 4321 3429 4376 hoc
3467 4321 3620 4386 dicit,

2044 4407 2168 4476 quia
2193 4406 2483 4462 incredulis
2503 4408 2814 4478 praedicatio
2840 4411 3020 4466 crucis
3041 4412 3240 4468 Christi
3271 4415 3406 4472 odor
3431 4417 3625 4471 mortis

368 4504 473 4562 tes,
501 4506 559 4553 et
584 4497 728 4552 subit
773 4497 936 4552 tacita
964 4498 1236 4568 cogitatio,
1264 4498 1407 4568 quod
1434 4498 1540 4553 nisi
1583 4513 1770 4553 verum
1799 4506 1943 4554 esset
1970 4523 2018 4574 Αι
2045 4505 2162 4560 est;
2193 4495 2469 4550 audientes
2493 4497 2636 4551 enim
2662 4497 2882 4553 verbum
2913 4500 3004 4554 Dei
3035 4499 3114 4558 sic
3151 4503 3441 4572 accipiunt,
3467 4508 3624 4574 quasi

369 4588 738 4660 Evangelium,
775 4604 1050 4660 nunquam
1090 4589 1348 4661 sanguine
1389 4587 1765 4645 defenderetur
1793 4607 1807 4644 :
1845 4605 1940 4644 ne-
1969 4571 2021 4630 D
2047 4593 2272 4655 pestem,
2298 4599 2362 4639 ex
2393 4599 2496 4654 qua
2526 4587 2698 4641 oritur
2723 4602 2890 4650 mors.
2915 4599 2969 4642 et
3006 4605 3226 4646 necesse
3264 4571 3431 4648 estut
3466 4571 3624 4662 juxta

371 4694 476 4748 que
501 4680 646 4734 enim
668 4678 894 4734 delicata
929 4687 984 4733 et
1013 4679 1211 4735 divitiis
1245 4678 1466 4734 studens
1493 4694 1559 4734 ac
1602 4693 1792 4735 secura
1816 4694 1946 4734 con-
2048 4674 2206 4730 ﬁdem
2237 4674 2448 4731 illorum
2477 4674 2570 4731 ﬁat
2599 4677 2700 4732 eis.
2728 4678 2860 4732 Aliis
2887 4686 3062 4732 autem
3109 4680 3240 4734 odor
3277 4683 3396 4736 vita:
3437 4686 3508 4737 ad
3548 4685 3625 4738 vi-

373 4769 534 4826 fessio
559 4779 663 4835 est,
687 4771 780 4825 sed
804 4769 858 4824 in
887 4769 1211 4838 carceribus,
1237 4769 1292 4824 in
1317 4769 1507 4839 plagis,
1532 4768 1586 4823 in
1610 4761 1944 4839 persecutio-
2046 4777 2174 4833 tam,
2205 4782 2392 4823 verum
2421 4776 2506 4824 est
2545 4767 2671 4839 quia
2701 4768 2824 4824 ﬁdei
2867 4784 3048 4826 sermo
3101 4772 3318 4827 auditus
3345 4774 3442 4829 Dei
3483 4791 3624 4830 nun-

370 4862 552 4926 nibus,
583 4861 637 4916 in
661 4854 824 4927 fame,
853 4868 908 4917 et
931 4861 1189 4926 nuditate,
1216 4870 1272 4917 et
1297 4861 1387 4916 siti
1413 4860 1502 4916 hic
1543 4859 1844 4931 triumphus
1862 4868 1946 4916 est
2047 4857 2156 4914 tius
2193 4869 2280 4914 est
2321 4857 2512 4915 salutis
2546 4869 2784 4926 aeternaa,
2812 4867 2866 4915 et
2897 4862 3193 4918 secundum
3241 4865 3398 4920 ﬁdem
3433 4881 3626 4922 eorum

371 4951 844 5023 apostolorumque
865 4951 1108 5010 victoria.
1125 4951 1230 5008 Sed
1249 4961 1463 5024 poterat
1485 4953 1710 5008 audiens
1729 4967 1947 5023 respon-
2047 4949 2320 5020 continget
2359 4950 2460 5006 eis.
2491 4949 2617 5006 Sive
2644 4965 2772 5021 ergo
2797 4950 2851 5005 in
2894 4951 2980 5006 his
3016 4953 3107 5022 qui
3137 4963 3395 5024 pereunt,
3429 4955 3541 5010 sive
3567 4957 3624 5010 in

373 5045 524 5111 dere,
545 5045 814 5116 quomodo
852 5060 981 5116 ergo
1005 5061 1116 5100 non
1147 5060 1336 5100 omnes
1377 5045 1752 5102 crediderunt?
1777 5047 1950 5116 prius-
2047 5040 2132 5096 his
2173 5041 2265 5110 qui
2315 5041 2449 5096 salvi
2495 5041 2646 5105 ﬁunt,
2694 5041 2893 5098 Christi
2938 5045 3112 5100 bonus
3159 5045 3293 5102 odor
3329 5045 3440 5102 Deo
3467 5057 3632 5102 erant.

375 5151 536 5206 quam
567 5150 697 5206 ergo
727 5135 1019 5207 interroget
1045 5136 1223 5202 solvit,
1265 5144 1321 5192 et
1357 5134 1510 5206 juxta
1549 5151 1755 5192 morem
1789 5153 1944 5193 suum
2045 5133 2292 5202 apostoli,
2319 5135 2445 5202 quia
2469 5133 2753 5189 sinceriter
2773 5137 3137 5206 praedicabant
3161 5155 3174 5191 :
3198 5139 3288 5193 aui
3319 5140 3462 5194 enim
3514 5157 3623 5196 non

376 5227 636 5297 quidquid
680 5226 817 5282 alius
853 5225 1086 5297 objicere
1130 5236 1308 5298 potest
1346 5236 1631 5298 antequam
1661 5229 1947 5300 objiciatur

377 5318 642 5372 edisserit.
675 5315 745 5370 Et
779 5317 990 5371 odorem
1029 5318 1228 5372 notitiae
1271 5334 1382 5372 sua:
1408 5317 1710 5387 manifestat
1735 5335 1826 5388 per
1853 5335 1945 5372 nos

377 5404 431 5460 in
459 5405 598 5460 omni
631 5405 744 5460 loco
773 5422 792 5460 :
823 5405 961 5470 Quia
999 5406 1160 5461 bonus
1189 5407 1383 5462 Christi
1419 5407 1551 5462 odor
1589 5425 1769 5462 sumus
1812 5407 1942 5471 Deo,

378 5493 434 5550 in
480 5497 562 5551 his
611 5497 700 5567 qui
749 5495 880 5550 salvi
904 5495 1058 5564 ﬁunt,
1105 5505 1153 5550 et
1187 5499 1242 5550 in
1275 5497 1355 5552 his
1406 5498 1495 5568 qui
1531 5507 1761 5566 pereunt.
1815 5497 1945 5552 Aliis

379 5584 583 5655 quidem
609 5585 739 5639 odor
760 5586 939 5640 mortis
973 5587 1029 5640 in
1054 5596 1291 5654 mortem,
1314 5587 1431 5642 aliis
1459 5599 1630 5643 autem
1657 5589 1786 5642 odor
1833 5590 1946 5643 vita:

370 5673 435 5728 'in
461 5677 618 5730 vitam
640 5692 660 5741 ;
682 5673 948 5747 (Ηξενοη.)
970 5686 1022 5732 et
1050 5685 1132 5732 est
1166 5693 1379 5744 sensus,
1412 5681 1641 5735 nominis
1663 5682 1859 5735 Christi
1891 5681 1944 5735 in

384 5765 528 5820 omni
569 5765 704 5832 loco,
732 5764 902 5820 bonus
941 5767 1074 5822 odor
1099 5783 1282 5825 sumus
1307 5770 1438 5836 Deo,
1475 5778 1527 5825 et
1554 5770 1946 5841 praedicationis

699 5858 972 5920 Parnm"
1019 5859 1210 5924 CXII.

2045 5225 2356 5290 credebant,
2389 5225 2489 5294 ipsi
2523 5226 2625 5280 sibi
2661 5227 2910 5297 laqueum
2941 5228 3364 5284 circumdanant.
3396 5230 3512 5296 His,
3555 5233 3630 5286 si-

2047 5323 2140 5368 cut
2167 5315 2295 5368 dicit
2331 5315 2589 5371 Dominus
2615 5317 2682 5372 ad
2727 5317 2972 5374 Ezechiel
3002 5321 3315 5390 prophetam
3341 5339 3355 5376 :
3386 5321 3464 5375 Tu
3489 5339 3626 5392 prm—

2050 5403 2203 5468 dica;
2244 5405 2288 5456 si
2337 5415 2386 5458 te
2420 5405 2702 5471 audierint,
2745 5407 3025 5462 lucraveris
3058 5411 3262 5464 animus
3297 5427 3512 5475 eorum;
3543 5413 3627 5464 sin

2049 5497 2354 5566 quominus,
2396 5497 2496 5564 ipsi
2537 5497 2634 5551 sibi
2675 5499 2930 5563 viderint,
2979 5508 3035 5552 tu
3077 5509 3249 5554 tamen
3278 5499 3408 5554 liber
3449 5501 3551 5554 eris
3593 5518 3627 5552 (ι

2048 5587 2338 5656 perditione
2363 5587 2594 5642 illorum.
2625 5587 2847 5660 (Greg.).
2881 5591 3032 5645 Sicut
3061 5591 3234 5646 bonus
3267 5591 3401 5646 odor
3427 5604 3492 5643 ex
3518 5591 3629 5644 vir-

2051 5687 2165 5732 tute
2215 5689 2316 5744 est,
2357 5679 2522 5737 Paulo
2551 5690 2841 5738 attestante
2883 5689 2972 5754 qui
3021 5683 3116 5748 ait,
3156 5684 3377 5738 odorem
3419 5681 3630 5738 notitias

2053 5785 2162 5824 suae
2195 5769 2504 5827 manifestat
2525 5787 2620 5841 per
2645 5789 2741 5826 nos
2772 5773 2823 5826 in
2847 5773 2989 5828 omni
3017 5772 3156 5837 loco,
3184 5771 3272 5840 qui
3303 5769 3502 5826 Christi
3529 5770 3629 5826 hoc

3278 5870 3316 5926 6
