4082 6332
46 6220 55 6239 ι

46 6242 57 6299 'L

469 388 563 445 {7|
1069 384 1131 439 B.
1170 382 1426 439 RABANI
1466 380 1687 439 MAURI
1720 370 2038 436 ARCHIEP.
2080 375 2389 435 MOGUNT.
2432 374 2718 433 OPERUM
2757 377 2936 435 PARS
2967 380 3054 435 Ill.
3614 374 3723 439 ΗΞ

468 506 572 549 nus
592 492 729 550 odor
748 510 937 552 sumus
974 497 1101 561 Deo,
1134 496 1207 551 ita
1229 510 1259 551 e
1288 495 1558 563 contrario
1612 494 1753 547 fetor
1782 506 1849 546 ex
1885 490 2036 545 vitio.
2067 493 2119 552 Α
2143 502 2305 559 quam
2343 494 2556 558 Oportet
2575 488 2875 558 acquirere.
2908 489 3061 546 Sicut
3096 506 3162 545 ex
3204 490 3315 546 Deo
3342 498 3522 547 autem
3546 491 3725 563 loqui-

470 586 645 641 Badix
672 586 815 663 enim
844 586 1085 642 omnium
1114 586 1379 641 malorum
1400 593 1487 639 est
1516 582 1799 652 cupiditas,
1836 589 1891 635 et
1918 580 2043 650 quia

471 676 747 747 quodlibet
791 675 989 731 malum
1046 690 1145 746 per
1190 676 1471 731 avaritiam
1536 674 1787 744 gignitur,
1827 672 2047 742 dignum

470 776 574 832 est,
602 775 664 822 ut
686 768 878 823 domus
918 767 1159 823 avaritiae
1186 766 1243 821 in
1276 765 1447 822 fetore
1475 771 1836 828 construatur,
1867 763 2048 819 felices

470 859 564 929 qui
589 860 730 914 bono
752 858 916 913 odore
939 859 1146 921 vivunt,
1173 857 1305 927 quid
1332 863 1512 911 autem
1537 854 1804 910 infelicius
1831 853 1937 908 illis
1955 852 2049 924 qui

470 952 615 1006 bono
642 950 807 1006 odore
841 949 1175 1004 moriuntur?
1226 946 1409 1019 (Aug.)
1434 947 1503 1001 Et
1543 945 1665 1016 quis
1708 952 1813 1011 est,
1841 945 1917 999 ait
1954 944 2049 999 ali-

474 1044 616 1114 quis,
664 1057 824 1113 quem
872 1043 1043 1097 bonus
1071 1041 1205 1097 odor
1251 1039 1485 1095 occidit?
1526 1039 1629 1094 hoc
1664 1042 1767 1105 est,
1791 1036 1935 1107 quod
1976 1034 2052 1090 ait

472 1134 782 1206 Apostolus,
809 1142 864 1188 et
883 1134 974 1188 -ad
997 1133 1114 1188 inec
1153 1134 1274 1204 quis
1300 1131 1558 1188 idoneus?
1584 1130 1862 1198 Quomodo
1887 1145 1951 1185 ea
1973 1127 2051 1184 fe-

473 1226 551 1281 cit
579 1225 721 1280 Deus
747 1225 899 1279 miris
928 1224 1120 1289 modis,
1145 1231 1205 1278 ut
1246 1222 1387 1278 bono
1420 1223 1586 1279 odore
1618 1230 1674 1278 et
1697 1220 1825 1276 boni
1870 1220 2054 1275 vivant

436 1376 441 1379 _
474 1326 531 1373 et
556 1316 683 1372 mali
708 1316 1038 1373 moriantur:
1058 1313 1283 1369 Paulum
1304 1313 1604 1384 apostolum
1624 1313 1761 1368 bene
1780 1318 2049 1382 agentem,

474 1407 614 1462 bene
647 1406 935 1469 viventem,
950 1403 1217 1472 justitiam
1240 1398 1410 1457 verbo
1453 1399 1855 1472 praedicantem,
1890 1412 2054 1469 opere

474 1495 957 1559 demonstrantem,
973 1492 1246 1547 doctorem
1271 1486 1592 1555 mirabilem,
1610 1488 1819 1544 ﬁdelem
1839 1488 2053 1559 dispen-

476 1596 713 1645 satorem
758 1584 901 1639 fama
950 1594 1331 1653 usquequaque
1375 1580 1784 1645 disseminabat,
1837 1579 2057 1650 quidam

479 1675 791 1749 diligebant,
808 1673 1026 1746 quidam
1046 1672 1379 1727 invidebant.
1401 1671 1609 1726 Amasti
1627 1670 1765 1726 bene
1788 1675 2055 1741 agentem,

2150 589 2256 645 tur,
2272 580 2363 649 qui
2392 579 2612 634 scitnon
2639 595 2698 635 se
2723 596 2753 634 a
2780 595 2840 636 se
2864 581 3085 647 habere,
3110 582 3205 637 sed
3217 596 3283 637 ex
3301 583 3408 639 Deo
3427 583 3722 654 accepisse,

2147 672 2294 741 quod
2325 669 2499 726 dicit:
2528 686 2713 728 coram
2756 671 2866 727 Deo
2914 688 3044 729 vero
3093 674 3332 744 loquitur
3357 674 3451 745 qui
3491 674 3545 731 in
3572 675 3726 731 omni

2148 764 2292 834 quod
2316 764 2464 828 dicit,
2490 780 2599 821 non
2623 761 2889 822 humanos
2921 765 3137 824 favores
3168 769 3390 841 appetit,
3426 770 3524 826 sed
3548 771 3727 827 omni-

2148 857 2386 926 potentis
2411 856 2506 911 Dei
2534 857 2832 926 praesentiae
2860 856 3111 923 intendit,
3141 874 3250 914 non
3295 874 3472 926 suam,
3502 860 3598 916 sed
3625 874 3726 914 au-

2151 946 2318 1001 ctoris
2357 945 2583 1017 gloriam
2616 946 2861 1018 requirit.
2892 947 2993 1014 Qui
3035 956 3215 1003 autem
3258 949 3361 1005 scit
3391 950 3521 1021 quid
3549 959 3636 1007 est
3657 965 3731 1007 ex

2151 1036 2263 1091 Deo
2289 1050 2348 1092 se
2376 1037 2665 1106 accepisse,
2715 1037 2859 1108 quod
2897 1046 2953 1093 et
2983 1046 3162 1094 tamen
3202 1039 3430 1096 dicendo
3451 1040 3733 1112 propriam

2152 1126 2374 1197 gloriam
2397 1128 2608 1198 quaerit,
2635 1127 2777 1184 sicut
2801 1144 2869 1185 ex
2914 1129 3026 1186 Deo
3071 1129 3324 1201 loquitur,
3354 1132 3452 1187 sed
3487 1148 3595 1189 non
3630 1149 3733 1189 co-

2154 1231 2271 1271 ram
2289 1216 2420 1283 Deo,
2448 1217 2573 1288 quia
2594 1233 2717 1273 eum
2738 1233 2897 1290 quem
2919 1221 3067 1277 cordi
3091 1236 3188 1277 suo
3208 1237 3312 1278 non
3333 1224 3585 1294 proponit
3604 1238 3735 1280 cum
3756 1264 3763 1269 ι

2152 1307 2428 1377 praedicat,
2470 1307 2625 1377 quasi
2656 1307 2932 1364 absentem
2969 1318 3142 1381 putat.
3174 1310 3285 1367 Sed
3331 1312 3503 1368 sancti
3546 1314 3650 1370 viri
3679 1322 3739 1370 et

2154 1412 2223 1454 ex
2266 1397 2376 1453 Deo
2422 1397 2712 1468 loquuntur
2736 1406 2794 1454 et
2844 1414 3026 1456 coram
3072 1399 3202 1465 Deo,
3230 1401 3358 1472 quia
3397 1408 3454 1458 et
3481 1403 3637 1459 abeo
3676 1408 3739 1459 se

2156 1491 2335 1546 sciunt
2361 1488 2560 1546 habere
2590 1490 2735 1560 quod
2762 1491 2943 1547 dicant
2976 1499 3033 1547 et
3062 1492 3235 1563 ipsum
3264 1493 3377 1549 suis
3397 1494 3740 1550 sermonibus

2158 1583 2348 1638 adesse
2388 1581 2659 1653 iudicem,
2705 1582 3111 1654 auditoremque
3157 1584 3521 1640 considerant.
3584 1584 3743 1641 Unde

2159 1671 2220 1727 ﬁt
2242 1680 2303 1727 ut
2331 1686 2453 1728 cum
2481 1686 2542 1727 se
2568 1685 2600 1726 a
2621 1666 2882 1741 proximis
2922 1673 3123 1742 despici
3164 1681 3483 1745 agnoscunt,
3529 1682 3743 1744 suaque

474 1767 660 1824 vixisti
711 1765 855 1821 bono
882 1762 1065 1824 odore,
1117 1759 1355 1816 invidisti
1399 1760 1536 1816 bene
1582 1759 1783 1831 agenti,
1814 1766 2061 1815 mortuus
2160 1761 2305 1817 dicta
2366 1760 2491 1815 vitae
2540 1761 2873 1817 audientium
2924 1777 3030 1817 non
3075 1761 3352 1833 prodesse.
3399 1762 3745 1818 abscondunt

477 1874 539 1914 es
559 1857 700 1913 bono
721 1853 925 1910 οάοΐθε
957 1864 1085 1908 ecce
1108 1851 1251 1906 unde
1277 1851 1477 1923 εηιίειε
1518 1849 1631 1919 at!“
1673 1848 1829 1906 miles
1850 1848 2057 1905 acerri-
2084 1866 2132 1926 Β
2159 1861 2374 1925 quantae
2396 1853 2625 1910 virtutes
2650 1862 2797 1921 sunt,
2827 1868 2895 1910 ne
2937 1854 2983 1908 si
3020 1862 3289 1910 secretum
3327 1852 3508 1909 cordis
3535 1852 3744 1910 inutili:

478 1961 620 2011 mus,
669 1952 725 2000 et
765 1941 1016 1999 defensor
1061 1939 1448 1996 invictissimus
1488 1940 1693 2012 gratiae.
1738 1939 1879 2009 Ecce
1915 1939 2057 1995 unde
2160 1954 2244 2001 ter
2265 1959 2445 2001 sermo
2480 1943 2725 2014 prolatus
2758 1945 2989 2016 aperiat,
3019 1943 3086 2000 ad
3120 1944 3333 2001 inanem
3363 1943 3588 2016 gloriam
3613 1959 3744 2017 pro-

479 2037 679 2109 gratias
716 2036 861 2108 agit,
898 2034 1025 2105 quia
1053 2032 1255 2089 Christi
1287 2034 1459 2090 bonus
1493 2033 1629 2088 odor
1659 2041 1786 2088 sunt
1830 2031 2058 2102 apostoli
2161 2042 2396 2109 rumpat.

481 2102 613 2193 Deo,
641 2134 697 2184 et
723 2102 779 2182 in
800 2126 886 2182 his
904 2102 997 2196 qui
1024 2124 1157 2180 salvi
1178 2124 1314 2181 ﬁunt
1338 2124 1513 2196 gratia
1535 2123 1669 2193 ejus,
1691 2132 1747 2180 et
1774 2124 1829 2179 in
1859 2124 1943 2179 his
1966 2124 2058 2195 qui
2283 2102 2302 2109 ”
2654 2193 2662 2196 Α
2768 2102 3001 2162 CAPUT
3038 2102 3122 2159 mc

480 2225 711 2288 pereunt
729 2193 941 2286 judicio
961 2214 1097 2287 ejus.
1122 2214 1227 2270 Sed
1264 2223 1325 2270 ut
1344 2193 1526 2271 minus
1548 2224 1929 2271 succenseatur
1959 2193 2061 2271 hoc

2173 2195 2404 2255 Ostendit
2448 2193 2726 2267 Apostolus
2771 2211 2826 2249 se
2869 2193 3314 2288 commendatione
3329 2193 3598 2288 feminis.
3632 2198 3745 2288 non

481 2324 675 2381 parum
715 2307 1166 2377 intelligentibus,
1202 2306 1319 2377 ipso
1355 2306 1610 2360 admonet
1646 2314 1701 2360 et
1734 2304 1864 2360 dicit
1904 2321 1916 2358 :

558 2397 629 2450 Et
657 2396 725 2450 ad
750 2395 861 2451 lure
879 2397 997 2466 quis
1017 2405 1126 2449 tam
1148 2394 1403 2449 idoneus?
1428 2410 1533 2449 non
1560 2394 1697 2448 enim
1724 2410 1904 2448 sumus
1930 2394 2064 2449 sicut

485 2486 699 2558 plurimi
729 2486 1081 2541 adulterantes
1134 2486 1341 2541 uerbum
1369 2485 1487 2552 Dei,
1519 2486 1610 2540 sed
1659 2501 1724 2539 ea;
1770 2484 2067 2541 sinceritate

391 2614 401 2626 .
485 2578 621 2631 sicut
647 2592 712 2631 ex
732 2576 863 2643 Deo,
889 2592 1068 2631 coram
1092 2576 1224 2641 Deo,
1240 2576 1295 2630 in
1315 2574 1522 2630 Christo
1549 2574 1830 2645 loquimur.
1864 2574 2067 2647 (Δηὼ.)

488 2669 972 2741 Pseudoapostolos
994 2670 1164 2741 tangit
1176 2669 1264 2726 hic
1277 2682 1468 2725 versus
1486 2668 1579 2739 qui
1599 2676 1851 2737 corrupta
1865 2667 2070 2724 doctri-

480 2779 560 2818 na
599 2762 764 2818 verba
810 2760 907 2816 Dei
940 2775 1039 2831 per
1075 2760 1273 2817 malam
1320 2758 1821 2829 interpretationem
1866 2756 2072 2813 adulte-

491 2852 707 2918 rabant,
754 2849 1005 2906 tollentes
1047 2849 1287 2904 divinum
1315 2862 1531 2904 sensum
1580 2847 1852 2919 ponebant
1881 2848 2071 2903 huma-

488 2957 650 3007 num;
675 2955 745 2996 ex
770 2940 968 3010 quibus
992 2938 1215 3009 quidam
1250 2937 1426 2995 zelum
1464 2936 1725 2995 habentes
1766 2937 2074 2993 traditionis

490 3028 745 3097 Judaicas,
776 3044 879 3085 nec
915 3028 983 3084 de
1008 3027 1225 3085 Christo
1250 3027 1389 3083 bene
1431 3026 1714 3091 docebant,
1741 3027 1864 3082 ideo
1895 3028 2073 3082 minus

492 3122 717 3178 idoneos
751 3121 851 3177 hos
882 3119 1013 3176 dicit
1038 3134 1054 3173 :
1077 3119 1353 3190 apostolos
1388 3126 1570 3174 autem
1608 3119 1893 3175 sinceriter
1936 3133 2073 3189 pra:-

2233 2283 2399 2334 egere,
2462 2262 2554 2319 nec
2601 2282 2717 2319 eam
2766 2280 3015 2331 qutcrere.
3076 2262 3416 2334 Commendth
3472 2263 3745 2317 ministros

2235 2324 2430 2391 Christi
2478 2335 2729 2405 Ecclesite
2757 2324 3009 2405 quantum
3039 2333 3108 2387 ad
3150 2333 3302 2404 olﬁcii
3343 2333 3648 2404 dignitatem
3689 2338 3748 2387 et

2237 2406 2546 2476 cognitionis
2567 2402 2944 2459 excellentiam.

2239 2495 2526 2567 Incipimus
2547 2494 2733 2549 iterum
2761 2494 3097 2566 nosmetipsos
3124 2494 3503 2549 commendare.
3533 2491 3747 2566 (Αωὺ.)

2171 2584 2437 2653 Quoniam
2470 2583 2946 2655 pseudoapostolos
2978 2592 3149 2651 notat,
3176 2599 3346 2654 prava
3372 2598 3558 2641 eorum
3589 2599 3749 2640 com-

2169 2676 2423 2733 mendata
2462 2674 2771 2747 designans,
2811 2689 2871 2730 se
2903 2682 3084 2729 autem
3115 2688 3305 2730 verum
3337 2675 3751 2745 praedicatorem

2172 2775 2423 2833 testatur,
2460 2766 2675 2823 videtur
2720 2767 2914 2823 iterum
2958 2767 3339 2823 commendare
3382 2781 3464 2836 se,
3505 2768 3645 2823 sicut
3687 2767 3751 2823 in

2169 2860 2344 2931 prima
2372 2857 2631 2929 Epistola,
2664 2865 2719 2913 et
2748 2872 2817 2915 ne
2845 2858 2946 2914 hoc
2979 2859 3213 2915 versutia
3252 2852 3431 2928 aliqua
3467 2857 3749 2914 terrestris

2172 2952 2306 3008 lucri
2336 2952 2509 3023 gratia
2537 2950 2718 3007 facere
2740 2950 3035 3016 videretur,
3077 2950 3305 3019 adjecit:
3340 2949 3594 3022 Nunquid
3622 2966 3749 3021 ege-

2173 3057 2312 3108 mus,
2341 3042 2475 3095 sicut
2512 3040 2750 3111 quidam,
2788 3039 3219 3095 commendatitiis
3248 3037 3499 3111 Epistolis
3526 3038 3599 3094 ad
3632 3056 3748 3105 vos,

2174 3140 2265 3186 aut
2292 3146 2357 3186 ex
2382 3130 2542 3185 vobis.
2573 3129 2700 3186 Haec
2725 3129 2916 3185 dicens
2942 3137 2998 3185 et
3024 3143 3180 3185 suum
3205 3145 3421 3186 sensum
3449 3136 3665 3202 purgat,
3693 3140 3757 3186 et

494 3213 724 3277 dicasse,
752 3210 894 3267 sicut
918 3224 988 3265 ex
1013 3209 1125 3265 Ι)θο
1152 3210 1337 3264 datum
1367 3216 1473 3275 est,
1508 3216 1635 3265 ante
1660 3208 1852 3276 Deum,
1965 3219 2070 3279 εει,
2099 3223 2143 3286 C
2176 3223 2351 3279 adhuc
2394 3220 2872 3292 pseudoaposmlos
2911 3228 3083 3287 notat,
3126 3235 3260 3292 quos
3286 3220 3489 3292 proprii
3528 3221 3757 3276 honoris

492 3302 765 3375 quomodo
785 3303 926 3358 Deus
950 3301 1114 3366 dedit,
1135 3301 1251 3371 ipso
1275 3308 1433 3365 teste,
1456 3300 1511 3356 in
1539 3299 1756 3358 Christo
1782 3301 2075 3371 loqueban-

498 3402 608 3459 tur,
634 3408 744 3449 non
769 3406 923 3447 suam
948 3399 1253 3462 quaerentes
1286 3390 1531 3462 gloriam,
1562 3392 1659 3447 sed
1689 3391 1804 3448 Dei.
1836 3390 1951 3449 lloc
1989 3402 2077 3450 est

498 3488 555 3542 in
592 3486 808 3543 Christo
835 3484 984 3557 loqui
1011 3483 1129 3553 ejus
1158 3485 1447 3550 honorem,
1480 3492 1537 3538 et
1561 3484 1859 3555 potentiam
1884 3486 2076 3555 prtedi-

499 3592 626 3631 care
650 3615 665 3641 ,
708 3574 928 3647 (Hiera)
965 3576 1092 3646 quia
1125 3572 1338 3629 ditlicile
1381 3574 1571 3645 dignus
1602 3588 1780 3644 praeco
1801 3571 2075 3645 [virtutum

502 3665 701 3721 Christi
730 3664 959 3719 inveniri
986 3672 1183 3734 potest,
1214 3663 1305 3734 qui
1334 3663 1388 3718 in
1427 3662 1811 3719 annuntiandis
1832 3661 1939 3717 illis
1967 3677 2077 3718 non

502 3771 656 3810 suam
679 3762 885 3825 quaerat
905 3753 1132 3825 gloriam
1161 3765 1187 3794 ι
1214 3767 1374 3822 quem
1398 3752 1655 3823 praedicat
1679 3768 1695 3817 ;
1724 3751 1780 3806 in
1806 3766 1872 3807 eo
1896 3759 2079 3807 autem

498 3850 647 3919 quod
676 3856 836 3920 negat
862 3862 970 3903 non
998 3862 1059 3903 se
1084 3859 1222 3912 esse,
1252 3846 1391 3901 sicut
1432 3843 1650 3909 multos,
1692 3845 1784 3913 qui
1804 3843 2082 3899 venditant

503 3940 728 3995 verbum
758 3937 876 4003 Dei,
905 3936 1140 3993 ostendit
1164 3950 1286 3992 esse
1326 3934 1749 4006 quamplurimas
1782 3933 1876 4005 qui
1903 3948 2079 4003 qums-

500 4040 619 4085 tum
653 4035 844 4101 putant
864 4043 984 4084 esse
1010 4027 1289 4098 pietatem,
1316 4027 1490 4097 turpis
1518 4025 1655 4081 lucri
1700 4027 1872 4096 gratia
1901 4027 2082 4081 omnia

504 4125 732 4192 faciunt,
759 4124 852 4196 qui
878 4123 1144 4180 devorant
1165 4123 1355 4179 domus
1380 4122 1686 4186 viduarum,
1716 4135 1790 4177 se'
1805 4128 1985 4176 autem
2015 4134 2083 4173 ex

461 4268 474 4283 ,
506 4217 816 4272 sinceritate
849 4214 1005 4284 quasi
1032 4214 1255 4269 missum
1291 4228 1320 4268 a
1348 4212 1479 4278 Deo,
1510 4219 1566 4266 et
1602 4218 1869 4281 praesente
1897 4224 1963 4265 eo
1992 4208 2085 4279 qui

508 4326 567 4365 se
595 4308 805 4364 miserit
824 4306 1004 4362 omnia
1030 4306 1085 4361 in
1105 4304 1343 4369 Christo,
1371 4313 1427 4359 et
1455 4318 1554 4373 pro
1586 4301 1801 4358 Christo
1830 4301 1995 4370 loqui,
2026 4307 2086 4354 ut

508 4414 672 4455 causa
714 4394 1114 4468 praedicationis
1139 4394 1235 4451 Dei
1282 4393 1585 4464 triumphus
1615 4392 1817 4449 Christi
1861 4390 2087 4463 ejusque

509 4493 580 4547 sit
608 4490 797 4562 gloria.
828 4488 897 4544 Et
936 4487 1231 4544 notandum
1273 4486 1418 4555 quod
1449 4484 1766 4556 mysterium
1810 4482 2086 4539 Trinitatis

510 4585 567 4638 in
610 4582 767 4653 hujus
796 4578 1017 4650 capituli
1054 4577 1165 4632 ﬁne
1192 4583 1542 4633 monstretur.
1577 4575 1655 4630 Ex
1686 4576 1796 4631 Deo
1839 4575 1987 4630 enim
2026 4576 2081 4631 in
2107 4567 2161 4627 D
2183 4586 2327 4643 enim

513 4674 718 4744 Spiritu
761 4681 966 4735 sancto,
999 4684 1183 4725 coram
1230 4668 1342 4722 Deo
1369 4665 1530 4721 Patre
1577 4666 1634 4721 in
1663 4666 1880 4722 Christo
1907 4666 2081 4737 loqui-

513 4781 655 4823 mur.
693 4761 897 4837 (Greg.)
933 4761 1160 4817 Adulter
1198 4758 1393 4830 quippe
1432 4758 1488 4813 in
1533 4758 1736 4814 carnali
1764 4758 1931 4823 coitu,
1974 4772 2081 4813 non

450 4872 469 4891 ‘
512 4855 683 4928 prole,
714 4854 809 4910 sed
833 4852 1108 4923 voluptate
1130 4859 1364 4917 tenetur,
1386 4857 1442 4905 et
1465 4862 1749 4921 pervorsus
1770 4849 1997 4920 quisque
2020 4863 2086 4904 ac

514 4964 667 5005 vante
703 4946 884 5018 gloriae
928 4944 1167 5000 serviens
1215 4952 1361 4999 recte
1399 4941 1685 4997 adulterari
1726 4943 1950 4998 verbum
1991 4940 2087 4998 Dei

516 5041 731 5105 dicitur,
762 5037 887 5108 quia
915 5052 1014 5106 per
1037 5050 1252 5092 sacrum
1280 5035 1548 5105 eloquium
1572 5050 1680 5091 non
1718 5035 1827 5090 Deo
1851 5034 1990 5091 ﬁlios
2010 5035 2090 5107 gi-

516 5144 720 5200 gnere,
771 5127 865 5184 sed
918 5142 1071 5182 suam
1117 5125 1399 5181 scientiam
1458 5123 1726 5181 desiderat
1779 5123 2088 5180 ostendere.

519 5220 692 5289 Quem
718 5218 862 5274 enim
906 5217 1069 5274 libido
1108 5216 1290 5287 glorias
1329 5215 1398 5273 ad
1428 5215 1755 5286 loquendum
1783 5216 1969 5281 trahit,
1995 5230 2090 5271 vo-

517 5309 709 5381 luptati
738 5308 931 5380 magis,
979 5323 1140 5378 quam
1186 5307 1519 5379 generationi
1564 5318 1779 5377 operam
1810 5305 2090 5377 impendit.

520 5401 836 5459 Adulteram
878 5414 1108 5470 namque
1145 5408 1228 5455 est
1256 5399 1479 5453 verbum
1507 5398 1623 5465 Dei,
1653 5406 1747 5453 aut
1782 5398 1940 5453 aliter
1965 5413 2093 5454 sen-

521 5493 625 5548 tire
659 5491 724 5546 de
760 5489 873 5556 illo,
898 5504 1061 5560 quam
1099 5497 1204 5554 est,
1228 5496 1322 5543 aut
1362 5503 1428 5542 ex
1457 5503 1523 5543 co
1546 5504 1655 5543 non
1683 5488 1950 5559 spiritales
1986 5487 2095 5543 fru-

521 5588 660 5647 ctus,
685 5578 779 5635 sed
810 5579 1142 5635 adulterinos
1174 5578 1320 5633 fetus
1357 5591 1600 5649 quaerere
1626 5576 1801 5631 laudis
1825 5579 2096 5644 humanae,

521 5688 586 5728 ex
637 5670 944 5727 sinceritate
990 5684 1119 5727 vero
1145 5668 1292 5740 loqui
1320 5676 1405 5725 est
1429 5666 1562 5725 nihil
1609 5668 1661 5722 in
1692 5666 1906 5738 eloquio
1943 5676 2099 5725 extra

595 5799 620 5828 ι
661 5784 755 5843 llic
786 5787 971 5845 deesse
996 5787 1211 5843 videtur
1234 5784 1536 5841 membrum
1562 5780 1775 5854 phrasis
1801 5781 2107 5855 hujusmodi
2140 5802 2153 5841 :

2174 3324 2230 3371 et
2252 3324 2492 3386 qumstus
2515 3328 2680 3370 causa
2713 3314 2943 3371 circuire
2972 3312 3231 3369 ecclesias
3256 3313 3472 3383 probat,
3501 3314 3573 3369 ad
3600 3313 3755 3370 aufe-

2175 3409 2419 3475 rendam,
2453 3421 2562 3462 non
2604 3406 2673 3461 ad
2713 3405 3055 3462 tribuendam
3088 3404 3338 3461 salutem.
3362 3404 3443 3460 Ex
3479 3405 3566 3461 his
3595 3413 3761 3461 erant

2177 3498 2372 3568 quibus
2412 3496 2546 3552 dicit
2592 3496 2849 3557 Dominus
2882 3513 2896 3550 :
2937 3494 3217 3549 Conseditis
3250 3494 3436 3549 domus
3472 3495 3757 3550 viduarum

2178 3600 2226 3645 et
2252 3587 2592 3661 pupillorum,
2616 3587 2851 3642 oratione
2881 3586 3036 3657 longa
3061 3594 3287 3653 orantes,
3311 3595 3582 3656 propterea
3611 3586 3759 3639 acci-

2177 3680 2328 3751 pietis
2355 3679 2528 3750 majus
2550 3677 2813 3749 judicium
2840 3675 3053 3750 (Matth.
3080 3675 3263 3749 xxm),
3294 3677 3383 3732 hic
3412 3677 3554 3733 enim
3580 3685 3635 3732 et
3664 3690 3758 3731 res

2179 3780 2367 3824 eorum
2406 3782 2514 3823 non
2564 3767 2846 3838 tangebat,
2889 3774 2943 3822 et
2983 3767 3211 3822 veritate
3248 3766 3504 3822 doctrina:
3541 3766 3761 3822 animas

2180 3876 2370 3917 eorum
2391 3860 2665 3926 salvabat;
2684 3874 2791 3914 non
2810 3872 2938 3930 ergo
2960 3856 3301 3925 scandaliter,
3327 3859 3419 3913 sed
3437 3857 3761 3927 spiritaliter

2182 3966 2242 4007 se
2291 3950 2701 4007 commendabat
2741 3950 2809 4004 ad
2850 3946 3149 4018 profectum
3189 3947 3377 4003 salutis
3419 3947 3651 4012 illorum,
3692 3956 3759 4003 ut

2183 4042 2287 4097 hoc
2319 4040 2386 4096 de
2426 4039 2519 4095 illo
2572 4037 2905 4103 crederent,
2947 4036 3090 4107 quod
3145 4045 3263 4092 erat
3311 4054 3323 4091 :
3374 4037 3499 4106 quia
3546 4051 3639 4107 qui
3688 4036 3760 4092 de

2184 4133 2324 4189 bono
2369 4130 2508 4187 male
2548 4132 2715 4187 sentit
2745 4138 2954 4202 peccat,
2996 4144 3060 4185 ac
3094 4145 3190 4201 per
3216 4131 3319 4187 hoc
3359 4129 3761 4186 commendatio

2185 4224 2301 4279 haec
2332 4222 2451 4278 istis
2502 4221 2674 4291 magis
2710 4220 2946 4292 proﬁcit.
2997 4218 3237 4290 Epistula
3266 4228 3446 4274 nostra
3487 4235 3573 4273 eos
3608 4220 3757 4284 estis,

2185 4315 2379 4385 scripta
2409 4313 2466 4366 in
2491 4311 2733 4367 cordibus
2766 4312 2978 4365 nostris.
3009 4294 3245 4380 Epistola
3284 4308 3472 4363 salutis
3498 4308 3759 4363 indicium

2186 4412 2290 4471 cet,
2326 4411 2474 4459 recte
2495 4416 2624 4473 ergo
2646 4402 2723 4457 ait
2751 4402 2878 4474 quia
2914 4399 3058 4456 salus
3078 4398 3476 4455 Corinthiorum
3513 4397 3566 4452 in
3593 4398 3762 4454 corde

2188 4503 2309 4552 erat
2336 4493 2561 4561 apostoli
2593 4501 2647 4547 et
2686 4506 2871 4548 eorum
2909 4491 3000 4561 qui
3033 4504 3158 4545 cum
3188 4487 3278 4545 illo
3305 4494 3492 4553 erant;
3547 4500 3762 4556 semper

2439 4508 2561 4548 sron
2593 4508 2647 4547 et
2686 4508 2871 4548 eorum
2909 4508 3000 4561 qm
3033 4508 3158 4545 cum
3188 4508 3278 4545 tuo
3305 4508 3492 4553 erant;
3547 4508 3762 4556 semper

2336 4508 2590 4640 ἓξὲὶιιιθ
2601 4596 2787 4640 eorum
2802 4580 3089 4654 cogitabat.
3105 4579 3237 4636 Cum
3253 4594 3382 4652 ergo
3395 4579 3447 4634 in
3462 4578 3621 4635 corde
3632 4585 3762 4633 sunt

2186 4674 2411 4748 apostoli
2452 4682 2508 4729 et
2534 4689 2720 4730 eorum
2749 4674 2841 4746 qui
2876 4688 2999 4729 cum
3026 4672 3143 4743 ipso
3164 4680 3339 4741 erant,
3366 4670 3605 4740 Epistola
3634 4678 3762 4725 sunt

2186 4769 2385 4840 scripta
2413 4768 2466 4823 in
2493 4767 2747 4823 cordibus
2764 4781 2975 4833 eorum,
3001 4765 3127 4835 quia
3159 4764 3251 4834 qui
3289 4777 3504 4833 semper
3533 4758 3765 4830 alicujus

2187 4873 2396 4916 memor
2424 4867 2525 4925 est,
2558 4856 2791 4927 scriptus
2810 4856 2969 4912 estin
3005 4855 3185 4911 animo
3222 4854 3357 4924 ejus.
3416 4853 3550 4920 Qua:
3597 4853 3769 4906 scitur

2187 4958 2237 5004 et
2266 4949 2455 5019 legitur
2473 4949 2538 5002 ab
2563 4948 2801 5025 omnibus
2822 4946 3116 5002 hominibus
3133 4960 3151 4999 :
3167 4945 3489 5016 manifestati
3513 4944 3764 5016 quoniam

2188 5035 2428 5108 Epistula
2451 5037 2572 5091 estis
2593 5034 2787 5092 Christi
2806 5037 3104 5091 ministrata
3134 5053 3169 5089 a
3192 5035 3359 5090 nobis.
3387 5034 3650 5105 Apertum
3678 5042 3767 5089 est

2189 5129 2282 5200 qui
2315 5144 2439 5185 cum
2475 5129 2728 5184 dicuntur
2762 5126 3076 5195 Christiani,
3108 5126 3347 5199 Epistola
3379 5125 3580 5182 Christi
3615 5135 3767 5194 sunt,

2190 5221 2490 5276 indicantes
2515 5220 2743 5277 salutem
2790 5236 2952 5290 quam
2977 5221 3125 5276 dedit
3145 5220 3286 5275 Deus
3317 5219 3372 5274 in
3399 5218 3619 5275 Christo
3641 5232 3764 5274 om-

2188 5311 2348 5367 nib‘us
2372 5310 2702 5377 hominibus,
2733 5310 3096 5366 scribentibus
3122 5308 3376 5381 apostolis
3406 5324 3422 5363 :
3454 5309 3582 5364 dum
3619 5307 3769 5365 enim

2192 5401 2403 5467 docent,
2431 5400 2694 5457 scribunt.
2734 5400 2803 5455 Et
2830 5397 3022 5473 scripta
3058 5417 3161 5455 non
3192 5407 3503 5466 atramento,
3539 5398 3631 5454 sed
3654 5399 3765 5469 spi-

2193 5492 2431 5548 ritu‘Dei
2469 5492 2590 5547 vivi.
2617 5493 2879 5560 Quoniam
2926 5507 3047 5563 quze
3087 5490 3352 5562 promissa
3396 5498 3522 5546 sunt
3562 5497 3770 5546 aeterna

2193 5591 2341 5650 sunt,“
2368 5582 2570 5639 idcirco
2594 5582 2705 5637 Deo
2744 5583 2934 5652 spiritu
2963 5581 3163 5650 scripta
3193 5580 3465 5646 dicuntur,
3489 5577 3582 5648 qui
3621 5590 3769 5645 sem-

2194 5686 2291 5742 per
2301 5679 2405 5737 est,
2432 5673 2747 5743 temporalia
2760 5681 2937 5726 autem
2965 5677 3286 5738 atramento,
3303 5669 3446 5742 quod
3456 5664 3773 5731 obsolescit,

2189 5782 2372 5840 Potius
2400 5799 2557 5855 quam
2583 5782 2803 5856 gloriam
2833 5781 3014 5852 ejus...
3045 5778 3204 5836 Eon.

3753 5829 3832 5867 ’κ
