4082 6332
360 399 474 456 ΠΤ»

857 393 1408 452 ENARRATIONUM
1437 394 1510 450 IN
1551 394 1697 450 EPP.
1738 391 1942 448 PAULI
1977 375 2105 448 Lm.
2147 391 2259 446 xu.
2295 422 2366 432 —
2402 391 2470 447 lN
2508 391 2723 450 EPIST.
2765 391 2810 448 ιι
2844 391 2936 448 an
2973 381 3152 450 con.‘

3516 393 3627 453 {7‘

353 520 419 568 et
440 509 618 582 perdit
643 507 984 563 memoriam.
1030 505 1156 561 Non
1180 507 1234 560 in
1263 505 1454 560 tabulis
1489 505 1729 576 lapideis,
1760 504 1852 559 sed
1881 505 1937 558 in
1964 508 2017 569 Α
2041 518 2204 573 quam
2229 503 2360 574 legis
2387 503 2554 577 Moysi
2579 522 2591 557 :
2630 504 2878 575 quamvis
2899 504 3044 561 enim
3066 505 3134 561 ad
3161 505 3264 562 hoc
3293 473 3417 562 data
3439 505 3510 562 sit
3537 505 3625 565 lex

353 602 554 658 tabulis
579 601 752 656 cordis
775 598 1095 654 carnalibus.
1119 597 1274 652 Nunc
1293 597 1466 668 legem
1484 603 1719 650 veterem
1740 594 1939 664 pulsat,

353 707 483 763 qua:
510 691 746 763 primum
773 687 984 744 data'in
1006 687 1231 756 lapideis
1257 685 1676 756 tabulisgabolita
1699 693 1800 750 est,
1826 683 1942 740 fra-

353 784 466 840 ctis
494 782 693 838 tabulis
731 781 833 836 sub
859 787 1042 835 monte
1069 795 1102 832 a
1128 779 1348 849 Moyse:
1379 793 1518 834 nova
1554 785 1734 834 autem
1776 778 1862 833 lex
1887 778 1942 832 in

353 876 545 931 animo
565 875 843 940 scribitur,
869 874 971 928 hoc
1007 879 1091 927 est
1115 872 1170 926 in
1190 872 1375 938 corde,
1401 887 1508 927 non
1529 886 1628 941 per
1653 869 1940 936 calamum,

353 965 456 1021 sed
481 979 580 1034 per
609 963 870 1034 Spiritum
890 979 909 1016 τ
944 961 1069 1032 quia
1091 961 1224 1016 ﬁdes
1251 969 1453 1016 (eterna
1481 975 1570 1016 res
1593 969 1696 1025 est,
1725 959 1797 1013 ab
1823 956 1945 1027 Spi-

355 1057 467 1110 ritu
510 1054 769 1110 scribitur
807 1061 867 1108 ut
899 1059 1116 1108 maneat
1152 1068 1168 1106 :
1208 1058 1390 1106 vetera
1435 1059 1615 1118 autem
1650 1059 1942 1121 praecepta,

353 1145 644 1202 deﬁciente
671 1144 903 1208 mundo,
950 1142 1255 1199 cessabunt.
1286 1141 1564 1209 Quomodo
1596 1155 1726 1210 ergo
1766 1139 1946 1195 diﬁ‘ert

353 1236 448 1292 lex
491 1253 527 1292 a
560 1235 713 1306 lege,
754 1235 829 1290 ita
859 1232 1110 1290 differunt
1138 1233 1538 1304 dispensatores
1571 1231 1718 1288 illius
1743 1230 1877 1303 legis
1911 1244 1943 1286 a

352 1326 826 1397 dispensatoribus
850 1325 986 1397 legis
1012 1325 1174 1381 ﬁdei.‘
1931 1398 1936 1402 _

428 1417 716 1473 Fiduciam
753 1428 926 1473 autem
971 1417 1128 1472 talem
1165 1416 1415 1473 habemus
1442 1422 1535 1488 per
1566 1405 1833 1471 Christum
1873 1411 1943 1470 αα

353 1509 550 1564 Deum.
591 1509 806 1578 Quanta
845 1508 1085 1580 dignitas
1129 1509 1201 1563 sit
1233 1509 1288 1563 in
1337 1506 1594 1579 apostolis
1631 1506 1944 1562 manifestat

350 1616 482 1656 cum
506 1600 640 1656 dicit
665 1619 680 1656 :
705 1601 985 1656 Fiduciam
1007 1609 1181 1655 autem
1208 1599 1366 1654 talem
1386 1599 1632 1654 habemus
1653 1614 1746 1669 per
1764 1595 1945 1652 Chris-

351 1702 469 1746 tum
495 1692 565 1745 ad
585 1691 778 1756 Deum,
801 1699 860 1746 ut
879 1689 1128 1746 ostendat
1155 1699 1370 1746 veteres
1393 1703 1499 1745 non
1533 1689 1674 1748 bam:
1693 1688 1944 1744 habuisse

351 1782 616 1838 ﬁduciam
663 1783 734 1836 ad
761 1781 956 1846 Deum,
986 1780 1114 1850 quia
1157 1780 1336 1835 minor
1378 1778 1484 1834 fuit
1519 1776 1937 1858 administratio.

2041 593 2211 666 Moysi
2244 603 2302 649 ut
2327 595 2638 664 prodesset,
2665 603 2970 667 contempta
3001 603 3178 651 tamen
3199 637 3214 662 ,
3249 595 3391 652 facta
3421 605 3506 653 est
3538 598 3627 657 lex

2041 687 2256 754 mortis,
2280 701 2409 758 ergo
2435 687 2558 756 quia
2580 689 2953 757 peccatoribus
2979 687 3265 760 providere
3285 705 3390 745 non
3416 690 3629 760 potuit;

2042 778 2128 835 lex
2175 779 2321 845 ﬁdei,
2377 795 2498 850 quae
2534 779 2632 834 hos
2670 779 2906 836 salvaret
2949 795 3058 834 non
3098 780 3270 835 solum
3318 781 3622 850 ignoscetis,

2043 868 2136 924 sed
2160 876 2215 922 et
2235 867 2544 938 justiﬁcans
2568 884 2682 934 eos,
2712 870 2835 924 data
2865 877 2966 924 est.
3001 868 3224 924 Multqu
3253 883 3381 943 ergo
3407 871 3629 927 eratiu-

2045 966 2128 1014 ter
2147 956 2321 1028 legem
2347 969 2400 1013 et
2425 957 2597 1031 legem
2629 976 2644 1013 :
2671 968 2797 1014 tunc
2815 959 2964 1016 enim
2993 959 3246 1016 maculati
3259 971 3483 1031 peccato
3505 963 3624 1018 vul-

2041 1054 2158 1102 tum
2172 1047 2344 1120 Moysi
2360 1049 2735 1106 descendentis
2749 1050 2815 1105 de
2829 1058 3013 1106 monte
3041 1067 3167 1107 cum
3191 1051 3308 1124 lege
3332 1065 3549 1124 accepta
3570 1055 3630 1110 in

2043 1139 2242 1196 tabulis
2263 1140 2462 1196 intueri
2485 1149 2877 1211 nonqoterant
2901 1141 3101 1214 (Exod.
3133 1143 3342 1216 xxxxv),
3366 1145 3492 1216 quia
3515 1145 3631 1217 glo-

2043 1231 2186 1290 riosa
2214 1231 2358 1288 facta
2383 1241 2504 1288 erat
2528 1231 2696 1289 facies
2724 1232 2859 1303 ejus,
2889 1249 2957 1290 ne
2985 1247 3018 1290 a
3043 1236 3420 1305 peccatoribus
3446 1247 3632 1308 possm

2041 1325 2232 1397 aspici,
2254 1326 2380 1396 quia
2407 1326 2555 1398 digni
2583 1336 2742 1381 erant
2766 1335 2939 1382 morte
2958 1343 3121 1402 ;_qu:e
3149 1344 3293 1386 nunc
3311 1329 3479 1400 gloria
3500 1332 3633 1386 eva-

2043 1423 2238 1470 cuatur
2263 1431 2361 1486 per
2396 1415 2568 1487 legem
2602 1415 2855 1487 Spiritus,
2882 1429 3007 1473 cum
3053 1427 3277 1489 accepta
3309 1420 3631 1478 remissidue

2041 1511 2418 1579 peccatorum,
2449 1506 2577 1564 facti
2603 1508 2766 1579 justi,
2807 1509 2951 1582 digni
2995 1504 3122 1567 sunt
3150 1512 3392 1582 aspiCerc
3421 1521 3477 1570 et
3501 1513 3630 1584 βόε-

2044 1607 2170 1654 sunt
2195 1599 2420 1670 gloriam
2448 1598 2545 1654 Dei
2580 1599 2720 1655 sicut
2745 1599 2998 1656 viderunt
3027 1603 3082 1658 in
3113 1612 3296 1660 monte
3319 1603 3534 1674 Petrus,
3572 1615 3632 1663 ει

2043 1687 2297 1755 Joannes,
2315 1687 2564 1756 et'Jacob,
2583 1690 2811 1761 gloriam
2823 1691 3024 1748 ChriSti
3040 1691 3254 1764 (Matth.
3272 1694 3426 1767 xvn).
3443 1695 3634 1768 (Aug)

2045 1779 2156 1836 Cur
2179 1780 2507 1836 ministratio
2546 1779 2740 1838 mortis
2767 1781 2960 1838 dicitur
2989 1783 3038 1838 si
3075 1783 3218 1838 bona
3251 1792 3336 1840 est
3360 1783 3469 1851 lex,
3503 1786 3634 1856 quia

357 1874 490 1930 Non
525 1874 663 1946 quod
685 1875 990 1945 suficientes
1017 1873 1180 1928 simus
1229 1873 1456 1944 cogitare
1479 1869 1684 1942 aliqniti
1711 1887 1743 1924 a
1763 1868 1936 1934 nobis;
1968 1859 2014 1920 Β
2039 1877 2309 1944 peccatum
2345 1883 2403 1928 ut
2428 1883 2679 1944 appareat
2709 1886 2978 1945 peccatum
3005 1889 3090 1948 per
3123 1878 3316 1932 bonum
3354 1875 3482 1934 mihi
3504 1889 3630 1950 'ope-

351 1966 512 2034 quasi
542 1982 574 2018 a
597 1965 767 2029 nobis,
798 1963 888 2018 sed
928 1963 1237 2034 suﬁicientia
1272 1972 1453 2017 nostra
1491 1976 1556 2015 ea:
1587 1959 1698 2014 Dea
1726 1967 1819 2024 est,
1849 1959 1942 2030 qui

353 2067 407 2110 et
431 2058 642 2114 idoneas
659 2073 752 2111 nos
777 2057 898 2126 fecit
925 2056 1192 2111 ministros
1212 2054 1266 2110 Ν
1269 2055 1350 2110 ovi
1375 2053 1714 2118 Testamenti,
1731 2067 1836 2106 non
1855 2050 1942 2105 lit-

353 2160 476 2205 tera
502 2149 593 2204 sed
618 2149 805 2219 spiritu
835 2161 854 2200 :
881 2145 1056 2201 littera
1093 2147 1231 2214 enim
1261 2145 1472 2211 occidit,
1515 2143 1730 2214 spiritus
1764 2151 1940 2197 autem

354 2241 601 2310 nisiﬁcat.
631 2239 888 2314 Quamvis
922 2236 1176 2308 praeferat
1211 2233 1562 2306 apostolicam
1591 2233 1903 2305 dignitatem
1922 2272 1939 2300 ,

357 2333 416 2388 in
444 2333 540 2388 Dei
582 2341 765 2388 tamen
804 2331 990 2387 laudes
1035 2330 1356 2400 prorumpit,
1393 2343 1504 2385 non
1543 2326 1688 2383 istud
1729 2326 1944 2383 meritis

353 2426 611 2481 humanis
641 2425 942 2489 ascribens,
966 2424 1061 2480 sed
1087 2424 1206 2495 ejus
1233 2423 1422 2496 gratiae
1459 2423 1553 2494 qui
1584 2422 1838 2494 dignatus
1859 2429 1942 2477 est

353 2533 459 2586 pro
485 2517 594 2571 vita
620 2518 852 2572 humana
884 2515 1175 2570 salutarem
1200 2514 1642 2586 prazdicationem
1663 2512 1940 2578 ordinare,

353 2624 502 2678 qua,
529 2623 664 2680 quos
687 2608 776 2664 lex
797 2615 950 2664 vetus
971 2621 1094 2663 reos
1120 2607 1376 2672 tenebat,
1417 2607 1676 2670 salvaret,
1703 2605 1828 2660 data
1858 2619 1944 2659 re-

357 2702 622 2758 missione
670 2708 1016 2772 peccatorum
1056 2700 1148 2770 pet
1197 2699 1474 2755 Christum
1519 2698 1805 2753 Dominum
1842 2707 1941 2752 no-

357 2803 557 2848 strum.
587 2793 808 2848 Littera:
820 2792 962 2848 enim
986 2791 1053 2846 ad
1082 2791 1188 2846 hoc
1213 2792 1352 2847 data:
1374 2798 1500 2846 sunt
1523 2789 1714 2860 Moysi,
1735 2794 1795 2842 ut
1817 2801 1946 2842 con-

358 2894 667 2941 temnentes
694 2885 866 2957 legem
909 2883 1206 2949 occideret,
1234 2881 1533 2938 secundum
1563 2878 1656 2949 jus
1697 2887 1939 2944 naturae;

358 2973 600 3046 Spiritus
624 2985 827 3042 autem,
859 2976 912 3032 id
937 2984 1043 3042 est,
1071 2975 1158 3030 lex
1189 2974 1335 3038 ﬁdei,
1359 2987 1480 3044 quae
1517 2987 1624 3027 non
1664 2969 1940 3033 scribitur,

357 3070 458 3124 sed
483 3070 662 3124 animo
687 3069 1014 3133 continetur,
1049 3066 1285 3121 viviﬁcat
1325 3079 1447 3121 reos
1470 3063 1683 3131 mortis,
1718 3077 1945 3119 conver-

359 3167 540 3214 tentes
567 3167 747 3214 tamen
771 3172 849 3222 se,
875 3165 934 3210 ut
945 3154 1230 3226 justiﬁcati
1254 3154 1320 3210 de
1349 3161 1546 3209 caetero
1563 3167 1670 3208 non
1692 3157 1939 3222 peccent.

2044 1972 2218 2018 ratum
2247 1973 2324 2019 est
2351 1965 2571 2019 mortem
2611 1964 2794 2037 (Rom.-
2826 1965 2951 2040 vlt),
2992 1983 3093 2024 nec
3118 1968 3355 2035 mireris,
3403 1984 3525 2026 cum
3565 1969 3635 2026 de

2042 2052 2160 2124 ipsa
2184 2054 2571 2126 praedicatione
2615 2055 2893 2128 Evangelii
2925 2057 3131 2114 dictum
3156 2059 3228 2116 sit
3258 2075 3274 2115 :
3312 2059 3508 2116 Christi
3537 2059 3632 2117 bo-

2043 2157 2141 2199 nus
2167 2145 2298 2200 odor
2326 2160 2507 2202 sumus
2528 2147 2582 2202 in
2603 2147 2684 2202 his
2713 2150 2802 2220 qui
2829 2149 2964 2205 salui
2984 2151 3118 2220 fiunt
3145 2160 3198 2208 'et
3231 2152 3287 2207 in
3318 2154 3400 2210 his
3425 2153 3515 2226 qui
3542 2172 3634 2226 pe-

2043 2241 2217 2303 reunt,
2239 2238 2359 2293 aliis
2379 2239 2588 2309 quidem
2611 2239 2868 2294 odorvita:
2892 2242 2964 2295 ad
2976 2241 3152 2311 vitam,
3168 2242 3477 2299 aliisautem'
3500 2237 3635 2298 odor

2041 2329 2226 2383 mortis
2253 2328 2322 2383 ad
2345 2336 2584 2384 mortem.
2611 2328 2694 2386 Ad
2721 2328 2937 2388 Judteos
2961 2333 3107 2388 enim
3135 2332 3281 2390 dicta
3306 2344 3391 2391 est
3417 2335 3503 2391 le'x
3532 2337 3637 2391 nni-‘-

2043 2419 2296 2476 nistratio
2323 2421 2536 2487 mortis,
2573 2421 2640 2477 ad
2667 2436 2802 2491 quos
2824 2431 2880 2479 ct
2904 2423 2962 2479 in
2994 2423 3172 2496 lapide
3194 2427 3398 2498 scripta
3424 2437 3540 2494 est,
3566 2428 3638 2486 ad

2043 2526 2230 2568 eorum
2265 2512 2524 2568 duritiam
2556 2513 2914 2586 ﬁgurandam,
2959 2531 3069 2572 non
3111 2520 3180 2574 ad
3217 2535 3312 2576 eos
3336 2519 3428 2590 qui
3459 2519 3635 2592 legem

2040 2619 2140 2676 per
2161 2603 2482 2660 cbaritatem
2514 2606 2738 2677 implent
2769 2625 2782 2661 :
2807 2607 3078 2678 plenitudo
3104 2611 3243 2664 enim
3284 2608 3412 2681 legis
3453 2611 3634 2666 citari-

2043 2705 2167 2762 tas;
2211 2696 2303 2766 qui
2345 2696 2483 2750 enim
2525 2696 2696 2768 diligit
2727 2697 2985 2766 alterunt,
3013 2698 3179 2771 legem
3216 2701 3468 2773 implevit,
3508 2715 3639 2757 nam

2044 2801 2149 2840 non
2175 2785 2520 2852 adulterabis,
2551 2801 2657 2840 non
2683 2788 3024 2845 homicidium
3061 2789 3257 2860 facies,
3289 2805 3395 2848 non
3424 2793 3636 2864 [αγαινεά

2045 2875 2141 2941 ris,
2175 2883 2226 2928 et
2259 2876 2306 2929 si
2332 2875 2471 2946 quod
2506 2885 2583 2930 est
2615 2876 2764 2931 aliud
2791 2879 3135 2947 mandatum,
3179 2882 3235 2937 in
3267 2883 3366 2938 hoc
3397 2893 3638 2942 sermone

2047 2965 2456 3036 recapituldtur,
2493 2965 2678 3036 diliges
2714 2969 3011 3038 proximum
3047 2979 3194 3026 tuum
3235 2967 3370 3029 sicut
3413 2977 3639 3047 teipsuni

2049 3050 2226 3124 (Rom.
2255 3054 2398 3126 χιιι).
2429 3053 2564 3122 Quia
2596 3064 2652 3110 et
2676 3056 2857 3112 hocin
2877 3059 3066 3115 eadem
3089 3059 3207 3132 lege
3235 3063 3500 3134 scriptum
3525 3075 3633 3134 est,

2048 3144 2345 3200 cavendum
2373 3153 2456 3200 est
2495 3161 2565 3200 ne
2598 3146 2884 3229 ﬁguratam
2921 3147 3250 3206 locutionem
3289 3153 3357 3207 ad
3397 3152 3635 3212 litteram

357 3251 530 3308 Recte
561 3267 690 3323 ergo
717 3251 843 3306 data
871 3249 957 3305 lex
986 3248 1180 3309 fuerat.
1213 3255 1274 3302 ut
1301 3248 1462 3302 timor
1490 3254 1635 3303 esset
1660 3243 1938 3316 peccandi,
1971 3239 2015 3303 C
2047 3235 2297 3306 aCCiPiaSi
2342 3245 2399 3293 θι
2445 3237 2513 3292 ad
2561 3237 2665 3294 hoc
2704 3239 2850 3294 enim
2876 3241 3137 3324 \pertinet
3184 3245 3328 3314 quod
3349 3246 3438 3326 (ait
3483 3247 3634 3316 Apo-

360 3343 455 3397 sed
478 3343 603 3411 quia
627 3340 815 3412 fragile
835 3348 918 3394 est
934 3354 1104 3410 genus
1119 3339 1432 3404 humanum,
1457 3337 1825 3394 misericordia
1842 3339 1938 3394 Dei

359 3433 488 3486 data
501 3441 586 3486 est
608 3431 662 3484 in
687 3428 1067 3502 praedicatione
1082 3427 1363 3499 apostolis,
1386 3436 1446 3483 ut
1474 3428 1686 3484 donatis
1704 3429 1940 3496 peccatis

358 3523 656 3578 evaderent
706 3529 958 3586 mortem,
987 3520 1270 3576 credentes
1307 3519 1362 3573 in
1407 3518 1644 3574 Christo.
1689 3518 1816 3574 llaec
1858 3525 1942 3574 est

357 3615 673 3685 praedicatio
708 3611 842 3667 Novi
877 3611 1230 3676 Testamenti,
1262 3611 1404 3681 quod
1443 3609 1768 3681 promiserat
1800 3609 1942 3664 Deus

359 3721 459 3778 per
481 3706 793 3776 prophetas.
821 3705 1020 3758 Doctor
1046 3714 1260 3772 quoque
1285 3703 1525 3773 gentium
1551 3715 1659 3756 non
1685 3701 1942 3772 ignorans

359 3797 615 3850 idoneum
649 3810 709 3850 se
730 3795 930 3849 factum
956 3794 1255 3849 ministerio
1287 3793 1422 3848 Novi
1450 3793 1801 3859 Testamenti,
1833 3801 1939 3848 non

361 3899 464 3940 suo
488 3887 700 3952 merito,
733 3900 834 3940 nec
863 3885 1080 3951 sudore,
1117 3883 1211 3939 sed
1238 3883 1334 3938 Dei
1359 3883 1704 3939 miseratione
1731 3883 1941 3954 procla-

362 3987 498 4033 mat.
531 3977 728 4051 (ϐακε.)
763 3976 884 4030 Νοη
913 3975 1053 4048 quod
1081 3977 1266 4041 simus,
1295 3976 1489 4046 inquit,
1515 3975 1689 4029 idonei
1715 3974 1943 4045 cogitare

359 4071 567 4143 aliquid
590 4086 656 4125 ea:
685 4070 852 4134 nobis,
876 4067 1029 4140 quasi
1054 4085 1087 4121 α
1115 4070 1283 4134 nobis,
1313 4067 1403 4122 sed
1428 4066 1737 4136 sufﬁcientia
1763 4076 1942 4120 nostra

358 4179 428 4218 ea:
451 4163 562 4217 Deo
594 4171 703 4226 est,
731 4161 874 4231 quod
911 4159 1090 4215 minus
1119 4159 1328 4224 Latine,
1369 4158 1463 4213 sed
1487 4156 1798 4228 expressius
1837 4156 1943 4212 dici

358 4265 558 4327 potest,
576 4256 844 4311 idoneitas
865 4264 1046 4310 nostra
1070 4271 1137 4309 ex
1157 4255 1268 4309 Deo
1284 4260 1386 4307 est.
1403 4252 1642 4320 Denique
1663 4250 1939 4321 sequitur:

366 4349 472 4414 Qui
498 4358 548 4403 et
572 4348 785 4402 idoneos
813 4359 906 4402 nos
949 4347 1069 4416 fecit
1113 4345 1378 4400 ministros
1416 4342 1554 4398 Novi
1605 4341 1938 4398 Testamenti.

361 4433 420 4495 In
451 4446 662 4494 tantum
688 4448 867 4493 autem
890 4437 1141 4492 universa
1161 4450 1282 4506 quae
1307 4435 1376 4491 ad
1411 4434 1639 4491 salutem
1669 4434 1943 4504 pertinent

2041 3328 2251 3385 stolus:
2288 3329 2487 3385 Littera
2505 3331 2715 3398 occidit,
2754 3321 2970 3403 spiritus
2997 3335 3172 3390 autem
3217 3323 3462 3408 uiviﬁcat.
3495 3340 3633 3396 Cum

2041 3419 2186 3474 enim
2213 3419 2444 3492 ﬁgurate
2489 3420 2694 3496 dictum
2743 3421 2834 3488 sit,
2868 3425 3169 3496 accipiatur
3208 3435 3465 3500 tanquam
3504 3445 3633 3500 pro-

2011 3510 2160 3580 prie
2211 3511 2412 3566 dictum
2472 3512 2587 3579 sit,
2643 3514 2936 3570 carnaliter
2991 3518 3234 3588 sapitur,
3293 3535 3470 3592 neque
3524 3521 3633 3578 ulla

2043 3615 2189 3656 mors
2219 3601 2413 3656 animae
2465 3603 2851 3674 congruentius
2905 3606 3234 3676 appellatur,
3291 3624 3455 3679 quam
3506 3627 3634 3667 cum

2043 3691 2097 3746 id
2125 3693 2286 3748 etiam
2309 3693 2454 3762 quod
2485 3693 2539 3748 in
2569 3709 2633 3749 ea
2669 3695 2858 3750 bestiis
2896 3697 3210 3766 antecellit,
3233 3700 3387 3754 carni
3409 3701 3634 3772 subjici—

2044 3790 2132 3838 tur
2157 3785 2430 3854 sequendo
2460 3785 2721 3854 litteram,
2770 3789 2862 3859 qui
2893 3789 3041 3844 enim
3086 3792 3332 3862 sequitur
3360 3793 3632 3860 litteram,

2042 3877 2087 3930 si
2112 3878 2392 3932 sabbatum
2417 3878 2666 3945 audierit,
2692 3881 2844 3935 Verbi
2872 3883 3078 3953 gratia,
3112 3898 3219 3939 non
3244 3884 3496 3958 intelligit
3528 3887 3634 3942 nisi

2041 3985 2210 4024 unum
2241 3970 2384 4026 diem
2415 3971 2482 4026 de
2511 3981 2751 4042 septem,
2775 3974 2867 4044 qui
2896 3976 3152 4032 continuo
3171 3977 3446 4034 volumine
3471 3995 3629 4050 repe-

2042 4067 2257 4128 tuntur;
2288 4071 2343 4118 et
2371 4066 2496 4117 cum
2527 4063 2758 4119 audierit
2787 4065 3136 4133 sacriﬁcium,
3163 4083 3272 4124 non
3300 4071 3515 4127 excedit
3539 4087 3632 4128 co-

2043 4150 2303 4222 gitatione
2328 4153 2456 4208 illud
2487 4153 2630 4222 quod
2663 4153 2780 4208 ﬁeri
2806 4157 2872 4210 de
2903 4154 3139 4214 victimis
3169 4173 3426 4229 pecorum
3458 4171 3632 4218 terre-

2042 4244 2236 4314 nisque
2265 4243 2531 4322 fructibus
2557 4245 2714 4302 solet.
2749 4246 2890 4302 Nam
2913 4248 2960 4302 si
2987 4249 3306 4305 ministratio
3334 4251 3632 4308 damnatio-

2043 4338 2125 4392 nis
2153 4336 2322 4408 gloria
2347 4347 2454 4406 est,
2483 4337 2649 4392 ntulto
2675 4340 2841 4410 magis
2871 4340 3107 4396 abundat
3136 4343 3484 4400 ministerium
3506 4345 3630 4416 jus—

2041 4431 2174 4484 tilia:
2205 4432 2261 4484 in
2294 4430 2484 4502 gloria.
2519 4431 2753 4503 (Ambr.)
2785 4433 2900 4489 Hoc
2936 4433 3100 4500 dicit,
3138 4436 3266 4506 quia
3293 4439 3524 4509 amplius
3544 4451 3633 4498 est

362 4527 596 4598 apostoli
633 4527 852 4584 sibimet
878 4542 910 4582 a
950 4525 1178 4582 Domino
1205 4524 1399 4597 largita
1437 4530 1740 4589 senserunt,
1772 4530 1832 4577 ut
1861 4523 1942 4594 ip-
1970 4600 1990 4602 _
2044 4523 2244 4578 donum
2265 4523 2490 4593 iustitia:
2510 4524 2606 4582 Dei
2635 4539 2732 4596 per
2757 4525 2918 4582 ﬁdem
2949 4526 3172 4595 Christi,
3194 4545 3356 4600 quam
3382 4530 3514 4602 legis
3535 4549 3628 4591 ve-

361 4635 477 4675 sam
499 4634 714 4692 quoque
736 4619 896 4674 ﬁdem
917 4618 1162 4689 przestari
1187 4617 1288 4673 sibi
1308 4633 1338 4672 a
1360 4617 1586 4672 Domino
1604 4615 1939 4686 postularent
1964 4600 2017 4660 D
2045 4616 2176 4672 teris
2201 4631 2216 4671 :
2239 4617 2364 4688 quia
2385 4618 2560 4686 magis
2579 4618 2747 4690 gloria
2761 4619 2816 4674 in
2837 4619 3011 4676 salute
3032 4629 3136 4687 est,
3160 4638 3322 4692 quam
3346 4624 3399 4679 i—n
3417 4600 3624 4692 morte;

362 4713 605 4767 dicentes
633 4729 646 4764 :
677 4709 896 4780 Adauge
921 4709 1066 4764 nobis
1094 4709 1252 4778 ﬁdem
1278 4706 1428 4779 (Luc.
1455 4707 1615 4778 xvu),
1643 4706 1934 4776 plenitudi-
2045 4707 2453 4780 quamvisjuste
2479 4711 2716 4777 damnet,
2741 4720 2920 4768 tamen
2948 4713 3014 4768 ad
3036 4711 3249 4769 laudem
3272 4716 3486 4786 proﬁcit
3511 4733 3628 4773 ma-

363 4816 486 4856 nem
515 4801 653 4871 ejus,
687 4814 794 4854 non
823 4799 993 4855 libero
1017 4797 1244 4853 arbitrio
1269 4806 1676 4867 praesumentes,
1709 4797 1803 4853 sed
1841 4797 1937 4853 Dei
2043 4800 2126 4871 gis
2153 4799 2200 4855 si
2233 4799 2536 4872 indulgeat,
2574 4809 2635 4856 ut
2660 4801 2833 4872 possit
2871 4817 2997 4859 reus
3026 4805 3301 4877 corrigere
3328 4823 3408 4865 se.
3439 4808 3625 4881 (Aug.)

362 4894 464 4948 sibi
488 4893 774 4948 credentes
793 4905 1017 4946 munere
1039 4891 1436 4946 conferendam.
1463 4888 1645 4961 (Aug.)
1669 4888 1778 4943 Lex
1792 4889 1937 4944 enim

363 4982 736 5038 tantummodo
755 4983 914 5046 lceta,
939 4989 995 5038 et
1012 4996 1120 5037 non
1141 4981 1438 5046 intellecta,
1461 4980 1543 5036 vel
1566 4996 1670 5035 non
1695 4980 1936 5051 impleta,

361 5075 550 5144 utique
573 5073 793 5137 occidit,
821 5081 946 5128 tunc
971 5071 1116 5128 enim
1145 5071 1441 5143 appellatur
1465 5071 1679 5136 littera;
1715 5071 1940 5141 spiritus

361 5173 544 5218 autem
588 5162 848 5226 vivilicat,
879 5161 1005 5232 quia
1057 5160 1331 5231 plenitudo
1371 5160 1506 5232 legis
1547 5169 1632 5215 est
1679 5161 1938 5226 charitas,

362 5272 484 5326 quae
520 5255 714 5311 diffusa
759 5263 844 5310 est
886 5255 942 5308 in
983 5254 1238 5310 cordibus
1288 5254 1491 5308 nostris
1535 5267 1632 5324 per
1679 5251 1940 5322 Spiritum

363 5359 634 5413 sanctum,
675 5347 767 5416 qui
809 5347 969 5402 datus
1018 5354 1102 5401 est
1131 5345 1307 5401 nobis.
1342 5343 1495 5410 Quod
1531 5344 1576 5399 si
1623 5344 1940 5398 ministratio

362 5440 572 5504 mortis,
599 5438 785 5492 litteris
813 5437 1106 5506 deformata
1126 5435 1486 5506 inflapidibus,
1525 5434 1625 5503 fuit
1655 5435 1710 5489 in
1745 5433 1934 5504 gloria,

319 5559 322 5562 ~
363 5535 440 5586 ita
489 5541 546 5584 ut
605 5546 709 5584 non
746 5537 953 5600 possent
1006 5528 1272 5582 intendere
1313 5527 1412 5596 filii
1452 5527 1622 5582 Israel
1665 5527 1721 5580 in
1751 5525 1938 5595 [aciem

365 5623 562 5695 Moysi,
601 5631 812 5693 propter
841 5620 1062 5692 gloriam
1099 5619 1271 5675 uultus
1311 5620 1443 5689 ejus,
1476 5635 1591 5691 qua:
1630 5627 1937 5684 evacuatur,

363 5715 625 5785 quomodo
662 5731 778 5775 non
792 5713 958 5784 magis
975 5711 1293 5766 ministratio
1304 5711 1519 5781 spiritus
1538 5712 1634 5764 erit
1655 5712 1710 5764 in
1730 5709 1898 5780 gloria
1916 5711 1940 5763 2’

369 5799 713 5862 Manifestum
757 5813 839 5860 est
889 5803 1144 5872 majorem
1185 5804 1414 5874 gratiam
1451 5817 1570 5859 esse
1614 5801 1744 5871 legis
1791 5801 1937 5869 ﬁdei,

2043 4891 2157 4946 Lex
2185 4891 2354 4958 enim,
2376 4892 2625 4961 quamvis
2645 4891 2816 4961 justa,
2847 4902 2904 4949 et
2929 4901 3117 4951 sancta
3139 4905 3194 4952 et
3218 4897 3382 4964 bona,
3409 4913 3621 4969 praeva-i

2045 4981 2367 5037 ricaturibus
2394 4979 2575 5036 intulit
2613 4991 2866 5049 mortem,
2894 4999 3028 5054 quos
3057 4984 3152 5041 Dei
3184 4986 3357 5058 gratia
3382 4997 3490 5044 neu
3521 4990 3622 5047 ad-

2039 5069 2180 5141 juvit
2212 5071 2279 5124 ad
2301 5069 2570 5138 justitiam
2607 5070 2742 5142 legis
2771 5073 3115 5143 implendam.
3156 5075 3451 5146 Oportebat
3477 5081 3624 5136 enim

2047 5170 2108 5217 ut
2154 5170 2478 5217 testamento
2513 5171 2697 5220 vetere
2728 5163 2809 5220 lex
2861 5165 3222 5236 impeneretur
3257 5171 3527 5242 superbis,
3567 5173 3626 5232 et

2045 5253 2115 5308 de
2151 5269 2262 5308 suae
2285 5252 2577 5309 voluntatis
2611 5254 2901 5326 ﬁdentibus
2930 5258 3132 5315 virtute
3167 5275 3290 5330 quae
3329 5277 3438 5320 non
3467 5263 3627 5323 dare:

2040 5343 2307 5413 justitiam
2334 5383 2350 5410 ,
2389 5343 2484 5400 sed
2507 5335 2742 5416 iuberet,
2782 5358 2848 5403 a‘c
2881 5349 2928 5404 si
2957 5358 3132 5406 morte
3160 5353 3621 5422 praevaricationis

2045 5435 2288 5506 impliciti
2318 5437 2387 5493 ad
2407 5437 2634 5508 gratiam
2662 5438 3035 5512 confugerent,
3065 5457 3171 5498 non
3195 5441 3474 5512 jubentem
3502 5453 3622 5502 tan-

2045 5533 2346 5598 tammodo,
2374 5535 2468 5591 sed
2489 5533 2794 5604 juvantem,
2831 5552 2952 5607 qua:
2985 5535 3135 5592 Novo
3156 5535 3504 5593 Testamento
3533 5542 3620 5590 est

2044 5621 2312 5690 revelata;
2329 5625 2456 5696 quid
2475 5626 2820 5697 ergo‘mirum
2843 5627 2890 5682 si
2913 5626 3002 5680 illa
3027 5627 3170 5684 dicta
3191 5635 3274 5683 est
3291 5625 3618 5682 ministratio

2043 5713 2260 5779 mortis,
2286 5715 2376 5770 ubi
2399 5715 2577 5786 littera
2601 5717 2817 5780 occidit,
2859 5716 3059 5772 malum
3102 5712 3432 5786 prohibendo
3473 5703 3616 5782 quod

2047 5801 2127 5870 iit,
2159 5803 2361 5859 malum
2385 5819 2489 5859 non
2523 5806 2839 5874 imperando
2862 5806 3004 5876 quod
3040 5805 3146 5860 ﬁt?
3173 5804 3280 5860 lsta
3315 5817 3443 5860 vero
3471 5802 3643 5860 dieltl'

4050 4965 4053 5100 ἐ

4051 5121 4053 5172 i
