4082 6332
455 342 601 406 ἹἸὸ

1098 344 1160 398 Β.
1202 341 1457 398 BABANI
1481 334 1717 396 'MAURI
1751 335 2074 392 ARCHIEP.

2174 337 2426 396 OGUNT.
2467 339 2751 397 OPEBUM
2791 340 2972 395 PARS
3009 339 3098 395 ll‘l.

3663 341 3769 397 I76

493 468 584 518 est
609 456 935 515 ministratio
960 454 1215 524 Spiritus,
1236 453 1422 522 utique
1441 450 1788 516 viviﬁcantis,
1813 457 1874 504 ut
1895 463 1927 502 a
1951 464 2087 519 prat-
2109 455 2163 513 Α
2189 449 2364 520 qualis
2385 451 2486 505 fuit
2527 450 2580 504 in
2623 450 2771 505 vultu
2799 449 2987 520 Moysi,
3025 450 3120 503 sed
3166 463 3288 504 eam
3327 464 3491 520 quam
3514 450 3770 509 viderunt

494 541 841 607 varicationis
868 555 1041 602 morte
1072 537 1355 615 surgamus
1382 535 1723 610 et'jusﬁtiam
1757 556 1865 595 non
1893 540 1970 594 rei
1993 539 2073 594 le-

489 636 690 715 gamus
709 641 762 694 in
799 638 1012 704 tabulis,
1043 637 1138 692 sed
1169 636 1325 690 liberi
1353 642 1406 688 et
1434 634 1490 688 in
1519 633 1772 688 cordibus
1795 641 1848 686 et
1873 632 1926 686 in
1956 647 2076 686 mo-

491 733 644 789 ribus
676 731 991 792 habeamus,
1021 730 1126 783 hoc
1169 734 1284 790 est,
1311 725 1715 779 Testamentum
1746 723 1955 778 Novum
1991 723 2074 777 di-

489 839 643 883 stans
703 841 734 880 a
775 825 1005 889 Vetere,
1068 822 1210 892 quod
1255 820 1328 874 ibi
1381 826 1536 873 vetus
1569 819 1730 873 homo
1775 817 2079 872 formidinis
2125 846 2130 851 ~

492 927 800 975 coarctetur
835 914 1116 986 angustiis,
1151 911 1240 967 hic
1271 926 1442 966 novus
1467 910 1628 963 homo
1664 909 1928 978 spatiatur
1956 907 2078 960 lati-

491 1010 678 1064 tudine
696 1006 994 1062 charitatis.
1019 1002 1172 1069 Quod
1198 1010 1378 1055 autem
1400 1000 1603 1054 dictum
1627 1007 1712 1053 est
1734 999 1799 1052 de
1825 997 2077 1052 ministro

485 1093 708 1156 Veteris
732 1093 1060 1152 Testamenti
1092 1092 1294 1163 Moyse,
1323 1090 1593 1163 quodnon
1618 1096 1868 1160 poterant
1893 1089 2076 1144 inten-

491 1185 740 1248 dereﬁlii
762 1187 926 1244 lsrael
949 1187 1002 1241 in
1016 1162 1217 1240 faciem
1243 1182 1378 1253 ejus,
1408 1162 1628 1252 ptﬂiter
1645 1181 1871 1252 gloriam
1894 1181 2076 1236 vultus

491 1279 630 1349 ejus,
663 1280 872 1349 signum
894 1282 1030 1338 erat,
1060 1271 1200 1342 quod
1225 1271 1277 1325 in
1301 1271 1418 1341 lege
1444 1269 1720 1325 Christum
1751 1268 2074 1324 intellecturi

490 1387 599 1426 non
627 1378 800 1434 erant,
829 1377 883 1423 et
912 1367 1032 1421 ideo
1051 1365 1294 1420 velamen
1320 1363 1373 1416 in
1402 1359 1597 1414 faciem
1636 1359 1899 1431 Moysi'ad
1931 1361 2074 1429 ipsos

491 1463 726 1533 positum
745 1467 883 1526 erat,
919 1467 980 1514 ut
1000 1474 1104 1513 non
1135 1455 1493 1519 intenderent,
1523 1454 1661 1509 sicut
1687 1454 1945 1524 scriptum
1967 1461 2069 1520 est,

479 1549 782 1606 ﬁlii'lsracl
803 1563 971 1617 usque
997 1547 1050 1601 in
1081 1547 1268 1610 ﬁnem;
1299 1545 1422 1598 linis
1449 1551 1629 1598 autem
1653 1543 1788 1613 legis
1808 1545 1930 1614 quis
1952 1544 2073 1599 est?

479 1642 558 1696 ‘ad
577 1643 678 1696 hoe
693 1655 799 1694 non
820 1654 938 1710 ego,
959 1639 1053 1693 sed
1068 1636 1356 1707 Apostolus
1383 1635 1501 1704 ipse
1525 1635 1849 1704 respondeat
1875 1652 1887 1688 :
1920 1633 2072 1690 Finis

490 1733 626 1786 enim
651 1731 796 1802 legis,
821 1729 1012 1798 inquit,
1043 1727 1281 1782 Christus
1303 1725 1370 1780 ad
1389 1725 1652 1796 justitiam
1675 1725 1814 1778 omni
1843 1725 2072 1778 credenti

2181 548 2293 596 tres
2316 542 2544 610 apostoli
2564 541 2618 596 in
2635 549 2837 606 monte,
2867 539 3143 596 revelante
3163 556 3221 595 se
3244 540 3500 607 Domino;
3523 543 3653 599 hinc
3673 544 3771 614 igi-

2177 642 2266 687 tur
2299 633 2570 702 conjicere
2610 633 2868 688 debemus
2894 642 3157 700 quantum
3193 633 3347 688 nobis
3367 634 3660 688 contulerit
3681 635 3767 689 di-

2176 721 2302 774 vina
2335 721 2621 775 clementia
2646 763 2660 788 ,
2693 729 3060 792 quantumque
3107 737 3204 775 nos
3253 724 3544 792 superioris
3577 725 3768 791 gratiae

2178 813 2318 868 dono
2345 813 2522 868 ditare
2555 814 2771 883 dignata
2805 821 2887 868 est
2914 828 3072 880 quam
3098 812 3556 868 dederatJudaeis.
3592 813 3768 870 Judati

2176 917 2327 973 ergo,
2350 918 2471 957 cum
2495 903 2675 957 minor
2707 911 2850 958 esset
2873 903 3040 972 gloria
3066 902 3246 957 vultus
3269 903 3458 973 Moysi,
3491 919 3611 959 ea
3638 919 3770 976 spo-

2175 991 2344 1045 cnlari
2359 1007 2468 1046 non
2493 999 2772 1060 poterant;
2804 1006 2902 1045 nos
2927 1006 3053 1045 vero
3071 1006 3175 1045 non
3199 991 3366 1063 Moysi
3388 993 3615 1064 gloriam
3643 1009 3768 1064 qua

2175 1080 2404 1137 inferior
2433 1091 2538 1146 est,
2573 1084 2669 1138 sed
2705 1083 3058 1139 excellentem
3096 1083 3392 1140 Salvatoris
3430 1086 3656 1156 gloriam
3686 1088 3768 1143 vi-

2175 1189 2333 1228 suros
2376 1190 2474 1229 nos
2497 1175 2791 1230 credimus.
2830 1174 2998 1229 Judazi
3028 1190 3158 1246 ergo
3193 1176 3333 1230 servi
3375 1176 3605 1248 gloriam
3652 1193 3764 1234 non

2179 1275 2496 1320 meruerunt
2513 1267 2717 1332 videre,
2747 1282 2846 1322 nos
2871 1275 3052 1322 autem
3081 1267 3293 1323 Domini
3323 1270 3625 1325 communis
3651 1270 3767 1340 gloa-

2174 1356 2311 1409 riam
2339 1371 2522 1410 sumus
2544 1357 2731 1422 visuri,
2760 1357 2988 1427 ideoque
3015 1366 3070 1412 et
3105 1373 3204 1414 nos
3241 1360 3420 1414 vicem
3452 1359 3680 1416 reddere
3708 1362 3767 1416 in

2174 1454 2434 1516 quantum
2494 1461 2779 1516 possumus
2811 1489 2826 1512 ,
2879 1448 3138 1502 debemus
3185 1449 3576 1512 benevolentiae
3625 1450 3764 1515 Dei,

2173 1545 2233 1590 ut
2266 1538 2641 1606 propensiores
2675 1539 2843 1592 simus
2879 1537 2932 1592 in
2983 1535 3100 1606 ejus
3137 1553 3353 1603 amore,
3389 1539 3481 1609 qui
3508 1538 3664 1594 nobis
3707 1539 3770 1594 ﬁ.

2175 1629 2383 1683 duciam
2406 1629 2573 1693 dedit,
2602 1629 2826 1682 abluens
2843 1642 2940 1682 nos
2966 1643 2994 1682 a
3014 1629 3272 1698 peccatis,
3295 1628 3509 1684 videndi
3533 1629 3767 1699 gloriam

2175 1717 2290 1772 Dei.
2324 1717 2477 1772 Nunc
2501 1718 2681 1786 itaque
2711 1732 2846 1787 opus
2869 1725 2951 1772 est
2982 1725 3042 1771 ut
3077 1727 3300 1773 crescat
3337 1717 3390 1772 in
3431 1719 3586 1774 nobis
3619 1717 3768 1774 ﬁdu-

475 1823 670 1895 "(Rom.
719 1820 809 1892 x);
860 1819 983 1874 linis
1023 1818 1313 1889 perﬁciens
1365 1825 1472 1872 non
1514 1815 1866 1872 interﬁciens.
1925 1816 2073 1872 Finis
2099 1815 2146 1875 Β
2175 1809 2255 1863 cia
2298 1808 2455 1863 bonis
2507 1809 2720 1863 actibus
2761 1817 2974 1878 parata,
3009 1816 3228 1861 tantum
3272 1808 3416 1862 enim
3463 1807 3770 1864 videbimus

492 1914 691 1986 quippe
725 1912 922 1967 dicitur
960 1919 1182 1981 propter
1220 1923 1393 1976 quem
1421 1907 1555 1962 ﬁunt
1585 1909 2082 1978 omnia,'quzrcun-
2177 1907 2440 1970 quantum
2471 1901 2765 1955 credimus.
2800 1898 2870 1953 Et
2907 1915 3010 1953 non
3040 1900 3172 1952 sicut
3203 1899 3417 1970 Moyses
3438 1901 3657 1970 ponebat
3687 1917 3772 1956 ve-

477 2013 595 2075 ‘que
633 2002 756 2058 alio
779 2003 916 2056 ﬁunt
941 2000 1114 2056 ollicio
1145 2019 1160 2054 :
1203 2012 1328 2056 nam
1371 2001 1515 2055 inter
1543 1998 1778 2054 'ollicium
1815 2009 1871 2054 et
1917 2000 2078 2054 ﬁnem

491 2099 597 2151 hoc
625 2095 810 2160 distat,
838 2096 982 2163 quod
1005 2092 1238 2149 ofﬁcium
1258 2100 1349 2147 est
1384 2093 1544 2146 in‘eis
1567 2105 1686 2161 qua:
1718 2092 1895 2146 facere
1921 2091 2079 2147 debe-

2175 1989 2350 2045 lamen
2377 2007 2532 2062 super
2562 1993 2753 2062 facient
2776 2007 2951 2054 suam,
2986 2001 3043 2044 ut
3069 2007 3172 2044 non
3201 1991 3524 2045 intenderent
3549 1992 3651 2061 ﬁlii
3679 1993 3768 2046 Is-

2165 2080 2288 2135 ‘rael
2325 2083 2381 2134 in
2434 2081 2624 2150 faciem
2663 2081 2801 2151 ejus,
2831 2097 2950 2151 qua:
2978 2091 3280 2134 evacuatur.
3326 2081 3586 2148 Quoniam
3616 2083 3768 2154 digni

492 2204 634 2252 ntus,
668 2187 790 2241 ﬁnis
821 2193 1039 2256 propter
1083 2199 1244 2254 quem
1271 2182 1533 2250 facimus,
1578 2183 1720 2252 quod
1766 2183 1949 2252 utique
1987 2182 2076 2237 illa
2165 2171 2303 2228 {Heli
2341 2189 2526 2229 Sumus
2555 2189 2653 2243 P0P
2681 2175 2910 2244 Sraliam
2936 2173 3033 2228 Dei
3077 2174 3260 2229 Videre
3289 2173 3512 2242 διατίθει]
3539 2174 3765 2240 Chiis“.

487 2278 669 2333 omnia
694 2285 914 2346 propter
943 2274 1218 2329 Christum
1246 2273 1471 2336 liebant,
1500 2288 1660 2342 quem
1702 2271 1796 2326 lilii
1823 2271 1987 2326 Israel
2020 2270 2075 2325 in

469 2371 572 2425 'eis
599 2383 715 2438 quae
729 2367 950 2431 fiebant,
967 2381 1070 2420 non
1090 2365 1478 2435 intelligebant.
1505 2363 1616 2420 Hoc
1634 2364 2074 2436 signiﬁcabatve-

465 2453 664 2512 ’lamen
679 2456 818 2526 quod
832 2471 922 2510 eos
935 2455 1118 2523 utique
1131 2468 1299 2522 usque
1314 2454 1366 2506 in
1387 2452 1546 2506 ﬁnem
1565 2468 1668 2507 non
1685 2453 1894 2507 sinebat
1912 2452 2078 2505 inten-

491 2548 640 2610 dere,
675 2545 728 2600 id
756 2554 1060 2613 est,'usque
1089 2544 1154 2598 ad
1189 2542 1384 2597 faciem
1417 2541 1620 2612 Moysi,
1648 2557 1767 2610 quae
1809 2540 2077 2611 signiﬁca-

490 2637 587 2692 bat
610 2635 905 2691 Christum.
937 2633 1042 2690 Sed
1077 2634 1197 2688 ideo
1235 2633 1436 2688 dictum
1491 2640 1574 2688 est
1609 2633 1750 2702 quod
1789 2639 2078 2687 evacuetur

471 2727 610 2780 haec
631 2723 819 2794 gloria,
842 2723 982 2792 quod
1003 2737 1188 2778 omnes
1210 2723 1416 2777 umbra:
1432 2720 1796 2791 signiﬁcantes
1817 2735 2076 2776 evacuan-

465 2823 470 2826 ’
493 2827 580 2873 tur
600 2831 723 2871 cum
749 2831 848 2870 res
870 2829 988 2884 quae
1015 2813 1350 2886 signiﬁcatur
1380 2813 1676 2867 advenerit.
1712 2812 2070 2878 Quemadmo-

469 2907 623 2962 ‘1um
651 2907 794 2961 enim
825 2905 1068 2968 scientia,
1101 2919 1222 2975 quae
1252 2919 1394 2958 nunc
1415 2911 1499 2958 est
1529 2903 1898 2969 evacuabitur,
1930 2903 2074 2958 sicut

483 2999 634 3058 idem
657 2999 787 3053 dicit
819 2997 1132 3068 Apostolus,
1159 3013 1279 3052 cum
1322 2997 1534 3051 venerit
1568 2995 1678 3062 illa,
1721 3011 1882 3065 quam
1921 2997 2070 3062 dicit,

483 3091 631 3146 facie
654 3091 722 3145 ad
751 3089 944 3144 facient
971 3087 1169 3161 ('I‘Cor.
1195 3087 1316 3158 χιιι)
1345 3104 1358 3140 :
1384 3087 1464 3141 sic
1491 3095 1545 3141 et
1570 3087 1691 3150 ista,
1725 3102 1844 3156 qua:
1875 3087 1929 3140 in
1956 3103 2073 3141 um-
2101 3126 2144 3188 Ο

465 3183 604 3239 'bris
633 3181 830 3236 tradita
852 3187 1008 3235 erant
1040 3179 1238 3234 Judteis
1274 3179 1330 3232 in
1360 3179 1553 3234 Vetere
1579 3177 1946 3245 Testamento,
1977 3195 2072 3233 nc-

490 3287 642 3328 cesse
675 3271 775 3325 fuit
802 3270 1052 3325 evacuari
1080 3269 1406 3324 revelatione
1431 3269 1763 3324 Testamenti
1792 3269 1944 3324 Novi.
1969 3269 2079 3324 Nec

491 3375 624 3417 sane
647 3375 838 3415 omnes
859 3358 1022 3413 inillo
1033 3359 1238 3428 populo
1260 3373 1364 3413 non
1387 3359 1780 3430 intelligebant,
1801 3359 2077 3415 Christum

491 3463 589 3518 per
605 3449 722 3504 illas
741 3447 961 3502 umbras
981 3446 1311 3502 Testamenti
1335 3446 1543 3503 Veteris
1571 3447 1880 3517 ﬁguratum,
1903 3464 2074 3518 neque

489 3543 635 3598 enim
679 3542 794 3612 ipse
835 3540 1046 3612 Moyses
1078 3549 1134 3596 et
1173 3541 1352 3596 creteri
1380 3543 1654 3612 prophetae
1682 3559 1789 3598 non
1813 3541 2075 3613 intellige-

490 3637 644 3698 bant,
677 3633 769 3702 qui
793 3647 917 3687 eum
937 3632 1148 3687 caeteris
1186 3631 1639 3701 prtenuntiabant.
1675 3629 1816 3684 Nam
1847 3648 1938 3684 nec
1965 3628 2078 3700 glo-

489 3723 757 3792 riﬁcatum
785 3732 860 3777 est
888 3723 1026 3794 quod
1057 3722 1245 3776 claruit
1289 3722 1345 3775 in
1372 3722 1470 3776 hac
1498 3730 1644 3792 parte
1669 3732 1878 3791 propter
1902 3719 2073 3774 excel-

492 3817 678 3871 lentem
701 3815 942 3886 gloriam.
973 3814 1206 3886 (Ambr.)
1229 3812 1571 3867 Manifestum
1598 3821 1681 3867 est
1723 3827 1829 3866 non
1855 3827 1974 3866 esse
2004 3809 2075 3864 fa-

479 3915 640 3961 ctum
663 3906 980 3976 gloriosum,
1011 3905 1155 3974 quod
1180 3904 1354 3958 visum
1383 3914 1463 3957 est
1495 3902 1549 3956 in
1580 3901 1728 3956 vultu
1763 3902 1930 3973 Moysi
1956 3901 2071 3973 glo-

491 3998 729 4052 riosum:
756 3995 970 4066 quando
991 3995 1133 4049 enim
1158 3993 1287 4047 nulli
1317 3991 1518 4063 profuit
1541 3992 1709 4062 gloria
1735 3991 1913 4046 vultus
1935 3990 2069 4060 ejus,

486 4103 604 4143 non
634 4088 822 4143 habuit
860 4086 1094 4142 fructum
1124 4085 1325 4156 gloriae,
1369 4084 1466 4140 sed
1505 4085 1678 4154 magis
1719 4083 1911 4151 obfuit,
1950 4085 2076 4140 licet

492 4194 599 4232 non
615 4193 712 4232 suo
733 4178 886 4241 vitio,
911 4176 1003 4231 sed
1021 4175 1376 4244 peccantium,
1403 4173 1654 4228 tamen'in
1677 4175 1778 4228 hac
1792 4181 1944 4243 parte
1966 4173 2075 4244 gloo

481 4270 574 4324 ria
601 4284 707 4323 non
733 4277 846 4332 est;
871 4266 960 4320 illa
984 4275 1067 4320 est
1093 4273 1271 4320 autem
1297 4264 1466 4334 magis
1496 4264 1665 4334 gloria
1694 4279 1814 4332 qua:
1838 4263 2075 4318 abundat

487 4361 549 4413 in
585 4359 780 4428 gratia,
825 4365 886 4410 ut
930 4355 1199 4425 puriﬁcati
1241 4355 1485 4410 homines
1528 4356 1670 4410 dono
1694 4354 1791 4408 Dei
1832 4357 2072 4410 abstersa

2171 2262 2380 2318 idcirco
2411 2273 2459 2318 et
2485 2281 2588 2317 non
2617 2264 2751 2317 sicut
2779 2263 3006 2333 Moyses,
3039 2263 3136 2328 ait,
3167 2265 3386 2334 ponebat
3415 2266 3646 2322 relamen
3674 2286 3768 2322 su-

2175 2369 2267 2422 per
2293 2353 2677 2422 faciem-suam,
2711 2371 2774 2408 ne
2801 2354 3128 2408 intuerentur
3157 2355 3256 2423 ﬁlii
3284 2354 3486 2422 Israel,
3515 2357 3638 2413 ideo
3661 2374 3766 2428 po-

2177 2445 2339 2500 nebat
2358 2445 2600 2500 velamen
2623 2485 2640 2511 ,
2661 2446 2913 2515 quoniam
2937 2446 3270 2514 splendorem
3287 2447 3464 2502 vultus
3485 2447 3600 2517 ejus
3620 2448 3768 2506 ferro

2177 2548 2281 2588 non
2308 2541 2558 2604 poterant
2582 2550 2743 2590 causa
2788 2534 3028 2606 peccati,’
3049 2550 3156 2605 quo
3177 2535 3386 2592 sublato
3407 2547 3646 2608 potestas
3671 2539 3785 2595 da-‘

2178 2632 2266 2678 tur
2287 2625 2500 2680 videndi
2537 2625 2763 2696 gloriam
2809 2626 2905 2680 Dei
2947 2641 3116 2697 usque
3161 2628 3226 2683 ad
3269 2627 3427 2684 ﬁnem
3459 2629 3596 2699 ejus,
3631 2633 3766 2702 quia

2177 2721 2406 2774 tam-diu
2434 2735 2542 2775 non
2573 2720 2864 2788 revelatur,
2895 2721 3066 2776 donec
3093 2721 3279 2777 relicta
3307 2722 3424 2794 lege
3442 2734 3769 2780 convertan-

2158 2815 2264 2861 tur
2289 2808 2354 2862 ad
2381 2809 2610 2879 gratiam
2639 2808 2784 2874 ﬁdei,
2812 2817 2867 2863 et
2895 2810 2973 2864 sic
2997 2821 3319 2877 evacuatur;
3349 2814 3639 2869 accedente
3664 2831 3768 2870 att-

2175 2905 2285 2952 tem
2309 2898 2576 2969 dignitate
2593 2899 2873 2969 perﬁdem
2894 2909 3190 2956 evacuatur
3213 2903 3520 2975 indignitas.
3545 2905 3770 2961 Sed-ob-

2177 2988 2280 3039 tusi
2325 2998 2446 3041 sunt
2487 3004 2667 3042 sensus
2716 3005 2894 3042 eorum
2932 3007 3094 3062 usque
3141 2993 3196 3046 in
3245 2993 3551 3049 hodiernum
3595 2997 3763 3050 diem.

2177 3075 2382 3130 Tandiu
2437 3075 2660 3132 obtusos
2701 3079 2862 3144 dicit,
2908 3081 3145 3150 quandiu
3184 3098 3289 3138 non
3335 3087 3591 3153 credunt;
3639 3103 3770 3158 que

2177 3169 2392 3224 obtusio
2416 3169 2746 3226 inﬁdelitatis
2767 3187 2928 3226 causa
2952 3173 3196 3240 obvenit,
3234 3176 3355 3231 ideo
3384 3180 3661 3235 conversis
3689 3184 3766 3236 ad

2179 3260 2338 3314 tidem
2363 3261 2577 3316 acuitur
2605 3263 2750 3318 acies
2777 3264 2974 3319 mentis
3000 3274 3058 3320 ut
3096 3267 3316 3322 videant
3347 3269 3765 3328 diviniluminis

2177 3351 2536 3422 splendorem.
2574 3353 2812 3425 Idipsum
2841 3356 3065 3410 velamen
3094 3359 3150 3411 in
3180 3359 3396 3414 lectione
3438 3360 3634 3417 Veteris
3662 3363 3766 3418 Te-

2176 3445 2417 3496 stamenti
2435 3454 2604 3498 manet
2627 3461 2732 3500 non
2750 3446 3049 3512 revelatum,
3064 3451 3312 3519 quoniam
3337 3453 3390 3506 in
3410 3451 3616 3507 Christo
3638 3471 3764 3509 eaa-

2175 3543 2385 3586 cuntur.
2417 3530 2662 3600 Obtusio,
2702 3535 2808 3600 ait,
2849 3537 2964 3591 haec
2991 3537 3043 3591 in
3088 3539 3314 3595 lectione
3341 3541 3509 3597 Exodi
3535 3553 3758 3612 manet,

2174 3623 2415 3691 quandiu
2453 3624 2698 3690 credunt,
2753 3640 2859 3679 non
2891 3627 3036 3681 enim
3080 3629 3348 3685 revelatur
3375 3632 3756 3690 nisicredant.

2171 3712 2230 3766 in
2253 3712 2474 3768 Christo
2501 3715 2643 3769 enim
2667 3725 2981 3782 evacuatur,
3010 3719 3113 3774 hoc
3131 3728 3234 3785 est,
3255 3723 3530 3791 per-ﬁdem
3551 3724 3762 3784 Christi

2173 3803 2448 3860 auferetur
2473 3807 2718 3863 velamen
2748 3826 2761 3864 :
2799 3819 2981 3865 amoto
3008 3812 3150 3866 enim
3175 3813 3654 3888 delictoincipient
3676 3821 3763 3876 vi-

2173 3897 2300 3952 dere
2325 3899 2492 3968 quod,
2534 3901 2783 3957 obstante
2810 3911 3069 3972 'peccato,
3117 3906 3300 3961 videre
3332 3925 3437 3964 non
3485 3921 3758 3980 poterant.

2174 3986 2283 4042 Sed
2329 4005 2491 4060 usque
2531 3991 2586 4044 in
2625 3991 2934 4046 hodiernum
2982 3994 3118 4048 diem
3155 4013 3274 4049 cum
3319 3997 3512 4070 legitur
3549 4001 3762 4074 Moyses

2171 4079 2400 4136 velamen
2430 4093 2508 4137 est
2553 4085 2779 4154 positum
2820 4103 2976 4156 super
3026 4104 3116 4142 cor
3157 4105 3357 4143 eorum.
3410 4089 3762 4149 Manifestum

2171 4181 2273 4237 est,
2293 4173 2420 4241 quia
2442 4189 2564 4228 cum
2585 4175 2779 4244 legitur
2795 4176 2907 4230 haec
2926 4192 3056 4247 pars
3076 4178 3233 4249 legis,
3255 4183 3519 4236 sententia
3545 4183 3762 4238 illorum

2172 4263 2435 4317 recitatur
2454 4264 2544 4332 qui
2568 4274 2693 4320 sunt
2721 4265 2820 4320 sub
2843 4265 2980 4336 lege.
3005 4267 3210 4340 (Greg.)
3243 4269 3400 4326 Unde
3427 4272 3480 4326 in
3504 4272 3604 4327 Job
3624 4275 3767 4330 scri-

2170 4361 2320 4422 ptum
2345 4363 2430 4409 est
2455 4372 2472 4407 ‘:
2495 4354 2687 4409 Nudus
2716 4373 2950 4426 egressus
2981 4375 3096 4412 sum
3125 4353 3189 4414 de
3217 4370 3364 4415 utero
3393 4363 3576 4417 matris
3606 4381 3758 4428 metr,

491 4449 721 4516 caligine
746 4446 954 4517 possint
984 4446 1164 4500 videre
1195 4444 1420 4544 gloriam
1444 4443 1663 4499 Christi.
1688 4443 1747 4497 Si
1772 4445 1908 4497 enim
1931 4445 2070 4514 quod
2097 4485 2148 4544 υ
2173 4442 2343 4497 nudus
2369 4450 2596 4499 revertar
2613 4445 2738 4500 illuc
2757 4445 2898 4507 (Job.
2919 4447 2983 4519 ι).
3005 4449 3385 4521 Redemptoris
3415 4462 3590 4509 mater
3601 4456 3760 4525 juxta

489 4547 774 4593 evacuatur
799 4553 890 4608 per
909 4534 1130 4606 gloriam
1158 4542 1254 4598 est,
1278 4531 1441 4586 multo
1469 4533 1632 4603 magis
1653 4533 1790 4602 quod
1821 4543 1993 4586 manet
2015 4535 2069 4587 in

489 4629 660 4700 gloria
687 4638 782 4683 est.
826 4627 943 4687 Non
984 4625 1393 4697 negatgloriam
1440 4624 1604 4680 fuisse
1643 4625 1695 4679 in
1725 4625 1860 4696 lege,
1895 4625 1980 4680 vel
2017 4626 2070 4680 in

488 4719 642 4774 vultu
671 4719 863 4789 Moysi,
889 4716 982 4773 sed
1009 4732 1115 4771 non
1137 4715 1435 4786 permansit
1458 4716 1512 4770 in
1543 4714 1723 4786 Moyse
1749 4718 1872 4786 quia
1902 4716 2071 4786 ﬁgura

490 4817 612 4864 erat
635 4823 756 4878 quae
783 4807 1066 4878 apparuit;
1098 4805 1296 4860 veritas
1347 4814 1528 4861 manet
1553 4822 1787 4877 semper,
1817 4816 1876 4862 ut
1903 4825 2072 4878 quan.

490 4908 604 4953 tum
635 4899 859 4952 interest
908 4897 1048 4951 inter
1082 4896 1373 4966 imaginem
1419 4905 1470 4951 el
1507 4898 1816 4962 veritatem,
1863 4908 2068 4954 tantum

491 4988 708 5044 intersit
731 4988 872 5042 inter
897 4986 1122 5056 gloriam
1147 4985 1327 5040 vultus
1349 4985 1515 5056 Moysi
1531 4994 1586 5040 et
1604 4987 1829 5056 gloriam
1846 4987 2066 5043 Christi.

490 5085 614 5138 Ideo
636 5101 794 5155 supra
812 5085 947 5138 dixit
966 5094 1172 5154 propter
1185 5083 1512 5138 excellentem
1534 5083 1754 5153 gloriam
1777 5101 1795 5139 :
1820 5085 1904 5139 illa
1925 5087 2068 5140 enim

490 5182 639 5228 tanta
662 5183 779 5228 erat
799 5175 990 5242 gloria,
1013 5182 1210 5243 quanta
1233 5172 1416 5227 debuit
1438 5173 1583 5228 credi
1603 5187 1788 5238 servo;
1808 5175 1922 5229 htec
1943 5191 2070 5230 vero

490 5273 663 5329 tanta,
697 5273 895 5334 quanta
921 5273 1004 5319 est
1031 5265 1290 5334 genitoris
1315 5265 1451 5335 ejus,
1485 5264 1611 5333 quia
1641 5264 1894 5318 Dominus
1915 5265 2068 5319 Jesus

487 5353 730 5424 ingloria
754 5364 828 5408 est
851 5355 946 5408 Dei
972 5353 1150 5408 Patris
1171 5371 1189 5408 :
1213 5355 1351 5408 sicut
1369 5355 1510 5408 enim
1536 5368 1756 5424 vespere
1775 5354 1939 5409 stellae
1959 5355 2072 5425 glo-

491 5447 651 5504 riosa:
680 5455 829 5514 sunt,
857 5448 1063 5503 oriente
1092 5455 1268 5501 autem
1296 5447 1406 5501 sole
1432 5455 1724 5501 evacuatur
1748 5461 1933 5499 earum
1963 5446 2070 5500 cla-

491 5538 656 5606 ritas,
681 5539 755 5594 ita
778 5547 834 5594 et
867 5537 1033 5609 Moysi
1063 5537 1232 5608 gloria
1264 5544 1557 5592 evacuatur
1587 5543 1880 5605 apparente
1901 5535 2068 5605 gloria

491 5630 712 5688 Christi.
733 5613 1002 5685 'Habeutes
1013 5629 1172 5700 igitur
1198 5627 1357 5682 talem
1378 5643 1543 5699 spem,
1564 5625 1730 5680 multa
1751 5626 1947 5694 ﬁducia
1974 5628 2071 5681 uti-

495 5737 630 5781 mur.
648 5723 810 5795 Spem
830 5724 1032 5785 habere
1041 5737 1142 5782 nos
1152 5721 1284 5781 dicit
1295 5720 1508 5779 videndi
1521 5720 1766 5792 gloriam,
1784 5735 1892 5779 non
1907 5719 2067 5780 talem
2092 5798 2142 5808 __

2175 4550 2390 4589 carnem
2414 4535 2695 4608 Synagoga
2726 4541 2931 4605 existit,
2967 4557 3035 4595 ex
3068 4558 3174 4612 qua
3203 4545 3270 4598 ad
3309 4560 3408 4600 nos
3431 4561 3529 4615 per
3557 4563 3764 4618 corpus

2173 4629 2402 4684 visibilis
2425 4631 2691 4698 processit
2717 4649 2729 4685 :
2759 4633 2854 4686 sed
2879 4633 3022 4689 hunc
3045 4635 3188 4690 intra
3223 4651 3281 4691 se
3305 4638 3537 4706 tegmine
3560 4638 3760 4694 littera:

2155 4721 2489 4790 -ad0pertum
2511 4723 2703 4786 tenuit,
2727 4722 2852 4777 dum
2884 4724 2948 4778 ad
2979 4725 3278 4794 spiritalem
3315 4727 3432 4797 ejus
3455 4728 3758 4798 intelligent-

2175 4812 2306 4866 tiam
2327 4811 2511 4866 oculos
2539 4813 2754 4882 aperire
2782 4813 3051 4884 neglexit;
3079 4817 3223 4872 hunc
3243 4817 3368 4886 quia
3389 4817 3442 4872 in
3465 4834 3628 4873 carne
3656 4820 3760 4874 bu-

2175 4902 2320 4956 mani
2357 4903 2598 4972 corporis
2625 4903 2883 4960 latentem
2927 4906 3112 4962 videre
3147 4909 3317 4963 Deum
3359 4911 3562 4974 noluit,
3598 4913 3756 4980 quasi

2179 4992 2231 5046 in
2259 4991 2537 5048 divinitate
2558 4995 2760 5050 nudum
2795 4999 3108 5066 conspicere
3135 5003 3477 5070 contempsit.
3518 5002 3626 5058 Sed
3653 5019 3754 5059 nu-

2176 5084 2277 5138 dus
2302 5084 2368 5138 de
2413 5093 2568 5140 utero
2597 5087 2788 5142 matris
2837 5089 2989 5153 exiit,
3030 5091 3158 5158 quia
3189 5108 3218 5146 a
3268 5090 3562 5165 Synagogze
3588 5109 3756 5151 carne

2175 5174 2432 5244 prodiens
2456 5178 2778 5246 conspicuus
2809 5180 2874 5234 ad
2911 5187 3098 5250 gentes
3125 5181 3290 5236 venit.
3319 5181 3473 5248 Quod
3505 5183 3642 5238 bene
3661 5181 3755 5238 Jo-

2175 5265 2307 5332 scph
2334 5264 2524 5320 relicto
2551 5267 2711 5335 pallio
2734 5268 2970 5339 fugiente
2992 5272 3262 5342 signatum
3289 5281 3373 5329 est
3405 5291 3416 5327 :
3447 5275 3574 5330 dum
3602 5276 3750 5330 enim

2175 5356 2369 5411 mulier
2401 5357 2638 5411 adultera
2673 5360 2812 5415 male
2858 5362 2947 5417 illo
2969 5365 3046 5418 uti
3067 5366 3344 5431 voluisset,
3375 5366 3562 5422 relicto
3588 5367 3753 5438 pallio

2174 5442 2308 5513 fugit
2328 5443 2493 5511 foras,
2516 5446 2644 5514 quia
2674 5448 2800 5502 dum
2825 5466 3095 5523 synagoga
3119 5453 3405 5510 Dominum
3430 5471 3626 5526 purum
3655 5458 3752 5512 ho-

2172 5534 2373 5588 minem
2396 5537 2625 5592 credens
2659 5541 2812 5609 quasi
2849 5543 3152 5598 adulterino
3176 5546 3456 5616 complexu
3483 5548 3750 5602 constrin-

2174 5639 2302 5695 gere
2325 5625 2513 5693 voluit,
2542 5629 2656 5698 ipse
2695 5639 2908 5702 tegmen
2942 5633 3136 5689 litterae
3163 5634 3281 5703 ejus
3309 5637 3480 5692 oculis
3508 5638 3746 5707 reliquit,

2172 5722 2228 5775 et
2265 5715 2332 5774 ad
2359 5721 2787 5789 cognoscendam
2817 5722 3112 5780 divinitatis
3147 5741 3258 5784 suae
3285 5727 3579 5798 potentiam
3618 5742 3749 5786 oon-
