4082 6332
325 369 441 428 ινιτ

830 372 1397 433 ENARRATIONUM‘
1419 372 1487 431 lN
1530 368 1680 430 EPP.
1718 373 1922 433 PAULI

2019 370 2090 435 ιιι.
2129 361 2356 436 xu:
2385 376 2457 437 IN
2482 318 2714 438 ἔριδι.
2753 378 2801 437 ιι
2832 380 2926 437 AD
2961 367 3120 439 con:

3500 377 3647 439 "8..

315 486 565 556 spiceum
594 497 654 541 se
682 486 935 557 gentibus
973 487 1224 559 praebuit.
1255 487 1410 545 Unde
1434 496 1489 545 et
1512 486 1710 545 Paulus
1743 488 1902 545 dicit:
1933 493 1987 555 Α
2009 490 2228 561 specula
2257 491 2324 548 de
2351 491 2506 563 cujus
2529 491 2819 549 altitudine
2835 492 3051 564 longius
3078 491 3282 561 aliquid
3306 494 3605 559 intuemur,

318 573 497 647 Usque
520 575 679 630 hodie
703 575 831 633 dum
879 575 1070 647 legitur
1104 576 1340 650 Moyses,
1368 577 1603 633 velamen
1637 574 1721 633 est'
1753 594 1910 650 super

312 683 410 723 cor
442 667 809 737 eorum,,quia
844 667 1104 725 videlicet
1140 669 1387 725 adultera
1427 669 1625 725 mulier
1658 671 1798 743 apud
1826 686 1913 729 se-

316 756 610 831 metipsum
634 756 855 827 pallium
880 759 1081 824 tenuit,
1106 767 1163 814 et
1187 774 1347 830 quem
1377 758 1520 814 male
1547 758 1779 824 tenebat,
1811 776 1912 814 nu-

313 844 449 903 dum
470 844 674 901 amisit.
700 845 837 913 Quia
861 859 992 918 ergo
1015 863 1046 901 a
1064 846 1343 921 Synagoga
1366 846 1611 913 veniens,
1634 846 1760 903 ﬁdei
1783 864 1931 918 δίδη-η

314 938 458 995 tium
507 938 834 1010 conspicuus
877 940 1147 1013 apparuit,
1187 954 1253 997 ex
1297 946 1455 997 utero
1501 939 1692 997 matris
1739 941 1916 997 nudus

314 1026 479 1084 exiit.

392 1113 529 1171 Cum
558 1124 731 1177 autem
749 1133 1030 1173 conversus
1069 1117 1229 1189 fuerit
1252 1119 1339 1174 ad‘
1360 1117 1668 1187 Dominum,
1704 1119 1914 1188 aufere-

315 1214 414 1263 τιν
434 1205 686 1261 uelamen.
713 1206 949 1280 (Ambr.)
975 1208 1229 1266 Converti
1251 1211 1321 1265 ad
1342 1210 1653 1278 Dominum,
1683 1211 1788 1269 hoc
1813 1221 1915 1279 est,

317 1297 549 1353 credere
577 1297 631 1352 in
661 1296 961 1365 Christum,
982 1309 1043 1355 ut
1066 1314 1364 1373 agnoscens
1388 1301 1676 1357 Dominum
1704 1303 1917 1359 veniam

316 1395 606 1447 mereatur
642 1387 913 1457 accipere,
953 1388 1056 1445 hoc
1094 1398 1201 1456 est,
1233 1388 1436 1445 aulerri
1479 1390 1756 1457 velamen,
1789 1407 1917 1447 sen-

320 1477 560 1533 tentiam
587 1477 863 1545 evacuari,
885 1493 992 1549 qua
1022 1481 1312 1537 tenebatur
1331 1496 1461 1537 reus
1482 1481 1584 1538 sub
1617 1481 1756 1552 lege.

396 1590 660 1647 Dominus
693 1601 872 1646 autem
901 1590 1243 1663 Spiritus.est
1264 1607 1283 1646 :
1314 1594 1403 1649 ubi
1451 1604 1631 1650 autem
1679 1594 1914 1667 Spiritus

312 1680 544 1739 Domini
579 1682 652 1736 ibi
702 1680 934 1738 libertas.
966 1681 1233 1750 Quoniam
1264 1683 1406 1741 Deus
1435 1685 1660 1756 spiritus
1685 1698 1788 1752 est,
1821 1702 1921 1759 per

314 1772 605 1830 Christum
652 1770 829 1843 legem
874 1773 1023 1833 dedit
1061 1775 1302 1846 spiritus,
1348 1791 1457 1831 non
1505 1775 1705 1834 litteris
1731 1779 1922 1850 utique

313 1862 611 1933 scﬁptam.
645 1860 742 1917 sed
766 1877 861 1932 per
884 1861 1047 1923 ﬁdem
1078 1863 1277 1920 animis
1296 1863 1632 1933 intimatam;
1669 1883 1778 1923 non
1801 1884 1924 1939 qua:

314 1952 565 2010 visibilis
581 1953 791 2018 doceat,
809 1951 1216 2009 sedjnvisibilia
1235 1954 1383 2011 credi
1399 1954 1644 2021 suadeat,
1666 1971 1788 2027 qua:
1809 1957 1926 2023 ani-

313 2058 455 2101 mus
476 2042 794 2114 spiritaliter
813 2042 1050 2115 colligat,
1074 2059 1183 2100 non
1204 2060 1325 2116 qua:
1350 2045 1540 2105 oculus
1559 2057 1752 2111 cernat
1774 2067 1787 2104 :
1807 2051 1926 2117 haec

311 2129 541 2195 lexdat
554 2132 888 2200 libertatem,
916 2133 1088 2191 solam
1115 2134 1276 2192 ﬁdem
1297 2152 1550 2209 poscens,
1566 2148 1641 2209 [ut
1659 2139 1786 2211 quia
1806 2157 1927 2212 quae

308 2238 439 2283 non
466 2223 613 2279 videt
640 2222 839 2290 credit,
870 2222 940 2280 de
977 2225 1286 2282 conditione
1332 2228 1452 2284 erui
1486 2210 1780 2291 mereatur.
1816 2210 1928 2289 geli

314 2314 479 2376 nulla
500 2323 586 2371 est
613 2313 837 2372 libertas
864 2314 920 2370 in
941 2315 1099 2388 culpa
1126 2319 1266 2389 quia.
1279 2320 1537 2391 scriptum
1556 2329 1659 2391 est,
1690 2323 1781 2380 ubi
1811 2324 1921 2397 spi-

310 2406 467 2465 ritus
497 2405 713 2461 Domini
740 2405 817 2462 ibi
856 2405 1099 2463 libertas.
1129 2407 1246 2464 Nos
1286 2426 1404 2465 vero
1446 2427 1648 2479 omnes,
1697 2414 1925 2470 revelata

313 2496 492 2570 facie,
520 2496 749 2570 gloriam
779 2497 877 2559 Dei
904 2497 1255 2570 speculantes,
1288 2502 1345 2557 in
1383 2503 1619 2559 eamdem
1643 2504 1925 2576 imaginem

310 2588 801 2660 transformamur,
833 2606 867 2644 a
892 2589 1150 2651 claritate.
1176 2591 1232 2647 in
1262 2590 1577 2656 claritatem.
1617 2604 1868 2668 tanquam
1891 2614 1926 2652 a

308 2681 547 2741 Domini
574 2682 784 2754 spiritu.
814 2680 927 2741 Nos
952 2682 1086 2740 dicit
1133 2699 1342 2751 omnes,
1375 2684 1468 2755 qui
1502 2684 1809 2742 libertatem
1833 2703 1926 2743 su-

313 2788 457 2837 mus
480 2774 761 2831 consecuti
788 2773 933 2833 dono
955 2777 1146 2847 gratiae
1175 2775 1294 2843 Dei,
1334 2775 1560 2849 gloriam
1590 2779 1802 2834 Domini
1829 2795 1928 2852 per

312 2868 496 2931 ﬁdem
521 2869 882 2940 speculantes,
928 2871 999 2927 ad
1038 2870 1286 2928 eamdem
1327 2871 1619 2945 imaginem
1660 2871 1924 2939 transfor-

314 2959 497 3027 mari,
524 2976 690 3031 quam
719 2977 1027 3034 speramus,
1057 2963 1110 3020 id
1137 2972 1244 3031 est,
1267 2970 1329 3020 ut
1354 2964 1561 3021 similes
1584 2964 1929 3031 inveniamur

316 3060 607 3108 transacta
636 3053 742 3110 hac
777 3055 889 3111 vita
920 3055 1141 3126 imagini
1176 3055 1367 3127 gloriae,
1398 3056 1633 3125 Christi,
1672 3058 1816 3114 sicut
1846 3059 1929 3115 di-

312 3139 407 3198 cit
427 3138 668 3199 Joannes
689 3144 962 3215 apostolus
990 3162 1004 3199 :
1038 3144 1493 3220 Scimus,jnquit,
1517 3148 1641 3219 quia
1686 3165 1805 3204 cum
1835 3166 1928 3221 ap-

2012 584 2179 641 etiam
2194 599 2335 651 sono
2360 584 2511 641 verbi
2533 585 2720 653 distat,
2751 594 2814 641 ut
2842 586 3065 641 omnino
3089 583 3328 655 satisque
3349 594 3615 656 appareat

2010 674 2331 746 Apostolum
2371 677 2440 732 ab
2463 677 2681 748 speculo
2735 690 2844 732 non
2880 676 2949 732 ab
2973 674 3193 747 specula
3233 674 3456 741 dixisse,
3496 674 3615 747 glo-

2012 768 2150 822 riam
2190 767 2403 822 Domini
2440 768 2784 839 speculantes.
2824 768 2979 837 Quod
2999 783 3131 824 vero
3160 767 3257 834 ait,
3287 767 3345 822 in
3369 766 3609 823 eamdem

2013 857 2296 928 imaginem
2328 858 2796 929 transformamur,
2833 858 3021 928 utique
3051 857 3340 930 imaginem
3364 855 3460 912 Dei
3486 856 3609 912 vult

2016 937 2268 1019 intelligi,
2321 948 2568 1003 eamdem
2609 945 2818 1012 dicens,
2865 947 3025 1003 istam
3057 947 3232 1018 ipsam
3280 945 3510 1012 scilicet,
3558 946 3631 1010 id.

2017 1044 2124 1103 est,
2148 1050 2309 1107 quam
2331 1036 2695 1108 speculamur,
2728 1038 2855 1107 quia
2889 1036 3078 1093 eadem
3101 1038 3281 1110 imago
3307 1044 3392 1093 est
3411 1044 3467 1093 et
3491 1036 3630 1109 gina

1978 1126 2100 1181 'ria
2140 1126 2256 1225 Dei,
2308 1126 2452 1225 sicut
2498 1125 2633 1225 ali“
2673 1125 2807 1183 dicit
2854 1125 2907 1199 (Ι
2933 1124 3059 1225 Cor.
3088 1126 3168 1200 ιι)
3202 1144 3217 1182 :
3254 1124 3351 1225 Vir
3396 1125 3613 1225 gnificat

2018 1232 2124 1272 non
2169 1216 2319 1272 debet
2346 1215 2518 1272 uelare
2555 1214 2711 1288 caput
2757 1234 2877 1272 cum
2907 1217 2975 1272 sit
3008 1218 3183 1287 imago
3203 1225 3253 1273 et
3275 1215 3445 1288 gloria
3487 1214 3609 1271 Dei.

2019 1307 2497 1364 Transformamur
2524 1323 2656 1380 ergo
2682 1309 2819 1364 dixit
2847 1309 2912 1364 de
2936 1307 3110 1383 lbrma
3136 1308 3191 1363 in
3212 1307 3467 1374 formam,
3493 1320 3615 1362 mu-

2019 1409 2203 1457 tamur
2228 1410 2391 1471 atque
2420 1403 2715 1457 transimus
2739 1401 2805 1456 de
2836 1400 3010 1456 forma
3040 1401 3272 1458 obscura
3300 1401 3356 1456 in
3379 1398 3612 1456 formam

2020 1493 2278 1560 lucidam,
2323 1494 2451 1565 quia
2493 1503 2548 1549 et
2579 1494 2694 1565 ipsa
2723 1495 2954 1550 obscura
2981 1495 3158 1568 imago
3186 1494 3283 1549 Dei
3322 1501 3428 1559 est,
3464 1500 3522 1549 et
3564 1491 3616 1548 si

2022 1587 2220 1659 imago,
2245 1585 2488 1659 profecto
2511 1587 2674 1643 etiam
2718 1588 2889 1657 gloria
2936 1587 2989 1643 in
3027 1603 3134 1658 qua
3169 1587 3419 1643 homines
3443 1587 3616 1642 creati

2023 1696 2209 1737 sumus
2222 1690 2540 1752 praestantes
2564 1681 2778 1737 cmteris
2802 1680 3146 1736 animalibus.
3170 1680 3247 1735 De
3270 1680 3386 1749 ipsa
3413 1681 3617 1750 quippe

2023 1779 2218 1828 natura
2256 1773 2493 1828 humana
2531 1771 2736 1828 dictum
2765 1781 2850 1828 est
2880 1791 2892 1827 :
2951 1769 3281 1856 Virquitlem
3318 1786 3423 1826 non
3463 1768 3614 1825 debet

1950 1842 1999 1904 Β
2025 1861 2198 1918 velare
2222 1872 2401 1935 caput,
2452 1879 2570 1918 cum
2614 1863 2681 1918 sit
2713 1863 2886 1934 iMago
2923 1872 2971 1917 et
3004 1842 3176 1935 gloria
3204 1861 3323 1928 Dei,
3370 1876 3492 1933 quae
3513 1877 3611 1917 na-

2025 1961 2148 2011 tura
2164 1954 2223 2008 in
2245 1954 2408 2009 rebus
2430 1954 2630 2009 creatis
2658 1951 3112 2009 excellentissima
3127 1966 3250 2008 cum
3266 1967 3298 2007 a
3327 1966 3426 2007 suo
3448 1950 3615 2007 Crea-

2024 2051 2146 2100 tore
2174 2044 2243 2098 ab
2268 2043 2545 2113 impietate
2565 2041 2917 2112 justiticatur,
2960 2056 2990 2097 a
3020 2041 3252 2098 deformi
3282 2040 3457 2097 forma
3499 2039 3613 2098 for-

2024 2148 2233 2190 musam
2279 2131 2700 2189 transformatur
2725 2134 2779 2188 in
2813 2131 3068 2200 formam,
3109 2140 3194 2188 est
3222 2134 3421 2205 quippe
3462 2141 3519 2189 et
3559 2132 3616 2188 in

2026 2225 2142 2296 ipsa
2169 2225 2444 2295 impietate
2463 2233 2667 2296 quanto
2704 2225 2877 2297 magis
2901 2207 3208 2280 damdabile
3221 2223 3438 2291 vitium,
3464 2231 3617 2279 tanto

2026 2317 2230 2375 certius
2263 2326 2460 2373 natura
2494 2316 2799 2381 laudabilis,
2849 2324 2904 2373 et
2932 2323 3155 2388 propter
3177 2316 3285 2372 hoc
3315 2314 3527 2371 addidit
3551 2314 3619 2369 de

2025 2407 2196 2481 gloria
2218 2410 2273 2463 in
2301 2407 2547 2479 gloriam,
2575 2407 2642 2463 de
2669 2407 2841 2479 gloria
2865 2406 3161 2463 creationis
3197 2406 3253 2462 in
3282 2405 3508 2478 gloriam
3526 2404 3616 2475 ju-

2026 2497 2387 2554 stiﬁcationis.
2418 2497 2676 2566 Quamvis
2696 2498 2869 2569 possit
2896 2498 3006 2554 hoc
3027 2506 3085 2554 et
3105 2496 3227 2553 aliis
3250 2496 3425 2581 modis
3451 2494 3614 2551 intel-

2024 2590 2137 2661 ligi,
2178 2592 2320 2662 quod
2354 2591 2558 2648 dictum
2592 2601 2675 2648 est
2696 2591 2761 2647 de
2781 2591 2951 2663 gloria
2980 2591 3036 2645 in
3058 2590 3283 2662 gloriam
3304 2606 3326 2655 ;
3349 2589 3419 2645 de
3440 2587 3617 2662 gloria

2027 2680 2153 2738 iidei
2204 2683 2257 2737 in
2287 2682 2514 2755 gloriam
2544 2684 2765 2754 speciei,
2806 2682 3087 2755 degloria,
3127 2699 3235 2756 qua
3268 2682 3365 2738 filii
3390 2682 3489 2739 Dei
3519 2698 3615 2738 su-

2026 2788 2172 2841 mus,
2215 2773 2268 2829 in
2307 2774 2532 2846 gloriam
2556 2791 2662 2846 qua
2688 2776 2897 2831 similes
2918 2777 2970 2832 ei
2996 2777 3202 2834 erimus
3246 2776 3505 2849 quoniam
3533 2776 3619 2831 vi-

2028 2865 2276 2923 debimus
2323 2881 2446 2922 eum
2474 2867 2635 2923 sicuti
2656 2876 2760 2924 est.
2813 2867 3139 2937 Quod'vero
3180 2867 3448 2937 adiunxit,
3490 2877 3615 2922 tan-

2028 2971 2187 3019 quam
2241 2972 2275 3010 a
2310 2954 2522 3010 Domini
2560 2955 2769 3027 spiritu,
2810 2956 3059 3012 ostendit
3096 2958 3270 3030 gratia
3308 2956 3405 3013 Dei
3451 2956 3613 3013 nobis

2028 3045 2266 3102 conferri
2298 3054 2411 3102 tam
2444 3046 2699 3119 optabilis
2734 3046 3227 3104 transformationis
3254 3047 3477 3103 bonum.
3500 3047 3612 3104 Ye-

2030 3155 2151 3195 rum
2179 3138 2293 3196 haec
2313 3137 2473 3208 hujus
2500 3139 2752 3211 imaginis
2772 3147 2856 3196 est
2876 3140 3094 3210 quando
3130 3153 3249 3211 quae
3272 3138 3455 3195 futura
3494 3152 3620 3210 per-

312 3234 589 3305 ηαηιενίι,
631 3203 828 3290 sim-ile:
863 3235 914 3291 ei
950 3236 1147 3293 erimus
1181 3235 1233 3310 (I
1248 3203 1560 3310 ileon-iit):
1600 3239 1644 3294 Α
1675 3203 1927 3311 ριογὶιιξη
1954 3203 2000 3267 C
2031 3227 2194 3285 fectio
2244 3229 2311 3286 ad
2340 3203 2482 3285 hanc
2521 3203 2956 3301 consequendam
3013 3242 3115 3284 nos
3147 3203 3339 3284 erudit
3364 3203 3620 3300 Magister

313 3323 583 3399 gloriam,
613 3326 748 3383 sicut
779 3345 814 3383 a
836 3327 1057 3391 Domini.
1077 3330 1296 3409 spiritu,
1327 3329 1383 3386 id
1411 3339 1496 3387 est
1534 3330 1731 3387 sublati
1766 3332 1931 3390 bene-

326 3412 469 3475 ﬂcio
489 3414 587 3471 Dei
605 3416 792 3489 gloria:
816 3416 994 3493 Moysi
1025 3433 1188 3489 quam
1229 3429 1415 3478 reatus
1477 3437 1644 3479 causa
1694 3437 1927 3480 eernere

316 3506 1202 3578 nequibamus,,transformamur
1247 3513 1317 3569 ad
1338 3514 1586 3586 gloriam,
1615 3530 1779 3587 quam
1809 3532 1930 3580 ere-

321 3597 514 3655 dimus
535 3598 671 3659 dari.
696 3601 854 3657 nobis
908 3616 940 3657 a
990 3602 1209 3660 Domini
1257 3603 1506 3677 Spiritu:
1536 3615 1745 3662 tantum
1782 3608 1928 3673 enim

323 3688 555 3753 dabitur
578 3690 787 3764 gloriae,
815 3704 1081 3765 quantum
1108 3697 1329 3768 dignum
1349 3706 1435 3755 est
1465 3698 1594 3755 dare
1622 3699 1794 3756 Deum
1830 3716 1931 3773 per

319 3781 585 3852 spiritum
609 3798 788 3841 suum.
824 3785 955 3842 Ideo
990 3786 1139 3843 enim
1172 3789 1328 3854 dixit,
1356 3790 1490 3845 sicut
1520 3807 1553 3850 a
1580 3789 1797 3847 Domini
1821 3792 1928 3861 spi-

322 3872 465 3939 ritu,
490 3879 550 3927 ut
570 3874 881 3932 ostenderet
906 3875 1068 3933 talem
1100 3877 1647 3953 gloriam,dari,_qua2
1682 3880 1929 3938 sublimi-

320 3962 433 4019 tati
459 3975 728 4038 congruat
764 3967 967 4026 dantis.
1004 3970 1213 4044 Moysis
1250 3973 1397 4029 enim
1424 3974 1597 4046 gloria
1627 3991 1729 4035 nec
1778 3985 1926 4035 tanta

318 4049 454 4119 fuit,
478 4068 583 4109 nec
605 4057 884 4126 perennis,
906 4074 1008 4130 pro
1030 4062 1192 4117 modo
1219 4062 1367 4117 enim
1411 4062 1549 4135 legis
1596 4072 1654 4121 et
1695 4065 1925 4139 gloriam

318 4144 607 4214 percepit;
639 4145 715 4201 ita
748 4152 805 4203 et
834 4163 935 4218 pro
956 4149 1118 4211 modo
1146 4150 1282 4223 legis
1309 4152 1454 4219 fidei,
1479 4154 1535 4209 in
1563 4169 1671 4225 qua
1699 4156 1925 4227 spiritus

318 4231 427 4288 Dei
441 4241 551 4301 est,
572 4234 792 4292 dabitur
804 4237 979 4308 gloria
1001 4241 1367 4309 credentibus,
1394 4251 1605 4299 tantum
1627 4244 1773 4301 enim
1791 4262 1922 4305 con-

317 4321 495 4378 cessit
521 4323 668 4381 Deus
693 4324 967 4397 ﬁdelibus,
995 4338 1057 4393 ut,
1092 4332 1340 4403 spiritum
1365 4348 1523 4389 suum
1566 4334 1659 4390 det
1702 4336 1802 4399 eis,
1839 4338 1921 4407 pi-

318 4429 468 4484 gnus
508 4415 656 4473 illius
713 4418 901 4489 glorias
975 4437 1141 4494 quam
1194 4424 1463 4494 promisit.
1517 4424 1700 4499 (Aug.)
1770 4427 1921 4484 Vide-

320 4521 449 4562 mus
502 4524 673 4575 nunc,
734 4510 949 4581 inquit,
1004 4529 1100 4583 per
1154 4512 1425 4584 speculum
1499 4516 1556 4570 in
1617 4517 1916 4589 tenigntate,
1942 4559 1997 4620 Β

320 4604 451 4620 ου--
498 4607 667 4620 --.ιΑμΑ
718 4597 850 4620 Ι--3-
912 4600 973 4620 ,μ’
1031 4601 1209 4620 eth-ﬂ”
1267 4602 1316 4620 ιν
1367 4602 1405 4620 ιν
1544 4619 1549 4620 ,
1645 4606 1656 4620 ι
1753 4607 1789 4620 Α
1867 4609 1881 4620 1

318 4604 451 4649 tunc
488 4607 669 4653 autem
713 4597 851 4668 facie
901 4600 975 4656 ad
1025 4601 1229 4672 faciem.
1264 4602 1316 4677 (l
1364 4602 1487 4659 Cor.
1540 4606 1682 4677 xui).
1748 4607 1917 4675 Quale

321 4688 400 4744 sit
432 4690 538 4746 hoc
565 4692 881 4763 speculum,
911 4704 969 4751 et
1010 4696 1156 4765 quod
1198 4697 1272 4752 sit
1320 4697 1368 4753 si
1422 4714 1760 4769 qureramus,
1790 4718 1917 4773 pro-

323 4777 475 4835 fecto
498 4779 633 4836 illud
669 4785 931 4849 occurrit,
981 4785 1127 4855 quod
1169 4787 1395 4857 speculi.
1423 4789 1528 4845 nisi
1578 4790 1756 4863 imago
1806 4808 1915 4850 non

322 4870 587 4936 cernitur,
616 4872 721 4929 hoc
747 4890 878 4947 ergo
906 4876 1085 4933 facere
1105 4879 1283 4935 conati
1311 4894 1521 4946 sumus,
1551 4896 1612 4938 ut
1643 4896 1741 4953 per
1771 4884 1913 4942 hanc

324 4962 618 5033 imaginem
657 4966 802 5036 quod
843 4984 963 5023 nos-
990 4984 1178 5027 sumus
1215 4972 1524 5028 videremus
1568 4982 1841 5045 utcunque
1879 4993 1912 5032 a

322 5066 434 5122 quo
457 5050 587 5108 facti
614 5068 824 5122 sumus,
867 5064 1123 5128 tanquam
1163 5076 1263 5131 per
1288 5062 1583 5131 speculum.
1616 5064 1729 5121 Hoc
1748 5067 1915 5135 signi-

325 5140 453 5196 tlcat
479 5143 647 5197 etiam
692 5143 819 5199 illud
850 5149 992 5216 quod
1024 5149 1101 5205 ait
1145 5150 1286 5207 idem
1313 5152 1589 5222 apostolus
1618 5172 1632 5213 ;
1668 5154 1780 5209 Nos
1811 5174 1911 5219 au-

328 5239 430 5289 tent
477 5230 704 5287 revelata
751 5233 888 5304 facie
935 5236 1159 5308 gloriam
1212 5239 1425 5303 Domini
1472 5244 1799 5314 speculantes
1856 5249 1909 5305 in

328 5320 562 5377 eamdem
610 5321 888 5395 imaginem
922 5328 1367 5399 transformamur
1414 5330 1479 5386 tle
1495 5330 1664 5402 gloria
1704 5333 1759 5389 in
1796 5334 1911 5406 glo-

327 5408 485 5477 riam,
510 5418 765 5483 tanquam
812 5414 1078 5475 aDomini
1103 5419 1310 5491 spiritu.
1356 5418 1706 5491 Spoculantes
1753 5424 1908 5488 dixit.

324 5511 424 5571 per
448 5501 726 5572 speculum
752 5505 1016 5575 videntes,
1040 5524 1148 5565 non
1173 5510 1240 5565 de
1262 5512 1478 5582 specula
1498 5513 1909 5585 prospicientes,

328 5589 469 5657 quod
502 5589 561 5645 in
598 5589 788 5651 Graeca
827 5595 1010 5667 lingua
1047 5613 1157 5654 non
1182 5607 1270 5654 est
1290 5600 1633 5670 ambiguum,
1672 5604 1816 5660 unde
1858 5605 1912 5660 in

332 5677 578 5743 Latinam
622 5684 863 5760 linguam
910 5691 1185 5749 translata:
1224 5691 1533 5764 apostolica:
1577 5693 1800 5761 litterte;
1835 5696 1910 5752 ibi

336 5777 527 5853 quippe
571 5780 846 5852 speculum
889 5783 978 5841 ubi
1006 5793 1268 5856 apparent
1308 5785 1570 5859 imagines
1602 5799 1800 5855 rerum,
1842 5787 1911 5844 ab

2028 3321 2207 3383 bonus
2247 3320 2352 3378 llde
2381 3320 2712 3388 Christiana,
2752 3321 3081 3392 pietatisque
3112 3319 3381 3388 doctrina,
3434 3327 3495 3375 ut
3523 3334 3618 3374 re-

2029 3413 2208 3471 velata
2238 3411 2379 3469 facie
2414 3427 2444 3468 a
2470 3412 2604 3486 legis
2632 3412 2919 3479 velamine,
2965 3410 3107 3483 quod
3135 3420 3218 3467 est
3250 3410 3442 3466 umbra
3472 3408 3618 3465 futu-

2028 3520 2215 3565 rorum
2269 3503 2497 3576 gloriam
2546 3503 2763 3559 Domini
2815 3502 3177 3574 speculantes,
3264 3501 3321 3556 in
3365 3499 3614 3557 eamdem

2028 3599 2321 3671 imaginem
2345 3595 2817 3663 transformemur,
2862 3597 2931 3652 de
2959 3595 3129 3666 gloria
3158 3595 3213 3650 in
3243 3592 3470 3666 gloriam
3491 3599 3615 3648 tan-

2027 3705 2192 3765 quam
2222 3705 2252 3745 a
2290 3689 2501 3744 Domini
2525 3689 2740 3760 spiritu.
2790 3687 2847 3742 In
2878 3702 2983 3758 qua
3015 3686 3159 3741 enim
3190 3683 3331 3741 facie
3364 3682 3611 3740 velamen

2026 3782 2228 3839 habent
2250 3780 2443 3847 Judaei,
2464 3796 2571 3837 non
2603 3780 2933 3836 transeundo
2954 3779 3021 3834 ad
3036 3777 3329 3839 Christum,
3357 3773 3616 3845 quoniam

2027 3888 2153 3929 cum
2179 3872 2459 3935 transierit
2487 3872 2714 3944 quisque
2746 3871 2813 3925 ad
2839 3869 3139 3933 Christum,
3164 3866 3439 3923 auferetur
3462 3864 3612 3920 vela-

2025 3978 2176 4029 men,
2225 3978 2290 4018 ea
2318 3978 2418 4018 nos
2467 3962 2603 4018 facie
2651 3960 2891 4016 revelata
2935 3960 2989 4014 in
3019 3958 3267 4014 eamdem
3321 3954 3615 4039 imaginem

2029 4052 2500 4113 transformamur.
2558 4051 2916 4125 Apertissime
2953 4058 3132 4104 autem
3182 4047 3334 4113 dicit,
3381 4044 3615 4103 velamen

2023 4148 2308 4215 supef'cor
2337 4159 2517 4199 eorum
2553 4143 2781 4215 positum
2821 4150 2916 4196 est.
2970 4139 3046 4194 lbi
3079 4146 3161 4194 est
3206 4138 3370 4206 igitur
3418 4134 3613 4199 facies,

2022 4249 2129 4305 qua
2167 4233 2408 4290 revelata
2454 4248 2599 4289 nunc
2647 4233 2700 4287 in
2739 4230 2863 4295 ﬁde,
2899 4228 3147 4301 quamvis
3186 4242 3283 4299 per
3331 4223 3608 4305 speculum

2021 4333 2077 4381 et
2121 4325 2176 4380 in
2216 4324 2524 4397 aenigmate,
2565 4332 2905 4389 contuemur,
2949 4330 3078 4376 tunc
3123 4327 3305 4375 autem
3350 4315 3490 4373 facie
3541 4314 3611 4375 ad

2021 4416 2236 4479 faciem.

2631 4507 2858 4566 CAPUT
2896 4507 2984 4563 IV.

2025 4617 2368 4677 Commendat
2410 4617 2690 4690 Apostolus
2714 4615 3061 4690 ministerium
3086 4612 3224 4673 Novi
3266 4610 3607 4690 Testamenti,

2093 4700 2141 4762 et
2162 4700 2415 4762 quantum
2439 4682 2884 4762 adoperationem
2910 4685 3031 4741 boni
3065 4694 3113 4739 et
3154 4693 3406 4754 quantum
3432 4682 3500 4736 ad
3527 4690 3610 4734 to-

2093 4758 2371 4815 lerantiam
2399 4758 2545 4814 mali.-

2090 4873 2220 4929 ldeo
2272 4872 2515 4928 habentes
2559 4872 2697 4926 hanc
2720 4868 3227 4924 administrationem
3264 4867 3423 4939 juxta
3464 4863 3606 4937 quod

2018 4966 2427 5022 misericordiam
2450 4964 2711 5025 consecuti
2735 4979 2936 5031 sumus,
2956 4980 3064 5033 non
3085 4962 3376 5032 deﬁcimus.
3402 4960 3604 5034 (Αηιὸ.)

2021 5055 2250 5110 Tantam
2285 5071 2436 5124 spem
2462 5055 2592 5110 dicit
2640 5053 3126 5111 administrationis
3156 5051 3340 5121 hujus,
3390 5059 3452 5107 ut
3496 5067 3606 5107 non

2016 5143 2233 5200 deﬁciat
2257 5144 2312 5198 in
2332 5144 2600 5214 pressuris
2628 5143 2984 5210 confortatus,
3014 5143 3059 5205 si
3097 5143 3163 5199 de
3181 5142 3597 5215 promissronum

2016 5236 2228 5302 solatio,
2277 5237 2420 5291 unde
2462 5236 2709 5306 superius
2736 5237 2885 5302 dicit,
2938 5235 3107 5293 multa
3142 5234 3336 5291 ﬁducia
3370 5243 3595 5291 utatur:

2016 5328 2245 5389 ﬁdentes
2289 5326 2433 5382 enim
2486 5327 2542 5382 in
2567 5327 2653 5384 bis
2678 5343 2798 5398 qua:
2840 5327 3108 5397 promissa
3136 5335 3286 5394 sunt,
3334 5327 3597 5399 quidquid

2015 5419 2303 5479 adversum
2358 5416 2639 5485 acciderit,
2691 5418 2940 5483 tolerant,
3005 5417 3149 5489 quod
3196 5433 3305 5473 non
3342 5416 3600 5473 humanis

2016 5509 2225 5566 meritis
2243 5508 2485 5580 deputat,
2511 5510 2606 5565 sed
2625 5510 3008 5566 misericordiae
3029 5509 3145 5577 Dei,
3173 5524 3295 5581 qua:
3322 5508 3599 5564 hominem

2014 5602 2190 5674 primo
2218 5601 2410 5668 abluit,
2437 5602 2629 5658 deinde
2648 5602 2930 5675 justiﬁcat,
2976 5597 3237 5674 adoptans
3264 5600 3433 5655 lilium
3461 5599 3594 5662 Deo,
3631 5649 3635 5655 .

2016 5699 2076 5746 ut
2101 5692 2263 5748 donet
2287 5692 2338 5748 ei
2364 5691 2590 5764 gloriam
2616 5692 2845 5749 similem
2879 5691 3063 5765 glorite
3088 5688 3210 5748 Filii
3239 5686 3444 5761 proprii
3472 5684 3592 5740 Dei.

2019 5784 2121 5842 Sed
2152 5786 2511 5842 renuntiamus
2541 5785 2758 5842 occultis
2789 5785 3150 5852 dedecoribus,
3172 5790 3231 5837 ut
3254 5780 3396 5837 illius
3420 5777 3590 5853 gloria
