4082 6332
545 330 588 422 ’1
600 329 667 384 79

551 545 610 592 et
641 535 867 606 cogitari
903 545 1159 606 possunt,
1187 537 1485 592 amovenda
1517 538 1706 604 docet,
1736 547 1794 594 ut
1828 553 1933 608 non
1964 539 2138 610 solum

550 628 621 684 de
648 640 835 698 opere,
881 626 974 682 sed
1007 635 1062 682 et
1098 626 1164 682 de
1184 628 1508 698 cogitatione
1537 628 1824 698 pellantur.
1858 627 2143 696 lnvitantis

550 701 720 771 verba
748 722 896 780 sunt,
929 716 1029 771 sub
1050 731 1148 771 sua
1171 717 1315 771 enim
1346 727 1402 774 et
1429 733 1648 774 suorum
1669 732 1898 788 persona
1919 719 1988 773 ad
2016 735 2133 774 me-

549 805 742 882 liorem
761 807 929 878 vitam
961 806 1208 880 hortatur
1231 817 1451 878 propter
1487 797 1792 881 supradicta
1823 811 1978 886 vitia,
2016 828 2136 883 quae

547 899 605 966 in
632 897 718 953 bis
742 911 884 970 saepe
920 899 1300 969 reprehendit;
1323 911 1547 970 possunt
1585 909 1640 957 et
1667 901 1784 958 haec
1809 904 2014 960 occulta
2044 905 2138 960 de-

551 987 766 1044 decoris
821 1002 962 1055 esse,
1015 1004 1135 1060 quae
1180 1006 1346 1061 pravo
1395 1007 1556 1048 sensu
1605 995 1674 1050 ad
1736 997 2135 1066 praedicandum

548 1077 903 1144 meditantur,
960 1088 1021 1134 ut
1048 1079 1256 1146 fallant,
1309 1082 1450 1136 unde
1482 1083 1756 1160 subiecit;
1786 1085 1909 1140 Non
1947 1087 2134 1149 arabu-

547 1169 724 1230 lantes
773 1172 828 1226 in
874 1173 1092 1237 astutia,
1147 1189 1308 1245 neque
1356 1165 1712 1250 adulferantes
1755 1177 1961 1232 verbum
2014 1179 2132 1235 Dei.

544 1263 628 1318 Ad
672 1263 906 1320 dedecus
950 1265 1094 1332 enim
1135 1276 1188 1322 et
1227 1266 1677 1330 deformationem
1724 1273 1842 1344 ejus
1898 1274 2134 1349 proﬁcit,

545 1356 637 1424 qui
665 1356 894 1412 subdola
914 1367 1091 1414 mente
1117 1359 1407 1431 confringit
1432 1362 1735 1422 doctrinam
1761 1355 1827 1421 ad
1863 1367 2135 1438 decipien-

545 1447 676 1501 dum
731 1448 894 1515 corda
935 1449 1302 1521 simplicium:
1344 1455 1519 1524 turpis
1560 1457 1704 1512 enim
1734 1457 2036 1514 invenietur
2077 1460 2133 1514 in

546 1536 635 1592 die
678 1535 868 1605 indicii
909 1540 1044 1610 Dei;
1088 1543 1284 1600 astutia
1327 1547 1472 1604 enim
1521 1547 1674 1604 mala:
1713 1551 1929 1616 mentis,
1973 1561 2032 1606 ut
2079 1551 2132 1606 id

543 1623 687 1693 quod
719 1625 818 1680 sibi
848 1627 1059 1682 libitum
1106 1638 1190 1686 est
1234 1633 1465 1704 expleat,
1515 1636 1678 1691 verba
1721 1637 1812 1691 Dei
1845 1638 2130 1706 adulterat,

545 1725 604 1790 ut
649 1733 867 1774 sensum
913 1720 1166 1776 i-nvertat.
1224 1723 1548 1783 Adulterare
1583 1737 1665 1784 est
1704 1738 1884 1785 autem
1945 1746 2129 1794 verum

1163 329 1224 383 Β.
1265 330 1517 402 assint
1556 330 1774 387 nsum
1812 333 2129 406 ARClllEP.
2172 331 2478 404 uocum.
2521 338 2804 412 ossuum
2841 342 3022 402 PARS
3059 345 3143 418 ιιι.

450 442 458 454 "
515 507 518 510 1
551 443 748 516 dignus
781 443 855 500 slt
889 441 1069 507 homo,
1113 444 1293 499 omnia
1335 445 1511 516 turpia
1535 455 1589 501 et
1620 445 1816 516 polluta
1861 461 1980 514 qua:
2012 446 2129 500 ﬁeri
2155 450 2206 510 Α
2234 449 2368 506 sime
2411 451 2612 507 dictum
2639 463 2722 509 est
2751 471 2764 506 :
2793 453 3006 512 Iudicia
3045 464 3138 508 tua
3175 454 3391 526 abyssus
3443 457 3610 524 multa
3641 455 3819 530 (Psal.

3697 389 3702 394 .
3715 347 3824 420 tuo

2242 541 2428 612 xxxv).

2314 630 2438 686 Non
2488 637 2626 688 enim
2679 635 3017 704 nosmetipsos
3069 635 3437 705 praedicamus,
3495 636 3586 694 sed
3638 636 3822 711 Jesuns

2239 725 2502 780 Christum
2535 725 2816 780 Dominum
2847 736 3100 780 nostrum.
3148 726 3374 798 (Ambr.)
3421 725 3533 782 Hoc
3562 736 3668 794 est,
3713 745 3828 784 non

2237 823 2484 870 nostram
2547 813 2770 884 gloriam
2823 816 3225 881 annuntiamus,
3274 831 3342 870 ne
3371 816 3494 886 quis
3541 832 3640 871 nos
3675 817 3827 872 dicat

2237 913 2460 976 propter
2490 919 2592 960 nos
2621 905 2768 974 ipsos
2815 905 3214 981 evangelizare,
3267 913 3330 959 ut
3373 905 3530 960 nobis
3572 906 3830 980 proﬁciat

2237 991 2382 1048 forte.
2401 993 2468 1047 ad
2491 1002 2718 1064 tempus,
2778 993 2870 1049 sed
2910 994 3094 1068 .lesum
3129 995 3412 1064 Dominum
3440 1007 3684 1057 nostrum
3727 1014 3830 1054 an-

2237 1084 2570 1150 nuntiamus,
2589 1071 2936 1152 Subjicientes
2960 1101 3058 1140 nos
3075 1087 3258 1142 virtuti
3287 1089 3663 1162 maiestatique
3682 1071 3830 1166 eius,

2237 1173 2463 1240 Quando
2483 1189 2614 1246 ergo
2644 1174 2848 1230 nullum
2878 1179 3233 1242 concutimus,
3280 1177 3486 1234 nullum
3510 1197 3826 1252 gravamus,

2235 1272 2290 1330 et
2318 1264 2594 1320 Christum
2613 1264 2895 1334 Dominum
2928 1277 3173 1330 nostrum
3193 1268 3448 1336 fatemur,
3476 1273 3606 1341 quid
3651 1281 3738 1329 est
3765 1257 3836 1340 nt

2235 1352 2358 1409 elati
2396 1354 2720 1426 iudicemur,
2761 1356 2918 1425 quasi
2955 1373 3054 1428 pro
3099 1367 3283 1416 nostra
3326 1362 3546 1434 propria
3591 1363 3840 1426 utilitate.

2233 1446 2549 1517 praadicare,
2598 1455 2660 1502 nt
2692 1446 2912 1518 gloriosi
2939 1452 3335 1520 appareamus?

2309 1535 2422 1590 Nos
2456 1546 2630 1604 autem
2655 1553 2826 1592 servos
2851 1548 3046 1596 uestros
3069 1557 3161 1610 per
3183 1539 3386 1595 Iesum.
3439 1541 3494 1596 In
3524 1550 3735 1599 tantum
3763 1562 3827 1602 se

2233 1640 2448 1682 servum
2476 1624 2678 1682 Christi
2718 1642 2840 1684 esse
2866 1629 3079 1698 probat,
3123 1639 3185 1688 ut
3221 1630 3445 1701 iubente
3483 1632 3619 1702 ipso,
3669 1635 3830 1690 mini-

2235 1726 2411 1772 strum
2465 1732 2525 1773 se
2570 1717 2765 1773 horum
2812 1719 2865 1774 iu
2907 1720 3290 1790 praedicatione
3340 1731 3582 1790 testetnr,
3630 1735 3690 1781 nt
3724 1741 3840 1796 pro,

540 1822 762 1864 sensum
788 1825 887 1880 ρει-
928 1810 1125 1867 falsum
1148 1815 1285 1870 vene
1343 1818 1652 1876 excludere.
1703 1819 1809 1876 Sed
1863 1822 1918 1875 ίη
1956 1823 2130 1876 mani-
2161 1803 2207 1864 B
2236 1810 2467 1864 utilitate
2495 1809 2688 1866 horum
2715 1809 2942 1878 subjecti
2971 1813 3079 1867 sint
3101 1812 3155 1868 in
3187 1813 3489 1870 ministerio
3517 1815 3834 1896 Evangelii,

540 1898 816 1968 festatione
862 1904 1113 1971 ueritatis,
1177 1911 1597 1966 commendantes
1649 1915 1990 1983 nosmetipsos
2058 1915 2132 1969 ad

539 2006 748 2052 omnem
762 1993 1134 2052 conscientiam.
1170 1997 1437 2054 hominum
1466 1983 1643 2056 coram
1667 2002 1798 2057 Deo.
1849 2003 1964 2060 Hoc
1997 2005 2130 2062 dicit

539 2082 666 2152 quia
695 2082 751 2139 in
792 2086 1177 2156 pradicatione
1204 2092 1515 2162 evangelica
1553 2093 1683 2148 nulli
1710 2110 1768 2150 se
1793 2095 1921 2152 fecit
1949 2112 2132 2170 suspe-

537 2185 710 2243 ctum,
760 2179 965 2238 addens
1009 2181 1258 2252 amplius,
1324 2199 1446 2240 cum
1489 2186 1618 2243 dicit
1666 2204 1842 2244 coram
1891 2189 2019 2256 Deo,
2070 2198 2132 2246 ut

537 2269 645 2326 hoc
682 2270 856 2340 ipsum
887 2287 994 2328 non
1023 2273 1198 2332 solum
1219 2277 1530 2346 hominibus
1548 2279 1894 2336 manifestum
1915 2282 2126 2352 probet,

535 2361 634 2418 sed
662 2361 826 2416 etiam
854 2362 988 2430 Deo,
1033 2365 1120 2420 cui
1141 2366 1275 2437 nihil
1303 2367 1574 2424 occultum
1601 2377 1714 2434 est;
1763 2371 2129 2432 testimonium

537 2465 670 2522 ergo
695 2451 795 2507 Dei
820 2452 1102 2529 implorat,
1143 2466 1201 2512 ut
1224 2457 1315 2515 vel.
1336 2458 1438 2529 ipsi
1460 2461 1715 2516 credatur
1736 2461 1862 2531 quia
1892 2462 1962 2516 ita
1991 2479 2130 2533 prae-

535 2543 682 2616 dicat
705 2544 845 2616 sicut
869 2545 1050 2602 datum
1079 2557 1162 2608 est
1181 2548 1249 2603 ab
1275 2559 1516 2617 auctore,
1541 2561 1596 2607 et
1625 2553 1770 2608 Deus
1796 2555 1900 2609 hoc
1922 2556 2126 2610 mundo

539 2632 701 2690 testis
721 2642 826 2701 est,
865 2635 993 2691 dum
1021 2635 1114 2692 dat
1140 2639 1294 2710 signa
1319 2649 1375 2696 et
1401 2641 1644 2713 prodigia
1676 2641 1790 2698 ﬁeri
1817 2657 1915 2712 per
1939 2659 2129 2702 manus

540 2721 683 2792 eius.
714 2723 868 2790 Quod
889 2727 937 2782 si
956 2727 1115 2784 etiam
1142 2739 1376 2801 opertum
1397 2741 1472 2796 est
1496 2731 1838 2804 Evangelium
1867 2743 2124 2801 nostrum,

537 2813 601 2869 in
629 2815 710 2870 his
747 2816 837 2888 qui
865 2828 1104 2888 pereunt.
1154 2821 1355 2876 Verum
1399 2831 1502 2890 est,
1554 2825 1679 2894 quia
1706 2825 1967 2882 increduli
2020 2843 2126 2882 non

538 2908 722 2968 vident
760 2909 984 2981 perﬁdia
1014 2913 1352 2985 obcaecantes
1392 2916 1734 2988 splendorem
1765 2918 1987 2986 virtutis,
2005 2919 2124 2984 Dei,

533 2997 782 3058 velamen
806 3001 953 3056 enim
978 3010 1066 3058 est
1115 3016 1276 3074 super
1301 3019 1406 3073 cor.
1426 3019 1634 3069 eorum,
1681 3015 1737 3061 et
1762 3005 1974 3062 obtusio
2005 3007 2127 3062 inﬁ-

534 3088 796 3156 delitatis,
863 3087 1070 3162 ludatis
1109 3093 1362 3150 maxime.
1436 3093 1501 3148 In
1547 3095 1735 3165 quibus
1779 3094 1919 3161 Deus
1969 3097 2126 3167 hujus

532 3181 718 3248 surculi
763 3183 1039 3244 encwcauit
1083 3193 1277 3256 mentes
1321 3184 1637 3254 inﬁdelium,
1683 3194 1737 3239 ut
1779 3202 1881 3239 non
1928 3186 2126 3257 fulgeat

535 3269 861 3327 illuminatia
897 3271 1201 3343 Evangelii,
1233 3275 1402 3345 gloria
1447 3275 1676 3342 Christi,
1721 3277 1811 3348 qui
1841 3287 1914 3331 est
1954 3278 2127 3349 imago

535 3357 658 3414 Dei.
689 3359 859 3416 Deum
880 3361 1012 3416 dicit
1034 3363 1367 3420 smcnlarium
1393 3365 1669 3420 hominum
1691 3406 1706 3430 ,
1729 3367 1854 3436 quia
1877 3366 2126 3423 malevoli

532 3457 663 3525 sunt
695 3465 824 3528 erga
877 3449 1040 3526 ﬁdem
1083 3451 1305 3524 Christi,
1357 3470 1548 3516 sensus
1597 3455 1872 3513 obcaecare
1909 3466 1968 3512 ut
2018 3475 2126 3532 non

532 3542 754 3599 videant
788 3543 1074 3601 veritatem
1111 3545 1382 3619 Evangelii
1431 3547 1732 3618 maiestatis
1765 3549 1988 3616 Christi,
2021 3550 2125 3606 hoc

533 3647 663 3707 ergo
697 3633 803 3689 illis
827 3643 1054 3705 praestat
1079 3637 1222 3707 quod
1262 3637 1465 3694 volunt.
1521 3637 1657 3708 Quia
1692 3639 1838 3695 enim
1873 3639 2124 3698 malevoli

533 3732 661 3779 sunt
685 3725 953 3790 homines,
978 3733 1033 3781 et
1054 3741 1160 3782 non
1179 3727 1559 3800 intelligentes,
1590 3743 1778 3784 verum
1805 3729 1988 3792 dicunt
2003 3745 2126 3786 esse

529 3811 759 3888 falsum,
773 3815 828 3868 in
849 3829 914 3872 eo
933 3815 1047 3887 ipso
1074 3816 1393 3890 adiuvantur
1415 3835 1482 3874 ne
1502 3819 1707 3894 possint
1736 3821 1958 3877 credere
1981 3823 2123 3892 quod

529 3904 737 3974 volunt,
763 3905 1049 3981 Christum
1077 3896 1286 3984 autem,
1318 3925 1447 3974 cum
1475 3912 1548 3982 sitl
1574 3912 1751 4002 imago
1777 3912 1894 3979 Dei,
1933 3929 2120 3985 corpo-
2148 3911 2152 3914 ’

487 4039 498 4050 .
527 4013 682 4054 reum
706 4007 911 4058 tantum
933 4010 1207 4068 asserunt,
1230 4002 1593 4074 relinquentes
1614 4013 1765 4076 gesta
1787 4005 1834 4077 ei
1843 4021 1924 4072 us,
1955 4007 2123 4065 solius

533 4090 716 4146 carnis
752 4089 962 4147 faciunt
1002 4092 1362 4159 mentionem;
1403 4095 1470 4150 de
1502 4095 1698 4165 quibus
1733 4097 1870 4170 dixit
1910 4097 2116 4162 Isaias:

534 4178 830 4238 Obcwcavit
880 4180 1059 4236 oculos
1120 4198 1299 4237 eorum
1341 4201 1403 4239 ne
1452 4186 1658 4244 videant
1699 4197 1749 4242 et
1786 4205 1850 4248 ue
1899 4189 2120 4246 audiant

531 4271 750 4330 auribus
796 4287 958 4340 usque
991 4271 1046 4330 in
1091 4273 1398 4342 hodiernum
1419 4275 1556 4330 diem
1597 4277 1732 4348 (lsa.
1782 4278 1876 4350 vl).
1934 4276 2118 4352 [Aug.]

529 4360 700 4426 Quam
731 4361 946 4431 quidem
975 4365 1300 4429 sententiam
1342 4365 1585 4438 plerique
1634 4378 1879 4438 nostrum
1923 4369 1995 4423 ita
2043 4369 2120 4424 die

532 4450 829 4524 stinguunt,
883 4460 948 4514 ut
979 4451 1150 4508 Deum
1178 4469 1363 4509 verum
1389 4456 1571 4512 dicant
1594 4471 1899 4516 excaecasse
1929 4455 2118 4512 inﬁde-

529 4537 662 4593 lium
705 4547 913 4596 mentes
941 4555 966 4614 ;_
1005 4555 1128 4596 cum
1173 4542 1315 4598 enim
1359 4543 1588 4615 legerint
1647 4548 1702 4599 in
1740 4545 1928 4616 quibus
1975 4545 2115 4606 Deus

531 4631 865 4700 suspendunt
884 4632 1392 4702 pronuntiationem,
1418 4651 1482 4692 ac
1506 4645 1632 4691 tunc
1648 4636 1903 4700 inferunt,
1936 4638 2117 4692 swculi

532 4725 710 4794 hujus,
741 4727 1017 4798 exquavit
1057 4737 1248 4782 mentes
1269 4728 1585 4796 infidelium,
1615 4730 1742 4799 quia
1772 4731 1878 4785 etsi
1900 4730 1974 4785 ita
2008 4745 2114 4785 non

527 4815 847 4885 distinguas,
895 4816 988 4880 sed
1014 4819 1312 4886 exponendi
1343 4819 1514 4888 gratia
1550 4819 1623 4872 ita
1651 4819 1938 4876 verborum
1969 4820 2116 4875 ordi-

525 4919 652 4960 nem
677 4913 870 4970 mutes,
915 4907 968 4960 in
993 4908 1178 4976 quibus
1218 4908 1357 4962 Deus
1381 4909 1657 4962 exccecavit
1691 4919 1885 4964 mentes
1917 4911 2109 4979 inﬁde-

527 4995 663 5049 lium
677 4995 1048 5070 swculihujus.
1083 4997 1212 5074 item
1239 4999 1332 5070 qui
1361 4999 1414 5052 in
1437 4999 1526 5052 illa
1551 4999 1891 5056 distinctione
1919 5016 2110 5058 sensus

529 5087 702 5144 elucet
732 5105 747 5155 ;
787 5098 965 5159 potest
991 5090 1136 5144 enim
1171 5091 1334 5155 etiam
1377 5089 1499 5154 talis
1523 5093 1766 5162 operatio
1795 5106 1899 5161 qua
1929 5108 2105 5154 excae-

529 5185 722 5232 cantur
757 5188 974 5250 mentes
998 5177 1297 5236 inﬁdelium
1347 5179 1641 5243 secundum
1671 5180 1958 5252 quemdam
1993 5197 2107 5237 mo-

529 5271 655 5325 dum
685 5273 954 5343 pertinere
974 5272 1042 5330 ad
1065 5286 1256 5338 verum
1278 5271 1469 5336 Deum,
1519 5271 1662 5342 quod
1701 5287 1806 5326 non
1837 5271 1963 5327 facit
1994 5289 2107 5328 ma-

531 5360 665 5426 litia,
694 5362 788 5418 sed
805 5362 1040 5436 iustitia,
1060 5361 1200 5418 sicut
1223 5360 1362 5428 idem
1395 5360 1592 5433 Daulus
1607 5361 1735 5434 alibi
1764 5361 1894 5416 dicit
1925 5361 2104 5432 (Rom.

531 5455 613 5520 In)
631 5469 646 5508 :
666 5452 1144 5523 Nunquidiniauus.
1162 5451 1330 5528 Deus,
1351 5452 1440 5522 qui
1472 5452 1628 5522 infert
1655 5454 1830 5508 iram?
1855 5453 2112 5522 prmcedit

529 5545 671 5599 enim
711 5543 916 5614 aliquid
967 5542 1242 5598 occultum
1285 5544 1337 5598 in
1384 5543 1608 5599 occultis
1662 5543 1758 5598 ubi
1816 5543 1959 5598 Deus
1997 5545 2110 5612 agit

522 5631 878 5700 iustissimum
897 5647 1123 5688 examen
1147 5631 1341 5702 iudicii
1365 5631 1468 5697 sui,
1491 5641 1552 5687 ut
1573 5633 1928 5702 quorumdam
1961 5649 2110 5688 men-

532 5731 610 5804 tcs
640 5731 998 5792 excaecentur,
1026 5725 1381 5804 quorumdam
1411 5723 1796 5792 illuminentur,
1827 5725 1914 5780 cui
1944 5726 2108 5804 veris-

2232 1916 2420 1958 servos
2450 1916 2580 1972 ergo
2618 1901 2808 1972 dicens
2847 1903 3125 1968 ministros
3159 1902 3451 1973 signiﬁcat,
3498 1907 3592 1962 sed
3627 1916 3689 1962 ut
3720 1908 3829 1962 hu-

2229 1991 2432 2047 militer
2468 1991 2798 2061 loqueretur,
2836 1993 2917 2047 sic
2942 1991 3098 2058 dixit,
3129 2002 3188 2048 ut
3209 1995 3337 2049 vere
3364 1997 3677 2052 ostenderet
3713 2013 3834 2073 non

2231 2086 2298 2140 ad
2325 2101 2476 2140 suam
2501 2086 2727 2157 gloriam
2748 2086 3034 2156 prmdicari
3075 2103 3106 2142 a
3131 2102 3190 2143 se
3217 2087 3590 2158 Evangelium,
3612 2091 3710 2145 sed
3755 2092 3828 2146 ad

2230 2177 2531 2238 claritatem
2590 2178 2803 2233 Domini
2834 2178 3057 2244 Christi,
3117 2179 3204 2235 cui
3249 2180 3453 2246 obedit,
3497 2181 3584 2235 cui
3631 2183 3832 2258 servit,

2229 2273 2368 2328 sicut
2397 2273 2510 2343 ipse
2538 2273 2796 2329 Dominus
2824 2272 2900 2327 ait
2926 2270 3076 2344 (Luc.
3106 2272 3272 2341 xm):
3305 2273 3417 2344 Ego
3440 2290 3555 2327 sum
3574 2273 3628 2328 in
3651 2261 3832 2330 medio-

2229 2376 2452 2422 vestrum
2487 2379 2590 2417 non
2622 2372 2678 2416 ut
2707 2363 2988 2428 ministrer,
3016 2362 3106 2416 sed
3145 2371 3200 2417 ut
3229 2363 3536 2428 ministrent,
3564 2377 3670 2417 non
3703 2380 3824 2419 me-

2230 2457 2334 2511 rito
2363 2457 2555 2512 horum
2605 2455 2803 2526 quibus
2829 2455 3125 2520 ministrat,
3156 2454 3249 2510 sed
3281 2464 3501 2525 propter
3532 2455 3831 2526 imperium

2227 2545 2464 2602 Domini.
2500 2543 2702 2618 (Greg.)
2733 2545 2790 2600 In
2837 2545 3050 2601 sublimi
3097 2546 3295 2616 quippe
3340 2546 3572 2602 humiles
3614 2562 3836 2616 pnnum

2229 2644 2338 2702 tur,
2374 2635 2499 2706 quia
2545 2651 2670 2692 cum
2716 2650 2777 2694 se
2816 2651 2884 2692 ex
2933 2635 3235 2712 humilitate
3279 2637 3662 2712 substernunt,
3707 2639 3833 2706 alto,

2226 2727 2424 2782 mentis
2459 2726 2665 2798 iudicio
2693 2734 2884 2783 cuncta
2911 2727 3224 2799 temporalia
3273 2737 3456 2784 mente
3501 2737 3822 2800 transeunt;

2226 2833 2459 2890 cumque
2483 2818 2735 2890 indignos
2760 2833 2818 2876 se
2842 2820 2896 2874 in
2917 2821 3170 2876 omnibus
3199 2821 3487 2886 aestimant,
3536 2830 3700 2878 rectae
3725 2838 3826 2880 co-

2225 2909 2502 2981 gitationis
2544 2910 2792 2980 examine
2828 2909 2989 2983 huius
3031 2911 3218 2965 mundi
3267 2911 3494 2980 gloriam
3535 2920 3827 2970 transcen-

2225 2985 2414 3055 dentes
2455 2999 2686 3056 calcant.
2753 2993 3044 3056 Videamus
3093 3000 3351 3058 humilem
3394 3001 3640 3077 Paulum,
3689 3020 3832 3065 ecce

2227 3090 2504 3162 discipulis
2554 3091 2722 3146 dicit:
2759 3090 2882 3147 Non
2903 3093 3040 3158 enim
3068 3094 3406 3163 nosmetipsos
3441 3095 3826 3174 praedicamus,

2152 3151 2197 3228 (ἶ
2228 3181 2320 3248 sed
2355 3151 2543 3250 desunt
2580 3179 2851 3254 Christum
2880 3155 3163 3244 Dominum
3195 3151 3452 3250 nostrum;
3507 3202 3600 3252 nos
3637 3167 3828 3252 autern

2225 3289 2398 3328 servos
2426 3282 2622 3330 vestros
2672 3289 2765 3344 per
2812 3271 3098 3329 Christum.
3149 3275 3441 3332 Videamus
3465 3277 3610 3333 hunc
3639 3280 3822 3334 humi-

2226 3363 2332 3419 lem
2362 3363 2597 3434 positum
2638 3363 2694 3434 in
2721 3364 2964 3440 sublimi,
3013 3381 3139 3439 nam
3168 3366 3280 3442 ait:
3310 3365 3395 3430 An
3441 3367 3648 3423 nescitis
3689 3371 3824 3440 quia

2225 3455 2438 3529 angelos
2476 3457 2837 3528 judicabimus
2857 3458 2890 3512 ?‘
2910 3458 2964 3530 (ι
2988 3458 3110 3514 Cor.
3154 3458 3252 3530 vl.)
3281 3459 3350 3514 Et
3377 3475 3595 3518 rursum
3625 3479 3638 3515 :
3674 3459 3822 3520 Cone

2225 3548 2545 3602 resnscitavit
2572 3555 2620 3602 et
2639 3547 2912 3621 consedere
2932 3564 3026 3602 nos
3041 3547 3160 3617 fecit
3191 3548 3246 3602 in
3276 3548 3565 3604 calestibus
3589 3549 3816 3621 (Ephes.

2225 3635 2316 3707 ιι).,
2339 3635 2595 3691 Fortasse
2652 3635 2796 3690 hunc
2842 3635 3084 3690 exterius
3133 3643 3258 3691 tunc
3296 3644 3484 3692 catena
3525 3637 3818 3708 religabat,

2221 3734 2406 3794 mente
2437 3735 2618 3782 tamen
2646 3726 2856 3797 positus
2883 3724 2938 3796 in
2973 3725 3296 3790 sublimibus
3325 3726 3522 3794 fuerat,
3573 3728 3665 3798 qui
3697 3727 3820 3796 iam

2221 3831 2320 3888 per
2363 3817 2476 3887 spei
2524 3831 2635 3872 suae
2676 3815 3056 3890 certitudinem
3107 3816 3162 3878 in
3205 3815 3516 3886 caelestibus
3561 3817 3810 3873 sedebat.

2223 3906 2408 3963 Sancti
2448 3909 2632 3980 itaque
2657 3907 2760 3962 viri
2807 3906 2940 3962 foris
2961 3907 3200 3976 despecti
3227 3915 3375 3975 sunt,
3400 3915 3455 3962 et
3481 3905 3630 3962 velut
3664 3907 3818 3963 indi-

2221 3998 2311 4070 gni
2341 3998 2524 4054 omnia
2555 3983 2826 4061 tolerant,
2854 3995 2949 4050 sed
2983 3995 3176 4066 dignos
3215 4009 3275 4051 se
3314 3997 3563 4066 supernis
3590 3997 3818 4054 sedibus

2220 4088 2577 4154 conﬁtentes,
2645 4086 2966 4142 aeternitatis
3018 4086 3242 4157 gloriam
3295 4102 3420 4141 cum
3473 4087 3816 4143 certitudine

2221 4187 2578 4252 exspectant,
2647 4193 2882 4249 cumque
2957 4177 3205 4242 laborant
3259 4176 3392 4236 foris
3476 4178 3814 4234 adversitate

2219 4269 2646 4341 persecutionis,
2707 4269 2775 4324 ad
2816 4269 3076 4323 munitam
3139 4275 3430 4340 recurrunt
3480 4268 3813 4325 intrinsecus

2219 4377 2404 4418 arcem
2453 4361 2683 4426 mentis,
2737 4369 2793 4416 et
2837 4361 2964 4416 inde
3009 4367 3206 4416 cuncta
3263 4359 3366 4415 sub
3407 4374 3469 4416 se
3510 4360 3813 4430 respiciunt

2221 4451 2363 4508 inter
2411 4465 2532 4521 quae
2582 4451 2813 4524 transire
2863 4449 3220 4523 corporaliter
3261 4448 3425 4504 etiam
3483 4449 3810 4520 semetipsos

2220 4549 2466 4613 cernunt.
2973 4535 2980 4542 ’

2289 4631 2552 4698 Quoniam
2583 4630 2746 4696 Deus,
2779 4633 2870 4702 qui
2895 4632 3029 4685 dixit
3071 4631 3137 4702 de
3164 4631 3385 4696 tenebris
3427 4630 3592 4685 lucem
3623 4631 3802 4701 splen—

2217 4723 2448 4786 descere,
2477 4721 2654 4788 illuxit
2686 4724 2740 4776 in
2767 4721 3012 4776 cordibus
3052 4723 3242 4776 nostris
3269 4722 3339 4776 ad
3363 4721 3806 4776 illuminationem

2213 4813 2444 4867 scientia:
2475 4813 2746 4866 charitatis
2773 4811 2870 4866 Dei
2909 4813 2963 4866 in
2989 4813 3126 4882 {acie
3155 4809 3351 4885 Christi
3375 4811 3524 4866 Iesu.
3571 4811 3803 4884 (Ambr.)

2214 4903 2328 4960 Hoc
2355 4904 2504 4970 dicit,
2526 4905 2651 4974 quia
2677 4904 3041 4972 misericordia
3069 4903 3163 4972 Dei
3201 4903 3404 4959 factum
3438 4913 3544 4970 est,
3585 4912 3646 4959 ut
3675 4919 3803 4969 nos,

2217 4995 2411 5068 inquit,
2438 4997 2531 5066 qui
2560 4994 2758 5060 fuimus
2783 4994 3128 5062 incredibiles
3153 4995 3206 5049 in
3231 4994 3558 5062 ignorantia,
3586 4995 3690 5050 hoc
3715 5005 3805 5050 est

2216 5087 2270 5141 in
2302 5088 2556 5151 tenebris,
2606 5101 2706 5156 per
2735 5101 2833 5140 nos
2859 5085 3012 5144 daret
3038 5086 3178 5156 Deus
3221 5085 3402 5154 lumen
3432 5086 3643 5168 caeteris
3670 5101 3805 5154 gen-

2214 5184 2376 5239 tibus.
2410 5183 2541 5256 Yide
2563 5191 2825 5252 quantum
2860 5197 2919 5236 se
2946 5180 3121 5237 adhuc
3147 5181 3394 5236 humiliat
3423 5193 3483 5235 nt
3511 5181 3604 5236 Dei
3629 5180 3802 5235 solius

2213 5281 2269 5328 et
2296 5272 2497 5328 Christi
2539 5270 2762 5340 gloriam
2811 5270 3099 5342 praeferat:
3145 5271 3515 5344 illnminantur
3559 5269 3800 5325 enimut

2213 5361 2574 5432 cognitionem
2602 5355 2835 5418 habeant
2866 5360 3049 5431 gloria:
3081 5361 3174 5415 Dei
3215 5375 3314 5431 per
3338 5359 3636 5425 Christum,
3671 5357 3801 5414 ideo.

2211 5449 2394 5523 gloria:
2425 5451 2520 5505 Dei
2551 5450 2628 5504 ait
2664 5451 3023 5522 cognitionem
3044 5493 3058 5517 ,
3095 5451 3147 5505 id
3177 5462 3299 5517 est,
3323 5467 3430 5506 non
3465 5450 3559 5506 Dei
3589 5451 3790 5515 solius,

2211 5541 2305 5596 sed
2325 5550 2380 5595 et
2404 5539 2605 5596 Christi
2631 5541 2723 5612 qui
2743 5550 2826 5598 est
2853 5543 3021 5614 gloria
3049 5542 3197 5611 eius,
3231 5550 3290 5596 ut
3319 5541 3647 5612 signiﬁcaret
3678 5557 3792 5595 non

2213 5633 2380 5687 Deum
2409 5633 2578 5688 solum
2615 5635 2886 5704 cognosci,
2941 5637 3034 5692 sed
3068 5644 3124 5690 et
3145 5649 3310 5705 opera
3332 5634 3464 5704 eius,
3495 5643 3550 5690 et
3576 5633 3792 5688 miseri-

2211 5724 2470 5791 cordiam,
2497 5735 2545 5780 et
2571 5725 2960 5795 providentiam
2989 5741 3090 5796 qua
3111 5736 3163 5782 et
3195 5726 3431 5784 condidit
3476 5734 3532 5781 et
3558 5726 3787 5781 salvavit
