4082 6332
413 262 519 327 Μ

915 260 1464 320 ΕΝΑΒΒΑΉΟΝΗΜ
1502 262 1571 318 1N
1605 263 1751 321 EPP.
1792 263 1982 322 PAULl

2084 261 2162 319 lB.
2204 262 2320 320 XII.
2359 295 2427 307 -—
2462 264 2531 320 IN
2566 265 2780 322 EPIST.
2822 266 2865 320 ll
2900 266 2993 321 AD
3031 265 3186 323 COR.

3570 265 3673 322 182

413 389 583 457 genus
621 379 948 441 humanum,
978 376 1127 431 visus
1167 374 1224 429 in
1255 374 1472 451 Christo
1507 390 1603 449 per
1628 375 1852 447 gloriam
1884 376 1995 431 vir-
2024 378 2073 437 Α
2102 382 2231 440 tate,
2266 388 2330 431 eo
2356 374 2627 430 debitores
2658 374 2887 444 amplius
2916 381 3165 428 tenemur
3196 374 3250 428 in
3275 387 3461 449 opere,
3484 346 3675 449 etpla-

414 469 550 526 tutis
603 483 735 523 suae.
780 465 963 537 (Aug.)
1000 466 1140 535 Quin
1186 467 1352 522 etiam
1397 468 1639 523 stultitiae
1699 468 1989 523 scribentis

410 560 653 631 assignat
701 557 846 627 quod
888 559 1138 614 tenebras
1184 558 1383 613 dixerit
1425 559 1544 615 sine
1581 558 1752 614 'initio
1779 573 1993 628 semper

407 653 599 719 fuisse,
636 652 811 708 lucem
850 665 982 706 vero
1032 651 1249 709 initium
1291 652 1581 722 sumpsisse
1632 652 1698 708 de
1736 653 1988 717 tenebris,

407 744 571 817 quasi
594 743 785 818 legerit
825 742 884 799 in
910 758 977 801 eo
1036 742 1175 799 libro
1224 744 1313 805 cui
1341 744 1701 801 calumniatur
1742 746 1993 801 tenebras

406 836 794 907 sempiternas,
822 849 946 890 cum
975 834 1237 905 scriptum
1262 834 1368 893 sit:
1410 832 1479 889 In
1512 836 1768 911 princip/io
1799 837 1991 891 creavit

406 925 555 981 Deus
577 923 761 980 calum
775 933 826 979 et
856 932 1076 989 terram,
1111 933 1251 977 terra
1278 932 1454 978 autem
1486 934 1601 978 erat
1631 923 1901 979 invisibilis
1941 937 1990 979 et

402 1017 774 1087 incomposita,
799 1024 846 1070 et
868 1014 1091 1070 tenebrat
1115 1024 1261 1071 erant
1292 1031 1449 1085 super
1469 1015 1713 1086 abyssum
1730 1013 1895 1088 .(Gen.
1924 1016 1988 1089 ι),

402 1120 473 1161 es
495 1106 588 1163 illo
615 1121 749 1176 ergo
773 1106 1010 1163 tenebrae
1045 1118 1165 1161 esse
1185 1114 1489 1175 cmperuut,
1530 1121 1599 1161 ex
1622 1123 1731 1177 quo
1764 1107 1989 1164 confusa

404 1196 578 1252 moles
597 1194 719 1253 cali
738 1209 864 1253 esse
905 1196 1071 1265 coepit
1090 1210 1155 1251 ac
1194 1204 1377 1262 terrae,
1403 1204 1691 1268 antequam
1723 1197 1867 1254 facta
1898 1198 1989 1255 lux

398 1292 574 1350 esset,
612 1300 720 1355 qua
746 1283 1143 1340 illuminaretur
1174 1287 1318 1354 quod
1340 1287 1456 1342 sine
1481 1286 1601 1343 luce
1620 1287 1797 1344 fuerat
1836 1298 1986 1347 tene-

400 1373 649 1431 brosum.
693 1375 835 1443 Quid
860 1383 1039 1431 autem
1070 1376 1450 1435 inconveniens
1492 1378 1537 1434 si
1564 1381 1847 1436 mundanae
1872 1398 1988 1443 ma-

408 1465 566 1522 teriae
592 1465 805 1523 fuerant
831 1466 1115 1522 tenebrosa
1140 1466 1526 1536 primordiaut
1554 1470 1847 1527 accedente
1872 1471 1988 1529 luce

398 1559 601 1615 melius
623 1558 767 1631 quod
792 1558 997 1615 factum
1014 1567 1099 1615 est
1128 1559 1471 1627 redderetur,
1497 1569 1553 1617 et
1581 1570 1836 1632 tanquam
1864 1579 1989 1635 pro-

397 1648 639 1704 ﬁcientis
677 1647 932 1714 hominis,
995 1646 1137 1719 quod
1182 1657 1368 1719 postea
1420 1649 1662 1707 futurum
1713 1661 1832 1709 erat
1882 1654 1986 1709 hoc

2096 474 2323 535 rumque
2354 464 2543 520 eadem
2580 462 2945 534 intelligentiae
2983 468 3202 531 accepta
3248 462 3494 533 pecunia,
3546 476 3672 518 cum

2092 555 2161 610 ad
2207 568 2400 608 usuras
2439 551 2772 608 auditoribus
2804 550 2981 618 datur,
3031 551 3319 618 amittitur,
3364 552 3469 608 nisi
3512 559 3674 608 caute

2092 645 2379 700 tribuatur.
2668 666 2677 673 ·
3638 708 3643 713 η
3674 698 3677 701 .

2160 735 2229 790 In
2261 734 2499 789 omnibus
2541 732 2926 788 tribulationem
2970 736 3217 805 patimur,
3248 735 3339 791 sed
3369 748 3475 791 non
3505 722 3685 808 αιῃιὶι

2089 829 2332 883 stiamur.
2384 826 2539 883 Nunc
2584 826 2818 882 ostendit
2863 832 3085 899 prepter
3105 828 3247 899 quod
3282 828 3461 883 idonei
3514 832 3697 885 erant

2089 917 2492 989 praedicatores,
2530 916 2652 989 quia
2679 931 2891 988 semper
2931 917 3036 973 illis
3065 918 3120 973 in
3150 919 3470 975 necessitate
3499 918 3673 975 adfuit

2089 1006 2252 1073 Deus,
2282 1005 2398 1062 ideo
2422 1020 2740 1077 pressuram,
2770 1005 2865 1071 ait,
2881 1007 3042 1076 passi,
3067 1007 3159 1062 sed
3187 1024 3291 1062 non
3315 1011 3669 1081 coangustati,

2088 1095 2194 1155 hoc
2218 1103 2319 1161 est,
2379 1110 2486 1153 non
2506 1095 2751 1167 permisit
2797 1096 2937 1151 Deus
2965 1106 3168 1153 tantum
3204 1115 3304 1157 nos
3323 1101 3578 1171 opprimi,
3612 1111 3674 1156 ut

2090 1187 2464 1251 crederemus;
2488 1186 2719 1256 inopiam
2748 1188 2919 1256 passi,
2948 1188 3040 1243 sed
3066 1205 3168 1243 non
3197 1188 3459 1257 destituti,
3486 1190 3541 1245 id
3566 1196 3670 1256 est,

2092 1277 2147 1331 in
2177 1275 2355 1345 inopia
2378 1274 2570 1348 positis
2610 1273 2781 1329 adfuit
2829 1285 3016 1345 pastor
3060 1274 3221 1333 Deus.
3248 1277 3670 1333 Persecutionem

2078 1370 2340 1449 patimur,
2365 1369 2456 1424 sed
2483 1387 2586 1425 non
2615 1371 3040 1446 derelinquimur.
3069 1371 3270 1429 Verum
3290 1380 3374 1428 est
3397 1372 3521 1442 quia
3549 1387 3674 1428 con-

2090 1460 2300 1515 sulebat
2320 1461 2398 1516 eis
2419 1462 2579 1530 Deus,
2604 1480 2673 1521 ne
2694 1466 2827 1521 satis
2848 1466 2947 1520 sibi
2972 1465 3213 1520 facerent
3232 1464 3298 1520 de
3324 1464 3411 1519 his
3442 1463 3668 1518 inimici.

2088 1548 2311 1621 Dejecti,
2354 1553 2446 1607 sed
2494 1571 2598 1610 non
2634 1557 2882 1627 perimus.
2917 1555 3142 1628 (Ambr.)
3188 1550 3247 1610 Id
3275 1563 3381 1621 est,
3433 1552 3674 1610 verberi-

2086 1642 2193 1699 bus
2216 1645 2492 1714 prostrati,
2521 1648 2614 1703 sed
2641 1647 2887 1704 obstante
2916 1648 3026 1703 Deo
3046 1662 3151 1703 non
3176 1646 3484 1703 mortiﬁcati
3516 1665 3529 1703 :
3560 1647 3673 1702 sive

396 1737 567 1793 modo
592 1736 989 1807 signiﬁcaretur
1011 1737 1247 1794 affectio.
1298 1738 1467 1795 Porro
1500 1741 1547 1796 si
1575 1741 1701 1799 huic
1742 1742 1989 1814 displicet
2015 1731 2064 1791 B
2089 1734 2234 1788 enim
2261 1734 2450 1803 clausi,
2499 1737 2612 1793 sive
2634 1739 2910 1801 vinculati,
2940 1738 3206 1809 adiutorio
3227 1738 3320 1793 Dei
3352 1752 3543 1792 manus
3574 1736 3674 1791 ho-

399 1825 579 1883 iueem
604 1827 815 1884 initium
841 1829 1136 1899 sumpsisse
1174 1829 1238 1885 de
1271 1831 1526 1897 tenebris,
1550 1831 1727 1888 eidem
1761 1833 1989 1905 Aposto-

398 1915 491 1979 lus
514 1917 619 1973 huc
645 1917 808 1984 dicat,
833 1918 926 1988 qui
953 1919 1195 1974 scribens
1218 1918 1285 1974 ad
1315 1919 1503 1977 ﬁdeles
1522 1922 1639 1976 ait:
1662 1921 1864 1978 Fuistis
1890 1924 1990 1979 ali-

398 2004 621 2076 quando
661 2005 903 2073 tenebrte,
933 2024 1069 2063 nunc
1094 2017 1267 2065 autem
1316 2009 1411 2065 tua:
1437 2012 1492 2066 in
1514 2010 1738 2067 Domino
1770 2013 1986 2085 (Ephes.

400 2097 501 2170 v).-
534 2097 666 2167 Quis
691 2099 837 2155 enim
863 2100 969 2156 hoc
998 2099 1151 2169 fecit,
1201 2104 1307 2158 nisi
1334 2103 1425 2159 ille
1462 2104 1576 2175 qui,
1603 2120 1726 2165 cum
1751 2108 1989 2163 tenebrae

400 2197 591 2251 essent
613 2205 775 2262 super
794 2192 1066 2264 abyssum,
1088 2194 1224 2249 dixit
1239 2212 1252 2249 :
1269 2193 1393 2249 Fiat
1415 2194 1526 2260 lux,
1552 2206 1601 2251 et
1620 2197 1761 2268 facta
1776 2207 1851 2253 est
1872 2197 1983 2253 lux.

403 2283 561 2352 Quod
599 2284 840 2356 apertius
874 2284 980 2341 alio
1012 2284 1130 2341 loco
1152 2287 1291 2343 idem
1349 2288 1620 2358 apostolus
1668 2289 1867 2346 Paulus
1895 2306 1989 2347 cx-

318 2362 345 2375 ’
401 2376 621 2447 pressit,
675 2376 906 2432 dicens:
954 2375 1098 2432 Deus
1148 2377 1239 2448 qui
1279 2378 1414 2433 dixit
1455 2379 1520 2435 de
1562 2380 1784 2437 tenebris
1820 2380 1987 2436 lucem

403 2466 707 2533 clarescere,
738 2467 930 2524 claruit
962 2471 1018 2524 in
1043 2469 1286 2526 cordibus
1323 2473 1533 2528 nostris.

472 2558 744 2616 Habemus
763 2571 941 2617 autem
964 2562 1267 2617 thesaurum
1290 2564 1447 2618 istum
1471 2566 1525 2619 in
1549 2567 1686 2623 vasis
1712 2565 1984 2637 ﬁctilibus,

402 2659 461 2704 ut
483 2651 777 2709 sublimitas
804 2653 871 2708 sit
900 2655 1065 2711 uirtus
1089 2652 1188 2713 Dei
1241 2665 1289 2709 et
1326 2672 1433 2717 non
1459 2672 1525 2710 ea:
1553 2657 1719 2712 nobis.
1757 2657 1984 2728 (Ambr.)

406 2739 743 2799 Thesaurum
763 2752 1163 2801 sacramentum
1180 2742 1504 2815 signiﬁcavit
1544 2745 1637 2801 Dei
1665 2745 1719 2800 in
1746 2745 1984 2813 Christo,

400 2832 547 2902 quod
579 2832 919 2890 credentibus
946 2832 1345 2901 manifestatur,
1378 2833 1669 2891 incredulis
1695 2849 1824 2891 vero
1853 2850 1987 2906 quo-

400 2925 529 2981 dam
572 2924 838 2981 velamine
876 2934 1072 2989 tectum
1097 2935 1201 2993 est,
1260 2927 1388 2997 quia
1417 2927 1556 2983 sicut
1596 2928 1882 2983 thesaurus
1930 2927 1986 2982 in

399 3016 616 3079 occulto
642 3017 880 3088 ponitur,
906 3017 983 3074 ita
1010 3026 1066 3075 et
1094 3027 1493 3079 sacramentum
1521 3018 1621 3075 Dei
1643 3019 1787 3076 intra
1814 3019 1983 3077 homi-

2090 1823 2249 1878 stium
2271 1824 2591 1885 evadebant.
2617 1826 2859 1896 Denique
2877 1827 3075 1883 Paulus
3102 1835 3159 1882 et
3181 1826 3322 1882 Silas
3345 1841 3467 1881 cum
3489 1835 3674 1880 essent

2089 1913 2276 1982 clausi,
2301 1917 2415 1988 jam
2441 1919 2566 1975 caesi
2590 1926 2647 1974 et
2672 1920 2838 1989 pedes
2856 1934 3042 1974 eorum
3068 1926 3249 1974 essent
3269 1919 3323 1972 in
3350 1932 3515 1974 nervo
3541 1932 3670 1973 con-

2089 2006 2246 2077 clusi,
2283 2010 2491 2067 alacres
2514 2012 2774 2083 hymnum
2798 2012 3064 2067 canebant
3088 2011 3196 2067 Deo
3225 2010 3361 2082 (Act.
3384 2009 3523 2081 xvi),
3562 2008 3670 2065 for-

2091 2100 2255 2156 tiores
2284 2100 2368 2157 his
2394 2100 2522 2157 facti
2543 2103 2634 2173 qui
2661 2118 2765 2159 non
2795 2113 2947 2158 erant
2980 2105 3121 2158 caesi.
3182 2102 3395 2174 Semper
3444 2102 3666 2171 mortifi—

2090 2196 2341 2250 cationem
2384 2195 2513 2251 Iesu
2551 2198 2605 2251 in
2639 2214 2853 2269 corpore
2900 2208 3076 2253 nostra
3105 2197 3549 2268 circumferentes,
3610 2207 3665 2250 ut

2089 2294 2137 2339 et
2167 2285 2268 2340 vita
2302 2283 2431 2341 Iesu
2471 2287 2526 2344 in
2552 2288 2855 2358 corporibus
2889 2290 3079 2344 nostris
3113 2289 3496 2358 manifestetur.
3550 2288 3661 2345 Du—

2086 2374 2233 2430 bium
2264 2392 2369 2431 non
2390 2385 2491 2441 est,
2521 2377 2644 2449 quia
2670 2378 2721 2433 in
2752 2379 3079 2449 martyribus
3108 2376 3355 2433 Christus
3380 2375 3665 2442 occiditur,

2088 2466 2216 2523 etin
2246 2467 2329 2523 his
2375 2469 2466 2539 qui
2490 2484 2589 2540 pro
2620 2469 2723 2526 ﬁde
2745 2470 3023 2542 patiuntur
3069 2478 3161 2524 aut
3189 2471 3383 2535 exitus,
3430 2476 3523 2524 aut
3552 2468 3672 2523 vin-

2087 2558 2228 2625 cula,
2260 2567 2354 2614 aut
2376 2559 2600 2616 verbera
2638 2559 2840 2616 Christi
2882 2561 3160 2631 passiones
3190 2567 3334 2626 sunt,
3376 2567 3437 2614 ut
3478 2566 3531 2615 et
3562 2558 3668 2614 vita

2087 2645 2209 2716 ejus
2256 2648 2310 2703 in
2341 2664 2568 2721 corpore
2597 2664 2785 2706 eorum
2817 2650 2997 2720 palam
3026 2649 3121 2705 ﬁat
3157 2668 3169 2703 :
3200 2649 3478 2720 passiones
3518 2648 3665 2703 enim

2088 2750 2233 2806 sunt,
2288 2759 2408 2812 qua:
2440 2743 2731 2799 ostendunt
2775 2744 3028 2798 meritum
3072 2743 3139 2797 ad
3191 2743 3425 2797 futuram
3476 2742 3663 2803 vitam,

2087 2849 2251 2905 quam
2309 2834 2556 2904 promisit
2608 2835 2876 2891 Christus.
2919 2834 3070 2890 Unde
3102 2835 3205 2889 alio
3244 2834 3364 2890 loco
3409 2834 3541 2889 dicit
3576 2832 3663 2902 (ΙΙ

2088 2925 2209 2982 Cor.
2268 2923 2367 2997 xu)
2399 2944 2411 2980 :
2443 2924 2575 2980 Cum
2617 2924 2857 2994 infirmor
2898 2935 3022 2979 tunc
3065 2934 3245 2994 potens
3279 2938 3427 2989 sum;
3464 2930 3518 2977 et
3563 2923 3664 2978 ite-

2088 3032 2208 3070 rum
2253 3015 2390 3088 (Act.
2446 3013 2557 3088 xlv)
2614 3031 2628 3068 :
2678 3012 2785 3069 Per
2817 3012 3177 3068 tribulationes
3216 3021 3413 3083 oportet
3454 3027 3549 3066 nos
3583 3012 3667 3066 in-

399 3123 550 3175 nem,
574 3108 629 3164 id
649 3117 734 3165 est
754 3109 823 3165 irr
837 3110 999 3165 corde
1017 3110 1253 3167 humano
1274 3111 1641 3168 absconditur.
1669 3110 1823 3166 Hunc
1850 3125 1982 3182 ergo
2008 3089 2055 3154 (ἶ
2085 3114 2226 3160 trare
2253 3107 2308 3159 in
2338 3122 2554 3176 regnum
2581 3103 2699 3159 Dei.

402 3199 719 3255 thesaurum
751 3199 807 3254 in
842 3200 1019 3256 animo
1043 3208 1100 3255 et
1120 3215 1348 3271 corpore
1380 3201 1512 3257 dicit
1536 3215 1657 3257 esse
1683 3215 1716 3255 a
1748 3200 1860 3257 Deo
1886 3201 1980 3260 da-

403 3295 545 3355 tum,
594 3296 655 3343 ut
674 3288 965 3352 eminentia
998 3289 1215 3345 virtutis
1238 3291 1357 3362 ejus
1385 3299 1643 3360 appareat
1676 3305 1775 3360 per
1808 3289 1981 3346 homi-

400 3392 502 3434 nes
532 3378 914 3447 praedicatores
952 3377 1237 3445 duntaxat,
1283 3387 1346 3437 ut
1374 3380 1755 3436 reconcilietur
1802 3380 1981 3437 omnis

398 3467 583 3539 lingua
606 3467 872 3538 .Creatori
898 3484 1029 3539 suo,
1064 3484 1170 3527 non
1198 3470 1265 3526 ad
1296 3468 1757 3531 honorificentiam
1807 3470 1979 3527 homi-

398 3573 553 3625 num,
604 3558 700 3615 sed
727 3558 845 3626 Dei,
871 3559 965 3630 qui
999 3573 1057 3615 se
1078 3558 1389 3616 manifestat
1421 3575 1517 3631 per
1550 3561 1820 3617 homines.
1874 3560 1977 3630 Qui

398 3663 526 3712 cum
549 3648 783 3705 humiles
809 3658 866 3705 et
892 3651 1128 3721 imperiti
1155 3660 1358 3718 essent,
1400 3661 1723 3723 acceperunt
1741 3660 1980 3723 potesta-

398 3750 515 3797 tem
538 3755 573 3796 a
604 3739 737 3810 Deo,
782 3749 837 3797 et
857 3741 1105 3814 loquendi
1135 3743 1400 3815 magnalia
1431 3752 1487 3800 et
1512 3744 1723 3815 agendi.
1765 3744 1979 3800 Fictilia

398 3846 534 3903 ergo
579 3846 712 3888 vasa
766 3832 971 3902 dicens,
1009 3832 1380 3890 inﬁrmitatem
1423 3844 1631 3891 natura:
1683 3836 1974 3908 significat,

397 3937 521 3993 qua:
552 3922 687 3977 nihil
706 3931 900 3994 potest,
948 3924 1052 3979 nisi
1091 3940 1123 3979 a
1152 3924 1262 3981 Deo
1290 3926 1562 3996 acceperit
1588 3925 1873 3993 virtutem,
1918 3937 1979 3984 ut

398 4014 471 4068 ad
505 4012 717 4071 laudem
744 4029 898 4070 suam
926 4013 1067 4073 Deus
1093 4029 1192 4087 per
1215 4016 1331 4071 haec
1355 4030 1413 4071 se
1439 4015 1712 4086 pradicet,
1751 4033 1872 4088 qua:
1898 4017 1979 4073 in-

400 4108 559 4160 firma
588 4112 735 4171 sunt,
769 4112 828 4160 ut
856 4104 1027 4177 gloria
1077 4105 1155 4160 illi
1193 4107 1370 4175 detur,
1404 4123 1511 4162 non
1535 4108 1737 4165 homini
1788 4108 1880 4180 qui
1911 4124 1977 4164 ex

402 4195 516 4250 luto
536 4194 695 4251 ﬁctus
716 4201 821 4250 est.
851 4191 1055 4267 (Greg.)
1109 4193 1219 4255 Has
1247 4196 1300 4250 in
1325 4212 1383 4251 se
1403 4196 1602 4253 Paulus
1642 4198 1881 4255 scientia:
1904 4198 1979 4254 di-

400 4288 566 4343 vitias
583 4286 1011 4357 contemplatus,
1042 4294 1096 4343 et
1118 4288 1624 4358 contemplationem
1662 4305 1813 4346 suam
1846 4305 1978 4347 con-

400 4377 729 4434 sideratione
772 4379 1024 4433 humana:
1064 4377 1372 4451 fragilitatis
1404 4380 1692 4436 bumilians
1731 4380 1828 4445 ait,
1883 4381 1979 4458 Ita-

400 4467 581 4533 bemus
634 4467 940 4523 thesaurum
984 4467 1139 4523 istum
1175 4469 1230 4522 in
1275 4470 1412 4523 vasis
1442 4469 1714 4541 ﬁctilibus.
1785 4469 1978 4528 Multas

401 4560 588 4629 itaque
615 4558 757 4630 apud
777 4574 879 4617 nos
902 4557 1117 4617 divitias
1145 4560 1465 4631 reperimus,
1505 4577 1627 4617 cum
1652 4562 1790 4617 dona
1810 4561 1979 4619 abun-

405 4651 591 4711 dantis
613 4650 983 4721 intelligentiae
1018 4666 1174 4706 sacra
1206 4650 1420 4722 eloquia
1450 4652 1827 4724 investigando
1852 4670 1978 4725 per-

405 4739 665 4810 cepimus,
716 4747 879 4810 atque
904 4741 958 4799 in
987 4740 1071 4797 his
1096 4740 1273 4812 plura,
1325 4757 1427 4798 nec
1451 4752 1627 4798 tamen
1649 4743 1865 4800 sibimet
1893 4744 1976 4800 di-

404 4846 563 4891 uersa
598 4833 882 4889 sentimus.
934 4832 1050 4888 Non
1091 4841 1175 4889 est
1217 4844 1400 4891 autem
1452 4850 1645 4893 secura
1686 4834 1871 4892 laetitia
1920 4837 1973 4892 in

405 4923 605 4981 divinis
624 4923 863 4995 paginis,
895 4923 979 4979 vel
1003 4923 1183 4991 fortia,
1211 4925 1295 4980 vel
1320 4925 1485 4981 multa
1507 4941 1853 4995 cognoscere,
1883 4929 1977 4984 sed

402 5018 623 5090 cognita
646 5017 939 5074 custodire.
978 5017 1112 5072 Nam
1137 5019 1230 5088 qui
1257 5019 1393 5074 bene
1416 5019 1682 5091 intelligit,
1732 5020 1859 5089 quid
1898 5014 1979 5074 in-

404 5092 692 5180 telligendo
733 5107 927 5180 debeat
970 5108 1242 5179 agnoscit;
1291 5118 1491 5178 quanto
1514 5110 1658 5164 enim
1706 5109 1977 5165 intellectu

403 5198 570 5255 latius
605 5198 941 5265 extenditur,
989 5205 1137 5267 tanto
1169 5199 1239 5254 ad
1261 5199 1526 5269 explenda
1559 5215 1720 5271 opera
1769 5199 1980 5256 enixius

406 5289 621 5360 ligatur.
674 5289 828 5347 Unde
861 5289 916 5343 in
954 5288 1242 5360 Evangelio
1268 5288 1483 5346 Veritas
1525 5290 1658 5346 dicit
1685 5309 1698 5345 :
1728 5287 1827 5346 Cui
1846 5290 1977 5345 mul-

404 5390 518 5435 tum
560 5381 744 5436 datum
770 5390 866 5448 est,
895 5380 1114 5435 multum
1137 5390 1400 5453 queretur
1422 5381 1487 5436 ab
1532 5399 1613 5450 eo,
1643 5392 1691 5437 et
1729 5383 1814 5437 cui
1838 5398 1979 5437 com-

408 5473 781 5553 mendamunt
825 5473 1044 5529 multum
1077 5473 1194 5545 plus
1220 5484 1442 5545 repetent
1479 5477 1622 5532 abeo
1660 5475 1808 5549 (Luc.
1854 5479 1976 5552 xu).

408 5562 739 5633 Deputemus
771 5564 933 5636 igitur
960 5564 1368 5637 intelligentiam
1397 5567 1577 5625 datam
1622 5568 1775 5638 quasi
1812 5584 1979 5641 pecu-

415 5656 559 5711 niam
586 5664 848 5731 mutuam,
888 5672 995 5729 quo
1027 5657 1148 5731 plus
1184 5657 1337 5719 nobis
1367 5659 1603 5716 creditur
1640 5676 1706 5718 ex
1742 5660 1985 5741 benigni-

2154 3194 2366 3266 Semper
2395 3196 2533 3255 enim
2558 3211 2670 3260 nos,
2692 3195 2780 3264 qui
2802 3195 3041 3257 vivimus,
3065 3194 3120 3249 in
3150 3202 3367 3247 mortem
3398 3191 3663 3246 tradimur

2068 3280 2287 3360 propter
2308 3286 2512 3353 Iesum,
2542 3295 2666 3341 utet
2694 3287 2798 3342 vita
2836 3285 2966 3340 Iesu
3011 3274 3374 3354 manifestetur
3422 3283 3479 3337 in
3505 3299 3663 3337 carne

2080 3387 2255 3433 nostra
2282 3377 2513 3431 mortali.
2572 3378 2833 3448 Apertum
2867 3384 2951 3431 est
2985 3375 3128 3447 quod
3168 3375 3318 3441 dicit,
3367 3374 3491 3447 quia
3517 3374 3656 3437 ideo,

2080 3468 2271 3538 inquit,
2307 3468 2361 3522 in
2392 3474 2618 3523 mortem
2650 3466 2789 3522 tradi
2833 3475 3051 3537 propter
3085 3464 3267 3521 Jesum
3308 3480 3415 3520 non
3443 3478 3663 3519 recusa-

2076 3573 2221 3623 mus,
2262 3572 2382 3613 cum
2404 3558 2673 3628 possimus
2695 3557 2903 3617 vivere.
2950 3565 3010 3611 ut
3032 3556 3142 3611 vita
3175 3570 3282 3628 qua
3310 3556 3608 3611 resurrexit
3630 3570 3663 3614 τι

2077 3651 2306 3707 mortuis
2334 3649 2601 3715 Christus,
2626 3651 2751 3706 huic
2778 3649 2993 3706 mortali
3021 3649 3172 3706 carni
3196 3657 3396 3705 nostra:
3436 3656 3664 3719 praeste-

2078 3752 2186 3810 tur,
2213 3744 2314 3799 hoc
2342 3752 2442 3808 est,
2467 3759 2571 3799 non
2596 3743 2783 3799 timere
2812 3743 2946 3798 mori
2969 3749 3190 3813 propter
3212 3740 3663 3797 resurrectionem

2076 3834 2418 3906 promissam.
2464 3834 2606 3907 Ergo
2631 3850 2771 3889 mors
2802 3833 2858 3887 in
2882 3834 3027 3888 nobis
3056 3841 3322 3905 operatur,
3354 3831 3458 3887 vita
3484 3840 3660 3887 autem

2077 3927 2133 3981 in
2170 3926 2332 3981 vobis.
2401 3925 2516 3981 Hoc
2565 3926 2716 3991 dicit,
2763 3924 2888 3995 quia
2918 3940 3018 3996 pro
3055 3924 3226 3980 salute
3261 3938 3448 3979 eorum
3495 3922 3662 3980 morti

2079 4020 2504 4091 subjiciebantur
2529 4038 2539 4073 :
2559 4019 2807 4090 gentibus
2828 4027 3007 4073 autem
3027 4018 3398 4088 praedicantes,
3423 4016 3659 4071 inimici-

2080 4111 2184 4167 tias
2223 4110 2326 4167 sibi
2358 4110 2666 4166 excitabant
2696 4117 2806 4165 tam
2833 4124 2864 4163 a
2901 4108 3099 4165 Iudaeis
3128 4122 3290 4177 quam
3313 4123 3341 4162 a
3366 4106 3655 4179 gentilibus

2079 4216 2254 4271 usque
2282 4202 2349 4257 ad
2374 4210 2622 4257 mortem.
2665 4199 2927 4257 Habentes
2961 4210 3135 4255 autem
3160 4198 3397 4265 eumdem
3419 4198 3661 4270 spiritum

2077 4291 2229 4361 ﬁdei,
2287 4292 2391 4349 hoc
2419 4301 2524 4359 est,
2580 4307 2919 4349 communem
2960 4292 3206 4363 spiritum
3243 4306 3345 4362 per
3377 4306 3537 4362 quem
3569 4291 3663 4345 ﬁr-

2084 4392 2265 4440 matur
2294 4383 2446 4452 ﬁdes,
2471 4384 2734 4441 habemus
2760 4384 3036 4441 vobiscum
3060 4382 3213 4451 ;ideo
3238 4383 3381 4438 enim
3409 4396 3508 4452 pro
3531 4382 3661 4453 ipsis

2086 4482 2233 4531 tanta
2261 4475 2606 4545 patiebantur
2642 4474 2801 4542 mala,
2841 4482 2901 4530 ut
2921 4473 3151 4530 invicem
3185 4471 3566 4542 copularentur
3603 4472 3659 4527 in

2079 4565 2210 4622 ﬁde.
2231 4567 2381 4623 Sicut
2406 4569 2653 4639 scriptum
2682 4577 2755 4624 est
2784 4581 2802 4620 :
2826 4564 3037 4623 Credidi
3058 4575 3266 4638 propter
3288 4565 3428 4638 quod
3457 4565 3660 4621 locutus

2080 4673 2233 4724 sum;
2256 4669 2301 4713 et
2320 4674 2410 4714 nos
2427 4661 2684 4715 credimus
2704 4669 2912 4732 propter
2929 4660 3068 4732 quod
3096 4668 3144 4714 et
3164 4659 3445 4731 loquimur.
3464 4661 3657 4717 Exem-

2080 4748 2224 4818 plum
2254 4749 2377 4804 ideo
2398 4750 2543 4805 dedit
2569 4751 2635 4805 de
2655 4749 2860 4820 psalmo
2880 4765 3002 4817 cxv,
3029 4759 3088 4804 ut
3108 4750 3421 4815 ostenderet
3448 4766 3507 4807 se
3532 4750 3655 4806 ideo

2081 4845 2387 4907 promptum
2433 4852 2554 4893 esse
2591 4838 2657 4893 ad
2690 4838 2869 4893 omnia
2906 4836 3202 4907 toleranda,
3254 4840 3383 4912 quia
3426 4841 3656 4897 credidit

2087 4925 2323 4983 futuram
2377 4926 2850 4996 resurrectionem.
2929 4925 3165 4989 Securus
3204 4945 3333 5003 ergo
3370 4931 3437 4986 de
3477 4930 3656 4987 futura

2085 5018 2216 5082 vita,
2263 5017 2544 5087 praesentis
2577 5017 2700 5072 vitae
2732 5033 2836 5072 non
2866 5018 3028 5074 habet
3047 5035 3232 5075 curam
3261 5039 3274 5074 :
3309 5012 3506 5092 quippe
3531 5036 3656 5077 cum

2087 5106 2191 5162 hoc
2220 5106 2487 5172 credatur,
2508 5113 2570 5160 ut
2595 5113 2723 5163 tunc
2746 5106 2835 5163 illa
2862 5109 3021 5166 beata
3040 5110 3152 5167 vita
3181 5119 3447 5183 speretur,
3471 5110 3517 5168 si
3539 5112 3657 5168 haec

2089 5205 2513 5265 comtemuatur.
2550 5197 2784 5257 Securus
2839 5215 2996 5274 ergo,
3040 5203 3166 5274 quia
3204 5203 3348 5273 quod
3395 5203 3657 5269 credidit,

2089 5305 2277 5346 verum
2302 5297 2420 5359 est,
2451 5292 2612 5347 audet
2636 5293 2737 5349 hoc
2762 5296 3057 5364 praedicare
3082 5305 3142 5352 ut
3161 5305 3385 5354 caeteros
3408 5298 3522 5369 spei
3542 5314 3655 5355 suas

2081 5384 2372 5457 participes
2406 5383 2590 5441 faciat.
2631 5385 2842 5459 (Aug.)
2882 5386 2997 5443 Non
3035 5389 3238 5445 diceret
3264 5391 3512 5449 eumdem
3539 5392 3653 5462 spi-

2082 5476 2245 5533 ritum
2265 5475 2412 5545 ﬁdei,
2427 5477 2528 5534 nisi
2548 5479 2841 5537 admonens
2857 5481 3018 5536 etiam
3033 5481 3460 5553 antiquosjustos
3478 5481 3659 5552 ipsum

2085 5569 2338 5628 habuisse
2378 5573 2648 5644 spiritum,
2690 5574 2794 5629 hoc
2838 5582 2942 5641 est,
2998 5575 3386 5631 incarnationis
3431 5572 3651 5637 Christi.

2086 5663 2180 5720 sed
2202 5665 2328 5747 quia
2359 5665 2462 5722 illis
2486 5665 2659 5723 futura
2682 5668 3161 5749 prtenuntiabatur,
3220 5681 3339 5739 quae
3368 5666 3483 5743 jam
3510 5662 3652 5720 facta
