4082 6332
507 329 615 384 183

1137 334 1199 388 Β.
1242 333 1492 391 RABAM
1533 335 1752 394 MAI)!“
1789 334 2107 391 ARCHIEP.
2154 335 2463 396 MOGUN'I‘.
2505 339 2788 398 OPEBUM
2823 337 3002 397 PARS
3037 339 3121 395 lli.

421 485 426 494 .
502 440 662 495 nobis
703 443 1074 510 annuntiatur,
1112 454 1168 504 et
1202 454 1443 520 tempore
1486 449 1701 504 Veteris
1749 448 2082 521 Testamenti
2109 453 2159 512 Α
2185 453 2348 517 suris,
2379 453 2570 526 plagis,
2602 455 2764 521 fame,
2803 455 2909 519 siti,
2944 455 3172 527 frigore,
3205 452 3448 508 nuditate
3481 466 3609 509 caro
3635 469 3758 509 cor-

418 539 423 586 .‘
502 536 804 602 velabatur,
855 553 974 607 quis
1003 549 1245 610 tempore
1275 541 1410 598 Novi
1435 541 1768 598 Testamenti
1813 542 2080 596 revelabi-

2184 543 2468 612 rumpitur,
2499 546 2592 600 sed
2628 547 2804 600 anima
2843 560 2939 615 spe
2985 544 3148 599 futuri
3193 544 3399 615 prtemii
3429 553 3756 610 renovatur,

499 634 611 689 tur,
636 625 756 681 ideo
778 641 894 696 ejus
918 639 1257 686 sacramenta
1283 633 1488 687 variata
1515 641 1661 695 sunt,
1690 640 1749 686 ut
1767 631 1873 685 alia
1903 642 2085 688 essent
2179 634 2304 703 quia
2334 635 2564 690 assiduis
2590 636 3024 693 tribulationibus
3051 646 3331 708 purgatur,
3369 637 3584 705 proﬁcit
3609 637 3758 692 enim

496 717 554 772 in
589 717 766 774 Veteri
797 718 1169 787 Testamento,
1216 722 1321 777 alia
1353 724 1405 778 in
1435 723 1601 790 Novo,
1643 741 1766 781 cum
1804 723 1935 780 ﬁdes
1965 724 2079 793 ipsa
2178 720 2230 774 iu
2257 737 2532 796 pressura,
2563 740 2669 778 non
2694 725 2986 788 interit,ita
3015 733 3069 779 ut
3102 725 3482 780 accedentibus
3505 726 3760 779 tentatio-

497 807 646 862 varia
678 823 783 864 non
816 809 908 868 sit.
950 810 1145 866 Beatus
1184 813 1456 886 apostolus
1484 814 1681 874 Paulus
1719 818 1961 878 adhibuit
1997 827 2075 872 te-

493 896 806 954 stimonium
846 899 914 954 de
947 901 1259 972 Scripturis,
1295 903 1348 958 in
1370 919 1478 978 quo
1506 905 1660 969 nobis
1685 907 1909 978 gloriam
1935 924 2078 962 mar-

497 1003 678 1060 tyrum
707 992 1120 1055 commendavit.
1161 991 1386 1064 Propter
1413 996 1825 1067 quod'scriptum
1851 1008 1946 1062 est,
1988 999 2073 1052 in-

493 1079 632 1149 quit,
663 1081 861 1136 credidi
891 1093 1104 1151 propter
1121 1083 1262 1154 quod
1287 1083 1492 1139 locutus
1520 1103 1668 1151 sum;
1693 1098 1739 1140 et
1769 1104 1862 1142 nos
1905 1089 2074 1146 credi-

490 1187 607 1226 mus
638 1181 839 1241 propter
869 1174 1009 1244 quod
1030 1183 1078 1228 et
1118 1173 1398 1246 loquimur.
1444 1175 1502 1231 Si
1530 1177 1673 1232 enim
1703 1179 2072 1236 tantummodo

489 1264 868 1332 credidissent,
905 1275 961 1320 et
1001 1283 1106 1323 non
1149 1267 1522 1339 loquerentur,
1585 1286 1690 1325 non
1727 1281 2067 1344 paterentur,

487 1356 760 1414 credendo
807 1359 1288 1432 apprehenderunt
1347 1371 1402 1417 et
1427 1362 1694 1432 loquendo
1745 1365 2067 1420 invenerunt

485 1455 718 1503 mortem
750 1466 764 1506 :
791 1449 884 1505 sed
907 1459 1137 1506 mortem
1165 1450 1220 1504 in
1247 1465 1352 1520 qua
1390 1467 1585 1522 corpus
1605 1454 1951 1524 corruptibile
1972 1469 2060 1510 se-

480 1540 809 1607 minaretur,
840 1549 896 1598 et
925 1542 1259 1614 incorruptio
1283 1551 1597 1610 meteretur,
1628 1553 1792 1600 istum
1820 1561 2060 1612 sensum,

481 1634 536 1687 id
567 1641 653 1688 est
684 1634 830 1706 quod
870 1635 1164 1700 credimus,
1213 1645 1434 1707 propter
1468 1636 1611 1706 quod
1665 1647 1720 1693 et
1759 1636 2048 1707 loquimur,

483 1722 594 1779 alio
645 1725 768 1782 loco.
805 1725 944 1781 idem
967 1726 1239 1797 apostolus
1285 1728 1363 1784 sic
1389 1726 1712 1798 explicavit;
1751 1727 1920 1783 Corde
1949 1745 2061 1783 cre-

2175 812 2335 866 nibus
2356 813 2598 880 quotidie
2623 815 2868 884 acquirat
2894 815 2960 868 ad
2991 815 3264 880 meritum,
3307 815 3430 885 quia
3455 824 3512 869 et
3535 815 3757 885 corpori

2174 903 2450 978 corruptio
2504 903 2620 959 haec
2668 904 2882 974 proﬁcit
2929 906 2996 960 ad
3045 906 3504 962 immortalitatem
3558 907 3758 962 merito

2174 993 2387 1047 animae.
2416 994 2600 1066 (Aug.)
2629 993 2772 1050 Sane
2800 996 2898 1051 ista
2924 998 3202 1054 renovatio
3221 1013 3329 1054 non
3351 1008 3624 1055 momento
3643 1015 3756 1056 uno

2173 1080 2232 1136 ﬁt
2263 1083 2431 1153 ipsius
2459 1087 2847 1152 conversionis,
2885 1087 3024 1142 sicut
3048 1097 3321 1144 momento
3350 1104 3460 1144 uno
3483 1089 3548 1144 ﬁt
3577 1090 3667 1145 illa
3697 1091 3755 1146 in

2170 1171 2441 1242 baptismo
2467 1175 2742 1230 renovatio
2765 1177 3084 1233 remissione
3108 1177 3347 1234 omnium
3374 1191 3752 1249 peccatorum,

2169 1276 2344 1332 neque
2371 1264 2515 1318 enim
2549 1264 2633 1319 vel
2681 1281 2845 1320 unum
2891 1267 3421 1340 quantulumcunque
3463 1282 3749 1338 remanet,

2168 1353 2311 1422 quod
2347 1368 2450 1406 non
2481 1354 2814 1419 remittatur,
2863 1357 2959 1410 sed
3000 1359 3450 1426 quemadmodum
3487 1360 3632 1416 aliud
3666 1373 3752 1416 est

2167 1457 2358 1498 carere
2391 1442 2650 1509 febribus,
2699 1445 2843 1501 aliud
2877 1446 2946 1501 ab
2979 1445 3326 1516 inﬁrmitate,
3357 1465 3477 1520 qua:
3505 1451 3758 1508 febribus.

2165 1531 2308 1587 facta
2338 1541 2421 1587 est
2451 1534 2787 1590 revalescere
2810 1553 2826 1570 ι
2867 1536 2994 1591 item
3038 1537 3183 1594 aliud
3205 1547 3290 1594 est
3327 1540 3553 1596 inﬁxum
3581 1543 3748 1599 telum

2165 1625 2232 1681 de
2254 1640 2481 1696 corpore
2506 1628 2744 1694 demere,
2775 1628 2917 1684 aliud
2942 1629 3140 1686 vulnus
3175 1633 3410 1701 quodeo
3435 1633 3640 1689 factum
3662 1645 3749 1692 est

2161 1719 2396 1774 secunda
2441 1720 2720 1776 curatione
2768 1735 2960 1777 sanare
3003 1740 3018 1776 :
3058 1723 3132 1778 ita
3161 1725 3336 1794 prima
3383 1727 3592 1782 curatio
3637 1737 3746 1795 est,

477 1814 624 1868 ditur
649 1814 721 1873 ad
757 1814 1042 1890 justitiam,
1067 1833 1154 1870 ore
1183 1827 1355 1872 autem
1381 1816 1635 1887 confessio
1665 1818 1720 1888 ﬁt
1746 1818 1815 1881 ad
1837 1817 2049 1873 salutem

2161 1819 2382 1861 causam
2423 1822 2701 1864 removere
2736 1809 3009 1880 languoris
3031 1851 3046 1877 ,
3075 1813 3218 1882 quod
3259 1829 3358 1884 per
3393 1817 3637 1872 omnium
3684 1817 3752 1875 ﬁt

476 1902 662 1972 (Rom.
726 1905 811 1978 ι),
855 1906 1044 1964 eadem
1089 1905 1222 1962 ﬁdes
1258 1906 1569 1963 Mediatoris
1605 1909 1782 1964 salvos
1829 1908 2062 1968 faciebat

473 1996 741 2065 antiquos,
801 1997 1046 2067 pusillos,
1084 2012 1205 2055 cum
1250 1999 1476 2069 magnis,
1535 2014 1645 2058 non
1675 1999 1840 2054 Vetus
1867 2001 2059 2056 Testa-

471 2096 738 2153 mentum,
789 2089 931 2160 quod
959 2089 1013 2144 in
1043 2089 1354 2149 servitutem
1379 2100 1623 2164 generat.
1680 2091 1909 2148 Scientes
1937 2111 2059 2164 quo-

469 2183 614 2237 niam
640 2183 730 2254 qui
753 2183 1016 2239 suscitauit
1040 2182 1244 2250 Iesum,
1273 2193 1320 2238 et
1349 2201 1442 2239 nos
1469 2201 1587 2238 cum
1613 2183 1740 2239 Iesu
1760 2186 2055 2252 suscitabit,

468 2282 518 2324 et
553 2274 828 2330 constituet
859 2275 1142 2330 vobiscum.
1183 2275 1389 2348 (Amb.)
1420 2275 1534 2332 Hac
1559 2291 1652 2348 spe
1673 2276 1802 2334 dicit
1821 2276 2055 2334 laborari

467 2371 690 2431 propter
705 2361 861 2418 ﬁdem
872 2403 886 2428 ,
903 2363 1026 2432 quia
1049 2364 1349 2434 exemplum
1364 2365 1620 2435 prmcedit
1639 2367 2054 2423 resurrectionis

467 2450 683 2506 Domini
711 2450 859 2517 Jesu,
905 2453 1033 2522 quid
1078 2453 1241 2508 futuri
1265 2465 1443 2521 erunt,
1503 2456 1594 2526 qui
1629 2456 1887 2524 credunt;
1925 2459 2053 2527 quia

468 2542 604 2600 sicut
644 2543 698 2598 in
727 2543 896 2598 Adam
938 2560 1115 2600 omnes
1159 2546 1488 2613 moriuntur,
1533 2549 1609 2602 ita
1649 2558 1698 2603 et
1741 2551 1796 2604 in
1842 2549 2050 2605 Christo

468 2650 646 2690 ontnes
674 2635 1086 2704 viviﬁcabuntur.
1132 2637 1302 2694 Adam
1323 2640 1470 2694 enim
1507 2639 1680 2698 forma
1713 2643 1903 2698 mortis
1935 2655 2042 2710 est,

468 2740 632 2786 causa
660 2728 892 2797 peccati,
938 2725 1185 2784 Christus
1235 2743 1364 2786 vero
1406 2729 1580 2786 forma
1646 2735 1770 2792 vitae
1827 2747 2048 2810 propter

465 2820 744 2890 justitiam,
778 2825 900 2896 quia
921 2834 1186 2895 peccatum
1213 2843 1315 2885 non
1336 2827 1478 2896 fecit,
1523 2847 1615 2887 nec
1634 2831 1788 2889 dolus
1808 2835 2046 2890 inventus

464 2921 541 2966 est
588 2913 642 2967 in
679 2930 768 2979 ore
804 2915 919 2984 ejus
962 2915 1010 2986 (1
1043 2915 1188 2974 Petr.
1233 2917 1320 2986 ιι),
1363 2927 1418 2974 et
1443 2921 1567 2989 quia
1617 2923 1907 2994 participes
1947 2925 2046 2982 bos

463 3004 768 3062 communis
789 3002 914 3060 ﬁdei
946 3005 1102 3070 dixit,
1139 3009 1502 3076 resuscitatos,
1547 3011 1740 3082 inquit,
1767 3017 2043 3070 constituet

463 3094 747 3159 uobiscum,
770 3103 830 3150 ut
853 3096 1012 3152 unius
1033 3096 1176 3162 fidei,
1200 3098 1254 3152 in
1286 3113 1389 3154 una
1407 3100 1515 3154 sint
1537 3101 1692 3156 domo
1712 3103 1890 3172 pacis;
1916 3120 2038 3160 cum

2160 1898 2550 1970 indulgentiam
2601 1911 2968 1973 peccatorum.
3023 1903 3270 1961 Secunda
3321 1907 3497 1978 ipsum
3549 1924 3753 1967 sanare

2158 1989 2513 2062 languiorem,
2537 1994 2679 2062 quod
2709 1993 2770 2048 ﬁt
2798 1995 3055 2064 paulatim
3074 1997 3403 2067 proliciendo
3429 2000 3484 2054 in
3507 2015 3746 2056 renova-

2157 2083 2306 2139 tione
2353 2084 2511 2156 hujus
2559 2085 2825 2156 imaginis.
2871 2086 3002 2154 Qua:
3045 2087 3151 2143 duo
3195 2089 3636 2146 demonstrantur
3685 2093 3744 2146 in

2155 2177 2396 2247 psalmo,
2427 2177 2516 2231 ubi
2557 2177 2787 2248 legitur:
2826 2177 2930 2243 Qui
2972 2179 3228 2249 propitius
3270 2180 3330 2249 ﬁt
3363 2181 3601 2235 omnibus
3639 2182 3749 2235 ini—

2154 2267 2436 2338 quitatibus
2469 2268 2574 2322 tuis
2606 2267 2777 2339 (Psal.
2809 2273 2930 2339 cn),
2957 2270 3100 2339 quod
3127 2269 3187 2324 ﬁt
3215 2271 3268 2324 in
3297 2271 3602 2342 baptismo;
3647 2273 3746 2327 de-

2155 2359 2279 2414 inde
2307 2360 2572 2429 sequitur,
2594 2361 2684 2431 qui
2703 2371 2855 2414 sanat
2881 2377 3056 2416 omnes
3083 2359 3362 2433 languores
3383 2372 3499 2418 tuos
3521 2363 3742 2436 (lbid.),

2153 2449 2296 2520 quod
2323 2449 2384 2504 ﬁt
2408 2451 2737 2520 quotidianis
2773 2453 3103 2518 accessibus,
3140 2468 3260 2508 cum
3299 2454 3414 2510 haec
3439 2455 3615 2526 imago
3649 2473 3742 2512 re-

2150 2552 2400 2598 novatur.
2429 2543 2486 2599 in
2510 2545 2780 2616 agnitione
2807 2545 2970 2613 igitur
2994 2545 3088 2601 Dei
3111 2545 3432 2618 justitiaque
3451 2554 3509 2604 et
3529 2549 3742 2604 sancti-

2151 2641 2262 2689 tate
2286 2634 2553 2700 veritatis,
2585 2636 2677 2706 qui
2716 2636 2782 2691 de
2820 2636 2907 2692 die
2935 2637 2989 2691 in
3019 2637 3160 2692 diem
3196 2637 3528 2708 proﬁciendo
3575 2654 3744 2696 reno-

2149 2735 2332 2791 vatur,
2365 2726 2625 2782 transfert
2655 2723 2892 2783 amorém
2932 2743 2962 2782 a
2993 2729 3374 2799 temporalibus
3405 2729 3470 2784 ad
3495 2737 3702 2785 aeterna
3722 2772 3741 2798 ,

2149 2836 2180 2874 a
2211 2819 2512 2874 visibili‘bus
2539 2819 2604 2873 ad
2633 2818 2981 2891 intelligibiiia
3005 2859 3020 2884 ,
3051 2835 3081 2874 a
3125 2820 3434 2876 carnalibus
3472 2823 3541 2876 ad
3576 2821 3743 2892 spiri—

2148 2913 2310 2975 talia,
2357 2924 2520 2982 atque
2553 2911 2621 2966 ab
2649 2912 2768 2966 istis
2807 2911 3152 2981 cupiditatem
3183 2911 3395 2967 frenare
3427 2920 3589 2982 atque
3635 2912 3742 2966 mi-

2148 3022 2338 3072 nuere,
2365 3007 2578 3078 illisque
2598 3020 2656 3060 se
2677 3004 2943 3060 charitate
2961 3003 3181 3074 alligare
3206 3003 3491 3074 diligenter
3511 3004 3736 3059 insistit.

2146 3096 2329 3168 Imago
2357 3112 2514 3162 vero,
2557 3111 2676 3165 quae
2719 3103 3009 3150 renovatur
3052 3094 3242 3164 spiritu
3271 3093 3469 3149 utentis
3497 3093 3550 3148 in
3581 3093 3740 3164 agni-

459 3186 608 3241 enim
627 3186 928 3259 intelligunt
947 3189 1070 3259 quia
1094 3205 1192 3260 pro
1213 3190 1344 3262 ipsis
1368 3193 1647 3262 patiuntur
1666 3196 1851 3262 exitia,
1875 3205 1931 3251 ει
1956 3198 2044 3253 isti
2071 3176 2116 3238 C
2149 3189 2293 3243 tione
2330 3187 2459 3254 Dei,
2502 3203 2606 3242 non
2633 3187 2893 3252 exterius,
2928 3186 3021 3242 sed
3045 3186 3268 3241 interius
3293 3186 3359 3240 de
3389 3186 3476 3241 die
3503 3187 3562 3240 in
3588 3187 3738 3242 diem

460 3275 679 3334 solliciti
721 3278 928 3340 suntde
970 3280 1310 3349 passionibus
1349 3283 1539 3338 horum
1572 3324 1587 3349 ,
1633 3285 1777 3340 velut
1814 3301 2035 3358 compa-

464 3368 673 3425 tientes'
710 3370 870 3428 simul
895 3380 950 3426 et
998 3372 1288 3443 participes
1320 3381 1477 3434 erunt
1516 3375 1570 3430 in
1598 3375 1706 3432 vita
1749 3379 2039 3448 promissa,

381 3498 394 3506 .
466 3470 528 3514 ut
574 3461 735 3518 simul
765 3463 1086 3529 contristati,
1113 3465 1270 3520 simul
1321 3468 1586 3536 gaudeant
1620 3481 1876 3544 :propter
1924 3473 2042 3529 illos

459 3552 544 3606 sic
565 3552 800 3622 loquitur
823 3553 916 3624 qui
944 3555 1392 3612 resurrectionem
1417 3559 1704 3628 negabant,
1745 3576 1882 3630 quos
1910 3563 2038 3622 etin

463 3641 638 3712 prima
667 3642 904 3713 Epistola
947 3645 1256 3714 exprobrat.
1296 3645 1486 3706 Omnia
1515 3649 1651 3707 enim
1690 3662 1899 3722 propter
1928 3671 2036 3719 eos,

463 3743 520 3784 ut
571 3733 738 3802 gratia
783 3733 1063 3791 abundans
1106 3753 1198 3808 per
1245 3737 1456 3802 multos,
1495 3740 1784 3809 gratiarum
1837 3744 2041 3804 actione

461 3823 722 3881 abundent
753 3823 806 3877 in
832 3825 1054 3896 gloriam
1078 3825 1197 3884 Dei.
1223 3827 1264 3881 A
1296 3843 1519 3886 munere
1547 3843 1646 3885 suo
1664 3829 1806 3886 Deus
1836 3832 2039 3896 milium

460 3916 629 3970 voluit
655 3931 774 3971 esse
794 3916 1048 3983 alienum,
1089 3928 1143 3974 et
1171 3920 1296 3991 quia
1328 3936 1433 3976 non
1465 3937 1652 3978 omnes
1675 3925 1892 3995 capiunt
1921 3942 2040 3981 ver-

462 4005 590 4060 bum
617 4005 1060 4078 ﬁdei,Apostolus
1072 4009 1168 4064 Dei
1196 4010 1525 4066 voluntatem
1556 4012 1749 4076 sciens,
1777 4028 2036 4082 persecu-

462 4097 640 4154 tiones
667 4105 722 4152 et
776 4098 1011 4168 pericula
1033 4100 1144 4170 pati
1171 4115 1276 4156 non
1308 4099 1507 4166 timuit,
1545 4100 1837 4158 dummodo
1860 4103 2037 4167 omni-

463 4192 567 4247 bus
612 4191 840 4250 lideliter
860 4193 1196 4261 praedicaret,
1241 4201 1301 4249 ut
1331 4193 1512 4263 plures
1554 4203 1771 4264 possent
1795 4196 2036 4260 credere,

461 4290 522 4334 ut
552 4281 830 4336 abundans
853 4284 1050 4338 donum
1073 4282 1168 4338 Dei
1191 4297 1296 4336 non
1315 4298 1716 4354 perpaucorum
1740 4285 2037 4356 gratiarum

464 4371 733 4427 actionem
758 4371 1090 4426 minueretur
1104 4371 1170 4426 ad
1197 4373 1574 4428 contumeliam
1592 4374 1706 4437 Dei,
1739 4375 1833 4430 sed
1857 4375 2041 4431 multis

460 4461 747 4532 proﬁciens
791 4461 1029 4518 alliueret
1065 4478 1163 4532 per
1190 4463 1480 4518 multorum
1521 4466 1818 4535 gratiarum
1866 4467 2036 4522 actio-

465 4569 586 4607 nem
610 4553 675 4607 ad
704 4552 928 4624 gloriam
961 4553 1054 4607 Dei
1081 4571 1092 4608 :
1123 4560 1324 4623 quanto
1351 4569 1480 4625 ergo
1509 4555 1597 4609 hic
1625 4555 1818 4627 dignus
1837 4557 2042 4613 honore

462 4651 566 4706 est,
623 4643 714 4711 qui
757 4643 990 4698 animam
1027 4658 1176 4696 suam
1223 4657 1437 4712 semper
1475 4643 1634 4697 morti
1681 4645 1926 4715 subjecit,
1973 4661 2042 4701 ne

464 4736 662 4789 donum
692 4732 786 4788 Dei
815 4733 970 4804 longe
997 4733 1153 4788 aliter
1179 4732 1484 4804 proﬁceret,
1515 4749 1678 4804 quam
1703 4738 1886 4790 datum
1915 4746 1998 4792 est
2023 4739 2037 4790 ι

463 4828 706 4898 nunquid
735 4843 840 4882 non
861 4843 1049 4898 magna
1084 4827 1404 4883 contumelia
1436 4829 1551 4900 ejus
1573 4839 1677 4894 est,
1703 4832 1793 4900 qui
1828 4845 2041 4886 cmnam

466 4920 670 4975 faciens
697 4918 1024 4990 opulentam,
1058 4934 1121 4976 ac
1143 4919 1339 4977 multos
1358 4919 1612 4985 invitans,
1651 4936 1852 4996 paucos
1880 4922 2042 4983 habet

465 5013 518 5066 in
551 5011 798 5070 summa?

540 5103 762 5175 Propter
795 5106 934 5177 quod
971 5123 1072 5160 nou
1101 5107 1392 5175 deﬁcimus.
1435 5107 1775 5165 Manifestum
1805 5118 1888 5164 est
1924 5108 2042 5166 hmo

467 5197 534 5251 ad
564 5197 896 5267 superiorem
931 5213 1146 5254 sensum
1175 5199 1444 5269 pertinere
1470 5217 1484 5265 ;
1515 5209 1573 5255 ut
1611 5202 1754 5258 enim
1800 5200 2040 5256 devotio-

469 5302 591 5342 nem
622 5302 772 5342 suam
805 5287 977 5342 adhuc
1005 5288 1408 5359 propensiorem
1448 5289 1502 5346 in
1540 5291 1631 5345 Dei
1665 5291 1822 5348 rebus
1855 5299 2036 5346 osteno

465 5379 578 5441 dat,
624 5377 739 5433 inec
781 5377 1014 5448 subjicit,
1051 5379 1242 5448 quibus
1285 5380 1431 5438 nullo
1465 5396 1660 5451 genere
1708 5381 1940 5438 deﬁcere
1980 5397 2041 5437 se

466 5466 687 5536 probat,
719 5467 1015 5540 quominus
1039 5469 1090 5524 id
1121 5470 1263 5539 quod
1294 5470 1403 5525 Deo
1431 5471 1688 5540 placitum
1714 5481 1798 5527 est
1820 5471 2040 5542 implea-

468 5570 576 5624 tur,
603 5575 823 5616 securus
847 5568 1024 5614 tamen
1056 5561 1120 5616 de
1156 5561 1551 5617 resurrectione
1576 5563 1861 5632 promissa.

542 5649 645 5706 Sed
670 5649 784 5705 licet
815 5649 859 5704 is
888 5649 978 5720 qui
1017 5649 1144 5719 foris
1175 5660 1250 5705 est
1285 5661 1457 5706 noster
1487 5651 1641 5706 homo
1667 5653 2036 5722 corrumpitur,

471 5751 637 5798 tamen
669 5743 710 5794 is
741 5741 828 5803 qui
851 5741 988 5795 intus
1030 5750 1102 5795 est
1128 5750 1398 5798 renovatur
1422 5740 1484 5797 de
1510 5740 1594 5796 die
1617 5741 1670 5796 in
1695 5740 1849 5798 diem.
1883 5741 2040 5800 Pres-

2144 3280 2259 3352 ipsa
2288 3279 2598 3351 perﬁcietur
2621 3279 2847 3343 visione,
2877 3291 2999 3347 qum
3028 3285 3155 3331 tunc
3188 3278 3292 3332 erit
3324 3285 3447 3347 post
3467 3275 3734 3345 judicium

2147 3373 2288 3428 facie
2318 3373 2386 3428 ad
2417 3373 2607 3429 faciem
2635 3391 2648 3427 :
2689 3387 2831 3427 nunc
2867 3379 3044 3426 autem
3075 3371 3288 3441 proficit
3315 3387 3414 3442 per
3450 3372 3736 3442 speculum

2144 3463 2198 3519 in
2242 3464 2545 3534 aenigmate.
2594 3461 2800 3533 (Greg.)
2840 3459 3128 3517 Sciendum
3163 3475 3293 3516 vero
3331 3470 3417 3517 est
3459 3461 3587 3532 quia
3631 3461 3734 3516 ali-

2143 3557 2359 3626 quando
2406 3571 2503 3610 nos
2542 3553 2914 3618 adversarius,
2953 3552 3242 3624 aliquando
3269 3563 3450 3609 autem
3483 3562 3734 3611 conteret

2144 3649 2308 3714 Deus,
2337 3662 2403 3702 ex
2435 3647 2758 3702 contritione
2783 3653 2963 3701 autem
2992 3643 3288 3700 adversarii
3319 3659 3350 3698 a
3371 3645 3572 3700 virtute
3595 3643 3732 3699 deﬁ-

2141 3741 2315 3796 cimus
2344 3757 2355 3792 :
2398 3754 2495 3810 per
2524 3737 2902 3793 contritionem
2929 3750 3060 3792 vero
3081 3734 3295 3790 Domini
3331 3735 3490 3790 fracti
3518 3749 3549 3790 a
3579 3735 3730 3791 vitiis

2141 3832 2196 3894 in
2241 3831 2439 3886 virtute
2486 3830 2822 3892 roborantur,
2870 3827 3013 3881 hanc
3048 3825 3425 3882 contritionem
3463 3825 3728 3894 propheta

2141 3929 2514 3992 conspexerat,
2544 3935 2663 3974 cum
2697 3918 2942 3973 dicebat:
2986 3915 3148 3987 Reges
3172 3932 3258 3970 eos
3286 3917 3342 3970 in
3367 3916 3507 3986 uirga
3529 3915 3724 3984 ferrea,

2139 4023 2186 4067 et
2217 4023 2463 4084 tanquam
2486 4029 2574 4066 vas
2615 4009 2760 4081 ﬁguli
2790 4018 3021 4064 conteres
3059 4025 3146 4063 eos
3177 4007 3349 4080 (Psal.
3373 4009 3456 4078 li).
3489 4008 3545 4061 In
3575 4007 3732 4078 virga.

2141 4118 2244 4158 nos
2275 4103 2536 4158 Dominus
2565 4100 2702 4171 regit
2735 4107 2790 4154 et
2831 4098 3096 4163 conterit,
3136 4097 3262 4167 quia
3307 4096 3728 4166 dispensationis

2141 4210 2253 4250 sua:
2282 4192 2407 4247 forti
2437 4191 2774 4255 rectitudine,
2804 4205 2927 4246 cum
2967 4203 3065 4244 nos
3092 4189 3320 4244 interius
3343 4187 3549 4252 reﬁcit,
3575 4194 3725 4242 exte-

2140 4286 2254 4340 rius
2278 4283 2462 4356 aliiigit
2493 4301 2505 4336 :
2547 4297 2673 4336 nam
2703 4296 2810 4351 quo
2833 4281 3090 4334 virtutem
3120 4277 3300 4333 carnis
3335 4275 3610 4342 humiliat,
3643 4276 3727 4330 in-

2143 4376 2436 4431 tentionem
2466 4373 2687 4444 spiritus
2714 4371 2938 4434 exaltat,
2972 4370 3112 4424 unde
3141 4377 3194 4424 et
3219 4369 3336 4423 haec
3362 4367 3552 4422 eadem
3587 4381 3724 4421 con-

2145 4467 2292 4522 tritio
2316 4465 2458 4534 ﬁguli
2478 4463 2588 4518 vasi
2612 4469 2954 4532 cooperator,
2975 4459 3114 4513 sicut
3131 4472 3228 4527 per
3245 4456 3471 4510 Paulum
3493 4455 3721 4510 dicitur:

2146 4557 2413 4612 Habemus
2441 4557 2742 4610 thesaurum
2777 4555 2932 4607 istum
2960 4551 3015 4608 in
3043 4550 3180 4604 vasis
3205 4548 3472 4619 ﬁctilibus,
3515 4549 3608 4618 qui
3652 4549 3726 4603 si-

2146 4648 2253 4703 mul
2299 4646 2674 4701 contritionem
2703 4653 2757 4699 et
2784 4643 3022 4712 regimen
3052 4639 3358 4710 exprimens
3386 4638 3500 4694 ait:
3533 4638 3650 4692 licet
3677 4640 3724 4692 is

2143 4740 2232 4814 qui
2256 4739 2384 4808 foris
2411 4747 2486 4791 est
2514 4745 2689 4790 noster
2715 4735 2870 4787 homo
2910 4731 3294 4802 corrumpitur,
3328 4738 3503 4784 tamen
3543 4729 3589 4784 is
3631 4728 3724 4800 qui

2144 4829 2286 4882 intus
2309 4837 2381 4880 est
2416 4833 2694 4879 renovatur
2717 4823 2781 4876 de
2805 4821 2890 4874 die
2917 4820 2970 4874 in
2992 4820 3151 4874 diem.

2216 4917 2283 4971 Id
2307 4918 2442 4971 enim
2473 4914 2611 4985 quod
2635 4913 2690 4966 in
2723 4911 2962 4982 prementi
2993 4920 3067 4964 est
3105 4918 3522 4965 momentaneum
3541 4916 3589 4961 et
3617 4905 3724 4962 lere

2146 5009 2500 5070 tribulationis
2549 5015 2773 5070 nostne,
2829 5019 2988 5073 supra
3034 5002 3246 5056 modum
3301 5003 3357 5056 in
3397 4999 3722 5054 sublimitate

2145 5114 2393 5158 aeternum
2431 5099 2610 5171 gloria:
2652 5098 2853 5169 pondus
2896 5105 3140 5166 operatur
3182 5097 3238 5149 in
3287 5095 3450 5149 nobis.
3480 5082 3722 5166 (Anthr.)

2143 5194 2430 5252 Praesentis
2470 5191 2726 5262 temporis
2772 5188 3174 5254 tribulationes;
3223 5203 3342 5258 quae
3385 5201 3546 5243 causa
3594 5185 3718 5241 fidei

2144 5286 2478 5355 ingeruntur,
2503 5277 2906 5336 momentaneas
2941 5287 2997 5333 et
3040 5278 3184 5333 leves
3223 5278 3388 5342 dicit,
3431 5278 3555 5346 quia
3591 5285 3722 5330 sunt

2143 5376 2501 5446 temporales,
2553 5387 2715 5442 supra
2777 5370 2991 5425 modum
3049 5379 3228 5425 tamen
3282 5369 3335 5423 in
3385 5367 3721 5423 sublimitate

2142 5476 2401 5523 internum
2428 5464 2639 5536 pondus
2665 5461 2847 5532 gloriae
2885 5461 3098 5530 operari
3141 5459 3500 5530 patientibus,
3535 5458 3720 5529 parvis

2141 5560 2285 5616 enim
2314 5558 2589 5614 laboribus
2610 5571 2802 5627 magna
2831 5553 3074 5610 redditur
3101 5567 3344 5618 merces,
3383 5561 3438 5608 et
3476 5567 3574 5622 pro
3612 5551 3718 5606 levi

2143 5649 2486 5707 tribulatione
2512 5663 2668 5718 supra
2707 5645 2925 5703 modum
2964 5645 3265 5702 sublimitas
3298 5645 3481 5721 gloria
3518 5656 3718 5715 pensa-

2142 5744 2288 5802 bitur
2315 5747 2602 5816 perpetuae.

3653 345 3870 400 ιω.

4043 1531 4047 1798 ψ
