4082 6332
319 358 426 416 ηε

808 353 1353 426 ENARRATIONUM
1375 351 1456 412 ἸΝ
1492 355 1641 411 EPP.
1680 356 1882 414 PAULI
1919 358 2047 413 LIB.
2089 359 2202 415 ΧΠ.
2241 389 2313 402 -
2345 361 2412 416 IN
2451 361 2670 420 EPIST.
2711 364 2755 420 II
2791 367 2890 426 AD
2920 365 3077 425 COR.

3465 375 3568 436 180

395 469 520 562 Non
546 467 1335 562 contemplantibus-nobisque
1358 467 1614 531 videntur,
1636 465 1731 562 sed
1769 480 1887 536 qua
1913 473 1963 532 Α
1989 481 2130 562 mus,
2158 477 2212 524 et
2235 468 2356 562 ideo
2375 470 2604 562 libenter
2619 472 2703 528 vel
2729 475 2908 544 potius
2933 475 3200 546 patienter
3217 474 3573 562 patimur-pro

317 577 426 615 non
472 560 728 614 videntur.
768 557 899 624 Quia
948 559 1085 613 enim
1131 559 1370 614 videntur
1395 559 1700 629 temporalia
1735 566 1887 624 sunt,

315 667 437 720 qua:
463 660 636 704 autem
659 665 762 703 non
781 649 1022 703 videntur
1047 659 1242 704 interna
1257 659 1398 704 sunt.
1423 648 1755 704 Desiderium
1780 664 1896 705 cte-

315 739 537 796 lestium
554 749 610 795 et
630 738 949 808 spiritalium
967 739 1247 803 habentes,
1271 740 1385 794 haec
1409 739 1695 810 praesentia
1709 747 1764 794 et
1785 747 1894 794 tere

317 845 453 887 rena
486 845 739 902 spernere
753 831 1064 902 proﬁtetur,
1093 833 1186 902 qui
1207 832 1273 887 ad
1297 831 1756 902 comparationem
1779 831 1891 900 spi-

317 920 562 976 ritalium
590 919 706 975 hac
746 918 889 974 nulla
925 929 1080 986 sunt;
1118 922 1197 976 sic
1222 921 1366 975 enim
1409 928 1536 975 sunt
1559 921 1675 974 haec
1703 920 1772 974 ad
1804 935 1894 974 su-

314 1025 515 1082 perna,
536 1010 996 1080 quomodoligura
1023 1011 1091 1065 ad
1119 1011 1402 1065 veritatem
1427 1026 1440 1063 :
1472 1009 1641 1078 ﬁgura
1663 1008 1890 1078 deperit,

315 1103 522 1158 veritas
549 1109 762 1168 manet,
793 1115 857 1156 ac
882 1116 982 1172 per
1007 1102 1112 1156 hoc
1137 1101 1205 1156 de
1242 1101 1440 1160 saeculo
1465 1099 1570 1156 isto
1603 1098 1758 1155 exire
1784 1113 1892 1154 non

316 1200 568 1248 metuunt
587 1191 739 1264 justi,
769 1191 865 1247 sed
891 1193 1148 1263 gaudent.

930 1323 1156 1388 CAPUT
1208 1323 1274 1386 V.

317 1441 440 1511 Agit
460 1441 526 1500 de
552 1438 768 1512 prmio
779 1416 1416 1560 justorungefld‘e‘siderio
1445 1442 1494 1489 et
1511 1433 1894 1505 preparations

991 1524 1022 1560 a
1089 1523 1104 1560 τ
1154 1523 1184 1559 u
1234 1553 1242 1560 .

991 1523 1059 1566 aa
1089 1523 1242 1561 τιηια.

391 1640 599 1698 Scimus
635 1641 775 1696 enim
817 1640 1066 1711 quoniam
1105 1638 1152 1693 si
1191 1639 1450 1694 terrestris
1487 1637 1676 1692 domus
1713 1643 1892 1690 nostra

313 1733 478 1800 hujus
499 1731 832 1786 habitationis
866 1729 1196 1793 dissolvatur,
1233 1729 1360 1800 quia
1399 1726 1800 1796 aediﬁcationem
1828 1741 1894 1780 est:

1993 555 2230 624 Christo,
2257 560 2382 628 quia
2405 559 2542 616 alius
2571 564 2832 619 transitus
2859 579 2967 619 non
3009 565 3193 632 datur,
3216 575 3276 621 ut
3303 555 3567 626 ei'cohah

1993 659 2248 702 reamus:
2280 664 2405 702 nam
2440 650 2484 706 si
2507 666 2788 720 possemus
2811 653 2968 710 aliter
2991 657 3275 725 pervenire
3304 658 3374 714 ad
3409 658 3567 716 Chri-

1992 742 2156 796 stum,
2185 736 2308 810 quis
2333 737 2494 792 vellet
2519 741 2702 794 mori?
2740 749 2986 796 naturam
3008 743 3206 814 quippe
3228 753 3490 814 nostram,
3513 747 3595 806 id

1991 831 2092 888 est,
2107 829 2436 887 consortium
2460 831 2652 886 anima:
2670 832 2938 902 quoddam
2961 841 3016 888 et
3029 835 3363 904 corporis,et
3379 852 3570 907 quarm

1994 913 2116 972 dam
2156 914 2209 968 in
2255 916 2340 972 his
2383 918 2590 974 duobus
2622 919 3041 976 familiaritatem
3087 924 3571 994 congeminationis

1993 1010 2155 1072 atque
2198 1007 2531 1076 compaginis
2578 1024 2854 1078 exponens
2893 1011 3183 1080 Apostolus
3221 1015 3328 1081 ait,
3369 1014 3570 1073 habere

1991 1107 2098 1151 nos.
2118 1094 2332 1151 domum
2361 1113 2470 1158 non
2519 1100 2900 1163 manufactam,
2941 1110 3198 1158 aeternam
3228 1104 3282 1158 in
3313 1105 3484 1172 caelis,
3515 1107 3568 1162 id

1993 1186 2581 1249 est,.immortalitatem
2605 1203 2961 1262 praaparatam
2983 1197 3162 1263 nobis,
3185 1213 3290 1268 qua
3312 1198 3567 1256 induendi

1992 1291 2180 1332 sumus
2204 1279 2256 1332 in
2279 1279 2403 1343 ﬁne,
2434 1295 2556 1336 cum
2587 1287 3041 1344 resurrexerimus
3066 1303 3096 1341 a
3124 1291 3370 1345 mortuis.

2064 1365 2208 1420 Nam
2229 1377 2275 1421 et
2295 1369 2348 1421 in
2373 1371 2470 1428 hoc
2506 1371 2909 1440 iugemiscimus,
2939 1377 3307 1434 habitationem
3335 1391 3567 1438 nostram

1990 1473 2108 1529 qua!
2135 1459 2199 1513 de
2215 1461 2340 1514 coelo
2362 1471 2439 1516 est
2457 1465 2762 1532 superindui
2785 1469 3079 1538 cupientes:
3110 1472 3156 1524 si
3182 1481 3354 1527 tamen
3377 1477 3563 1540 vestiti,

1993 1562 2039 1606 et
2080 1567 2185 1604 non
2226 1551 2354 1610 nudi
2381 1553 2723 1610 inveniamur.
2769 1558 2914 1613 Nam
2953 1570 3000 1616 et
3045 1563 3133 1632 qui
3172 1580 3352 1619 sumus
3380 1567 3434 1620 in
3470 1568 3568 1622 hoc

1993 1639 2320 1708 habitacula,
2360 1644 2746 1713 ingemiscimus
2780 1652 3016 1720 gravati,
3058 1669 3118 1706 eo
3158 1656 3297 1724 quod
3325 1657 3568 1714 nolumus

1994 1731 2297 1801 exspoliari,
2325 1733 2416 1788 sed
2435 1738 2783 1804 superaestiri,
2817 1749 2872 1793 ut
2907 1740 3246 1799 absorbeatur
3263 1747 3402 1815 quod
3431 1765 3570 1802 mor-

312 1823 428 1879 Deo
452 1823 720 1887 habemus,
763 1822 974 1876 domum
1000 1837 1104 1875 non
1146 1818 1528 1888 ntanufnctam,
1563 1826 1811 1872 aeternam
1837 1817 1894 1870 in
1921 1832 1968 1892 Β
1996 1821 2100 1876 tale
2129 1832 2201 1881 est
2223 1841 2254 1878 a
2275 1823 2400 1879 vita.
2418 1824 2522 1890 Qui
2545 1838 2717 1881 autem
2739 1830 2887 1900 eﬁicit
2907 1847 3001 1885 nos
3024 1832 3078 1885 in
3097 1833 3193 1887 hoc
3214 1835 3382 1904 ipsum
3403 1836 3566 1904 Deus,

314 1915 479 1970 εωιίε.
505 1912 712 1986 (Greg.)
757 1912 938 1967 Sancti
976 1912 1118 1966 enim
1153 1911 1531 1981 praedicatores
1551 1908 1804 1964 Ecclesiae
1837 1907 1892 1961 in

311 2005 602 2076 prmsentia
630 2003 852 2074 spiritus
877 2000 1127 2074 gaudium
1168 2001 1405 2055 futurum
1428 1996 1887 2068 contemplantur,

313 2097 411 2167 qui
457 2104 809 2166 posteaquam
845 2092 914 2147 de
943 2091 1258 2160 corporibus
1303 2096 1612 2153 transeunt,
1653 2102 1759 2142 non
1796 2101 1892 2155 per

314 2204 595 2243 morarum
623 2188 817 2258 spatia,
845 2187 985 2241 sicut
1021 2185 1229 2254 antiqui
1263 2191 1448 2254 patres
1475 2197 1507 2236 a
1531 2181 1766 2237 ctelestis
1797 2196 1892 2250 pa-

313 2281 438 2335 triae
468 2278 814 2350 perceptione
837 2275 1174 2340 diﬂ‘eruntur,
1199 2290 1322 2330 mox
1349 2274 1546 2344 quippe
1571 2279 1632 2328 ut
1657 2287 1685 2328 a
1713 2273 1893 2328 carnis

312 2375 658 2446 colligatione
708 2381 927 2437 exeunt,
976 2371 1051 2427 in‘
1089 2369 1293 2425 caelesti
1347 2367 1474 2423 sede
1524 2366 1888 2435 requiescunt,

313 2467 486 2524 Paulo
512 2472 824 2529 attestante,
859 2463 949 2533 qui
978 2463 1089 2519 ait:
1127 2460 1333 2515 Scimus
1371 2458 1616 2530 quoniam
1648 2458 1693 2511 si
1727 2467 1892 2510 terre-

313 2569 441 2614 stris
461 2558 646 2610 domus
673 2563 848 2609 nostra
869 2551 1026 2621 hujus
1055 2549 1388 2604 habitationis
1407 2544 1893 2616 dissolvatur,quod

313 2647 718 2717 cdificationem
754 2659 817 2698 ea:
843 2643 952 2696 Deo
979 2641 1248 2705 habemus,
1274 2639 1486 2696 domum
1521 2653 1622 2692 non
1649 2634 1894 2704 manufa-

313 2748 475 2801 ctam,
502 2745 750 2790 internum
770 2735 824 2788 in
854 2731 1012 2787 cretis.
1039 2733 1193 2787 Prius
1212 2731 1357 2786 enim
1376 2743 1538 2799 quam
1569 2727 1894 2796 Redemptor

314 2839 506 2888 noster
532 2836 706 2883 morte
743 2841 838 2880 sua
871 2824 1088 2879 humani
1127 2822 1340 2894 generis
1367 2835 1584 2890 pmnam
1626 2819 1890 2882 solveret,

314 2935 413 2976 eos
436 2918 599 2974 etiam
622 2917 713 2987 qui
739 2915 973 2972 cmlestis
997 2913 1185 2984 patriae
1221 2913 1337 2968 vias
1366 2911 1537 2967 secuti
1564 2917 1712 2974 sunt,
1743 2909 1890 2977 prius

315 3025 597 3082 egressum
623 3009 804 3065 carnis
844 3007 1038 3062 inferni
1067 3005 1300 3060 claustra
1333 3009 1654 3068 tenuerunt,
1691 3017 1796 3056 non
1835 3009 1894 3056 ut

315 3117 479 3173 pinna
501 3100 651 3170 quasi
675 3107 931 3170 peccator
955 3096 1302 3167 plecteretur,
1329 3093 1424 3149 sed
1455 3092 1634 3162 potius
1665 3091 1720 3146 in
1758 3091 1890 3146 locis

315 3193 697 3260 remotioribus
739 3190 1097 3260 quiescentes,
1136 3187 1262 3258 (lilia
1300 3184 1528 3240 ηθθάυῐη
1573 3182 1888 3239 intercessio
1916 3185 1959 3244 C
1991 3207 2099 3248 non
2134 3191 2262 3246 nudi
2295 3189 2666 3245 inveniemur:
2697 3186 2824 3256 quia
2861 3186 2914 3239 in
2943 3184 3200 3240 interiore
3227 3184 3441 3238 homine
3471 3183 3568 3238 ha-
3645 3183 3666 3204 ’

315 3283 632 3344 mediatoris
645 3282 959 3344 advenerat,
983 3279 1051 3334 ab
1067 3277 1309 3348 ingressu
1327 3275 1475 3346 regni
1500 3281 1682 3329 reatus
1703 3273 1891 3344 primm

317 3376 494 3445 culpae
535 3373 900 3443 prohibuerat.
951 3367 1104 3428 Unde
1141 3367 1296 3438 juxta
1336 3366 1476 3421 idem
1519 3364 1892 3434 Redemptoris

321 3462 721 3527 testimonium,
765 3460 914 3516 dives
956 3457 1046 3528 qui
1077 3457 1215 3528 apud
1263 3454 1465 3518 inferos
1503 3461 1803 3524 torquetur.
1837 3454 1891 3507 in

317 3555 443 3610 sinu
493 3553 724 3609 Abrahae
779 3549 1120 3620 requiescere
1193 3548 1458 3610 Lazarum
1500 3545 1894 3615 contemplatur

317 3647 475 3718 (Luc.
505 3649 638 3716 xvr),
665 3645 755 3714 qui
777 3641 1039 3713 profecto,
1066 3641 1111 3696 si
1141 3641 1314 3706 adhuc
1343 3641 1395 3695 in
1424 3639 1548 3694 imis
1581 3655 1686 3694 non
1713 3646 1888 3703 esset,

319 3739 427 3796 hoc
453 3738 544 3792 ille
579 3738 631 3792 in
661 3736 943 3792 tormentis
985 3733 1192 3804 positus
1229 3747 1336 3788 non
1376 3731 1601 3786 videret.
1641 3730 1794 3786 Unde
1838 3738 1894 3790 et

321 3831 468 3884 idem
497 3829 823 3898 Redemptor
843 3841 940 3897 pro
961 3833 1158 3880 nostra:
1179 3825 1347 3894 culpa:
1365 3823 1546 3880 debito
1570 3824 1893 3880 occumbens

318 3919 530 3975 inferna
553 3925 819 3988 penetrat,
852 3924 914 3970 ut
938 3930 1086 3980 suos,
1122 3915 1213 3985 qui
1243 3915 1292 3969 ei
1321 3913 1668 3976 inhaeserant,
1697 3913 1764 3966 ad
1785 3925 1895 3972 cm-

319 4013 478 4070 lestia
507 4012 760 4068 reducat:
792 4009 883 4065 sed
911 4024 1016 4078 quo
1045 4023 1186 4063 nunc
1204 4008 1364 4062 homo
1387 4007 1689 4076 redemptus
1709 4020 1896 4060 ascen-

321 4105 436 4168 dat,
467 4103 591 4158 illuc
634 4102 876 4173 profecto
902 4103 944 4156 si
982 4115 1203 4172 peccare
1248 4099 1538 4163 noluisset,
1573 4099 1738 4153 etiam
1781 4097 1896 4152 sine

320 4193 690 4262 redemptione
733 4193 1082 4263 pertingeret.
1131 4190 1352 4246 Sederet
1393 4205 1521 4260 ergo
1557 4189 1640 4244 vir
1680 4194 1897 4242 sanctus

317 4285 448 4355 quia
496 4284 542 4339 si
593 4299 700 4338 non
743 4291 1022 4352 peccasset
1061 4281 1187 4342 illuc
1233 4283 1396 4344 etiam
1442 4297 1547 4343 non
1593 4279 1897 4349 redemptus

319 4373 655 4436 ascenderet,
699 4373 766 4428 ad
793 4371 934 4442 quod
974 4373 1356 4442 praedicatores
1400 4377 1615 4424 sanctos
1651 4378 1772 4442 post
1813 4384 1899 4426 re-

321 4463 685 4533 demptionem
724 4477 945 4520 necesse
983 4470 1064 4518 cst
1096 4476 1217 4516 cum
1257 4474 1452 4532 magno
1491 4458 1673 4514 labore
1709 4472 1898 4527 perve-

319 4554 460 4608 nire.
491 4551 715 4624 (Ambr.)
745 4551 854 4608 llac
883 4552 1075 4610 fiducia
1105 4551 1234 4606 dicit
1256 4550 1540 4620 Apostolus
1566 4565 1671 4605 non
1694 4551 1890 4605 timen-

321 4643 451 4698 dum
495 4641 712 4700 dissolvi
757 4643 823 4696 de
864 4656 1088 4710 corpore
1131 4640 1381 4696 violentia
1434 4639 1759 4704 inﬁdelium,
1801 4647 1894 4698 aut

319 4742 472 4789 sorte
499 4733 642 4798 vitae,
672 4732 796 4802 quia
822 4740 1119 4802 praeparata
1141 4739 1224 4788 est
1253 4729 1559 4804 hujusmodi
1589 4727 1894 4784 hominibus

322 4824 589 4882 habitatio
611 4823 665 4877 in
696 4822 847 4877 cmlis
873 4831 1092 4885 aeterna,
1125 4830 1184 4876 ut
1207 4821 1271 4875 de
1299 4820 1575 4889 temporali
1603 4828 1658 4874 et
1682 4827 1893 4880 terrena

321 4913 554 4984 expulsi,
585 4913 636 4968 in
665 4921 976 4982 perpetuam
999 4913 1215 4968 domum
1239 4912 1584 4982 recipiantur.
1616 4909 1768 4965 Unde
1793 4912 1894 4966 hoc

323 5017 381 5064 et
407 5008 698 5077 optandum
728 5015 833 5070 est,
862 5006 955 5060 sed
999 5007 1123 5076 quia
1163 5004 1451 5075 optandum
1479 5019 1583 5058 non
1611 5011 1712 5066 est,
1741 5016 1807 5056 ne
1839 5002 1895 5055 in

323 5109 418 5156 tua
443 5083 615 5168 gloria
638 5097 775 5152 alius
801 5104 1016 5167 pereat,
1061 5095 1106 5150 si
1153 5103 1332 5156 tamen
1360 5093 1638 5158 acciderit,
1669 5091 1897 5152 libenter

322 5189 608 5246 ferendum
672 5196 775 5244 est.
829 5186 1160 5242 Terrestrem
1208 5185 1352 5247 enim
1400 5183 1618 5238 domum
1675 5197 1894 5236 carnem

322 5285 470 5342 hanc
487 5282 643 5350 dicit,
671 5283 797 5353 quia
829 5279 1074 5336 mortalis
1114 5287 1226 5344 est,
1254 5285 1312 5332 ut
1342 5278 1385 5332 si
1410 5277 1476 5332 de
1511 5276 1612 5330 hac
1651 5265 1898 5330 dissoluti

325 5373 610 5439 fuerimus,
659 5370 978 5427 aediﬁcatam
1008 5368 1339 5423 inveniemus
1391 5366 1445 5420 in
1485 5364 1636 5420 caelis
1681 5364 1897 5419 domum

325 5473 586 5524 aeternam
609 5482 624 5518 :
646 5463 760 5518 haec
779 5463 968 5518 domus
988 5475 1184 5531 corpus
1204 5459 1504 5514 immortale
1529 5455 1816 5527 signiﬁcat,
1840 5455 1894 5510 in

324 5572 436 5627 quo
459 5565 804 5626 resurgentes
823 5567 1036 5623 semper
1058 5551 1260 5607 erimus
1275 5590 1290 5617 ,
1319 5548 1471 5618 cujus
1503 5547 1676 5603 forma
1700 5545 1813 5616 jam
1841 5545 1898 5600 in

325 5647 480 5702 caelis
500 5653 585 5702 est
613 5646 666 5700 in
702 5644 914 5700 Domini
941 5657 1166 5713 corpore
1189 5639 1478 5696 declarata.
1509 5637 1688 5710 (Aug.)
1717 5637 1896 5705 Quan-

325 5751 486 5808 quam
515 5736 734 5796 Christo
757 5735 1015 5796 inhaerere
1045 5733 1338 5812 cupiamus,
1381 5730 1516 5787 mori
1542 5737 1718 5788 tamen
1743 5729 1896 5790 nolu-

1989 1914 2080 1984 qui
2109 1914 2252 1967 dedit
2279 1914 2425 1969 nobis
2447 1917 2633 1986 pignus
2653 1919 2888 1988 spiritus.
2919 1920 3152 1994 (Ambr.)
3177 1923 3466 1994 Propterea
3489 1928 3569 1982 di-

1991 2005 2067 2060 cit
2093 2005 2147 2060 in
2175 2007 2425 2076 precibus
2449 2008 2744 2079 ingemisci,
2766 2021 2824 2066 ut
2844 2012 3010 2083 gloria
3031 2015 3296 2083 promissa
3323 2016 3391 2072 de
3417 2018 3568 2073 caelis

1990 2096 2161 2166 possit
2204 2106 2546 2168 resurgentes
2584 2099 2806 2156 induere
2825 2142 2849 2166 ,,
2880 2103 2984 2158 hoc
3021 2118 3154 2174 ergo
3198 2106 3568 2164 desiderantes

1991 2188 2248 2246 insistunt
2271 2190 2518 2258 precibus
2551 2205 2617 2248 ne
2655 2201 2968 2262 surgentes;
2997 2202 3214 2264 recepto
3234 2195 3422 2265 utique
3447 2211 3568 2252 cor-

1990 2293 2140 2348 pore,
2174 2279 2324 2344 nudi,
2352 2279 2405 2334 id
2426 2287 2524 2343 est,
2558 2281 2718 2337 alieni
2751 2297 2779 2335 a
2802 2283 3064 2352 promissa
3091 2283 3259 2355 gloria
3291 2285 3569 2343 invenian-

1992 2377 2118 2435 tur;
2161 2371 2263 2425 hoc
2305 2370 2450 2426 enim
2479 2385 2614 2440 opus
2655 2379 2770 2436 est,
2812 2381 2871 2426 ut
2907 2373 3092 2428 induta
3133 2374 3312 2434 anima
3343 2389 3570 2444 corpore

1991 2459 2086 2513 Dei
2107 2458 2311 2528 judicio
2339 2460 2755 2528 superinduatur
2782 2461 2978 2533 gloria,
3005 2477 3125 2532 quae
3147 2471 3230 2518 est
3265 2463 3569 2524 immutatio

1990 2549 2046 2605 in
2081 2549 2379 2611 claritatem
2417 2564 2432 2605 :
2471 2566 2616 2608 mors
2643 2552 2786 2606 enim
2813 2553 2879 2607 de
2909 2561 3054 2614 terra
3090 2561 3198 2620 est,
3241 2557 3568 2616 resurrectio

1990 2649 2168 2694 autem
2201 2641 2266 2695 de
2303 2640 2489 2705 cmlis,
2528 2641 2576 2696 si
2608 2649 2785 2696 tamen
2820 2643 3166 2697 immutemur
3204 2642 3260 2698 in
3304 2643 3564 2714 gloriam;

1990 2730 2150 2799 aliqui
2195 2731 2408 2788 codices
2445 2732 2525 2787 sic
2564 2732 2796 2797 habent,
2834 2731 3088 2802 siquidem
3117 2731 3422 2803 exspoliati,
3463 2749 3568 2788 non

1991 2827 2122 2880 nudi
2155 2827 2500 2890 inveniamur,
2523 2824 2577 2879 id
2601 2833 2702 2888 est,
2727 2825 2773 2880 si
2801 2833 3062 2879 exeuntes
3079 2825 3145 2879 de
3165 2839 3390 2894 corpore
3413 2823 3570 2880 Chri-

1991 2927 2134 2975 stum
2180 2915 2359 2970 vestiti
2407 2913 2702 2968 fuerimus:
2744 2914 2869 2983 quia
2907 2914 3211 2982 quicunque
3252 2913 3306 2967 in
3352 2912 3570 2971 Christo

1989 3009 2319 3080 baptizatur,
2347 3005 2624 3061 Christum
2652 3004 2844 3059 induit.
2877 3002 2934 3058 Si
2964 3004 3148 3072 itaque
3185 3003 3240 3056 in
3271 3001 3442 3060 forma
3474 3003 3570 3062 ba-

1994 3100 2177 3171 ptismi
2204 3107 2258 3153 et
2288 3096 2576 3152 traditione
2611 3093 2968 3152 manserimus
2999 3091 3282 3164 exspoliali
3319 3105 3566 3162 corpore,

1991 3283 2126 3338 bitat
2149 3280 2417 3345 Christus,
2445 3292 2604 3348 quem
2625 3291 2746 3332 cum
2772 3274 2976 3340 induti,
3005 3274 3118 3329 sive
3147 3273 3351 3343 Spiritu
3380 3280 3569 3329 sancto
3613 3309 3618 3313 ι

1992 3375 2116 3430 dato
2137 3372 2312 3436 nobis,
2341 3369 2641 3426 videbimur
2659 3408 2673 3433 ,
2700 3369 2902 3422 erimus
2935 3365 3080 3436 digni
3106 3364 3417 3435 superindui
3443 3379 3568 3434 pro-

1991 3467 2155 3522 missa
2177 3463 2365 3536 gloria,
2397 3463 2452 3516 in
2481 3461 2629 3516 illum
2651 3460 2794 3515 enim
2821 3458 3017 3514 decidit
3038 3457 3301 3527 promissa
3327 3455 3568 3521 claritas,

1993 3575 2152 3629 quem
2178 3557 2372 3612 viderit
2411 3555 2622 3624 signum
2662 3551 2963 3622 adoptionis
3007 3550 3226 3604 habere.
3272 3547 3414 3603 Nam
3445 3563 3568 3602 cum

1991 3667 2196 3714 sumus,
2226 3647 2436 3716 inquit,
2476 3645 2530 3698 in
2559 3644 2657 3698 isto
2686 3658 2930 3711 corpore,
2965 3641 3016 3696 id
3043 3649 3126 3695 est
3153 3639 3398 3702 mortali,
3428 3639 3571 3709 inge—

1992 3740 2256 3793 misrimus
2297 3735 2532 3806 gravati,
2560 3749 2618 3788 eo
2641 3733 2778 3803 quod
2803 3731 3044 3786 nolumus
3073 3730 3195 3784 exui
3222 3771 3238 3796 ,
3265 3732 3355 3783 sed
3389 3743 3573 3800 super-

1994 3833 2162 3895 indui,
2194 3841 2249 3885 ut
2281 3829 2617 3884 absorbeatur
2658 3824 2878 3879 mortale
2915 3824 3011 3878 hoc
3041 3840 3072 3876 a
3107 3823 3229 3877 vita.
3261 3821 3404 3876 Idem
3440 3836 3568 3876 sen-

1993 3939 2086 3980 sus
2114 3931 2214 3979 est.
2238 3922 2361 3979 Ideo
2381 3921 2525 3976 enim
2546 3918 2676 3973 dicit
2700 3923 2948 3988 gravatos
2971 3929 3068 3970 nos
3091 3913 3429 3983 passionibus
3449 3927 3570 3968 cor-

1993 4015 2141 4085 poris
2167 4021 2222 4068 et
2263 4011 2428 4081 ipsius
2453 4007 2635 4066 mundi
2664 4005 3071 4076 tempestatibus
3095 4001 3482 4072 postulationes
3502 4001 3571 4056 ad

1995 4106 2163 4165 Deum
2195 4102 2449 4170 dirigere,
2477 4114 2545 4153 ne
2569 4099 2916 4152 immutemur
2940 4093 3090 4158 victi,
3131 4100 3186 4145 et
3224 4090 3426 4159 indigni
3452 4089 3568 4144 etii--

1994 4196 2222 4265 ciamur,
2255 4192 2347 4248 sed
2383 4198 2437 4247 et
2460 4199 2520 4244 ut
2556 4186 2840 4258 contigerit
2863 4185 3061 4248 exitus,
3082 4187 3490 4252 perseverantes
3515 4179 3568 4233 in

1994 4284 2120 4349 ﬁde,
2145 4283 2313 4339 induti
2331 4279 2664 4341 inveniamur
2679 4285 2866 4332 sancto
2890 4273 3116 4344 Spiritu,
3135 4270 3224 4340 qui
3242 4271 3294 4324 in
3313 4269 3572 4324 substan-

1997 4381 2068 4440 tia
2095 4378 2342 4434 Christus
2366 4383 2450 4430 est
2472 4393 2484 4432 ε
2524 4381 2651 4427 tunc
2677 4371 2820 4425 enim
2845 4367 3154 4440 superindui
3175 4365 3438 4436 promissa
3459 4364 3570 4434 glo‘

1999 4469 2077 4523 ria
2105 4466 2420 4537 poterimus,
2443 4463 2487 4518 si
2515 4461 2662 4520 exuti
2685 4475 2928 4529 corpore,
2952 4472 3056 4512 non
3084 4455 3365 4532 despoliati
3389 4470 3420 4509 a
3445 4470 3567 4510 san-

1918 4527 1972 4588 D
1997 4568 2084 4614 cto
2108 4527 2316 4626 Spiritu
2338 4527 2600 4612 fuerimus
2629 4571 2642 4610 ς
2671 4551 2750 4606 sic
2776 4527 3002 4604 mortale
3027 4527 3344 4602 absorbetur
3371 4559 3400 4597 a
3425 4544 3534 4598 vita
3551 4583 3567 4608 ,

1999 4650 2051 4706 id
2084 4656 2185 4713 est,
2217 4655 2276 4701 ut
2312 4651 2654 4714 resurgentes
2686 4636 3135 4709 superinduamur
3167 4632 3570 4688 immortalitate

1998 4755 2122 4797 cum
2151 4736 2341 4808 gloria,
2366 4749 2438 4789 ne
2459 4733 2598 4788 ultra
2624 4731 2763 4788 mori
2785 4728 2979 4799 possit,
3001 4733 3094 4781 aut
3110 4721 3451 4794 passiouibus
3470 4723 3571 4778 im-

1996 4827 2207 4900 plicari,
2243 4827 2344 4881 hoc
2369 4831 2476 4889 est,
2499 4820 2774 4878 absorberi
2797 4835 2827 4876 a
2850 4819 2958 4874 vita
2977 4858 2993 4884 ,
3023 4817 3147 4887 quia
3175 4815 3377 4876 adhoc
3397 4815 3570 4885 surgit

1997 4934 2066 4974 ne
2092 4917 2269 4988 panis
2288 4923 2496 4985 agatur.
2522 4911 2625 4978 Qui
2641 4919 2814 4964 autem
2835 4908 3037 4977 perﬁcit
3059 4923 3151 4962 nos
3177 4907 3232 4959 in
3249 4906 3344 4958 hoc
3372 4906 3566 4973 ipsum,

1997 5007 2137 5062 Deus
2161 5015 2235 5060 est
2258 5005 2347 5076 qui
2371 5003 2511 5057 dedit
2539 5000 2684 5055 nobis
2709 5000 2893 5068 pignus
2909 4997 3183 5068 Spiritum.
3200 4995 3312 5050 lloc
3331 4994 3568 5064 quodin-

1997 5095 2355 5166 gemiscentes
2380 5090 2670 5162 poscimus,
2694 5087 2746 5141 id
2767 5095 2868 5152 est,
2893 5101 2998 5140 non
3018 5094 3076 5140 ut
3103 5085 3250 5150 exui,
3277 5083 3372 5138 sed
3400 5090 3458 5136 ut
3479 5097 3569 5137 su-

1997 5182 2244 5254 perindui
2292 5193 2616 5243 mereamur,
2665 5175 2819 5246 juxta
2859 5175 3224 5244 supradictum
3266 5185 3482 5226 sensum
3515 5171 3566 5222 in

2004 5275 2088 5329 die
2113 5271 2298 5341 iudicii
2331 5270 2497 5324 Deum
2521 5268 2780 5338 perficere
2808 5266 2971 5330 dicit,
2995 5265 3119 5335 quia
3145 5262 3391 5333 promisit
3424 5269 3478 5315 et
3508 5258 3570 5313 ﬁ-

2005 5366 2138 5424 delis
2165 5374 2266 5428 est,
2291 5364 2425 5418 dans
2451 5360 2609 5431 hujus
2647 5359 2728 5419 rei
2755 5357 3035 5428 impleudae
3060 5356 3251 5426 pignus
3277 5353 3565 5424 Spiritum,

2005 5455 2118 5525 ipse
2145 5460 2230 5508 est
2253 5450 2398 5506 enim
2424 5450 2755 5521 signaculum
2794 5448 3094 5517 ad0ptionis
3135 5454 3355 5500 nostrae.
3386 5442 3565 5514 (Anq)

1955 5615 1957 5618 q
2002 5546 2368 5616 Aggravamur
2381 5557 2509 5612 ergo
2523 5539 2855 5612 corruptibili
2870 5553 3113 5610 corpore,
3127 5547 3183 5592 et
3197 5536 3365 5606 ipsius
3377 5548 3567 5605 grava-

2003 5637 2164 5698 tionis
2177 5651 2396 5692 causam
2417 5650 2522 5690 non
2555 5643 2801 5695 naturam
2820 5629 3280 5697 substantiamque
3304 5621 3566 5691 corporis.

2003 5729 2098 5789 ³θά
2121 5727 2237 5800 eius
2254 5727 2651 5800 corruptionem
2673 5725 2924 5790 scientes,
2940 5721 3186 5778 nolumus
3207 5728 3426 5785 corpore
3446 5727 3570 5787 spo-
