4022 6338
513 353 615 412 ιεῖ

1141 345 1204 398 Β.
1246 341 1498 398 BABAN!
1525 339 1755 396 ‘MAURI
1792 337 2106 393 ARCHIEP.
2151 335 2460 392 MOGUNT.
2503 333 2788 390 OPERUM
2827 328 3006 387 PARS
3043 332 3128 386 IH.

3665 328 3778 392 “Si.

514 475 654 535 liari,
687 469 778 534 sed
807 468 924 539 ejus
956 464 1358 519 immortalitate
1386 460 1572 515 vestiri
1601 477 1613 512 :
1659 468 1784 512 tunc
1813 455 1955 509 enim
1984 453 2088 508 erit
2111 459 2159 514 Α
2187 451 2544 522 perfruemur.
2573 448 2775 539 (Greg.)
2801 448 3056 539 Quisquis
3077 459 3204 539 ergo
3233 451 3557 539 omniaquae
3577 443 3654 499 ibi
3675 444 3769 539 lia-

516 575 735 631 eorpus,
761 559 854 613 sed
887 558 1014 626 quia
1034 555 1383 626 corruptibile
1404 553 1661 617 nouoerit,
1691 567 1798 605 non
1825 549 2087 620 gravabit.

517 655 653 711 Nam
681 653 736 706 in
764 650 972 720 psalmo
997 649 1253 722 scriptum
1291 655 1375 703 est
1402 665 1414 700 :
1458 645 1670 702 Salvam
1701 644 1867 714 fecisti
1909 643 1974 696 de
2008 658 2097 696 ne-

2193 539 2366 596 benda
2394 547 2538 604 sunt,
2564 539 2652 594 hic
2672 537 2787 592 vult
2811 537 3032 603 habere,
3058 535 3217 592 fidem
3236 549 3294 589 se
3315 533 3522 590 indicat
3543 549 3652 588 non
3676 532 3780 588 ιη..

2192 631 2350 692 bere.
2395 631 2450 685 in
2498 629 2775 700 Scriptura
2801 643 2958 686 sacra
2995 627 3351 698 appellatione
3389 626 3636 696 pignoris
3679 625 3774 682 ali.

519 719 844 801 cessitatibus
867 719 1287 796 auimamﬁmeam
1315 738 1489 810 (Psa‘l.
1521 736 1673 806 xxx).
1704 734 1842 802 Quid
1870 733 1983 803 jam
2010 733 2094 787 di-
2193 721 2410 791 quando
2435 720 2575 776 dona
2607 720 2839 790 δΡίΓίιυε
2855 721 3048 786 sane“:
3063 719 3351 789 aliquando
3373 733 3506 774 νεξΓο
3529 720 3775 788 είεηειιιι·

521 851 641 896 eam
665 834 731 888 de
759 831 1082 889 necessitate
1107 829 1276 899 ipsius
1299 826 1676 882 mortalitatis?
1713 825 1850 880 mori
1875 837 2097 878 necesse

520 933 624 988 est,
655 929 711 977 et
739 936 897 976 nemo
930 920 1043 975 vult
1067 920 1211 994 quod
1233 933 1454 974 necesse
1481 925 1562 974 est
1577 957 1595 986 ,
1617 916 1749 973 dura
1771 914 2094 976 necessitas,

520 1012 666 1068 nolle
690 1008 833 1080 quod
861 1023 967 1072 non
994 1015 1174 1077 potest
1197 1007 1377 1064 vitari.
1409 1005 1546 1060 Nam
1594 1005 1638 1059 si
1671 1003 1750 1060 sic
1773 1003 1891 1058 fieri
1918 1008 2102 1072 posset

523 1101 785 1158 nollemus
809 1099 996 1168 utique
1029 1099 1167 1164 mori
1199 1106 1254 1154 et
1281 1097 1418 1152 eilici
1443 1097 1584 1166 quod
1616 1095 1790 1166 angeli
1817 1094 2096 1159 vellemus,

525 1191 618 1248 sed
638 1189 1055 1245 commutatione
1077 1188 1316 1259 quadam
1332 1202 1436 1242 non
1459 1195 1631 1253 morte
1650 1186 1789 1240 sicut
1811 1185 1941 1240 dicit
1960 1185 2100 1255 Apo-

527 1280 724 1336 stolus:
752 1280 951 1335 etenim
974 1277 1066 1347 qui
1094 1291 1280 1332 sumus
1308 1277 1360 1330 in
1393 1277 1496 1330 hac
1521 1275 1854 1340 habitatione
1878 1273 2101 1344 ingemi-

526 1372 726 1428 scimus
769 1367 1005 1442 gravati,
1035 1383 1101 1423 eo
1129 1366 1272 1440 quod
1300 1367 1549 1421 nolumus
1577 1364 1826 1436 spoliari,
1869 1365 1964 1419 sed
2005 1379 2099 1418 su-

2197 811 2464 869 eonfessio
2494 813 2723 891 peccati.
2747 812 2956 883 ‘Pignus
2994 826 3227 880 namque
3267 811 3536 881 accipitur
3573 811 3776 866 donum

2197 902 2429 972 Spiritus
2465 903 2637 958 sancti
2666 903 2808 958 sicut
2847 917 2946 972 per
2983 896 3209 964 Paulum
3247 900 3477 968 dicitur,
3516 902 3608 972 qui
3633 901 3776 956 dedit

2197 992 2343 1047 nobis
2365 993 2551 1063 pignus
2575 991 2846 1062 Spiritum,
2871 1000 2928 1046 at
2946 992 3049 1047 hoc
3077 991 3222 1046 enim
3243 991 3436 1062 pignus
3459 991 3774 1062 accipimus,

2197 1091 2259 1137 ut
2289 1083 2355 1138 de
2378 1083 2735 1152 promissione
2756 1097 2876 1152 quae
2896 1083 3052 1138 nobis
3081 1081 3158 1144 fit,
3194 1082 3572 1138 certitudinem
3597 1091 3778 1138 tenea—

2197 1189 2338 1228 mus.
2364 1173 2571 1228 Donum
2592 1188 2720 1244 ergo
2741 1171 2976 1244 Spiritus
2997 1172 3169 1233 sancti
3195 1171 3389 1243 pignus
3410 1172 3630 1237 dicitur,
3649 1171 3778 1241 quia

2199 1279 2298 1335 per
2321 1263 2422 1318 hoc
2446 1272 2634 1318 nostra
2655 1263 2835 1322 anima
2862 1263 2931 1318 ad
2959 1263 3238 1318 interioris
3260 1262 3372 1333 spei
3399 1262 3779 1328 certitudinem

2200 1344 2504 1410 roboratur.
2535 1352 2740 1408 Rursus
2767 1353 3006 1423 pignoris
3032 1352 3247 1406 nomine
3271 1352 3479 1421 peccati
3507 1351 3780 1408 confessio

526 1460 832 1534 pervestiri,
869 1460 1114 1516 volumus
1155 1458 1440 1530 pervenire
1484 1457 1552 1512 ad
1591 1471 1817 1528 regnum
1840 1457 1966 1522 Dei,
2009 1456 2104 1516 sed
2203 1447 2338 1503 solet
2362 1445 2606 1517 intelligi,
2639 1445 2779 1501 sicut
2807 1446 2863 1501 in
2885 1445 3003 1516 lege
3033 1446 3292 1516 scriptum
3317 1454 3437 1502 est:
3469 1445 3604 1500 Cum
3634 1447 3783 1502 debet

525 1541 758 1612 mortem
785 1549 1057 1619 nolumus,
1089 1549 1490 1620 ingemiscimus
1527 1548 1766 1619 gravati,
1809 1547 2106 1610 secundum.
2203 1538 2296 1594 tibi
2313 1537 2579 1609 quippiam
2604 1537 2770 1607 frater
2797 1545 2917 1591 tuus
2936 1578 2950 1603 ,
2987 1547 3034 1590 et
3065 1535 3342 1592 abstuleris
3379 1537 3567 1608 pignus
3595 1537 3661 1591 ab
3690 1554 3794 1604 eo,

527 1651 654 1708 il-lud
681 1651 970 1723 Scriptura:
997 1647 1102 1703 alio
1137 1647 1297 1702 loco:
1337 1641 1537 1712 Corpus
1577 1640 1716 1711 quod
1741 1639 2104 1710 corrumpitur
2204 1640 2325 1723 ante
2351 1630 2476 1685 solis
2520 1645 2766 1684 occasum
2798 1629 2984 1723 pignus
3016 1628 3456 1723 restituelExod.
3494 1629 3652 1700 nu),
3678 1629 3785 1723 qui

527 1750 774 1812 aggravet
801 1717 1053 1804 animam,
1079 1745 1126 1792 et
1153 1734 1396 1805 deprimit
1423 1741 1627 1787 terrena
1652 1729 1964 1784 inhabitatio
1989 1745 2106 1783 seu-
2207 1722 2354 1812 enim
2389 1729 2682 1812 peccatum
2733 1719 3191 1812 quod‘commisit
3228 1717 3456 1789 fatetur,
3485 1729 3542 1776 et
3566 1720 3787 1776 veniam

524 1807 640 1886 sum
681 1831 844 1886 multa
875 1829 1185 1900 cogitantem
1213 1827 1370 1899 (Sap.
1406 1823 1506 1895 rx).
1534 1823 1706 1894 Ergo.
1737 1823 1842 1888 ait,
1873 1821 2104 1893 ingemi-
2131 1816 2181 1877 B
2208 1811 2358 1882 petit,
2380 1809 2492 1879 jam
2521 1810 2673 1880 quasi
2701 1824 2799 1900 pro
2825 1807 3004 1864 debito
3031 1809 3222 1900 pignus
3243 1809 3418 1900 dedit,
3434 1809 3591 1900 quod
3626 1809 3790 1900 nimi-

527 1924 726 1979 scimus
751 1922 977 1992 gravati,
1005 1920 1106 1976 sub
1129 1917 1342 1976 sarcina
1371 1917 1579 1974 scilicet
1603 1915 1967 1986 corruptibilis
1987 1930 2107 1971 car-.

528 2015 612 2069 uis
659 2013 1059 2084 ingemiscimus
1099 2009 1332 2083 gravati.
1381 2008 1439 2063 Si
1483 2007 1826 2078 ingemiscis,
1873 2005 2106 2062 libenter

527 2117 667 2173 pone
690 2103 957 2160 sarcinam
981 2101 1140 2156 istam
1161 2141 1177 2166 ,
1205 2106 1352 2154 certe
1382 2097 1735 2167 ingemiscere
1761 2112 1819 2152 se
1846 2097 1982 2151 dixit
2006 2097 2106 2152 sub

530 2193 634 2247 hoc
653 2205 836 2256 onere,
867 2191 1080 2263 gravari
1116 2206 1174 2246 se
1199 2188 1335 2245 dixit
1362 2187 1463 2244 sub
1501 2187 1710 2243 sarcina
1737 2186 2107 2256 corruptibilis

532 2283 791 2352 corporis,
821 2282 942 2338 vide
960 2289 1138 2336 utrum
1164 2280 1293 2337 velit
1314 2280 1420 2335 hoc
1438 2293 1604 2334 onere
1625 2279 1860 2349 spoliari,
1879 2278 1978 2334 sub
1999 2293 2108 2349 quo

533 2381 806 2446 gravatur,
832 2373 931 2428 sub
959 2387 1066 2442 quo
1092 2370 1414 2442 ingemiscit,
1448 2385 1556 2425 non
1586 2370 1688 2431 hoc
1716 2369 1981 2440 sequitur,
2011 2368 2108 2425 sed

535 2463 676 2534 quod
696 2464 789 2528 ait,
805 2464 859 2517 in
882 2479 982 2533 quo
1010 2461 1254 2516 nolumus
1281 2459 1582 2530 exspoliari.
1599 2458 1644 2515 Ο
1669 2474 1856 2515 vocem
1877 2466 2106 2525 naturae,

535 2553 925 2614 confessionem
963 2567 1167 2623 ptume,
1219 2567 1381 2624 grave
1426 2566 1624 2623 corpus
1661 2559 1776 2617 est,
1821 2565 2110 2606 onerosqu

535 2658 731 2712 corpus
751 2649 854 2708 est,
885 2642 1236 2712 corruptibile
1256 2657 1450 2712 corpus
1470 2650 1577 2708 est,
1608 2643 1774 2712 gemit
1799 2643 1899 2697 sub
1921 2641 2032 2708 illo,
2058 2649 2114 2696 et

537 2747 645 2788 non
669 2733 894 2790 libenter
915 2733 1218 2800 deseritur;
1259 2733 1528 2798 uolumus,
1560 2733 1767 2804 inquit,
1795 2734 1874 2788 sic
1903 2746 2112 2788 reman-

537 2839 694 2879 surus
721 2840 780 2879 es
807 2839 1024 2895 gemens
1043 2825 1072 2880 ἳ-
1095 2833 1150 2880 et
1177 2825 1224 2880 si
1264 2825 1574 2896 ingemiscis
1615 2835 1867 2897 gravatus
1887 2865 1904 2892 ,
1947 2841 2113 2897 quare

537 2914 758 2985 spoliari
785 2929 891 2970 non
917 2915 1042 2971 vis?
1077 2931 1188 2972 non
1230 2917 1439 2994 inquit,
1486 2917 1609 2972 vide
1653 2917 1794 2988 quod
1828 2917 2072 2988 sequitur
2095 2958 2118 2988 ,t

541 3005 783 3074 uolumus
812 3007 1046 3078 spoliari,
1068 3009 1158 3063 sed
1187 3009 1537 3080 supervestiri,
1569 3010 1668 3064 sub
1688 3020 1901 3065 terrena
1933 3011 2112 3066 tunica

541 3109 715 3168 gemo,
747 3095 814 3150 ad
841 3096 1110 3153 caelestem
1139 3107 1342 3154 vestem
1368 3098 1563 3164 festino
1589 3115 1603 3162 ;
1640 3099 1788 3153 illam
1815 3101 1935 3155 volo
1965 3101 2110 3156 acci-

2207 1916 2326 1956 rum
2345 1901 2538 1972 pignus
2559 1907 2683 1954 ante
2704 1899 2832 1954 solis
2853 1913 3105 1958 occasum
3126 1897 3353 1952 reddere
3370 1897 3645 1967 iubemur,
3661 1897 3792 1968 quia

2205 1991 2520 2062 priusquam
2543 1991 2597 2044 in
2637 1988 2793 2044 nobis
2816 2003 2914 2058 per
2945 1987 3182 2042 dolorem
3231 1987 3409 2044 cordis
3450 1987 3532 2043 sol
3563 1987 3806 2058 iustitiae.

2205 2079 2445 2144 occidat,
2471 2079 2729 2136 debemus
2750 2077 2800 2132 ei
2830 2075 3228 2133 confessionem
3256 2078 3430 2134 veniae
3465 2078 3697 2134 reddere
3714 2119 3732 2144 ,
3760 2093 3790 2132 a

2207 2185 2314 2242 quo
2339 2168 2737 2226 confessionem
2761 2169 3068 2240 accepimus
3101 2169 3318 2252 culpas...

2279 2284 2538 2339 Audentes
2557 2281 2718 2352 igitur
2739 2297 2938 2349 semper
2959 2290 3006 2335 et
3031 2282 3248 2346 scientes
3275 2281 3522 2350 quoniam
3553 2281 3680 2334 dum
3704 2295 3797 2334 su—

2209 2391 2322 2430 mus
2343 2375 2398 2441 in
2422 2378 2518 2428 hoc
2542 2391 2755 2445 corpore
2773 2374 3170 2444 peregrinamur
3193 2389 3225 2426 a
3249 2373 3496 2438 Domino,
3520 2389 3613 2442 per
3633 2373 3796 2442 ﬁdem

2210 2465 2346 2521 enim
2372 2463 2722 2530 ambulamus,
2759 2473 2808 2518 et
2839 2479 2942 2518 non
2969 2480 3061 2533 per
3086 2464 3326 2534 speciem.
3362 2463 3589 2536 (Ambr.)
3619 2463 3796 2518 Mani-

2210 2555 2406 2612 festum
2433 2564 2539 2623 est,
2565 2556 2690 2626 quia
2717 2571 2814 2626 per
2837 2554 2996 2610 ﬁdem
3017 2569 3139 2609 cum
3176 2555 3402 2610 Domino
3430 2570 3646 2619 sumus,
3681 2570 3797 2610 non

2212 2661 2310 2717 per
2335 2647 2676 2718 prmsentiam
2695 2687 2709 2713 ,
2737 2661 2801 2702 ac
2824 2661 2920 2716 per
2949 2646 3048 2700 hoc
3071 2645 3478 2717 peregrinamur
3511 2660 3618 2700 non
3655 2644 3812 2712 ﬁde,

2212 2739 2306 2796 sed
2337 2740 2533 2810 specie.
2555 2739 2621 2794 Et
2645 2753 2835 2808 quare,
2864 2739 3146 2794 cumidem
3168 2737 3309 2793 dicat
3329 2738 3382 2793 in
3403 2739 3554 2794 Actis
3578 2748 3798 2809 aposto-

2212 2831 2385 2887 lorum
2411 2849 2424 2885 :
2467 2830 2532 2885 In
2561 2832 2670 2901 ipso
2695 2832 2831 2886 enim
2869 2831 3116 2896 vivimus,
3148 2839 3196 2884 et
3232 2846 3518 2896 uteremur,
3539 2841 3585 2885 et
3611 2847 3797 2886 sumus

2215 2922 2354 2995 (Act.
2384 2922 2540 2993 xvu),
2565 2923 2667 2978 hoc
2693 2922 2813 2978 loco
2838 2920 3169 2993 peregrinari
3187 2935 3284 2976 nos
3311 2936 3342 2975 a
3363 2921 3586 2976 Domino
3615 2921 3797 2986 dicat;

2215 3015 2262 3069 si
2300 3011 2497 3082 ubique
2542 3019 2654 3077 est,
2686 3011 2956 3084 quomodo
3000 3011 3088 3073 hic
3121 3011 3281 3082 positi
3325 3012 3741 3082 peregrinamur
3769 3029 3802 3067 a

2219 3103 2486 3159 Domino?
2509 3102 2624 3158 sine
2649 3102 2812 3158 dubio
2845 3103 3075 3173 ubique,
3102 3103 3211 3157 imo
3235 3103 3412 3156 omnia
3441 3103 3494 3157 iu
3518 3104 3636 3173 Deo.
3650 3111 3801 3168 sunt,

543 3201 688 3257 pere,
717 3187 874 3240 istam
902 3188 1024 3243 nolo
1043 3203 1260 3258 ponere,
1282 3190 1334 3244 in
1358 3205 1464 3259 qua
1487 3190 1735 3252 nolumus
1762 3192 2004 3262 spoliari,
2023 3193 2118 3253 sed
2144 3174 2188 3238 ε
2221 3197 2314 3252 sed
2336 3196 2461 3267 quia
2489 3196 2646 3252 sedes
2671 3195 2766 3251 Dei
2795 3195 2846 3249 in
2872 3195 3022 3250 caelis
3044 3201 3157 3260 est,
3182 3204 3234 3249 et
3270 3195 3376 3250 illic
3401 3211 3612 3264 semper
3643 3195 3804 3250 vide-

544 3280 913 3349 supervestiri.
963 3281 1102 3352 Ergo
1150 3282 1311 3337 Paule
1360 3282 1649 3354 intelligam
1678 3292 1764 3351 te,
1791 3287 1921 3355 quid
1949 3287 2113 3350 dicis,

547 3369 640 3424 ﬁet
673 3368 865 3438 injuria
897 3378 1046 3426 tanta
1078 3370 1153 3426 illi
1193 3371 1402 3427 caelesti
1435 3374 1784 3441 vestimento,
1835 3384 1892 3430 ut
1936 3376 2121 3432 veniat

548 3461 641 3516 tibi
675 3462 962 3530 superbos
987 3477 1190 3532 pannos
1229 3463 1570 3519 mortalitatis
1615 3473 1671 3521 et
1715 3466 2078 3536 corruptionis
2101 3504 2117 3530 ,

546 3559 606 3604 ut
631 3551 734 3606 hoc
764 3551 835 3606 sit
859 3550 1106 3618 inferius,
1134 3553 1265 3607 illud
1286 3555 1554 3624 superius,
1583 3555 1688 3612 hoc
1712 3556 1960 3623 interius,
1991 3557 2134 3614 illud-

547 3643 800 3698 exterius.
823 3642 998 3707 Absit,
1027 3644 1218 3712 inquit,
1234 3660 1339 3699 non
1366 3644 1444 3700 sic
1467 3645 1608 3710 dico,
1628 3647 1745 3702 nolo
1769 3647 2006 3716 spoliari,
2029 3648 2120 3702 sed

545 3719 903 3802 supervestiri,
948 3748 1054 3793 non
1083 3742 1262 3791 tamen
1305 3745 1362 3790 ut
1400 3737 1500 3792 sub
1526 3737 1928 3808 incorruptione
1956 3737 2123 3804 lateat

551 3822 844 3892 Corruptio,
885 3826 979 3878 sed
1013 3835 1072 3880 ut
1115 3825 1468 3886 absorbeatur
1490 3828 1721 3894 mortale
1751 3845 1781 3883 a
1811 3829 1953 3894 vita,
1985 3829 2120 3899 bene

551 3910 864 3973 exclamasti
891 3913 984 3983 qui
1011 3912 1320 3985 Scripturas
1347 3915 1509 3981 nosti,
1540 3918 1633 3972 sed
1659 3933 1728 3974 ne
1753 3918 1946 3988 aliquis
1973 3920 2124 3990 igua--~

551 4015 644 4055 rus
671 3997 1072 4070 Scripturarum
1094 4005 1257 4060 verba
1288 4019 1407 4061 mea
1449 4014 1632 4075 putet,
1664 4007 1951 4064 subsecuta
1971 4010 2121 4074 Pauli

552 4099 678 4145 sunt
699 4079 862 4148 verba
883 4133 898 4159 ,
927 4095 1106 4150 omnia
1138 4095 1235 4149 ista
1275 4095 1566 4173 apostolica
1599 4098 1763 4152 verba
1792 4109 1945 4166 sunt,
1974 4101 2123 4172 inge-

551 4183 829 4239 miscimus
856 4186 1094 4254 gravati,
1136 4187 1191 4239 in
1231 4203 1333 4255 quo
1364 4187 1604 4241 nolumus
1641 4189 1874 4257 spoliari,
1905 4191 1996 4245 sed
2032 4209 2120 4250 su-

553 4273 840 4338 pervestiri,
869 4283 923 4325 ut
949 4274 1285 4328 absorbeatur
1318 4277 1535 4336 mortale
1563 4295 1596 4330 a
1623 4279 1750 4344 vita,
1777 4281 1914 4347 bene
1939 4289 2118 4348 tenes,

553 4362 699 4430 quod
723 4362 851 4417 alibi
881 4365 1015 4419 dicis
1041 4365 1108 4418 de
1149 4367 1545 4424 resurrectione
1585 4371 1829 4439 corporis
1858 4371 2116 4442 loquens:

467 4502 470 4505 ,
557 4450 769 4520 Oportet
811 4453 1145 4523 corruptibile
1187 4456 1283 4509 hoc
1316 4456 1530 4512 induere
1575 4460 2034 4532 incorruptionem,
2071 4476 2121 4520 et

555 4539 772 4598 mortale
796 4539 892 4604 hoc
921 4543 1135 4598 induere
1155 4544 1617 4602 immortalitatem.
1649 4549 1781 4603 Cum
1807 4563 1979 4610 autem
2009 4571 2124 4608 cor-

556 4629 794 4699 ruptibile
825 4632 922 4694 hac
950 4633 1176 4690 induerit
1204 4635 1640 4706 incorruptionem
1659 4678 1674 4704 ,
1706 4650 1755 4692 et
1785 4642 2002 4697 mortale
2025 4645 2122 4698 hoc

555 4721 781 4780 induerit
808 4723 1268 4791 immortalitatem,
1310 4736 1432 4782 tunc
1457 4729 1545 4795 ﬁet
1572 4747 1742 4786 sermo
1772 4735 1858 4803 qui
1900 4736 2122 4805 scriptus

555 4819 669 4866 est:
705 4811 960 4882 Absorpta
981 4823 1057 4867 est
1086 4831 1223 4869 mors
1264 4817 1318 4872 in
1355 4817 1565 4874 victoria
1592 4819 1646 4891 (Ι
1671 4820 1792 4875 Cor.
1822 4823 1936 4896 xv).
1971 4825 2123 4891 Quod

559 4901 647 4958 illo
680 4902 798 4958 loco
841 4905 954 4980 ait,
979 4915 1036 4960 ut
1065 4906 1400 4962 absorbeatur
1418 4911 1638 4968 mortale
1667 4929 1700 4973 α
1735 4915 1860 4978 vita,
1892 4914 1993 4969 hoc
2021 4917 2125 4973 isto

557 4995 694 5059 loco,
724 4996 967 5066 absorpta
1005 5009 1078 5051 est
1113 5013 1251 5061 mors
1296 5000 1349 5054 in
1394 5002 1609 5058 victoria
1631 5044 1644 5068 ,
1689 5019 1950 5074 nusquam
1981 5022 2128 5063 mors

559 5102 661 5139 non
693 5086 851 5153 infra,
882 5103 989 5142 non
1020 5105 1200 5158 supra,
1231 5105 1334 5145 non
1361 5091 1517 5156 intra,
1543 5103 1849 5162 nou‘extra,
1874 5100 2127 5170 absorpta

558 5186 641 5231 est
677 5177 822 5231 enim
852 5193 997 5233 mors
1027 5180 1078 5232 iu
1114 5181 1354 5235 victoria.
1394 5180 1496 5238 Ubi
1537 5192 1622 5238 est
1661 5200 1810 5240 mors
1853 5190 2128 5242 contentio

487 5261 492 5268 ’
560 5271 685 5324 tua?
716 5269 818 5334 Qui
857 5281 1062 5336 autent,
1102 5273 1302 5341 inquit,
1350 5275 1550 5345 perﬁcit
1586 5293 1678 5330 nos
1714 5278 1767 5331 in
1811 5280 1908 5332 hoc
1953 5281 2125 5349 ipsum

557 5361 720 5425 Deus,
734 5361 822 5431 qui
845 5361 985 5414 dedit
1012 5362 1156 5416 nobis
1176 5363 1360 5434 pignus
1384 5364 1658 5436 Spiritum.
1677 5369 1794 5424 1am
1809 5386 2125 5440 responsum

559 5465 663 5520 est,
689 5471 810 5510 cum
837 5459 902 5510 de
930 5455 1182 5510 distantia
1222 5461 1502 5526 prmsentis
1539 5468 1596 5516 et
1629 5461 1795 5517 futuri
1840 5464 2017 5519 saeculi
2043 5464 2126 5518 lo-

561 5553 667 5608 cuti
693 5556 908 5622 sumus}:
939 5549 1025 5605 hic
1047 5551 1187 5605 enim
1211 5553 1503 5622 accipimus
1520 5569 1616 5622 per
1634 5554 1826 5625 pignus
1847 5554 2125 5624 Spiritum,

561 5654 617 5704 et
643 5643 885 5700 certandi
915 5653 970 5699 et
1013 5644 1257 5700 vincendi
1289 5645 1461 5707 vires,
1493 5643 1567 5699 ibi
1613 5656 1790 5700 autem
1821 5647 1937 5702 sine
1975 5648 2129 5712 hoste

564 5736 670 5792 ullo
698 5745 916 5794 externo
944 5744 996 5792 et
1024 5736 1250 5804 interno,
1286 5735 1537 5792 inell‘abili
1568 5752 1629 5792 ac
1655 5738 1975 5806 sempiterna
1999 5751 2141 5807 pace.

2223 3297 2330 3354 tur,
2354 3289 2474 3343 ideo
2498 3287 2586 3342 hic
2609 3287 2794 3356 positi,
2827 3286 2916 3340 ubi
2957 3301 3060 3342 non
3097 3285 3340 3350 videtur,
3367 3286 3701 3356 peregrinari
3734 3288 3804 3340 ab

2218 3395 2284 3435 eo
2315 3379 2563 3434 dicimur.
2603 3378 2827 3452 Quando
2865 3378 3008 3433 enim
3057 3392 3161 3436 non
3203 3392 3324 3432 eum
3366 3378 3608 3432 videmus
3631 3419 3645 3443 ,
3677 3377 3818 3441 licet.

2217 3486 2458 3542 praesens
2487 3471 2576 3536 sit,
2601 3471 2851 3525 absentes
2875 3471 2942 3525 ab
2982 3485 3048 3523 eo
3088 3483 3294 3523 sumus.
3334 3469 3597 3523 Audemus
3625 3478 3804 3522 autem

2220 3571 2267 3616 et
2304 3564 2492 3615 bonam
2536 3559 2852 3614 voluntatem
2897 3559 3146 3613 habemus
3190 3559 3355 3629 magis
3399 3557 3727 3628 peregrinari
3772 3575 3805 3610 a

2221 3667 2455 3722 corpore,
2497 3659 2544 3705 et
2583 3659 2858 3721 pra'sentes
2897 3665 3007 3704 esse
3049 3648 3118 3702 ad
3164 3649 3476 3714 Dominum.
3499 3648 3666 3702 Recte
3693 3649 3802 3713 ait,

2221 3739 2498 3804 audemus,
2531 3740 2792 3794 habentes
2818 3739 2962 3794 enim
2993 3737 3242 3798 fiduciam
3271 3737 3644 3808 promissionis
3672 3737 3770 3792 Dei
3790 3779 3818 3805 ,_

2220 3837 2274 3885 et
2303 3830 2537 3886 scientes.
2559 3828 2786 3883 multum
2815 3829 3068 3900 expedire
3096 3828 3202 3884 illic
3235 3843 3385 3894 esse,
3424 3844 3587 3898 quam
3617 3829 3672 3884 in
3704 3844 3806 3885 sa:-

2221 3921 2364 3989 culo,
2402 3921 2744 3978 consentiunt
2772 3929 2828 3975 et
2855 3929 3042 3991 optant
3067 3919 3330 3975 excedere
3357 3919 3422 3974 de
3459 3933 3710 3990 corpore,
3746 3929 3806 3973 ut

2221 4012 2564 4082 requiescant
2590 4025 2760 4081 usque
2791 4011 2860 4065 ad
2886 4010 3028 4067 diem
3061 4008 3469 4068 resurrectionis
3485 4009 3600 4073 ,sub
3631 4007 3808 4062 altare

2221 4103 2339 4159 Dei.
2367 4103 2436 4156 Et
2457 4103 2573 4156 ideo
2593 4102 2972 4165 contendimus,
2995 4102 3098 4156 sive
3119 4099 3373 4165 absentes,
3391 4101 3496 4154 sive
3522 4109 3807 4169 prazseutes

2221 4193 2424 4265 placere
2451 4191 2546 4246 illi.
2575 4191 2633 4248 id
2665 4191 2928 4263 agendum
2954 4191 3104 4257 dicit,
3129 4199 3186 4246 et
3212 4191 3365 4245 bonis
3393 4191 3649 4259 operibus
3675 4191 3808 4244 insi-

2222 4286 2494 4350 stendum,
2533 4293 2592 4338 ut
2619 4285 2732 4339 sive
2758 4284 2810 4338 in
2839 4285 2942 4338 hac
2981 4284 3156 4338 adhuc
3181 4283 3292 4337 vita
3326 4283 3506 4353 positi,
3541 4284 3656 4338 sive
3679 4293 3808 4338 ante

2224 4377 2457 4434 tribunal
2486 4376 2685 4433 Christi
2707 4386 3016 4448 prmsentes,
3040 4376 3349 4444 placeamus
3369 4375 3438 4430 ei.
3464 4374 3618 4430 Unde
3645 4376 3690 4432 si
3721 4376 3808 4430 di-

2225 4469 2448 4544 sciplina
2470 4477 2734 4535 servetur,
2752 4469 2904 4525 ethic
2921 4476 2973 4522 et
2995 4467 3102 4525 illic
3124 4467 3171 4522 ei
3195 4465 3545 4536 placebimus,
3568 4467 3690 4536 quia
3713 4466 3808 4534 qui

2231 4561 2317 4616 hic
2342 4559 2536 4630 placet,
2567 4559 2676 4613 illic
2700 4575 2808 4613 non
2839 4557 3158 4626 displicebit.
3185 4554 3380 4610 Omnes
3408 4557 3542 4609 enim
3567 4571 3662 4609 nos
3686 4572 3808 4608 ma-

2229 4650 2468 4720 nifestari
2493 4659 2689 4721 oportet
2715 4659 2837 4703 ante
2857 4647 3090 4702 tribunal
3113 4646 3329 4710 Christi,
3357 4656 3410 4700 ut
3431 4647 3620 4715 referat
3645 4663 3807 4700 unus-

2227 4742 2441 4812 quisque
2467 4742 2679 4810 prOpria
2700 4741 2951 4809 corporis,
2977 4748 3128 4810 prout
3149 4738 3321 4809 gessit,
3351 4738 3453 4794 sive
3474 4738 3684 4802 bonum,
3701 4739 3810 4792 sive

2228 4831 2444 4895 malum.
2476 4832 2641 4902 Igitur
2669 4831 2712 4886 si
2734 4830 3010 4898 iudicante
3031 4830 3274 4894 Christo,
3307 4829 3676 4898 unusquisque
3705 4845 3812 4884 no—
3905 4857 3914 4872 ι

2232 4930 2403 4975 strum
2431 4919 2572 4978 facta
2607 4919 2850 4992 corporis
2886 4920 3136 4990 recipiet,
3167 4935 3273 4974 non
3311 4920 3494 4987 utique
3533 4920 3650 4974 sine
3687 4935 3812 4978 cor-

2222 5027 2352 5082 pore
2381 5009 2776 5078 adjudicabitur
2809 5011 2949 5065 bono
2971 5018 3062 5064 aut
3093 5009 3252 5073 malo,
3283 5019 3338 5065 et
3363 5025 3469 5064 non
3499 5010 3630 5064 dixit
3666 5010 3810 5066 facta

2225 5103 2435 5167 carnis,
2467 5102 2591 5170 quia
2622 5103 2799 5156 carnis
2822 5101 2952 5155 vitia
2977 5101 3242 5172 punienda
3277 5115 3490 5170 semper
3517 5109 3674 5168 sunt,
3711 5103 3809 5157 sed

2225 5193 2361 5246 facta
2386 5190 2647 5260 corporis,
2674 5191 2800 5260 quia
2828 5191 3118 5261 aliquando
3142 5191 3478 5261 spiritaliter,
3515 5191 3820 5259 aliquando.

2233 5281 2520 5336 carnaliter
2544 5293 2817 5349 operatur.
2852 5281 3032 5353 (Aug.)
3060 5281 3175 5337 Non
3209 5281 3374 5352 igitur
3410 5282 3532 5346 ista,
3559 5297 3680 5350 quae
3707 5297 3810 5350 pro

2231 5372 2497 5427 defunctis
2519 5373 2960 5429 commendandis
2982 5372 3290 5442 frequenter
3309 5375 3564 5430 Ecclesia:
3589 5373 3660 5428 illi
3683 5389 3810 5442 apo-

2229 5464 2431 5519 stolica:
2472 5473 2597 5519 sunt
2645 5464 2869 5521 adversa
2917 5466 3226 5530 sementim,
3273 5483 3379 5536 qua
3423 5465 3627 5521 dictum
3677 5475 3802 5519 est:

2236 5553 2428 5608 Omnes
2470 5553 2606 5608 enim
2649 5555 2900 5609 stabimus
2927 5565 3047 5609 ante
3083 5554 3313 5608 tribunal
3341 5553 3554 5618 Christi,
3585 5563 3642 5606 ut
3670 5553 3805 5622 ferat

2233 5646 2583 5715 unusquisque
2611 5647 2890 5700 secundum
2913 5661 2972 5698 ea
3003 5661 3119 5715 qum
3145 5661 3238 5716 per
3275 5661 3461 5715 corpus
3483 5645 3668 5715 gessit,
3700 5643 3805 5696 sive

2237 5736 2446 5804 bonum,
2486 5737 2590 5792 sive
2631 5737 2845 5790 malum.
2881 5735 3011 5802 Quia
3053 5737 3214 5790 etiam
3261 5735 3361 5791 hoc
3406 5735 3656 5790 meritum
3701 5730 3820 5798 sibi,
