4022 6338
303 360 410 435 iss

789 351 1333 412 ENARRATIONUM
1368 350 1437 407 IN
1473 351 1624 407 EPP.
1663 348 1867 405 PAULI
1907 347 2032 402 LIB.
2079 347 2194 401 ΧΗ.
2233 377 2304 386 -
2339 345 2406 400 1N
2447 344 2666 414 EPIST.
2705 343 2749 396 ll
2783 341 2873 395 AD
2913 341 3070 396 C0“.

3456 339 3556 396 190

304 475 536 546 quisque
573 484 698 528 cum
744 468 798 523 in
843 483 1069 539 corpore
1105 467 1310 522 viveret
1350 463 1700 536 comparavit,
1733 469 1793 516 ut
1829 460 1878 514 ei
1903 461 1960 521 Α
1983 466 2156 511 autem
2177 456 2367 511 resistit
2394 454 2542 528 (Jac.
2570 451 2686 523 1v);
2715 450 3067 522 superborum
3097 451 3242 506 enim
3274 463 3429 506 mens
3453 450 3560 509 fl‘lh

304 570 530 642 possent
575 561 681 630 ista
723 559 1012 630 prodesse,
1053 572 1160 612 non
1188 556 1332 612 enim
1359 554 1608 610 omnibus
1629 559 1876 621 prosunt.

306 645 489 726 Quare
530 668 636 707 non
665 651 916 706 omnibus
943 649 1209 720 prosunt?
1245 647 1347 701 nisi
1379 653 1599 716 propter
1627 642 1877 698 dill‘eren-

307 747 440 818 nam
469 745 611 808 vitze,
639 757 801 811 quam
831 741 1064 813 quisque
1096 739 1262 810 gessit
1295 737 1350 792 in
1371 751 1634 805 corpore;
1677 734 1880 788 facien-

306 838 436 892 dum
461 844 542 890 est
561 833 827 902 judicium
851 840 1012 901 atque
1029 829 1258 904 iustitia,
1283 828 1424 898 quod
1446 827 1602 890 nobis
1624 825 1796 907 prosit
1825 825 1883 880 in

304 934 610 996 posterum,
633 924 852 992 quando
873 922 1064 992 recipit
1089 921 1318 990 quisque
1343 917 1636 983 secundum
1675 931 1740 975 ea
1764 930 1884 986 quae

305 1031 407 1095 per
429 1030 626 1083 corpus
651 1014 836 1083 gessit,
863 1013 979 1070 sive
999 1013 1219 1077 bonum,
1255 1011 1368 1066 sive
1391 1009 1612 1075 malum,
1641 1023 1737 1078 per
1761 1021 1884 1095 cor-

307 1094 411 1174 pus
437 1106 636 1175 quippe
656 1104 730 1160 ibi
756 1103 890 1158 dixit
916 1101 1222 1173 Apostolus,
1249 1113 1346 1172 per
1369 1108 1600 1170 tempus,
1626 1113 1732 1166 quo
1753 1094 1887 1150 vixit

309 1193 368 1248 in
395 1208 644 1262 corpore,
672 1207 845 1272 neque
866 1178 1009 1246 enim
1035 1190 1080 1248 si
1110 1190 1231 1259 quis
1254 1187 1484 1259 maligna
1516 1196 1694 1242 mente
1727 1193 1888 1255 atque

309 1285 478 1358 impia
502 1283 825 1354 cogitatione
844 1282 1198 1352 blasphemet,
1222 1294 1395 1348 neque
1415 1278 1468 1332 id
1487 1277 1610 1332 ullis
1634 1275 1888 1331 membris

311 1382 589 1446 operetur,
618 1374 739 1428 ideo
766 1388 872 1428 non
909 1365 1014 1428 erit
1053 1387 1200 1442 reus,
1229 1371 1354 1441 quia
1379 1369 1435 1438 id
1457 1385 1565 1424 non
1590 1377 1735 1433 motu
1763 1382 1887 1424 cor-

311 1467 464 1541 poris
487 1466 679 1541 gessit,
705 1481 827 1522 cum
857 1467 959 1522 hoc
983 1480 1078 1534 per
1103 1464 1230 1519 illud
1260 1473 1469 1534 tempus
1493 1463 1724 1537 gesserit
1741 1503 1757 1529 ,
1782 1478 1888 1533 quo

313 1539 560 1633 gessitet
582 1539 796 1627 corpus.
812 1557 1011 1622 intueri
1033 1555 1281 1611 convenit
1295 1553 1534 1625 Apostoli
1555 1555 1740 1621 verba,
1763 1555 1889 1624 quia

311 1665 424 1704 non
452 1649 588 1704 dixit
613 1649 815 1705 referre
840 1659 1087 1720 oportere
1110 1664 1231 1706 eum
1262 1647 1352 1717 qui
1377 1645 1680 1716 iudicatur,
1731 1654 1890 1718 prout

314 1739 486 1810 gessit
514 1747 641 1794 ante
669 1733 900 1810 corpus;
934 1738 1278 1803 manifestum
1319 1745 1432 1806 est,
1475 1738 1602 1807 quia
1628 1752 1736 1796 non
1765 1745 1890 1794 ante

1980 555 2128 614 ctum
2159 562 2267 601 non
2289 545 2418 601 facit
2445 545 2509 599 de
2529 545 2639 598 Deo
2660 541 2900 612 dignum.

2051 638 2174 694 Sive
2213 654 2333 709 ergo
2363 646 2528 692 mente
2570 635 2885 699 accedimus,
2928 631 3038 686 Deo
3061 643 3081 682 .'
3110 631 3215 693 sive
3258 629 3418 684 sobrii
3463 646 3558 684 su-

1980 743 2118 796 mus,
2149 726 2309 784 vobis.
2340 724 2454 795 Hoc
2477 723 2626 788 dicit,
2661 721 2785 792 quia
2811 721 2859 776 si
2905 719 3046 774 elate
3071 717 3158 774 vel
3199 717 3430 790 superbe
3455 733 3560 789 pu-

1982 824 2128 870 tatur
2145 815 2374 880 locutus,
2397 814 2518 884 quia
2539 812 2758 882 laudare
2776 826 2835 876 se
2855 810 3005 879 visus
3025 817 3131 878 est,
3150 824 3336 863 verum
3356 808 3563 880 dicens,

1981 907 2094 961 Deo
2121 904 2224 960 hoc
2256 903 2663 968 remittendum;
2695 902 2739 956 si
2774 909 2952 955 autem
2987 914 3096 955 non
3137 899 3366 969 superbe
3403 897 3561 952 intel-

1982 995 2188 1066 ligitur,
2217 995 2312 1050 sed
2342 995 2408 1050 ad
2437 993 2660 1063 gloriam
2686 990 3018 1062 audientium
3046 1004 3166 1058 esse
3193 989 3424 1058 locutus,
3455 988 3561 1043 Co-

1985 1085 2203 1141 rinthiis
2227 1085 2491 1156 proﬁcere
2513 1084 2663 1150 dicit,
2685 1091 2745 1137 ut
2778 1092 2903 1137 tunc
2927 1096 3118 1136 sanum
3145 1082 3216 1137 sit
3243 1081 3444 1136 dictum
3473 1096 3565 1134 au-

1988 1177 2288 1241 dientibus,
2321 1176 2367 1231 si
2407 1177 2480 1232 ita
2509 1175 2836 1246 intelligatur
2863 1182 2924 1228 ut
2966 1174 3165 1229 dictum
3215 1181 3330 1237 est;
3382 1172 3428 1228 si
3473 1187 3566 1226 au-

1988 1277 2097 1324 tem
2137 1269 2406 1338 jactanter
2448 1275 2665 1338 putetur
2695 1266 2914 1334 dictum,
2940 1263 3088 1322 velut
3116 1263 3363 1317 insanum
3394 1278 3423 1316 a
3457 1261 3574 1316 Deo.

1989 1355 2364 1413 dimittendum
2389 1373 2402 1409 :
2433 1355 2610 1410 omnis
2633 1354 2775 1408 enim
2801 1353 3052 1426 superbia
3079 1351 3225 1406 velut
3248 1351 3452 1406 insania
3481 1351 3572 1405 ha-

1988 1447 2164 1502 betur.
2193 1445 2343 1502 Unde
2370 1447 2486 1515 ipsa
2516 1446 2728 1502 Veritas
2763 1445 2816 1498 in
2859 1442 3146 1514 Evangelio
3168 1443 3243 1497 ait
3269 1459 3281 1496 :
3325 1441 3575 1502 Videbitis

1989 1535 2173 1592 caelum
2201 1549 2452 1607 apertum,
2481 1545 2531 1590 et
2574 1533 2782 1603 angelos
2817 1535 3146 1588 ascendentes
3181 1541 3229 1596 et
3264 1533 3574 1601 descenden—

1991 1636 2065 1682 tes
2098 1643 2256 1696 supra
2294 1626 2342 1678 F
2347 1626 2494 1680 ilium
2537 1626 2760 1679 hominis
2794 1624 2974 1696 (Joan.
3017 1624 3080 1696 ι).
3118 1623 3258 1682 Audi
3306 1640 3414 1679 uno
3455 1623 3578 1692 loco

1995 1716 2169 1786 ipsum
2200 1715 2514 1786 Apostolum
2553 1715 2932 1771 ascendentem
2975 1723 3030 1769 et
3075 1713 3486 1769 descendentem
3519 1713 3574 1770 in

313 1845 547 1903 corpora
568 1832 763 1886 animus
789 1834 1111 1886 exstiterunt
1133 1848 1146 1883 :
1171 1831 1217 1884 si
1239 1830 1383 1885 enim
1399 1837 1525 1885 ante
1536 1829 1890 1893 exstitissent,

2003 1822 2098 1861 una
2128 1807 2394 1862 sententia
2424 1827 2437 1860 :
2474 1805 2591 1861 Sive
2619 1807 2778 1870 enim,
2820 1805 3015 1874 inquit,
3050 1813 3215 1857 mente
3241 1804 3574 1869 excessimus,

315 1922 528 1976 diceret
557 1922 742 1991 utique
760 1921 1064 1992 Apostolus,
1088 1921 1228 1976 sicut
1250 1936 1348 1990 per
1365 1935 1582 1990 corpus,
1601 1919 1676 1973 ita
1697 1926 1752 1973 et
1773 1926 1896 1972 ante

317 2025 541 2081 corpus.
570 2009 800 2065 Scientes
822 2027 944 2082 ergo
965 2011 1201 2082 timorem
1226 2009 1434 2063 Domini
1460 2008 1752 2062 hominibus
1773 2023 1896 2061 sua-

317 2100 528 2170 demus,
556 2099 664 2154 Deo
693 2110 867 2154 autem
897 2100 1160 2169 manifesti
1198 2115 1396 2160 sumus.
1445 2097 1700 2170 (Ambr.)
1749 2097 1895 2164 Quo-7

317 2190 468 2244 niam
493 2204 620 2260 ergo
641 2190 901 2261 judicium
929 2190 1027 2245 Dei
1055 2189 1292 2246 futurum
1316 2198 1400 2254 est
1422 2206 1518 2260 per
1541 2189 1811 2245 Christum
1831 2189 1898 2243 ad

319 2279 654 2351 singulorum
695 2280 1115 2354 discriminanda
1145 2296 1308 2350 opera
1328 2322 1344 2348 ,
1386 2281 1588 2336 idcirco
1612 2280 1899 2351 Apostolus

321 2373 552 2428 suadere
576 2388 635 2429 se
663 2369 795 2428 dicit
817 2371 882 2426 ad
908 2370 1108 2426 bonum
1137 2387 1352 2428 sensum
1374 2379 1428 2428 et
1458 2373 1640 2439 vitam,
1671 2381 1729 2428 ut
1750 2372 1902 2428 audi-

321 2472 475 2518 tores
505 2462 621 2531 ejus
646 2463 819 2518 securi
851 2463 958 2517 sint
981 2463 1046 2516 de
1072 2478 1228 2532 ptena
1256 2463 1430 2518 futura
1447 2504 1462 2529 ,
1490 2472 1545 2518 et
1569 2464 1682 2533 ipse
1709 2462 1901 2533 glorie-

325 2563 416 2606 tur
436 2552 490 2606 in
513 2551 596 2607 his
615 2551 820 2606 habens
840 2551 1070 2606 fructum
1095 2551 1355 2607 labiorum
1375 2568 1612 2626 suorum,
1629 2555 1751 2622 quia
1777 2569 1902 2623 quo-

325 2641 576 2717 rumdam
601 2641 940 2712 praviloquio
981 2643 1094 2697 dies
1113 2641 1299 2710 judicii
1341 2641 1435 2696 Dei
1471 2643 1526 2712 in
1561 2643 1778 2703 dubium
1808 2643 1901 2697 de-

325 2731 586 2790 ducitur:
632 2729 985 2801 Corrumpunt
1035 2733 1172 2784 enim
1217 2748 1384 2785 mores
1436 2731 1595 2786 bonos
1644 2731 1902 2801 colloquia

327 2819 470 2894 inata
498 2818 550 2892 (I
575 2819 696 2874 Cor.
736 2819 848 2893 xv).
886 2821 1203 2876 [luminibus
1240 2821 1538 2887 suademus,
1582 2822 1678 2888 ait,
1704 2831 1764 2876 ut
1787 2838 1906 2878 cre-

329 2911 464 2966 dant
484 2919 540 2965 et
561 2912 880 2980 provideant
903 2927 969 2968 ne
997 2913 1272 2970 incurrant
1310 2921 1365 2968 et
1406 2921 1533 2968 tunc
1574 2914 1901 2983 pteniteant,

326 3001 547 3072 quando
566 3001 884 3071 poenitentia
932 3001 1166 3058 fructum
1209 3017 1316 3057 non
1353 3003 1534 3057 habet.
1579 3002 1690 3056 Deo
1730 3013 1904 3064 autem

325 3090 594 3166 manifesti
631 3107 828 3145 sumus.
875 3091 988 3147 Hoc
1035 3092 1176 3146 enim
1219 3092 1545 3163 praedicabat
1591 3093 1734 3164 quod
1761 3094 1902 3148 Deus

323 3159 584 3246 iusserat,
612 3189 667 3234 et
693 3181 793 3235 hoc
827 3181 966 3235 scire
1001 3181 1199 3236 dicitur
1219 3159 1368 3236 Deus
1405 3183 1548 3251 quod
1569 3159 1766 3237 bonum
1791 3192 1895 3238 est.
1931 3159 1976 3220 (ἶ

331 3272 574 3341 Denique
617 3271 756 3327 male
803 3273 1084 3343 agentibus
1126 3272 1293 3338 dicit,
1331 3271 1521 3327 Nescio
1566 3291 1650 3342 vos
1690 3273 1902 3348 (Matth.

332 3362 483 3432 xxv).

403 3448 570 3518 Spero
595 3451 730 3504 enim
759 3459 808 3504 et
837 3451 892 3502 in
925 3452 1250 3506 conscientiis
1279 3451 1454 3506 vestris
1484 3451 1783 3521 manifestos
1815 3469 1906 3506 nos

330 3558 463 3595 esse.
508 3541 790 3597 Manifesta
826 3552 944 3597 erat
982 3545 1187 3613 puritas
1214 3560 1400 3599 eorum
1429 3544 1754 3611 Corinthiis,
1782 3546 1908 3616 quia

333 3646 511 3699 neque
548 3631 834 3702 aliquando
860 3634 913 3687 in
953 3634 1259 3689 adulatione
1302 3635 1514 3690 fuerant
1557 3635 1903 3704 deprehensi,

333 3735 510 3790 neque
559 3723 867 3792 praedicatio
907 3723 1114 3784 illorum
1164 3724 1511 3796 displicuerat
1544 3727 1776 3793 sanctis,
1811 3743 1910 3782 nec

336 3813 406 3890 ab
441 3813 620 3884 aliquo
649 3815 864 3884 illorum
903 3818 1215 3888 quidquam,
1242 3807 1301 3872 ut
1327 3818 1544 3884 assolet,
1581 3819 1788 3880 occulte
1810 3819 1907 3874 eli-

336 3920 465 3968 cere
493 3912 847 3971 tentaverant,
875 3901 938 3962 ut
963 3907 1096 3962 foris
1122 3908 1390 3979 simplices
1416 3907 1554 3981 apud
1582 3910 1766 3964 turbas
1785 3951 1799 3974 ,
1826 3910 1909 3963 in-

338 4007 428 4052 tus
464 4012 589 4052 vero
627 3998 950 4068 impostores
992 4008 1193 4055 essent.
1241 3999 1364 4055 Ideo
1397 4000 1756 4054 conscientias
1798 3999 1912 4054 illo-

337 4103 460 4142 rum
493 4089 690 4159 pulsat,
728 4098 788 4158 ut
808 4090 910 4161 ipsi
937 4089 1150 4160 sibimet
1178 4097 1340 4146 testes
1375 4099 1556 4162 essent
1596 4090 1661 4146 de
1686 4089 1913 4160 veritate

335 4175 576 4231 illorum.
843 4175 847 4182 ’

412 4263 539 4319 Νοη
567 4266 754 4332 iterum
781 4283 873 4322 nos
905 4268 1326 4335 commendamus
1347 4269 1508 4324 vobis.
1538 4268 1802 4339 Quoniam
1823 4286 1912 4330 su-,

337 4356 520 4426 perius
544 4372 726 4411 veram
746 4357 1183 4426 praedicationem
1204 4373 1355 4412 suam
1373 4360 1668 4426 obtestans,
1695 4359 1913 4422 laudare

338 4460 398 4518 se
424 4445 574 4499 visus
594 4452 696 4509 est,
727 4462 870 4501 nunc
897 4447 1084 4514 eadem
1120 4447 1421 4519 signiﬁcat,
1460 4464 1566 4518 non
1594 4449 1658 4503 ad
1698 4449 1908 4504 laudem

339 4550 495 4590 suam
521 4535 624 4591 hoc
647 4537 825 4592 dicere
855 4551 933 4608 se,
960 4538 1052 4592 sed
1089 4539 1156 4592 ad
1182 4552 1366 4607 eorum
1391 4538 1645 4608 gloriam,
1691 4548 1750 4592 ut
1785 4553 1912 4614 gau-

339 4627 504 4680 deant
527 4627 786 4697 integram
811 4642 868 4690 se
889 4628 1325 4697 praedicationem
1348 4626 1688 4698 addidicisse,
1707 4630 1790 4684 his
1811 4645 1909 4682 an-

341 4715 734 4771 nuntiantihus.
775 4715 877 4790 Sed
911 4718 1232 4792 occasionem
1261 4719 1447 4773 damus
1490 4720 1626 4774 vobis
1651 4720 1911 4790 gloriandi

340 4808 403 4860 de
424 4805 591 4873 nobis,
609 4819 666 4862 ut
687 4811 918 4864 habeatis
941 4811 1139 4886 aliquid
1162 4812 1216 4865 in
1239 4827 1324 4864 eos
1345 4811 1434 4884 qui
1457 4813 1511 4864 in
1532 4812 1666 4880 facie
1683 4811 1911 4881 glorian-

341 4908 448 4962 tur,
465 4908 512 4951 et
533 4916 635 4952 non
655 4901 708 4953 in
733 4901 906 4964 corde.
926 4900 1036 4956 Hoc
1060 4902 1214 4977 dicit,
1235 4903 1485 4970 quoniam
1510 4902 1659 4956 multi
1683 4918 1779 4972 per
1795 4903 1908 4976 ela-

341 4991 543 5044 tionem
569 4991 938 5061 gloriabantur
962 4995 1014 5048 in
1041 5009 1100 5048 se
1126 4994 1192 5048 de
1218 4994 1494 5064 apostolis,
1520 4993 1832 5062 proﬁtentes
1854 5009 1911 5047 se

342 5077 409 5131 ab
446 5079 534 5144 his,
578 5083 797 5146 doctos,
841 5083 932 5151 qui
979 5099 1192 5154 semper
1237 5097 1358 5136 cum
1405 5083 1628 5137 Domino
1661 5082 1910 5148 fuerunt,

343 5170 573 5239 ideoque
602 5181 657 5228 et
689 5173 777 5228 hic
803 5174 933 5228 dicit
965 5173 1093 5228 dare
1118 5191 1176 5230 se
1206 5175 1291 5230 his
1316 5176 1600 5239 rationem,
1630 5189 1727 5245 per
1747 5190 1908 5245 quam

344 5271 399 5313 et
426 5260 526 5330 ipsi
548 5261 908 5332 gloriarentur
922 5266 1179 5320 adversus
1194 5281 1303 5328 eos,
1331 5267 1454 5336 quia
1479 5266 1749 5336 apostolus
1770 5259 1906 5330 erat,

346 5363 376 5400 a
406 5362 515 5416 quo
536 5349 624 5403 isti
650 5351 968 5408 didicerant.
997 5353 1148 5408 Unde
1174 5353 1226 5428 in
1256 5335 1360 5409 alio
1381 5354 1496 5409 loco
1515 5335 1644 5409 dicit
1674 5353 1757 5426 (11
1785 5335 1910 5422 Cori

344 5437 446 5507 xu)
473 5454 487 5491 :
515 5437 668 5493 Nihil
689 5442 861 5495 minus
884 5442 982 5510 feci
1013 5444 1077 5498 ab
1103 5445 1182 5498 his
1209 5445 1296 5514 qui
1331 5444 1476 5499 valde
1510 5455 1630 5499 sunt
1668 5445 1908 5516 apostoli,

345 5529 490 5599 quod
509 5531 725 5600 quidem
751 5542 970 5590 coactus
993 5534 1225 5598 dicit,ne
1248 5535 1514 5590 silentium
1537 5537 1653 5607 ejus
1673 5538 1790 5592 istis
1811 5538 1910 5593 ob-

347 5628 510 5706 esset.
536 5621 638 5689 Qui
664 5625 808 5680 enim
837 5627 890 5680 in
913 5627 1076 5682 corde
1104 5627 1382 5698 gloriatur,
1409 5629 1716 5698 superbiam
1743 5629 1912 5700 repri-

349 5711 465 5786 mit,
492 5713 670 5772 sciens
691 5716 815 5794 quia
839 5717 1117 5796 humilibus
1137 5717 1278 5776 Deus
1299 5718 1386 5772 dat
1408 5718 1651 5791 gratiam,
1680 5719 1918 5796 superbis.

1995 1897 2138 1962 Deo';
2161 1897 2264 1952 sive
2292 1905 2632 1966 temperantes
2675 1911 2875 1961 sumus,
2908 1894 3073 1952 vobis.
3105 1892 3242 1959 Quid
3272 1900 3353 1947 est
3395 1901 3580 1948 mente

1995 1989 2360 2056 excessimus?
2388 1996 2448 2044 ut
2485 1987 2576 2057 illa
2611 1985 2887 2042 videamus
2912 2001 3031 2056 qua:
3071 2001 3178 2049 non
3206 1985 3332 2039 licet
3372 1985 3580 2040 homini

1995 2075 2162 2145 loqui.
2187 2075 2322 2142 Quid
2351 2083 2434 2130 est
2479 2083 2838 2144 temperantes
2878 2088 3064 2128 sumus
3110 2073 3295 2126 vobis?
3323 2071 3580 2143 Nunun

1991 2167 2228 2238 judicavi
2257 2183 2337 2220 me
2386 2166 2518 2220 scire
2561 2164 2762 2234 aliquid
2803 2164 2938 2218 inter
2961 2179 3047 2217 vos
3073 2163 3175 2218 nisi
3198 2161 3376 2216 Iesum
3423 2161 3580 2216 Chri-

2000 2266 2137 2310 stum
2187 2265 2236 2309 et
2265 2255 2401 2308 hunc
2438 2253 2785 2322 cruciﬁxum?
2813 2252 2864 2324 (Ι
2895 2251 3019 2306 Cor.
3051 2251 3138 2325 ιι.)
3167 2251 3225 2307 Si
3257 2252 3370 2321 ipse
3399 2250 3578 2305 Domi-

2000 2362 2100 2403 nus
2145 2346 2387 2402 ascendit
2433 2354 2488 2400 et
2533 2345 2829 2412 descendit,
2879 2342 3220 2398 manifestum
3250 2351 3330 2398 est
3373 2342 3498 2414 quia
3527 2352 3582 2404 et

1999 2441 2378 2512 praedicatores
2422 2439 2588 2510 ipsius
2636 2438 2933 2492 ascendunt
2962 2437 3016 2490 in
3049 2434 3458 2504 illuminatione,
3490 2435 3583 2488 de-

2001 2530 2263 2584 scendunt
2311 2527 2710 2599 praedicatione.
2765 2524 3000 2590 Verbum
3049 2525 3247 2580 extasis
3293 2521 3583 2590 Grzecum,

2003 2619 2192 2676 Latine
2235 2627 2497 2689 quantum
2545 2619 2701 2674 datur
2739 2616 2984 2688 intelligi,
3026 2611 3189 2670 verbo
3233 2629 3340 2669 uno
3387 2615 3583 2685 exponi

2001 2719 2199 2781 potest,
2229 2711 2273 2765 si
2302 2711 2534 2786 dicatur,
2571 2721 2856 2771 excessus;
2887 2707 2939 2760 in
2970 2721 3192 2760 excessu
3222 2720 3352 2778 vero
3389 2705 3589 2768 mentis

2003 2802 2110 2855 duo
2131 2801 2520 2872 intelliguntur,
2546 2810 2637 2861 aut
2660 2813 2849 2870 pavor,
2870 2807 2960 2851 aut
2992 2797 3216 2851 intentio
3241 2795 3305 2849 ad
3326 2811 3584 2866 superna,

2006 2889 2080 2943 ita
2108 2897 2167 2942 ut
2203 2890 2598 2959 quodammodo
2645 2889 2712 2942 de
2755 2886 3015 2941 memoria
3065 2885 3314 2938 labantur
3351 2885 3580 2942 inferna.

2005 2979 2062 3032 ln
2091 2980 2193 3034 hac
2219 2979 2391 3034 extasi
2439 2977 2654 3048 fuerunt
2682 2991 2870 3046 omnes
2915 2975 3104 3040 sancti,
3146 2975 3340 3044 quibus
3387 2988 3581 3029 arcana

2009 3069 2102 3126 Dei
2128 3069 2384 3126 mundum
2419 3068 2578 3134 istum
2604 3065 2920 3136 excellentia
2947 3064 3179 3120 revelata
3209 3072 3351 3121 sunt.
3383 3063 3456 3116 De
3483 3063 3584 3116 hoc

2007 3160 2204 3214 mentis
2231 3174 2476 3224 excessu,
2510 3158 2560 3212 id
2589 3167 2693 3222 est,
2723 3155 2914 3220 extasi,
2947 3154 3143 3208 Paulus
3173 3169 3291 3210 cum
3335 3152 3582 3223 loquere-

2009 3259 2116 3315 tur,
2144 3265 2200 3305 se
2224 3251 2397 3320 ipsum
2426 3249 2703 3318 insinuans
2725 3247 2800 3304 ait
2829 3265 2842 3306 ;
2873 3245 2992 3308 Sive
3017 3245 3174 3314 enim,
3206 3239 3396 3314 inquit,
3421 3253 3588 3296 mente

2007 3341 2340 3406 excessimus,
2371 3340 2496 3404 Deo,
2523 3341 2626 3394 sive
2652 3348 2992 3410 temperantes
3033 3353 3236 3402 sumus,
3267 3336 3427 3400 vobis,
3465 3336 3588 3388 cltu-

2010 3433 2137 3488 ritas
2165 3433 2301 3486 enim
2332 3429 2526 3497 Christi
2555 3429 2811 3501 compellit
2841 3447 2932 3490 nos
2958 3443 2975 3480 :
3007 3430 3108 3486 hoc
3153 3437 3254 3495 est,
3287 3429 3330 3482 si
3379 3443 3440 3482 ea
3472 3436 3588 3484 tan-

2011 3533 2124 3577 tum
2162 3538 2319 3594 agere
2363 3522 2608 3586 velimus,
2640 3530 2694 3576 et
2727 3536 2789 3576 ea
2831 3529 3037 3574 tantum
3077 3519 3427 3591 contemplari
3469 3536 3588 3590 qua:

2010 3613 2205 3667 mentis
2247 3627 2472 3677 excessu
2513 3613 2801 3673 intuemur,
2837 3611 3109 3674 vobiscum
3137 3625 3241 3680 non
3267 3625 3462 3674 essem,
3494 3611 3588 3666 sed

2009 3718 2185 3758 essem
2234 3703 2289 3756 in
2332 3703 2598 3772 supernis,
2650 3709 2901 3770 tanquam
2951 3702 3271 3770 contemptis
3317 3700 3494 3765 vobis;
3535 3708 3592 3763 et

2011 3795 2224 3866 quando
2263 3809 2360 3848 nos
2403 3793 2468 3848 ad
2518 3793 2606 3847 illa
2654 3793 2932 3862 superiora
2983 3801 3036 3847 et
3087 3777 3341 3846 interiora
3390 3791 3594 3866 inﬁrmi

2011 3901 2172 3956 passu
2200 3883 2581 3954 sequeremini,
2609 3883 2712 3937 nisi
2743 3898 2928 3937 rursus
2957 3882 3308 3951 compellente
3337 3896 3435 3936 nos
3457 3881 3590 3935 cha-

2014 3974 2173 4028 ritate
2197 3973 2420 4036 Christi,
2455 3972 2541 4041 qui
2573 3986 2690 4024 cum
2720 3972 2773 4023 in
2804 3970 2971 4040 {arma
3001 3969 3095 4023 Dei
3124 3979 3253 4024 esset
3297 3986 3400 4023 non
3445 3970 3589 4038 rapi-

2014 4079 2135 4116 nam
2165 4062 2447 4116 arbitratus
2474 4070 2549 4115 est
2580 4077 2690 4114 esse
2718 4076 2771 4113 se
2796 4059 3046 4130 (aqualem
3091 4059 3222 4125 Deo,
3269 4060 3358 4114 sed
3408 4070 3594 4113 semet-

2013 4154 2181 4223 ipsum
2229 4151 2530 4214 exinanivit,
2575 4151 2796 4220 formam
2848 4150 2980 4203 servi
3016 4149 3270 4219 accipiens
3299 4147 3462 4222 (Phil.
3505 4149 3596 4223 Ii)._

2015 4243 2081 4297 Et
2101 4257 2197 4297 nos
2219 4241 2619 4297 consideremus
2662 4255 2759 4295 nos
2787 4255 2905 4295 esse
2935 4254 3134 4304 servos,
3169 4247 3223 4294 et
3252 4256 3357 4294 non
3394 4241 3592 4310 ingrati

2013 4337 2063 4405 ei
2094 4352 2124 4390 a
2156 4351 2262 4407 quo
2291 4335 2595 4406 accepimus
2637 4333 2826 4388 altiora
2855 4341 3076 4404 propter
3116 4348 3210 4388 eos
3251 4333 3343 4404 qui
3384 4332 3594 4406 inﬁrmi

2015 4439 2158 4492 sunt,
2197 4443 2301 4482 non
2335 4429 2803 4492 contemneremus
2848 4425 3122 4492 inferiora,
3169 4435 3222 4482 et
3268 4434 3593 4495 temperare-

2017 4536 2136 4578 mus
2175 4536 2273 4590 nos
2315 4520 2392 4575 eis
2417 4520 2507 4589 qui
2541 4535 2648 4585 non
2680 4526 2903 4590 possunt
2945 4518 3223 4572 nobiscum
3266 4517 3450 4572 videre
3491 4533 3594 4578 su-_

2013 4612 2221 4678 blimia.
2261 4611 2373 4682 Hoc
2419 4626 2547 4682 ergo
2595 4595 2694 4675 ait,
2747 4612 2852 4664 sive
2895 4620 3060 4664 mente
3107 4609 3416 4664 excessimus
3459 4610 3595 4684 Deo,

2012 4703 2101 4756 ille
2125 4702 2267 4758 enim
2297 4703 2438 4764 videt
2466 4703 2608 4772 quod
2636 4700 2878 4758 videmus
2913 4701 2964 4754 in
3004 4701 3199 4755 mentis
3227 4715 3470 4766 excessu,
3499 4702 3589 4755 ille

2013 4793 2158 4860 solus
2188 4792 2387 4864 revelat
2424 4802 2633 4847 secreta
2681 4807 2804 4856 sua,
2855 4790 3050 4860 quippe
3091 4790 3178 4845 ille
3215 4791 3318 4844 hoc
3356 4791 3591 4860 loquitur

2013 4883 2185 4952 quise
2211 4883 2340 4937 dicit
2376 4882 2655 4951 abreptum
2682 4895 2800 4936 esse
2834 4888 2888 4934 et
2922 4867 3156 4934 ablatum
3200 4895 3367 4950 usque
3393 4881 3459 4934 ad
3491 4891 3588 4936 tcr-

2012 4973 2144 5026 tium
2177 4972 2392 5036 etelum,
2433 4980 2487 5026 et
2532 4972 2744 5026 audisse
2777 4970 3064 5025 ineffabilia
3106 4971 3269 5026 verba
3315 4987 3434 5040 quae
3483 4989 3588 5025 non

2010 5063 2134 5119 licet
2163 5066 2362 5120 homini
2391 5065 2554 5134 loqui.
2584 5065 2788 5124 Tantus
2810 5074 2985 5119 autem
3026 5064 3128 5118 fuit
3165 5064 3252 5119 ille
3279 5065 3472 5118 mentis
3501 5081 3591 5119 ex-

2012 5171 2194 5209 cessus
2215 5165 2275 5210 ut
2302 5156 2504 5210 diceret
2545 5156 2648 5223 sive
2684 5157 2736 5208 in
2782 5171 3015 5222 corpore,
3043 5156 3149 5209 sive
3189 5166 3339 5209 extra
3378 5171 3586 5224 corpus,

2014 5247 2207 5309 nescio,
2242 5245 2378 5299 Deus
2406 5245 2499 5298 scit
2530 5244 2613 5317 (11
2641 5243 2766 5298 Cor.
2797 5245 2915 5314 xu).

2085 5354 2327 5409 Charitas
2365 5356 2500 5410 enim
2537 5354 2730 5410 Christi
2774 5365 2918 5428 urget
2957 5375 3068 5422 nos,
3119 5359 3430 5413 testimantes
3470 5359 3584 5420 hoc,

2011 5451 2256 5519 quoniam
2283 5450 2329 5502 si
2358 5466 2493 5503 unus
2520 5467 2613 5520 pro
2659 5449 2897 5504 omnibus
2926 5460 3160 5506 mortuus
3201 5461 3295 5506 est.
3325 5451 3587 5518 Quoniam

2013 5539 2260 5594 Christus
2289 5538 2512 5609 diligens
2540 5553 2706 5610 genus
2735 5539 3048 5606 humanum,
3078 5548 3136 5594 ut
3163 5555 3254 5596 eos
3281 5539 3588 5599 redimeret,

2015 5629 2174 5683 morti
2202 5643 2260 5684 se
2288 5628 2453 5695 dedit,
2502 5629 2622 5685 ideo
2665 5629 2910 5699 apostoli,
2946 5639 3007 5686 ut
3031 5631 3201 5687 vicem
3245 5632 3294 5686 ei
3341 5627 3587 5692 reddant,

2015 5720 2259 5777 homines
2299 5735 2365 5774 ex
2407 5721 2584 5792 aliqua
2615 5729 2765 5792 parte
2790 5721 3144 5786 exhortantur
3171 5722 3236 5776 ad
3279 5718 3390 5788 eius
3435 5718 3590 5774 obse-
