4022 6338
502 361 600 418 191

1130 357 1191 412 Β.
1233 354 1487 410 RABANI
1528 355 1748 413 MAUBI
1785 350 2107 409 ARCHIEP.
2149 350 2759 409 MOGUNT.0PERUM
2797 351 2978 410 PARS
3020 353 3105 408 iii.

3661 358 3792 412 191⁸

492 471 703 539 quium,
735 473 870 522 etut
913 478 1008 520 eos
1035 465 1312 519 attrahant
1339 477 1570 518 necesse
1596 471 1680 518 est
1723 469 1784 517 ut
1806 476 1995 516 verum
2023 475 2082 516 se
2108 476 2162 534 Α
2185 463 2487 520 introducta
2513 464 2805 520 multorum
2834 465 3054 522 deorum
3079 465 3352 536 opinione,
3385 466 3454 522 ab
3479 470 3643 524 unius
3672 471 3770 526 Dei

495 556 796 629 praedicare
816 560 1106 618 testentur,
1120 551 1242 607 aliis
1265 566 1431 623 prava
1449 551 1909 616 docentibus,nec
1929 565 2088 606 suum

498 648 750 707 meritum
777 652 1013 710 taceant,
1046 652 1108 698 ut
1135 643 1402 699 malorum
1439 642 1721 700 doctorum
1747 656 1966 714 poenam
1991 641 2088 698 de-

497 747 729 818 signent.
776 740 894 798 Non
936 754 1066 812 ergo
1093 738 1328 794 elatione
1350 737 1548 792 mentis
1572 738 1689 792 hac
1715 736 1966 807 agebant,
1993 735 2090 791 sed

502 846 563 891 ut
609 835 808 891 donum
853 831 1054 890 Christi
1101 830 1491 902 intelligeretur
1542 829 1610 884 ab
1649 827 1988 892 hominibus,
2033 833 2091 881 et

499 925 731 986 ﬁdeliter
751 922 927 978 devoti
954 920 1005 975 ei
1032 921 1328 990 gratiarum
1368 919 1608 975 actiones
1643 915 1928 972 referrent.
1958 915 2090 972 Pro-

504 1027 626 1086 pter
646 1012 849 1068 Christi
875 1026 1004 1084 ergo
1029 1010 1348 1064 charitatem
1371 1022 1490 1084 qua:
1509 1015 1564 1062 et
1588 1014 1788 1080 quanta
1810 1005 1928 1075 ejus
1949 1004 2090 1058 dona

503 1107 648 1166 circa
679 1106 962 1183 diligentes
991 1118 1114 1158 eum
1159 1103 1267 1157 sint
1295 1116 1402 1156 non
1431 1108 1633 1164 tacent,
1679 1114 1787 1154 non
1815 1096 2090 1168 jactautiae

504 1211 688 1262 causa,
711 1196 806 1250 sed
837 1206 896 1248 ut
923 1195 1154 1248 invitent
1180 1189 1460 1247 audientes
1488 1192 1557 1245 ad
1583 1192 1698 1261 ejus
1727 1191 2087 1252 devotionem,

504 1303 574 1344 ne
611 1303 758 1342 mors
796 1286 996 1342 Christi
1035 1283 1366 1343 infructuosa
1389 1283 1681 1347 videretur,
1721 1297 1832 1336 non
1875 1289 1935 1334 ut
1974 1279 2091 1334 laus

505 1379 867 1451 apostolorum
895 1383 1230 1434 nosceretur.
1244 1375 1347 1429 Per
1361 1375 1612 1436 meritum
1629 1373 1772 1428 enim
1794 1380 1849 1427 et
1864 1371 2090 1442 gloriam

505 1467 869 1538 apostolorum
899 1465 1208 1538 agnoscitur
1233 1462 1435 1522 Christi
1482 1463 1657 1532 gratia
1690 1470 1746 1517 et
1771 1459 2090 1516 beneﬁcium

505 1557 620 1614 Dei.
656 1557 796 1627 Ergo
822 1573 997 1611 omnes
1015 1556 1206 1610 mortui
1226 1564 1373 1620 sunt,
1399 1564 1449 1609 et
1475 1571 1569 1625 pro
1592 1554 1830 1615 omnibus
1851 1563 2090 1608 mortuus

505 1659 580 1704 est
615 1646 873 1712 Christus,
901 1657 954 1700 ut
985 1656 1030 1700 et
1054 1646 1146 1716 qui
1172 1646 1345 1700 vivunt
1371 1644 1486 1716 jam
1517 1661 1618 1698 non
1645 1644 1746 1697 sibi
1769 1643 1869 1713 ipsi
1894 1647 2088 1711 vivant,

504 1739 594 1794 sed
612 1739 658 1792 ei
675 1739 761 1809 qui
775 1754 869 1807 pro
887 1738 1009 1807 ipsis
1024 1745 1257 1794 mortuus
1271 1742 1345 1789 est
1366 1742 1412 1788 et
1430 1733 1731 1788 resurrexit.
1749 1731 1882 1799 Quia
1900 1747 2094 1788 omnes

505 1844 726 1885 necesse
757 1809 841 1884 est
879 1828 1014 1884 mori
1051 1841 1214 1884 causa
1251 1826 1380 1882 Adae
1417 1841 1518 1897 pro
1550 1826 1803 1880 omnibus
1842 1833 2088 1882 mortuus

505 1927 590 1974 est
617 1917 880 1981 Christus,
910 1925 971 1971 ut
995 1931 1088 1971 eos
1113 1931 1144 1970 a
1167 1915 1403 1976 secunda
1426 1924 1602 1970 morte
1631 1914 1920 1982 liberaret;
1951 1915 2095 1971 ideo-

507 2027 612 2082 que
633 2011 724 2082 qui
763 2011 950 2065 vivunt
989 2011 1044 2065 in
1078 2024 1326 2080 corpore,
1367 2009 1602 2064 scientes
1637 2008 2096 2066 Christum-mor-

506 2113 659 2166 tuum
685 2119 804 2160 esse
848 2119 946 2174 pro
991 2117 1072 2169 se,
1111 2105 1221 2158 sint
1249 2103 1297 2158 ei
1341 2103 1542 2158 subditi
1586 2103 1905 2177 proﬁtentes
1949 2103 2096 2159 hunc

506 2194 830 2260 Dominum;
864 2195 989 2264 quia
1040 2196 1186 2250 enim
1223 2194 1444 2268 prodest
1487 2209 1641 2256 mors
1669 2195 1805 2268 ejus,
1841 2194 2101 2253 testimo-

506 2283 655 2340 nium
681 2282 930 2355 perhibet
971 2286 1297 2341 resurrectio
1322 2286 1458 2360 ejus.
1501 2286 1670 2357 igitur
1716 2287 1806 2344 hic
1849 2288 1950 2342 sibi
1991 2303 2098 2351 non

507 2374 639 2428 vivit
662 2375 752 2444 qui
790 2385 1013 2444 paratus
1052 2385 1132 2431 est
1183 2376 1385 2431 domini
1411 2377 1493 2431 sui
1522 2377 1703 2433 facere
1743 2377 2098 2435 voluntatem.

509 2464 694 2536 (Aug.)
721 2464 984 2522 Omnibus
1021 2466 1220 2522 bonum
1255 2475 1340 2522 est
1367 2468 1554 2523 audire
1594 2484 1783 2525 vocem
1825 2469 1948 2524 Filii
1979 2471 2098 2536 Dei,

507 2564 564 2616 et
582 2558 764 2613 vivere
787 2557 854 2612 ad
878 2557 1041 2612 vitam
1064 2557 1300 2627 pietatis,
1324 2572 1392 2614 ex
1417 2558 1710 2629 impietatis
1729 2570 1906 2617 morte
1929 2569 2104 2620 traus‘

509 2648 707 2715 eundo,
731 2649 797 2710 de
823 2664 929 2720 qua
955 2659 1130 2706 morte
1157 2650 1236 2704 ait
1258 2650 1534 2721 apostolus
1557 2651 1755 2707 Paulus
1779 2669 1793 2708 :
1822 2649 1965 2724 Ergo
1991 2671 2102 2714 om-

511 2756 600 2794 nes
628 2742 820 2794 mortui
849 2749 972 2796 sunt
997 2750 1047 2796 et
1081 2757 1174 2812 pro
1205 2742 1444 2796 omnibus
1471 2752 1710 2799 mortuus
1735 2753 1832 2809 est,
1862 2753 1918 2798 ut
1942 2755 1991 2798 et
2011 2746 2102 2816 qui

507 2829 696 2922 vivunt.
695 2829 814 2900 jam
840 2847 944 2886 non
967 2829 1064 2884 sibi
1091 2830 1280 2894 vivant,
1303 2831 1395 2887 sed
1415 2832 1463 2892 ei
1485 2833 1574 2902 qui
1595 2850 1690 2903 pro
1714 2833 1841 2904 ipsis
1863 2844 2101 2894 mortuus

504 2929 582 2976 est
594 2927 642 2972 et
666 2919 964 2974 resurrexit.
979 2919 1179 2976 Omnes
1201 2919 1383 2990 itaque
1401 2923 1598 2977 mortui
1621 2923 1816 2978 suntin
1834 2926 2096 2994 peccatis,

505 3007 720 3062 nemine
744 3023 962 3078 prorsus
982 3016 1226 3078 excepto,
1248 3010 1362 3066 sive
1386 3011 1759 3083 originaiibus,
1786 3014 1903 3068 sive
1929 3015 2098 3069 etiam

506 3096 781 3152 voluntate
807 3099 1024 3164 additis,
1047 3098 1131 3153 vel
1159 3099 1476 3170 ignorando,
1501 3100 1585 3154 vel
1615 3102 1858 3168 sciendo,
1891 3119 1991 3158 nec
2013 3103 2103 3158 fao.

2185 554 2302 608 veri
2333 553 2436 609 ﬁde
2463 555 2844 610 transduxerat
2872 569 3044 626 genus
3077 556 3392 622 humanum,
3428 567 3774 615 revertantur

2186 643 2368 699 omnia
2415 645 2482 698 ad
2528 644 2889 716 simplicitatis
2932 645 3344 716 professionem,
3388 662 3557 701 unum
3600 648 3776 705 Deum

2189 734 2465 790 adorantia
2496 735 2551 790 in
2583 735 2866 792 Trinitate.
2910 737 3046 802 Nos,
3076 739 3269 808 inquit,
3296 739 3484 794 amodo
3513 743 3778 797 neminem

2189 826 2424 880 novimus
2451 826 2738 880 secundum
2765 843 2998 892 carnem,
3022 837 3070 881 et
3091 829 3137 881 si
3159 845 3466 884 noveramus
3485 831 3798 884 secundum

2190 929 2400 968 carnem
2447 913 2747 979 Christum,
2793 915 2886 969 sed
2933 915 3054 985 jam
3102 933 3206 971 non
3249 919 3502 973 novimus.
3548 916 3779 992 (Δίες.)

2189 1004 2350 1060 Certe
2369 1004 2481 1073 jam
2519 1021 2662 1062 nunc
2689 1007 2860 1061 cuivis
2891 1015 3133 1077 apparet,
3169 1017 3391 1079 propter
3422 1011 3784 1067 resurrectio-

2189 1109 2315 1148 nem
2339 1094 2540 1149 Christi
2587 1095 2691 1150 hoc
2718 1096 2920 1152 dixisse
2959 1097 3295 1168 Apostoium,
3339 1101 3782 1171 quandoquidem

2192 1185 2294 1239 ista
2337 1187 2497 1240 verba
2535 1185 2663 1242 illud
2710 1187 3006 1256 prmcessit,
3055 1196 3114 1243 ut
3149 1190 3241 1260 qui
3284 1190 3473 1246 vivunt
3514 1189 3629 1259 jam
3668 1207 3784 1250 non

2192 1275 2296 1330 sibi
2321 1277 2523 1341 vivant,
2554 1277 2648 1332 sed
2687 1277 2738 1331 ei
2766 1277 2858 1348 qui
2885 1293 2984 1347 pro
3017 1278 3150 1349 ipsis
3187 1289 3432 1335 mortuus
3481 1291 3568 1336 est
3601 1291 3660 1337 et
3697 1299 3785 1338 re-

2192 1368 2444 1422 surrexit.
2474 1366 2613 1434 Quid
2638 1375 2721 1422 est
2739 1369 2883 1422 enim
2911 1368 3055 1423 aliud
3085 1386 3186 1424 non
3215 1371 3331 1433 sibi,
3361 1371 3558 1425 sed-illi
3585 1372 3783 1437 uiuant,

2191 1458 2297 1513 nisi
2322 1472 2428 1513 non
2459 1458 2752 1514 secundum
2781 1473 2996 1514 carnem
3023 1460 3206 1515 vivant
3237 1461 3290 1516 in
3314 1477 3409 1532 spe
3435 1471 3784 1519 terrenorum

2191 1558 2248 1605 et
2279 1548 2706 1620 corruptibilium
2735 1547 3025 1615 bonorum,
3053 1551 3147 1605 sed
3189 1553 3486 1607 secundum
3517 1552 3790 1624 Spiritum

2191 1642 2248 1696 in
2293 1658 2389 1713 spe
2427 1642 2860 1704 resurrectionis,
2892 1659 3012 1713 quae
3047 1643 3157 1715 jam
3186 1660 3255 1700 ex
3286 1645 3418 1716 ipsis
3465 1646 3518 1700 in
3565 1645 3792 1701 Christo

2190 1732 2333 1789 facta
2357 1742 2460 1790 est.
2501 1735 2688 1806 itaque
2729 1751 2916 1791 eorum
2961 1753 3059 1807 pro
3105 1738 3301 1807 quibus
3347 1737 3597 1795 Christus
3642 1755 3796 1796 mor-

2194 1833 2319 1881 tuus
2363 1835 2449 1882 est
2487 1835 2545 1882 et
2586 1828 2904 1893 resurrexit,
2934 1839 2989 1884 et
3021 1829 3110 1899 qui
3138 1829 3251 1899 jam
3293 1844 3400 1884 non
3429 1829 3552 1893 sibi,
3583 1830 3682 1886 sed
3713 1816 3792 1885 ilii

2197 1918 2470 1984 vivebant,
2493 1919 2762 1973 neminem
2791 1918 3089 1975 secundum
3119 1935 3339 1976 carnem
3368 1920 3661 1990 Apostolus
3687 1937 3793 1974 no-

2196 2018 2372 2074 verat,
2399 2017 2621 2078 propter
2644 2024 2793 2079 spem
2841 2009 3034 2065 futura:
3076 2011 3516 2077 immortalitatis,
3547 2012 3600 2066 in
3636 2011 3798 2080 cujus

2197 2099 2601 2169 exspectatione
2652 2098 2924 2164 vivebant,
2977 2115 3097 2170 qua:
3145 2101 3200 2155 in
3242 2101 3461 2157 Christo
3497 2117 3602 2157 non
3643 2118 3796 2173 spes,

2199 2194 2295 2250 sed
2329 2209 2416 2249 res
2445 2201 2563 2248 erat
2589 2210 2601 2246 :
2627 2207 2788 2264 quem
2821 2191 2926 2248 etsi
2959 2201 3186 2248 noverat
3230 2193 3528 2248 secundum
3569 2207 3799 2248 carnem

2200 2299 2324 2340 cum
2368 2282 2547 2339 adhuc
2587 2284 2882 2339 moriturus
2911 2291 3074 2350 esset,
3100 2283 3210 2357 jam
3248 2292 3430 2340 tamen
3475 2299 3585 2340 non
3621 2299 3799 2339 nove-

2201 2385 2308 2443 rat,
2335 2376 2460 2446 quia
2483 2391 2607 2432 eum
2637 2376 3001 2432 resurrexisse
3026 2384 3270 2442 noverat,
3310 2385 3364 2432 et
3395 2376 3535 2431 ultra
3565 2376 3616 2431 ei
3646 2392 3800 2433 mor-

2201 2477 2313 2522 tem
2352 2483 2459 2523 non
2483 2467 2900 2534 dominaturam,
2951 2477 3005 2524 et
3043 2469 3169 2540 quia
3211 2482 3400 2526 omnes
3451 2469 3504 2524 in
3555 2468 3650 2524 illo
3688 2472 3800 2526 etsi

2203 2557 2439 2611 nondum
2467 2572 2545 2622 re,
2573 2557 2687 2628 jam
2716 2566 2896 2613 tamen
2926 2574 3043 2630 spe,
3071 2559 3173 2616 hoc
3209 2575 3417 2615 sumus.
3451 2559 3712 2631 Sequitur
3739 2570 3803 2616 et

2203 2649 2370 2704 dicit:
2405 2648 2466 2705 Si
2494 2667 2598 2721 qua
2629 2650 2793 2720 igitur
2819 2652 2874 2706 in
2903 2651 3108 2706 Christo
3145 2669 3278 2706 nova
3306 2661 3571 2718 creatura,
3614 2663 3803 2706 vetera

2203 2740 2546 2806 transierunt,
2583 2750 2630 2795 et
2671 2727 2791 2795 ecce
2844 2741 2988 2810 facta
3026 2752 3145 2796 sunt
3191 2758 3344 2797 nova.
3383 2742 3576 2798 Omnia
3610 2751 3802 2798 autem

2201 2847 2266 2886 ex
2293 2832 2404 2887 Deo
2429 2833 2521 2902 qui
2551 2832 2923 2888 reconciliavit
2952 2846 3050 2888 nos
3073 2833 3173 2888 sibi
3216 2849 3315 2904 per
3341 2833 3637 2888 Christum.
3667 2833 3803 2889 Om-

2202 2923 2287 2978 nis
2317 2940 2446 2995 ergo
2477 2940 2613 2979 nova
2653 2935 2920 2991 creatura,
2974 2927 3027 2982 id
3067 2937 3169 2994 est,
3222 2927 3452 3009 populus
3504 2929 3804 2984 innovatus

2202 3030 2299 3085 per
2334 3015 2514 3081 ﬁdem,
2563 3024 2622 3070 ut
2662 3016 2860 3072 habeat
2906 3018 3122 3074 interim
3173 3018 3228 3072 in
3277 3033 3392 3088 spe,
3441 3017 3583 3088 quod
3639 3019 3694 3074 in
3746 3034 3808 3074 re

2201 3117 2389 3178 postea
2436 3110 2751 3180 perﬁciatur
2780 3112 2835 3167 in
2873 3111 3107 3180 Christo,
3136 3114 3300 3170 habet
3319 3113 3430 3182 jam
3472 3114 3614 3185 quod
3649 3114 3705 3168 in
3745 3130 3806 3170 se

504 3187 696 3243 ciendo
717 3188 1079 3259 quodjustum
1107 3198 1213 3254 est,
1243 3198 1296 3244 et
1326 3206 1426 3260 pro
1463 3193 1716 3248 omnibus
1759 3195 1988 3250 mortuis
2017 3195 2099 3250 vi-
2127 3214 2170 3276 ρ
2203 3211 2402 3269 sperat.
2453 3202 2638 3273 itaque
2689 3219 2834 3260 nunc
2875 3215 3060 3261 vetera
3109 3207 3439 3261 transierunt
3497 3206 3804 3262 secundum

506 3295 606 3334 vus
643 3289 885 3336 mortuus
913 3291 997 3336 est
1019 3297 1180 3347 unus,
1209 3281 1260 3336 id
1285 3292 1391 3350 est,
1418 3283 1622 3340 nullum
1645 3285 1868 3341 omnino
1892 3287 2097 3342 habens

506 3378 817 3444 peccatum,
869 3378 930 3424 ut
969 3371 1061 3442 qui
1113 3372 1434 3428 remissione
1481 3383 1828 3446 peccatorum
1884 3375 2094 3441 vivunt,

505 3458 612 3530 jam
635 3475 740 3514 non
766 3461 866 3516 sibi
898 3461 1103 3528 vivant,
1131 3463 1225 3516 sed
1255 3463 1304 3518 ei
1333 3464 1426 3536 qui
1457 3479 1555 3535 pro
1576 3465 1830 3522 omnibus
1858 3475 2096 3521 mortuus

504 3559 579 3604 est
599 3560 805 3622 propter
829 3563 1040 3622 peccata
1081 3563 1282 3620 nostra,
1311 3565 1359 3609 et
1391 3557 1672 3610 resurrexit
1709 3565 1920 3628 propter
1933 3557 2098 3628 justi-

504 3638 802 3706 ﬁcationem
827 3651 1056 3695 nostram
1088 3642 1260 3714 (Rom.
1286 3643 1382 3716 ιν).

582 3751 765 3822 Itaque
792 3771 886 3810 nos
915 3771 979 3809 ex
1007 3756 1102 3812 hoc
1128 3757 1382 3811 neminem
1406 3759 1640 3814 nouimus
1666 3760 1951 3814 secundum
1977 3777 2094 3815 car-

506 3860 644 3914 nem,
681 3855 730 3900 et
758 3847 805 3900 si
841 3849 1172 3916 cognovimus
1220 3849 1505 3904 secundum
1553 3867 1762 3904 carnem
1805 3849 2090 3915 Christum,

505 3951 642 3989 nunc
674 3935 791 4006 jam
839 3953 942 3990 non
984 3938 1236 3992 novimus.
1273 3937 1530 4011 (Ambr.)
1561 3941 1760 3996 Verum
1799 3951 1884 3996 est
1928 3941 2090 4012 quia,

505 4025 722 4082 Christo
761 4036 1074 4098 resurgeute
1101 4044 1132 4082 a
1158 4029 1404 4095 mortuis,
1427 4029 1540 4100 jam
1583 4039 1761 4088 cessat
1785 4030 1838 4084 in
1873 4045 1940 4086 eo
1973 4045 2095 4085 car-

505 4117 640 4176 nalis
655 4119 926 4184 nativitas,
942 4128 1117 4178 cessat
1137 4120 1424 4178 inﬁrmitas
1438 4121 1701 4192 corporis,
1719 4129 1894 4176 cessat
1909 4121 2091 4191 passio

503 4211 714 4266 mortis.
741 4210 922 4281 Usque
959 4211 1024 4265 ad
1071 4227 1287 4272 crucem
1310 4212 1454 4268 enim
1480 4213 1716 4284 suspicio
1740 4212 1841 4268 fuit
1864 4214 2093 4271 inﬁrmi-

504 4299 634 4354 tatis
659 4299 714 4352 in
739 4298 978 4364 Christo,
1001 4309 1124 4370 post
1153 4310 1333 4357 autem
1359 4303 1610 4372 apparuit
1649 4317 1771 4357 esse
1798 4303 1940 4372 quod
1981 4318 2090 4359 non

502 4389 848 4456 credebatur,
885 4391 1025 4452 sicut
1053 4399 1109 4446 et
1131 4391 1246 4462 ipse
1283 4391 1360 4446 ait
1389 4410 1402 4446 :
1433 4390 1566 4447 Cum
1594 4391 1947 4447 exultaret-itis
1993 4391 2091 4447 Fi-

501 4481 632 4539 lium
679 4484 944 4552 hominis,
996 4496 1120 4541 tunc
1163 4487 1480 4556 cognoscetis
1533 4487 1779 4558 quoniam
1829 4504 1923 4560 ego
1972 4506 2094 4544 sum

2201 3307 2372 3362 spem,
2398 3295 2524 3368 quia
2542 3294 2657 3364 jam
2685 3295 2842 3351 modo
2872 3312 2977 3351 non
3017 3305 3099 3352 est
3130 3306 3341 3367 tempus
3362 3298 3575 3352 Veteris
3602 3296 3806 3352 Testa-

2199 3387 2392 3452 menli,
2440 3403 2548 3457 quo
2601 3388 2898 3458 temporale
2941 3395 3104 3458 atque
3150 3389 3371 3446 carnale
3423 3403 3651 3460 regnum
3702 3404 3804 3442 ex-

2198 3487 2468 3548 spectetur
2497 3497 2527 3534 a
2553 3481 2682 3546 Deo,
2713 3489 2766 3535 et
2801 3480 2942 3536 facta
2966 3490 3092 3536 sunt
3116 3482 3298 3538 omnia
3328 3497 3466 3537 nova
3497 3482 3802 3537 secundum

2197 3585 2366 3640 spem,
2410 3580 2467 3626 ut
2496 3588 2722 3644 regnum
2752 3573 3036 3641 caelorum,
3075 3575 3166 3629 ubi
3213 3573 3358 3628 nulla
3389 3575 3492 3630 erit
3534 3589 3685 3630 mors
3714 3585 3801 3630 at-

2197 3681 2302 3738 que
2349 3667 2653 3736 corruptio,
2713 3667 3038 3738 promissum
3084 3675 3382 3744 teneamus.
3437 3666 3496 3722 in
3541 3683 3801 3724 resurre-

2196 3757 2372 3811 ctione
2406 3766 2585 3813 autem
2611 3767 2948 3813 mortuorum
2979 3774 3084 3814 non
3107 3756 3221 3827 jam
3269 3759 3564 3814 secundum
3615 3774 3796 3830 Spem,

2196 3849 2288 3904 sed
2334 3850 2629 3904 secundum
2680 3865 2818 3913 rem,
2854 3858 2911 3904 et
2953 3859 3136 3905 vetera
3180 3850 3509 3915 transibunt,
3542 3867 3661 3904 cum
3689 3852 3798 3905 lni-

2195 3940 2328 3994 mica
2361 3940 2642 3995 novissima
2683 3939 2981 3994 destruetur
3005 3957 3145 3995 mors
3174 3940 3225 4013 (Ι
3254 3939 3375 3995 Cor.
3405 3940 3521 4011 xv),
3563 3949 3619 3997 et
3659 3942 3796 3996 ﬁent

2192 4031 2372 4087 omnia
2407 4047 2563 4097 nova,
2604 4047 2720 4085 cum
2766 4031 3103 4102 corruptibile
3142 4033 3240 4088 hoc
3283 4031 3510 4091 induerit
3547 4033 3796 4086 incorru-

2190 4125 2438 4194 ptionem,
2479 4134 2526 4179 et
2563 4124 2781 4178 mortale
2821 4125 2920 4178 hoc
2958 4124 3188 4178 induerit
3215 4124 3659 4178 immortalitatem
3699 4124 3794 4194 (ΙΙ

2192 4213 2315 4269 Cor.
2352 4215 2450 4282 iV),
2475 4215 2617 4284 quod
2654 4213 2770 4283 jam
2815 4213 3017 4270 factum
3047 4223 3132 4270 est
3161 4214 3214 4268 in
3239 4213 3477 4279 Christo,
3509 4229 3669 4283 quem
3702 4229 3792 4269 se.-

2191 4304 2428 4362 cundum
2471 4319 2587 4362 rem
2633 4305 2744 4380 jam
2804 4321 2912 4362 non
2967 4314 3192 4361 noverat
3241 4304 3440 4360 Paulus
3487 4305 3788 4361 secundum

2191 4407 2432 4459 carnem,
2457 4407 2644 4450 eorum
2694 4410 2823 4449 vero
2847 4409 2945 4464 pro
2977 4394 3174 4464 quibus
3202 4403 3449 4450 mortuus
3478 4402 3562 4450 est
3599 4404 3656 4450 et
3697 4411 3789 4452 re-

2191 4487 2447 4553 surrexit,
2477 4501 2586 4542 non
2628 4487 2922 4542 secundum
2973 4501 3108 4552 rem,
3149 4487 3245 4543 sed
3285 4487 3582 4542 secundum
3628 4502 3786 4557 spem

503 4572 686 4643 (Joan.
712 4575 854 4647 vui).
881 4576 993 4631 iioc
1019 4590 1148 4647 ergo
1185 4575 1388 4630 idcirco
1427 4577 1715 4647 Apostolus
1744 4588 2009 4636 memorat
2031 4588 2090 4635 ut
2114 4575 2167 4635 D
2194 4577 2464 4632 neminem
2517 4585 2741 4631 noverat
2797 4577 3093 4632 secundum
3153 4593 3372 4633 carnem
3397 4618 3412 4645 ,
3460 4577 3586 4648 quia
3635 4579 3795 4636 illius

501 4667 750 4722 ostendat
768 4684 873 4737 qua
890 4667 1173 4724 devotione
1194 4667 1594 4737 obsequendum
1615 4678 1698 4724 est
1713 4669 1960 4727 Christo:
1983 4688 2084 4743 pro

501 4758 676 4813 salute
710 4759 852 4813 enim
888 4760 1165 4816 hominum
1201 4773 1305 4812 non
1335 4759 1508 4816 solum
1539 4761 1809 4816 hominem
1840 4777 1898 4817 se
1935 4764 2082 4818 nasci

499 4865 606 4903 non
634 4848 950 4920 dedignatus
972 4859 1075 4915 est,
1104 4850 1194 4905 sed
1217 4858 1273 4904 et
1297 4849 1508 4919 injuriis
1537 4852 1620 4922 agi
1649 4861 1704 4908 et
1719 4853 1860 4908 mori
1881 4854 2078 4919 voluit;

499 4949 560 4994 ut
583 4939 939 5010 intelligentes
964 4956 1124 5011 quam
1151 4943 1383 5012 pretiosa
1410 4943 1481 4998 sit
1514 4958 1661 4998 mors
1686 4943 1822 5012 ejus,
1849 4961 2082 5015 propen-

499 5034 612 5089 sius
633 5033 708 5088 illi
738 5033 996 5098 serviant,
1021 5048 1127 5087 non
1149 5034 1302 5103 quasi
1335 5035 1538 5088 homini
1570 5035 1738 5088 vicem
1770 5034 2077 5099 reddentes,

499 5123 594 5178 sed
615 5122 756 5178 Deo:
783 5124 910 5194 quia
938 5123 1223 5192 unicuique
1253 5140 1350 5192 pro
1379 5139 1610 5192 persona
1639 5124 1754 5193 ejus
1783 5131 1838 5178 et
1872 5124 2081 5179 meritis

500 5211 830 5268 refundenda
873 5213 1128 5282 obsequia
1180 5221 1320 5267 sunt.
1363 5214 1421 5267 Si
1459 5230 1562 5284 qua
1607 5230 1728 5283 ergo
1777 5214 1830 5267 in
1870 5211 2077 5269 Christo

501 5320 631 5358 nova
677 5314 939 5369 creatura,
984 5312 1154 5357 vetera
1217 5303 1554 5368 transierunt,
1604 5321 1720 5358 ecce
1768 5304 1908 5374 facta
1957 5315 2078 5360 sunt

501 5411 651 5448 nova.
697 5393 1034 5450 Manifestum
1071 5403 1154 5448 est
1205 5394 1329 5463 quia
1370 5409 1466 5465 per
1498 5395 1772 5450 Christum
1821 5406 2076 5454 renovata

499 5493 624 5538 sunt
642 5484 838 5548 omnia,
865 5485 910 5539 si
939 5484 1369 5538 animadvertant
1389 5485 1699 5556 dignitatem
1722 5488 1838 5556 ejus
1864 5503 1878 5540 :
1905 5503 2077 5543 novus

499 5576 641 5630 enim
686 5575 745 5629 ﬁt
784 5576 867 5631 his
910 5576 1103 5645 quibus
1141 5576 1288 5646 prius
1325 5577 1486 5633 homo
1530 5587 1735 5632 tantum
1771 5579 2072 5644 videbatur,

501 5683 623 5722 cum
662 5665 976 5736 intelligitur
997 5681 1116 5722 esse
1146 5667 1308 5731 Deus,
1353 5674 1413 5720 ut
1452 5667 1734 5724 recedente
1765 5666 2076 5722 inﬁrmitate

501 5764 820 5826 agnoscatur
862 5757 1133 5826 divinitas,
1170 5767 1225 5814 et
1251 5767 1494 5815 cessante
1539 5774 1722 5816 errore
1754 5767 1953 5825 vetere,
1983 5760 2075 5831 qui

2185 4666 2378 4734 gratia,
2409 4667 2549 4721 sicut
2589 4667 2730 4721 idem
2767 4666 3013 4736 Ephesiis
3055 4667 3208 4732 dicit,
3237 4683 3423 4723 sumus
3461 4668 3593 4723 salvi
3623 4668 3777 4724 facti.

2187 4754 2305 4809 Etsi
2335 4773 2661 4822 noveramus,
2693 4757 2888 4826 inquit,
2919 4759 3202 4812 secundum
3237 4775 3444 4813 carnem
3484 4757 3777 4824 Christum.

2183 4846 2274 4900 sed
2302 4863 2438 4901 nunc
2457 4847 2574 4917 jam
2603 4864 2706 4901 non
2736 4847 2992 4914 novimus,
3019 4849 3184 4905 etiam
3219 4851 3389 4920 ipsam
3417 4851 3612 4921 quippe
3655 4866 3780 4906 car-

2185 4953 2307 4992 nem
2329 4938 2550 5004 Christi,
2579 4955 2686 4993 non
2726 4940 3018 4994 secundum
3066 4956 3285 4996 carnem
3316 4941 3486 5006 novit,
3516 4941 3608 5012 qui
3635 4940 3774 4998 Ver—

2182 5029 2310 5085 bum
2339 5046 2558 5085 carnem
2585 5031 2784 5086 factum
2813 5033 3130 5102 spiritaliter
3159 5034 3328 5088 novit.

2255 5119 2459 5176 Omnia-
2485 5131 2659 5176 autem
2681 5139 2746 5178 ex
2784 5123 2911 5178 Deo.
2945 5122 3180 5195 (:mer.)
3222 5124 3478 5192 Quamvis
3524 5125 3774 5182 Christus

2183 5226 2280 5266 nos
2309 5211 2619 5277 redemerit,
2641 5213 2819 5268 omnia
2846 5222 3025 5269 tamen
3048 5231 3111 5270 ex
3143 5217 3278 5282 Deo,
3300 5217 3425 5286 quia
3448 5218 3516 5272 ab
3543 5218 3662 5286 ipso
3687 5228 3773 5274 est

2179 5303 2357 5356 omnis
2379 5303 2694 5371 paternitas,
2719 5303 2944 5374 ideoque
2970 5322 3192 5362 necesse
3211 5317 3295 5362 est
3313 5307 3556 5378 praiferri
3579 5324 3768 5378 perso-

2183 5409 2306 5446 nam
2333 5393 2527 5447 Patris.
2565 5391 2668 5460 Qui
2702 5395 3049 5450 reconciliavit
3081 5414 3173 5451 nos
3218 5398 3317 5452 sibi
3355 5415 3448 5468 per
3475 5397 3764 5464 Christum,

2181 5492 2228 5538 et
2259 5484 2400 5537 dedit
2431 5485 2578 5539 nobis
2617 5485 2959 5540 ministerium
3002 5489 3460 5542 reconciliationis.
3502 5489 3763 5555 Quoniam

2178 5574 2388 5646 quidem
2415 5575 2550 5629 Deus
2573 5586 2681 5630 erat
2699 5577 2751 5629 in
2769 5575 2997 5642 Christo,
3018 5578 3270 5631 mundum
3287 5577 3628 5636 reconcilians
3642 5580 3762 5641 sibi.

2182 5683 2284 5721 non
2315 5676 2556 5737 reputans
2583 5666 2687 5720 illis
2717 5667 2902 5721 delicta
2933 5668 3186 5737 ipsorum.
3230 5667 3293 5722 Et
3325 5669 3496 5738 posuit
3531 5669 3585 5722 in
3619 5671 3766 5723 nobis

2183 5759 2389 5816 rerbum
2441 5759 2892 5817 reconciliationis.
2937 5759 3045 5814 Pro
3091 5757 3295 5814 Christo
3343 5776 3463 5831 ergo
3509 5759 3768 5831 legatione
