4022 6338
284 398 388 454 195

775 397 1322 456 ENARRATIONUM
1358 400 1426 455 IN
1466 399 1613 456 EPP.
1656 397 1862 454 PAULI

1967 399 2029 451 Β.
2073 395 2183 451 ΧΠ.
2223 426 2290 438 --
2330 395 2391 450 ΙΝ
2430 394 2645 450 εριδτ.
2683 396 2728 451 Il
2761 397 2854 451 AD
2891 397 3048 454 COR.

3433 397 3537 452 194

280 513 553 582 fungimur
571 521 821 581 tanquam
849 509 958 565 Deo
1003 512 1309 566 exhortante
1331 527 1421 581 per
1451 527 1562 566 nos.
1600 509 1854 564 Obsecra-
1882 519 1936 576 Α
1961 509 2028 564 ad
2053 523 2240 578 pacem
2275 508 2368 562 Dei
2413 508 2586 578 rogali
2613 508 2910 563 veniamus.
2951 509 3246 565 Erubescat
3275 525 3403 583 ergo
3429 514 3536 570 bu-

273 621 396 658 mus
442 618 537 671 pro
585 601 807 666 Christo,
846 601 1251 656 reconciliamini
1297 601 1405 655 Deo
1429 615 1448 652 :
1473 617 1590 654 eum
1620 601 1707 672 qui
1753 617 1856 653 non

274 701 493 748 noverat
528 700 810 761 peccatum,
841 707 935 760 pro
975 691 1122 744 nobis
1161 700 1428 760 peccatum
1477 689 1617 758 fecit,
1667 698 1721 741 ut
1765 705 1854 742 nos

275 785 596 853 efﬁcerentur
637 781 850 850 justitia
899 779 998 833 Dei
1047 782 1103 834 in
1148 781 1279 848 ipso.
1336 780 1478 833 Deus
1521 779 1858 848 omnipotens

274 874 496 944 genitor
526 872 748 937 Christi,
780 886 901 925 cum
931 871 1110 925 omnia
1135 885 1254 940 qua:
1280 886 1376 940 per
1405 869 1678 924 Christum
1718 867 1858 923 fecea

273 973 388 1027 rat,
438 976 623 1016 errore
674 961 874 1016 caduca
923 959 1151 1014 fuissent
1204 959 1414 1024 eﬁecta,
1457 958 1728 1013 Creatoris
1775 957 1858 1012 sui

273 1053 465 1118 oblita,
485 1053 761 1108 Christum
785 1052 1070 1107 Dominum
1091 1059 1334 1107 nostrum
1360 1052 1425 1106 de
1454 1051 1623 1105 sacris
1642 1049 1859 1105 sedibus

277 1143 350 1196 ad
395 1153 610 1197 terrena
651 1142 866 1197 mittere
919 1141 1166 1212 dignatus
1207 1148 1312 1205 est,
1356 1139 1554 1194 factum
1599 1152 1761 1193 carne
1803 1138 1859 1192 in

277 1233 462 1302 specie
507 1232 772 1297 hominis,
822 1239 881 1285 ut
917 1230 1101 1286 forma
1147 1239 1293 1286 esset
1321 1230 1647 1294 hominibus,
1672 1242 1861 1298 quem-

273 1323 565 1378 admodum
594 1323 692 1378 sibi
723 1324 890 1377 Deum
923 1333 1222 1377 creatorem
1253 1337 1409 1378 suum
1449 1321 1733 1392 paciﬁcum
1773 1318 1860 1374 fa-

275 1425 487 1470 cerent.
523 1416 664 1470 Deus
691 1430 822 1486 ergo
855 1424 974 1472 erat
1003 1415 1067 1470 in
1109 1415 1345 1480 Christo,
1375 1414 1676 1485 quomodo?
1706 1413 1859 1484 quasi

278 1506 336 1560 in
365 1507 566 1562 vicario
592 1515 682 1560 aut
706 1505 907 1578 legato,
935 1501 1077 1562 sieut
1099 1506 1200 1560 fuit
1230 1507 1284 1560 in
1315 1507 1612 1578 prophetis,
1640 1513 1732 1560 aut
1756 1504 1857 1559 ali-

275 1597 401 1651 ter?
429 1612 535 1652 non
563 1596 702 1652 sicut
742 1596 843 1650 fuit
875 1597 943 1650 in
967 1597 1277 1666 .prophetis,
1304 1597 1383 1651 sic
1429 1596 1651 1666 intelligi
1687 1602 1862 1666 potest

273 1696 336 1741 et
357 1686 524 1742 fuisse
551 1687 604 1742 in
632 1687 811 1742 Filio?
836 1685 1005 1742 Filius
1031 1687 1174 1740 enim
1199 1685 1519 1740 naturaliter
1546 1685 1753 1756 legatus
1777 1692 1862 1740 est

276 1775 457 1832 Patris
475 1777 590 1839 Dei,
613 1777 754 1831 unde
781 1776 909 1831 dicit
933 1793 946 1828 :
972 1774 1110 1840 Quia
1133 1771 1292 1829 Pater
1318 1775 1372 1828 in
1396 1791 1474 1828 me
1498 1783 1594 1838 est,
1619 1783 1667 1827 et
1691 1789 1782 1843 ego
1803 1774 1859 1828 in

1957 617 2116 656 mana
2164 600 2432 672 superbia,
2461 599 2821 656 confundatur
2856 601 3084 670 quisque
3136 603 3183 656 si
3228 618 3337 657 non
3378 612 3541 662 satis-

1956 695 2118 748 faciat
2143 695 2292 762 prior
2321 694 2584 764 proximo,
2615 693 2830 762 quando
2857 702 2977 763 post
3019 695 3230 764 culpam
3269 706 3537 764 nostram,

1957 795 2017 839 ut
2051 785 2100 839 ei
2131 785 2466 840 reconciliari
2496 785 2808 848 debeamus,
2833 792 2884 838 et
2928 785 3040 853 ipse
3071 785 3163 854 qui
3194 784 3429 840 oﬁ‘ensus
3455 796 3539 842 est

1956 873 2146 943 legatis
2176 874 2654 929 intervenientibus
2681 874 2932 928 obsecrat
2953 875 3112 929 Deus.
3141 875 3279 928 Eum
3307 878 3394 946 qui
3431 893 3534 933 non
3575 894 3586 911 ι

1958 975 2163 1018 noverat
2205 963 2470 1034 pecchtum
2515 980 2608 1032 pro
2653 965 2799 1017 nobis
2834 976 3104 1034 peccatum
3134 965 3276 1034 fecit.
3304 966 3539 1039 (Anthr.)

1959 1051 2126 1106 Deum
2151 1053 2282 1106 dicit
2328 1051 2541 1106 Patrem
2575 1061 2854 1121 peccatum
2903 1052 3098 1108 fecisse
3145 1053 3339 1108 Filium
3384 1071 3539 1112 suum

1957 1143 2248 1206 Christum,
2278 1159 2400 1198 cum
2441 1144 2623 1212 utique
2667 1144 2756 1212 qui
2802 1153 3082 1214 peccatum
3137 1147 3435 1214 nesciebat,
3485 1148 3539 1204 id

1958 1241 2064 1296 est,
2091 1233 2180 1302 qui
2205 1248 2312 1287 non
2339 1242 2678 1302 peccaverat,
2700 1233 2822 1302 quia
2855 1233 3030 1288 factus
3051 1250 3178 1290 caro
3201 1253 3310 1291 non
3339 1237 3538 1293 immu-

1958 1332 2119 1387 tatus,
2155 1323 2246 1380 sed
2271 1325 2582 1380 incarnatus
2609 1326 2782 1380 factus
2805 1336 2890 1380 est
2918 1338 3220 1396 peccatum.
3255 1329 3406 1386 Sicut
3443 1333 3538 1402 qui

1959 1413 2018 1469 ﬁt
2044 1415 2326 1484 praefectus
2348 1431 2455 1470 non
2483 1417 2679 1470 amittit
2703 1417 2845 1485 quod
2875 1426 3024 1483 erat,
3059 1419 3152 1473 sed
3176 1421 3400 1475 assumit
3430 1422 3537 1476 uti-

1958 1521 2065 1576 que
2093 1507 2235 1575 quod
2272 1521 2379 1560 non
2405 1514 2542 1560 erat.
2579 1506 2748 1561 Homo
2778 1521 2905 1578 ergo
2954 1506 3129 1562 factus
3169 1516 3253 1564 est
3294 1509 3544 1567 Christus

1959 1610 2120 1650 causa
2147 1595 2375 1666 peccati,
2407 1610 2565 1664 quem
2593 1611 2699 1650 non
2732 1598 2979 1666 tangebat
3003 1612 3142 1663 sors,
3169 1613 3341 1667 neque
3370 1599 3543 1670 digni-

1961 1696 2044 1742 tas
2071 1687 2216 1741 nasci
2246 1686 2517 1741 hominem
2547 1695 2804 1755 :propter
2834 1687 2977 1756 quod
3016 1687 3159 1741 enim
3200 1689 3379 1742 omnis
3412 1703 3542 1742 caro

1959 1776 2059 1831 sub
2089 1788 2308 1846 peccato
2347 1784 2448 1840 est,
2496 1776 2616 1830 ideo
2642 1775 2816 1830 factus
2840 1792 2986 1842 caro,
3023 1776 3194 1832 factus
3234 1787 3316 1832 est
3345 1794 3542 1847 peccas

276 1865 443 1921 Patre
471 1865 652 1938 (Joan.
682 1865 816 1938 ιη’).
846 1865 1008 1919 Pater
1036 1865 1180 1919 enim
1205 1879 1302 1936 per
1329 1865 1383 1919 id
1405 1863 1721 1934 intelligitur
1741 1878 1861 1918 esse
1889 1861 1935 1922 B
1964 1874 2114 1930 tum,
2135 1874 2191 1920 et
2235 1867 2487 1935 quoniam
2521 1865 2732 1921 oblatus
2756 1875 2838 1922 cst
2877 1883 2974 1937 pro
3013 1869 3270 1937 peccatis,
3301 1885 3404 1924 non
3442 1871 3542 1924 im-

273 1959 333 2012 in
359 1959 490 2024 ﬁlio,
519 1959 659 2028 quod
681 1972 792 2012 una
815 1972 1001 2012 eorum
1034 1957 1104 2010 sit
1133 1955 1431 2012 substantia
1456 1973 1468 2010 :
1501 1955 1574 2010 ibi
1611 1962 1694 2009 est
1717 1955 1862 2009 enim

275 2051 478 2116 unitas,
517 2050 608 2105 ubi
637 2049 781 2104 nulla
809 2057 894 2103 est
921 2046 1246 2112 differentia,
1275 2062 1339 2101 ac
1361 2061 1463 2117 .per
1492 2047 1594 2100 hoc
1631 2045 1861 2098 invicem

269 2149 423 2204 sunt,
453 2139 577 2210 quia
608 2148 662 2194 et
690 2140 865 2208 immo
893 2148 948 2193 et
975 2138 1270 2192 similitudo
1310 2152 1496 2191 eorum
1525 2152 1627 2191 una
1662 2147 1764 2200 est,
1804 2143 1864 2190 ut

271 2229 466 2284 videns
519 2228 734 2291 Filium,
781 2227 980 2280 vidisse
1035 2227 1245 2281 dicatur
1303 2225 1572 2280 Patrem:
1626 2223 1727 2289 Qui
1781 2239 1863 2278 me

273 2319 429 2384 vidit,
462 2319 589 2372 vidit
609 2327 656 2370 et
683 2315 894 2370 Patrem
917 2316 1096 2387 (Joau.
1129 2314 1261 2386 xw).
1290 2314 1455 2370 Recte
1476 2330 1603 2383 ergo
1627 2314 1858 2366 dicitur:

273 2407 420 2462 Deus
446 2417 556 2461 erat
583 2409 636 2460 in
665 2405 893 2471 Christo,
923 2407 1026 2460 hoc
1047 2415 1147 2470 est,
1172 2405 1332 2460 Pater
1351 2406 1405 2459 in
1430 2405 1582 2470 Filio,
1610 2405 1862 2457 mundum

279 2497 625 2551 reconcilians
663 2497 781 2561 sibi,
814 2512 920 2551 non
962 2504 1218 2565 reputans
1267 2496 1372 2552 illis
1415 2495 1610 2550 delicta
1650 2509 1859 2559 eorum,

276 2586 532 2655 quoniam
585 2593 830 2640 creatura
866 2586 1108 2655 peccavit
1152 2585 1206 2639 in
1256 2586 1443 2649 Deum,
1473 2600 1574 2639 nec
1611 2584 1862 2654 paenituit

276 2686 341 2730 ut
363 2685 727 2732 reverteretur
751 2678 819 2730 ad
844 2693 984 2732 eum.
1025 2676 1167 2731 Deus
1193 2691 1328 2746 opus
1357 2692 1510 2730 suum
1543 2675 1728 2729 nolens
1762 2690 1858 2743 pe-

275 2767 413 2833 rire,
462 2768 608 2823 misit
650 2767 842 2822 Filium
887 2783 1062 2832 suum,
1095 2783 1191 2838 per
1231 2782 1413 2836 quem,
1449 2766 1736 2836 praedicata
1781 2765 1860 2820 eis

279 2859 602 2914 remissione
640 2868 1005 2929 peccatorum,
1053 2859 1425 2914 reconciliaret
1473 2873 1566 2914 eos
1613 2858 1713 2912 sibi
1763 2871 1862 2926 per

279 2949 481 3019 ipsum,
525 2967 621 3022 per
647 2967 809 3021 quem
853 2966 952 3006 nos
979 2961 1280 3006 creaverat.
1315 2951 1440 3006 Sive
1486 2966 1615 3022 ergo
1645 2965 1740 3020 per
1769 2949 1856 3003 Fi-

277 3037 435 3108 lium,
466 3041 579 3097 sive
599 3057 696 3112 per
720 3057 902 3096 servos
923 3043 1064 3096 Deus
1089 3043 1408 3096 exhortatur
1433 3043 1704 3113 populum,
1733 3041 1857 3111 quia

277 3131 351 3184 ad
375 3131 548 3200 ipsum
572 3133 746 3187 omnis
771 3148 979 3188 summa
1011 3132 1288 3187 referenda
1331 3141 1436 3198 est,
1477 3130 1628 3200 cujus
1670 3133 1858 3186 volun-

1965 1959 2161 2013 merito
2188 1967 2466 2028 peccatum
2505 1959 2680 2012 factus
2707 1958 2926 2023 dicitur,
2948 1961 3074 2028 quia
3103 1961 3277 2015 hostia
3307 1961 3358 2014 in
3402 1961 3538 2032 lege,

1963 2065 2082 2118 quae
2092 2064 2190 2118 pro
2211 2049 2444 2119 peccatis
2457 2047 2798 2112 oil‘erebatur,
2817 2058 3095 2117 peccatum
3111 2050 3538 2120 nuncupabatur,

1962 2149 2018 2193 ut
2050 2156 2141 2193 nos
2167 2155 2392 2193 essemus
2423 2139 2626 2206 iustitia
2662 2139 2752 2192 Dei
2788 2141 2840 2192 in
2871 2140 2983 2208 ipso
3005 2140 3095 2208 qui
3133 2149 3410 2209 peccatum
3442 2157 3540 2196 ne-

1962 2230 2186 2293 sciebat,
2219 2229 2430 2284 dicente
2475 2229 2608 2282 lsaia
2639 2245 2652 2281 :
2693 2227 2794 2294 Qui
2821 2239 3087 2298 peccatum
3125 2246 3224 2283 non
3260 2231 3399 2299 fecit,
3448 2247 3540 2284 nec

1961 2317 2112 2372 dolus
2126 2319 2360 2373 inventus
2373 2329 2445 2372 est
2471 2319 2626 2372 inore
2642 2319 2753 2387 ejus
2770 2318 2901 2389 (Isa.
2919 2336 3012 2374 LIII
3032 2337 3046 2384 ;
3066 2319 3092 2372 I
3113 2318 3255 2374 Petr.
3282 2325 3364 2391 Ii),
3389 2321 3542 2391 quasi

1961 2420 2214 2480 peccator
2248 2411 2460 2464 occisus
2497 2419 2580 2464 est
2607 2450 2620 2473 ,
2663 2419 2722 2463 ut
2760 2420 3070 2479 peccatores
3116 2412 3544 2482 justiﬁcarcntur

1961 2505 2098 2575 apud
2116 2504 2281 2559 Deum
2305 2505 2356 2558 in
2381 2503 2617 2558 Christo.
2635 2503 2818 2558 Zelum
2842 2505 2984 2559 enim
3008 2521 3198 2574 passus
3213 2514 3297 2560 est
3319 2504 3544 2561 Satanas

1959 2599 2216 2652 adversus
2254 2596 2612 2660 Salvatorem,
2652 2595 2840 2650 videns
2891 2611 3012 2650 cum
3056 2598 3250 2651 docere
3300 2597 3546 2651 homines

1961 2688 2227 2756 quomodo
2249 2686 2347 2740 sibi
2367 2686 2657 2756 propitium
2683 2684 2926 2740 facerent
2953 2687 3144 2752 Deum,
3160 2686 3543 2740 abrenuntiau-

1960 2784 2044 2830 tes
2066 2775 2296 2839 diabolo,
2314 2784 2370 2828 et
2388 2785 2606 2844 propter
2647 2775 2750 2828 hoc
2785 2776 2978 2830 occidit
3011 2791 3133 2829 eum
3187 2775 3436 2830 nesciens
3463 2775 3547 2830 fu-

1962 2871 2140 2918 turum
2171 2865 2428 2919 adversus
2465 2879 2543 2918 se.
2571 2862 2818 2917 Christus
2844 2864 2989 2917 enim
3031 2872 3152 2933 post
3191 2877 3404 2918 crucem
3447 2864 3544 2916 de-

1960 2956 2226 3010 scendens
2263 2955 2328 3007 ad
2357 2952 2576 3018 inferos,
2619 2952 2827 3006 devicta
2858 2961 3049 3018 morte,
3076 2953 3200 3022 quia
3229 2953 3317 3021 qui
3353 2967 3545 3020 pecca-

1961 3055 2072 3101 tum
2095 3045 2391 3106 nesciebat,
2413 3045 2588 3099 teneri
2613 3059 2641 3098 a
2664 3053 2836 3098 morte
2861 3059 2966 3098 non
2991 3053 3224 3113 poterat,
3247 3044 3371 3113 quia
3397 3060 3546 3101 mors

1959 3152 2056 3206 per
2103 3145 2385 3208 peccatum
2433 3135 2732 3190 exinanivit
2777 3132 3082 3198 infernum,
3129 3143 3190 3188 ut
3231 3149 3378 3190 mors
3412 3133 3547 3204 justi

279 3229 397 3276 tate
426 3231 481 3277 et
495 3223 829 3292 providentia
876 3222 1122 3279 Christus
1158 3224 1467 3278 incarnatus
1512 3233 1596 3278 cst
1625 3224 1691 3277 ad
1722 3223 1865 3278 salu-
1891 3212 1934 3274 C
1966 3224 2342 3295 peccatoribus
2391 3222 2702 3294 proﬁceret,
2729 3230 2790 3277 ut
2835 3223 2899 3278 de
2924 3231 3125 3277 caetero
3153 3239 3297 3280 mors
3333 3239 3428 3280 eos
3454 3226 3546 3294 qui

281 3323 395 3368 tem
424 3315 704 3371 hominum
733 3316 1121 3380 redimendam,
1167 3317 1258 3387 qui
1307 3333 1430 3372 cum
1472 3317 1668 3372 reverti
1705 3316 1864 3372 vellet

283 3405 354 3459 ad
397 3404 612 3461 Patrem
633 3448 650 3472 ,
683 3407 1134 3476 dispensationem
1163 3415 1438 3477 acceptam
1469 3423 1498 3461 a
1533 3406 1691 3461 Patre
1721 3407 1867 3461 dedit

282 3495 581 3566 discipulis.
622 3495 844 3552 Orantes
877 3513 972 3567 pro
1002 3495 1206 3550 Christo
1239 3497 1564 3551 reconciliari
1594 3497 1720 3562 Deo,
1761 3497 1866 3553 hoc

284 3597 372 3642 est
391 3589 533 3658 quod
553 3587 681 3652 dixi,
707 3588 830 3657 quia
857 3603 952 3659 pro
979 3587 1196 3644 Christo
1227 3589 1453 3644 vicarios
1481 3590 1626 3644 dedit
1649 3599 1866 3660 aposto-

283 3685 394 3750 los,
420 3695 596 3755 utpro
623 3687 738 3756 ipso
772 3685 1128 3756 praedicarent
1161 3684 1494 3739 reconciliari
1521 3683 1650 3737 Deo.
1686 3683 1866 3754 (Ααθ.)

288 3775 400 3832 Pro
448 3774 674 3840 Christo,
723 3776 912 3845 inquit,
955 3775 1210 3846 legatione
1263 3774 1565 3843 fungimur,
1620 3782 1867 3842 tanquam

285 3867 399 3922 Deo
427 3871 728 3923 exhortante
761 3886 850 3940 per
895 3886 1007 3931 nos,
1055 3868 1381 3921 obsecramus
1421 3882 1514 3936 pro
1551 3864 1777 3928 Christo,
1815 3865 1867 3918 id

286 3968 395 4022 est,
423 3967 673 4028 tanquam
696 3957 940 4014 Christus
965 3959 1210 4013 obsecret
1239 3972 1355 4018 nos,
1387 3955 1711 4009 reconciliari
1737 3954 1866 4007 Deo.

288 4049 349 4105 Si
380 4052 695 4105 exhortatur
734 4059 789 4104 et
830 4050 1076 4104 obsecrat
1127 4045 1426 4117 Apostolus,
1462 4053 1520 4099 ut
1565 4044 1872 4098 reconcilie-

291 4158 413 4194 mur
442 4140 574 4204 Deo,
605 4140 805 4196 inimici
833 4155 1048 4194 eramus
1089 4138 1237 4192 Deo:
1268 4150 1423 4190 nemo
1451 4134 1592 4188 enim
1634 4132 1871 4187 reconci—

288 4235 472 4297 liatur,
505 4234 607 4286 nisi
655 4248 720 4287 ex
768 4231 1091 4295 inimicitiis;
1140 4229 1386 4283 inimicos
1417 4237 1597 4281 autem
1639 4241 1735 4278 nos
1766 4237 1871 4278 non

290 4333 508 4386 natura,
533 4321 624 4377 sed
649 4333 868 4391 peccata
897 4321 1156 4376 fecerunt.
1184 4317 1461 4384 Quomodo
1485 4325 1661 4369 autem
1688 4329 1874 4368 recon-
1901 4305 1904 4310 ’

291 4413 542 4467 ciliamur
572 4413 674 4466 nisi
713 4411 950 4465 solvatur
977 4410 1118 4479 quod
1164 4409 1306 4462 inter
1349 4423 1446 4461 nos
1491 4416 1545 4461 et
1582 4406 1754 4474 ipsum
1789 4419 1872 4458 se-

289 4513 469 4575 parat,
517 4512 600 4557 est
645 4503 788 4556 enim
832 4501 1066 4555 medium
1115 4514 1390 4568 scparans,
1438 4495 1530 4552 sed
1573 4507 1759 4551 contra
1789 4502 1872 4550 est

293 4594 562 4647 mediator
593 4593 976 4654 reconcilians;
1022 4589 1254 4643 medium
1282 4602 1542 4656 scparans
1575 4594 1660 4639 est
1685 4598 1871 4653 pecca-

296 4696 444 4748 tum,
494 4685 757 4738 mediator
804 4681 1158 4738 reconcilians
1194 4688 1277 4732 est
1307 4679 1561 4732 Dominus
1585 4675 1831 4730 Christus
1858 4691 1871 4726 :

294 4774 446 4830 Unus
472 4775 608 4828 enim
642 4774 802 4838 Deus,
841 4783 889 4826 et
934 4789 1067 4826 unus
1099 4771 1354 4824 mediator
1384 4769 1482 4822 Dei
1514 4779 1559 4820 et
1580 4767 1871 4830 hominum,

290 4867 450 4921 homo
487 4864 726 4919 Christus
761 4862 915 4918 Jesus
958 4861 1009 4932 (I
1043 4859 1176 4914 Tim.
1227 4859 1310 4930 ll).
1363 4857 1433 4913 Ut
1485 4871 1615 4926 ergo
1661 4855 1876 4909 tollatur

293 4958 520 5012 materia
551 4971 827 5027 separaris,
855 4954 998 5024 quod
1023 4963 1106 5008 est
1129 4959 1432 5022 peccatum,
1455 4950 1605 5003 venit
1636 4948 1724 5003 ille
1759 4963 1876 5002 me-

293 5050 494 5112 diator,
523 5058 578 5104 et
621 5049 796 5104 factus
841 5046 1162 5102 sacriﬁcium
1203 5045 1454 5098 sacerdos
1504 5043 1634 5112 ipse,
1665 5049 1720 5095 et
1751 5039 1876 5109 quia

293 5139 626 5196 sacriﬁcium
671 5138 844 5194 factus
883 5145 965 5192 est
993 5152 1090 5207 pro
1119 5143 1340 5205 peccato
1383 5133 1614 5189 oﬂ‘erens
1639 5132 1876 5200 scipsum

293 5231 352 5284 in
376 5231 748 5286 holocaustum
778 5230 832 5284 in
861 5245 1023 5284 cruce
1046 5227 1332 5298 passionis.
1367 5224 1621 5294 Sequitur
1644 5224 1877 5291 Aposto-

293 5320 382 5376 lus
425 5330 482 5376 et
527 5321 678 5387 dicit,
718 5335 840 5376 cum
881 5319 1128 5384 dixisset,
1167 5316 1492 5370 obsecramus
1538 5329 1632 5382 pro
1672 5310 1880 5364 Christo

295 5411 630 5468 reconciliari
671 5413 802 5477 Deo,
847 5410 999 5482 quasi
1036 5410 1356 5472 diceremus,
1385 5405 1652 5475 quomodo
1681 5401 1882 5473 poteri-

295 5520 420 5559 mus
467 5500 825 5566 reconciliari,
875 5500 1237 5558 obsecramus.
1297 5495 1487 5565 inquit,
1533 5509 1630 5565 pro
1663 5491 1881 5547 Christo

296 5591 725 5648 reconciliamini
759 5592 889 5647 Deo.
921 5587 1126 5662 (Greg.)
1159 5587 1298 5642 Ecce
1327 5585 1468 5640 inter
1504 5599 1602 5639 nos
1629 5591 1684 5638 et
1709 5583 1878 5642 Deum

296 5684 626 5740 discordiam
654 5682 926 5753 peccando
955 5679 1203 5745 iecimus,
1229 5685 1284 5732 et
1313 5685 1492 5732 tamen
1519 5675 1586 5730 ad
1617 5690 1714 5730 nos
1739 5675 1880 5729 Deus

299 5790 429 5830 suos
459 5775 662 5846 legatos
689 5773 837 5845 prior
867 5771 1030 5838 misit,
1062 5779 1118 5825 ut
1149 5783 1248 5826 uos
1276 5766 1372 5838 ipsi
1404 5765 1493 5837 qui
1519 5765 1878 5837 peccavimus,

1967 3314 2176 3386 signum
2207 3313 2386 3369 crucis
2417 3315 2636 3380 habent,
2689 3323 2872 3370 tenere
2910 3329 3016 3368 non
3049 3315 3237 3383 possit.
3271 3315 3452 3387 (Aug)
3487 3315 3544 3371 ln

1968 3405 2161 3460 Vetere
2199 3405 2398 3474 quippe
2443 3405 2788 3460 Testamento
2828 3415 3046 3474 peccata
3089 3407 3417 3460 vocabantur
3461 3423 3549 3462 sa-

1967 3497 2170 3552 criﬁcia
2198 3512 2296 3566 pro
2323 3495 2579 3565 peccatis,
2615 3495 2756 3564 quod
2785 3510 2910 3550 vere
2935 3496 3037 3550 iste
3063 3494 3239 3550 factus
3261 3504 3368 3560 est,
3393 3497 3546 3566 cujus

1968 3587 2171 3640 umbrat
2198 3594 2356 3640 erant
2388 3585 2474 3639 illa
2507 3602 2519 3637 :
2553 3585 2680 3639 hinc
2705 3583 2994 3652 Apostolus
3023 3599 3146 3638 cum
3174 3584 3420 3647 dixisset,
3451 3587 3544 3637 ob-

1968 3695 2231 3732 secramus
2253 3695 2346 3747 pro
2371 3676 2578 3731 Christo
2620 3677 2945 3731 reconciliari
2983 3677 3113 3741 Deo,
3147 3677 3404 3732 continuo
3427 3676 3552 3731 sub-

1963 3765 2143 3835 junxit
2169 3775 2328 3837 atque
2356 3767 2452 3832 ait,
2485 3784 2603 3821 eum
2622 3767 2711 3838 qui
2743 3784 2845 3821 non
2875 3776 3084 3820 noverat
3119 3777 3405 3836 peccatum,
3432 3783 3552 3836 pec-

1971 3870 2142 3913 catum
2165 3875 2258 3928 pro
2280 3860 2424 3913 nobis
2446 3860 2590 3929 fecit,
2616 3871 2671 3912 ut
2694 3876 2786 3912 nos
2807 3859 2967 3912 simus
2979 3858 3193 3927 justitia
3216 3855 3310 3911 Dei
3340 3859 3393 3911 in
3414 3859 3546 3925 ipso.

1970 3948 2086 4002 Non
2113 3949 2205 4014 ait,
2235 3957 2295 4003 ut
2317 3949 2368 4004 in
2397 3949 2714 4018 quibusdam
2736 3947 3007 4001 mendosis
3040 3947 3310 4001 codicibus
3336 3945 3550 4015 legitur,

1970 4040 2015 4092 is
2038 4040 2126 4109 qui
2148 4056 2251 4092 non
2280 4048 2486 4093 noverat
2509 4047 2798 4108 peccatum,
2825 4046 3090 4106 peccatum
3121 4053 3214 4105 pro
3242 4035 3386 4087 nobis
3407 4036 3553 4103 fecit,

1975 4136 2224 4197 tanquam
2276 4144 2374 4197 pro
2419 4128 2573 4181 nobis
2620 4125 2868 4180 Christus
2919 4125 3033 4194 ipse
3082 4124 3417 4193 peccaverit;
3459 4125 3552 4178 sed

1971 4219 2066 4284 ait,
2097 4235 2216 4272 eum
2241 4219 2330 4290 qui
2357 4235 2459 4271 non
2499 4226 2706 4271 noverat
2746 4225 3035 4286 peccatum,
3063 4215 3117 4268 id
3151 4223 3236 4269 est
3257 4213 3552 4277 Christum,

1971 4325 2064 4379 pro
2091 4311 2234 4362 nobis
2271 4317 2537 4378 peccatum
2567 4307 2686 4376 fecit
2719 4305 2875 4368 Deus,
2924 4304 3009 4358 cui
3043 4303 3423 4360 reconciliandi
3467 4319 3555 4357 su-

1972 4416 2115 4465 mus,
2155 4401 2256 4454 hoc
2299 4408 2383 4456 est
2423 4397 2748 4452 sacrificium
2805 4411 2902 4467 pro
2960 4396 3215 4466 peccatis,
3269 4410 3364 4464 per
3411 4395 3552 4463 quod

1972 4491 2308 4547 reconciliari
2353 4489 2653 4544 valercmus
2682 4507 2694 4542 :
2728 4489 2842 4557 ipse
2871 4503 3000 4559 ergo
3029 4496 3305 4558 peccatum
3326 4525 3341 4549 ,
3373 4494 3433 4538 ut
3458 4500 3556 4540 nos

1903 4548 2211 4651 Djustitia;
2245 4596 2345 4634 nec
2386 4589 2593 4641 nostra,
2623 4579 2716 4631 scd
2745 4577 2873 4642 Dei;
2906 4592 3005 4631 nec
3053 4576 3105 4629 iu
3141 4575 3316 4638 nobis,
3363 4574 3456 4627 sed
3499 4574 3554 4626 in

1971 4675 2088 4743 ipso
2115 4691 2127 4726 :
2160 4674 2299 4726 sicut
2325 4673 2440 4741 ipse
2478 4679 2755 4739 peccatum
2797 4682 2904 4720 non
2929 4680 3107 4728 suum,
3139 4664 3232 4718 sed
3267 4671 3509 4717 nostrum
3537 4680 3549 4714 :

1974 4778 2074 4816 nec
2112 4761 2167 4814 in
2217 4776 2295 4823 se,
2343 4761 2436 4814 sed
2482 4761 2535 4812 iu
2583 4758 2759 4819 nubis,
2809 4754 3160 4809 constitutum
3208 4751 3556 4806 similitudine

1973 4852 2156 4908 carnis
2185 4851 2392 4922 peccati
2420 4850 2471 4903 in
2503 4865 2606 4919 qua
2637 4845 2927 4902 cruciﬁxus
2951 4853 3036 4900 est
3061 4843 3468 4907 demonstravit,
3498 4849 3556 4895 ut

1973 4943 2230 5012 quoniam
2262 4949 2539 5011 peccatum
2576 4938 2624 4993 ei
2664 4953 2768 4991 non
2811 4936 3004 5001 inerat,
3048 4934 3122 4990 ita
3161 4932 3556 5004 quodammodo

1976 5041 2198 5104 peccato
2220 5040 2522 5086 moreretur
2547 5030 2675 5084 dum
2711 5027 2939 5084 moritur
2977 5025 3153 5094 carni,
3201 5026 3256 5081 in
3294 5040 3399 5095 qua
3442 5031 3559 5079 erat

1978 5130 2270 5186 similitudo
2303 5127 2532 5199 peccati.

2575 5213 2804 5271 CAPUT
2869 5211 2951 5268 Vl.

1982 5329 2242 5383 Hortatur
2262 5327 2331 5380 ad
2353 5327 2540 5379 bonum
2563 5341 2682 5378 suos
2705 5321 2980 5392 Apostolus
3002 5322 3053 5374 in
3075 5321 3250 5390 futuro
3272 5320 3556 5392 agendum,

2050 5408 2300 5470 quantum
2329 5397 2396 5449 ad
2431 5388 3216 5470 exteriorem'conversationem
3266 5388 3558 5442 interiorem

2052 5463 2392 5530 devotionem,
2421 5481 2482 5518 ac
2514 5464 2806 5533 inﬁdelium
2830 5463 3147 5515 vitationem.

2051 5577 2368 5648 Adjuvantes
2401 5586 2574 5630 autem
2615 5574 2977 5637 exhortamur,
3006 5587 3068 5624 ne
3099 5570 3153 5623 in
3192 5582 3408 5622 vacuum
3439 5581 3561 5634 gra-

1981 5671 2108 5724 tiam
2153 5668 2248 5723 Dei
2297 5665 2574 5738 recipiatis.
2607 5663 2840 5736 (Ambr.)
2872 5662 3076 5733 Duplici
3115 5671 3310 5730 genere
3337 5657 3562 5722 Aposta-

1983 5761 2065 5815 lus
2086 5759 2333 5814 humanae
2363 5757 2552 5811 salutis
2579 5769 2762 5808 Hiram
2799 5751 3064 5820 subjicere
3090 5745 3386 5809 contendit,
3416 5751 3472 5795 ut
3509 5749 3563 5796 et
