4022 6338
509 411 614 468 195

1139 399 1200 454 Β.
1240 392 1492 451 BADANI
1533 391 1751 449 MAUM
1789 385 2109 445 AllClilEP.
2149 383 2456 443 MOGUNT.
2494 381 2777 441 OPERUM
2821 377 2998 436 PARS
3036 379 3121 434 111.

3663 369 3768 435 ωε

506 523 602 582 Dei
628 515 978 593 providentiae
1005 514 1228 570 devotus
1257 507 1534 570 existeret,
1555 511 1612 559 et
1635 501 1941 558 hominibus
1962 499 2090 554 cha-
2113 509 2164 568 Α
2192 499 2459 564 di-ebatur,
2493 504 2552 552 ut
2571 503 2694 593 post
2710 495 3103 566 correptionem
3127 491 3233 593 laeui
3252 491 3626 593 exhortatione
3649 492 3773 593 02n-

506 591 682 670 ritatis
710 607 943 664 ollicium
982 602 1279 658 exhiberet.
1313 596 1399 650 Ait
1426 595 1562 650 enim
1598 607 1616 644 :
1655 591 1902 661 Tempore
1941 604 2088 643 acce-

501 711 594 773 pto
620 696 864 754 exaudiui
888 703 958 758 te,
991 703 1038 746 et
1065 693 1119 744 in
1143 689 1228 743 die
1268 686 1452 741 salutis
1488 683 1668 754 adjuvi
1697 692 1766 736 te.
1795 681 1908 736 Hoc
1948 680 2085 736 scri-

505 800 660 863 ptum
682 796 766 843 est
795 786 849 840 in
870 783 1007 838 Isaia
1030 781 1312 852 pi-Opheta,
1336 775 1768 846 praedestinatam
1791 774 1948 828 docet
1967 786 2092 842 gra-

507 883 639 938 tiam
667 879 760 935 Dei
784 878 838 932 in
864 884 1105 944 tempore
1129 869 1330 926 Christi
1356 882 1370 921 :
1397 867 1479 923 sic
1499 867 1642 920 enim
1665 864 1921 920 discrevit
1948 863 2091 918 Deus

505 969 726 1026 abluere
761 963 1184 1022 misericordiam
1219 974 1407 1022 suam,
1447 965 1507 1010 ut
1543 957 1596 1010 in
1639 955 1854 1010 nomine
1888 953 2090 1010 Christi

507 1057 855 1132 poscentibus
891 1053 1150 1108 auxilium
1178 1050 1483 1120 largiretur.
1530 1043 1666 1099 Ecce
1711 1061 1846 1098 nunc
1892 1054 2091 1113 tempus

509 1145 839 1218 acceptabile,
857 1161 972 1200 ecce
989 1159 1127 1198 nunc
1148 1142 1256 1196 dies
1278 1139 1481 1203 salutis,
1505 1137 1698 1191 nemini
1725 1136 1906 1190 dantes
1927 1134 2091 1188 ullam

509 1239 870 1308 oﬁ'ensionem,
899 1243 956 1289 ut
986 1249 1090 1290 non
1115 1233 1430 1302 vituperetur
1457 1229 1802 1283 ministerium
1833 1236 2088 1282 nostrum.

509 1328 746 1396 Tempus
791 1326 980 1380 adesse
1020 1323 1168 1387 dicit,
1199 1335 1307 1390 quo
1345 1319 1556 1390 possint
1600 1319 1671 1372 ad
1709 1317 2094 1388 indulgentiam

507 1419 771 1490 proﬁcere
794 1426 1144 1488 peccatores:
1174 1423 1383 1482 tempus
1416 1411 1608 1466 adesse
1637 1409 1788 1474 dicit,
1817 1423 1924 1480 quo
1950 1423 2094 1463 mor-

509 1512 592 1568 bis
642 1509 963 1566 mortalibus
999 1507 1266 1562 medicina
1310 1503 1480 1575 possit
1524 1502 1754 1568 infundi,
1781 1509 1837 1556 et
1873 1501 1993 1556 ideo
2037 1514 2096 1555 se

509 1601 798 1657 sollicitum
820 1614 941 1655 esse
973 1597 1118 1653 circa
1151 1610 1418 1667 aegrorum
1445 1593 1700 1657 salutem,
1735 1607 1803 1646 ne
1834 1591 1974 1647 forte
1996 1606 2094 1646 nea

509 1690 763 1762 gligeutia
814 1688 994 1758 aliqua
1055 1685 1337 1740 medicinae
1393 1683 1586 1754 gratia‘
1625 1680 1820 1736 eﬁ‘ectu
1885 1688 2096 1735 careret

508 1786 664 1840 bona:
688 1781 978 1837 voluntatis
998 1791 1129 1834 suze.
1156 1777 1288 1833 Fide
1309 1791 1440 1846 ergo
1467 1785 1524 1832 et
1546 1774 1821 1844 vigilantia
1853 1789 1950 1829 sua
1973 1787 2093 1827 omé

2187 590 2472 647 solaretur.
2524 588 2593 642 In
2640 585 2841 658 Spiritu
2880 593 3082 640 sancto.
3131 582 3364 654 Spiritus
3392 589 3614 638 sanctus
3639 580 3773 636 ellu-

2187 682 2265 752 git
2287 681 2471 736 ﬁctum
2504 697 2518 733 :
2547 678 2800 749 quoniam
2821 691 2951 746 ergo
2980 674 3264 729 sinceriter
3290 672 3537 739 docebat,
3570 672 3630 726 in
3657 670 3774 742 Spi-

2187 773 2297 827 ritu
2331 779 2518 825 sancto
2562 769 2658 823 Dei
2706 768 2904 822 donum
2957 765 3228 820 tradebat.
3274 763 3343 817 In
3387 763 3644 818 charitate
3669 779 3777 816 non

2187 864 2332 933 ﬁcta.
2362 860 2628 916 Simulata
2657 859 2896 915 charitas
2926 857 2982 911 in
3013 857 3099 912 his
3132 863 3216 911 est
3243 855 3336 926 qui
3361 854 3419 908 in
3445 855 3776 910 necessitate
3868 903 3873 908 .

2189 957 2445 1011 deserunt
2468 954 2705 1017 fratres;
2755 951 2898 1006 unde
2920 949 3010 1004 hic
3036 963 3250 1018 semper
3281 947 3640 1002 necessitates
3666 944 3780 1001 fra-

2189 1053 2332 1100 trum
2367 1058 2492 1098 suas
2518 1043 2748 1106 faciens,
2788 1038 3016 1110 simplex
3057 1046 3176 1092 erat
3209 1037 3263 1092 in
3293 1037 3596 1102 charitate;
3624 1050 3778 1091 cum-

2189 1134 2492 1206 patiebatur
2545 1133 2691 1188 enim
2737 1131 3008 1197 omnibus,
3060 1130 3201 1186 sicut
3227 1129 3332 1186 alio
3378 1129 3499 1184 loco
3523 1128 3656 1184 dicit
3689 1125 3780 1191 (11

2191 1224 2315 1280 Cor.
2351 1225 2429 1297 XI)
2459 1239 2474 1278 :
2505 1223 2635 1290 Quis
2656 1223 3070 1286 scandalizatur,
3117 1231 3164 1274 et
3192 1236 3283 1292 ego
3318 1236 3422 1274 non
3451 1236 3582 1274 uror
3602 1220 3628 1272 .’
3652 1218 3783 1275 Haec

2191 1317 2340 1374 enim
2359 1331 2483 1372 vera
2505 1315 2744 1370 charitas
2760 1323 2865 1379 est,
2887 1314 2933 1368 si
2962 1327 3060 1369 sua
3075 1312 3304 1367 utilitate
3327 1318 3636 1380 contempta
3661 1307 3786 1380 ejus

2191 1422 2378 1464 curam
2403 1406 2584 1472 habet,
2607 1419 2768 1475 quem
2791 1403 3014 1474 diligere
3043 1417 3101 1459 se
3122 1401 3424 1474 profitetur,
3461 1403 3605 1472 quod
3630 1412 3784 1457 sem-'-

2191 1511 2292 1568 per
2314 1495 2444 1551 fecit
2466 1495 2777 1566 Apostolus.
2809 1495 2878 1549 In
2902 1493 3054 1548 verbo
3087 1495 3338 1548 veritatis.
3374 1491 3609 1550 Verbum
3633 1493 3785 1548 veri-

2196 1592 2323 1646 tatis
2346 1599 2465 1645 erat
2493 1589 2548 1643 in
2593 1589 2712 1661 ejus
2759 1588 3027 1654 doctrina,
3059 1588 3184 1657 quia
3214 1603 3320 1642 non
3349 1587 3494 1642 aliud
3535 1586 3791 1641 tradebat

2194 1698 2356 1753 quam
2385 1699 2415 1736 a
2445 1683 2671 1738 Domino
2697 1688 2996 1751 acceperat.
3039 1679 3109 1734 In
3141 1681 3330 1734 uirtute
3366 1678 3484 1732 Dei.
3518 1677 3707 1733 Virtus
3735 1677 3791 1730 in

2196 1791 2260 1831 eo
2282 1775 2374 1830 Dei
2399 1783 2534 1841 erat,
2563 1791 2684 1844 qum
2715 1791 2815 1845 per
2856 1774 3007 1844 signa
3034 1780 3196 1843 atque
3219 1770 3463 1842 prodigia
3501 1770 3592 1824 Dei
3638 1769 3793 1824 hunc

507 1887 634 1931 nem
676 1873 1032 1929 oﬁ‘ensionem
1073 1869 1468 1940 negligentibus
1494 1875 1756 1938 amputat,
1797 1881 1866 1921 ne
1901 1867 2093 1922 horum
2121 1855 2169 1916 Β
2197 1865 2450 1921 idoneum
2477 1864 2784 1920 ministrum
2829 1864 3111 1934 probabat.
3165 1861 3272 1917 Per
3296 1877 3446 1916 arma
3480 1860 3712 1930 justitiae
3759 1875 3794 1913 α

508 1964 650 2021 forte
693 1963 922 2036 segnitia
950 1961 1293 2018 occasionem
1323 1958 1637 2016 oﬁ‘ensionis
1677 1965 1894 2028 pareret
1935 1954 2098 2010 disci-

508 2057 672 2128 pulis,
699 2071 763 2110 ac
781 2069 880 2126 per
906 2055 1008 2110 hoc
1036 2053 1238 2108 liberos
1265 2065 1324 2106 se
1347 2049 1672 2122 signiﬁcant,
1697 2049 1821 2118 quia
1843 2046 1986 2116 quod
2013 2060 2099 2101 sa-

508 2149 684 2204 lutare
723 2156 807 2203 est
847 2145 1161 2217 simpliciter
1219 2143 1367 2198 omni
1417 2139 1678 2196 instantia
1735 2137 2034 2209 praedicant
2079 2151 2094 2188 :

509 2236 650 2293 unde
676 2237 922 2307 subjecit,
965 2251 1029 2289 ne
1065 2234 1383 2305 vituperetur
1426 2230 1775 2284 ministerium
1816 2237 2054 2282 nostrum
2079 2243 2098 2282 :

511 2317 1075 2394 vituperaretur'cnim
1105 2321 1468 2377 ministerium
1501 2319 1740 2388 ipsorum
1782 2317 1830 2372 si
1875 2331 1940 2372 ea
1982 2330 2101 2384 quae

512 2415 694 2472 verbis
734 2415 1021 2480 docebant,
1059 2413 1313 2483 operibus
1346 2411 1460 2466 suis
1504 2418 1566 2464 ut
1609 2409 1820 2474 ﬁerent,
1857 2405 2102 2475 exempla

512 2521 622 2562 non
647 2507 858 2561 darent.
883 2503 989 2559 Sed
1011 2505 1067 2558 in
1110 2502 1348 2556 omnibus
1385 2501 1720 2554 exhibeamus
1761 2498 2100 2567 nosmetipsos

509 2599 644 2653 sicut
679 2599 770 2652 Dei
798 2598 1082 2651 ministros.
1119 2595 1215 2650 Dei
1255 2593 1489 2649 ministri
1520 2593 1635 2647 sine
1678 2590 1986 2646 adulatione
2009 2587 2103 2644 do-'

511 2697 656 2754 cent,
686 2695 745 2742 ut
773 2687 822 2742 ei
849 2687 1005 2757 cujus
1042 2684 1274 2740 ministri
1305 2691 1448 2748 sunt,
1497 2682 1787 2753 placeant:
1814 2696 1921 2736 non
1967 2680 2106 2736 sicut

510 2775 950 2847 pseudoapostoli
975 2775 1207 2830 scientes
1227 2788 1332 2828 non
1355 2788 1414 2828 se
1435 2788 1465 2826 a
1487 2773 1598 2828 Deo
1611 2773 1826 2838 missos,
1850 2770 2103 2842 prtesenti

511 2867 730 2924 utilitati
761 2867 1070 2922 studebant.
1101 2864 1170 2920 In
1196 2865 1361 2918 multa
1387 2863 1660 2934 patientia.
1693 2861 1964 2916 Patientia
1997 2867 2100 2924 est,

511 2973 633 3029 qua:
653 2957 827 3012 salvat
853 2957 1119 3023 homines,
1138 2956 1240 3011 nisi
1261 2955 1406 3011 enim
1431 2954 1695 3024 patientia
1719 2953 1918 3008 abusus
1938 2959 2102 3016 esset,

512 3049 784 3121 quomodo
830 3048 1094 3104 salvasset
1136 3045 1480 3109 Corinthios,
1514 3058 1648 3112 quos
1685 3051 1806 3112 post
1841 3041 2102 3111 praedica-

512 3145 713 3199 tionem
733 3155 888 3196 suam
915 3140 1077 3194 tantis
1111 3140 1257 3193 vitiis
1282 3152 1490 3192 morum
1529 3143 1586 3191 et
1615 3134 1895 3190 erroribus
1921 3135 2104 3189 divers

2197 1957 2396 2010 dextris
2423 1965 2470 2010 et
2511 1955 2756 2009 sinistris.
2791 1952 2991 2026 (Cass.)
3017 1953 3122 2008 Per
3150 1967 3298 2007 arma
3332 1950 3558 2021 iustitia:
3593 1967 3720 2023 quas
3761 1956 3795 2007 a

2197 2045 2406 2101 dextris
2441 2054 2567 2099 sunt
2591 2053 2646 2100 et
2684 2059 2715 2098 a
2747 2044 2984 2098 sinistris
3011 2051 3164 2097 recto
3209 2041 3577 2099 moderamine
3607 2051 3794 2097 trans-

2197 2134 2434 2190 eundum
2466 2140 2569 2199 est,
2599 2139 2656 2186 et
2700 2132 2773 2186 ita
2803 2131 2944 2186 inter
2967 2139 3224 2202 utrasque
3246 2131 3556 2186 nimietates
3577 2131 3794 2185 discre-

2199 2225 2346 2281 tione
2371 2225 2684 2280 moderante
2713 2222 3085 2295 gradiendum,
3132 2231 3193 2278 ut
3215 2239 3322 2304 nec
3363 2239 3394 2279 a
3421 2223 3623 2280 tradito
3661 2238 3799 2279 eon-

2199 2316 2441 2371 tinentia:
2464 2315 2680 2370 tramite
2709 2330 2810 2370 nos
2836 2315 3246 2385 acquiescamus
3271 2315 3486 2381 abduci,
3537 2329 3639 2370 nec
3665 2325 3796 2369 rure"

2199 2421 2320 2462 sum
2342 2405 2662 2462 remissione
2695 2406 2853 2460 noxia
2880 2406 2935 2459 in
2966 2406 3103 2477 gula:
3127 2405 3437 2475 ventrisque
3461 2405 3800 2462 desiderium

2200 2500 2566 2556 concidamus.
2615 2497 2834 2552 Libram
2863 2513 2922 2553 se
2951 2496 3218 2568 signiﬁcat
3249 2497 3417 2554 fuisse
3437 2501 3493 2552 et
3520 2496 3796 2562 ﬁdelibus,

2201 2602 2257 2650 et
2289 2593 2615 2658 inﬁdelibus,
2645 2599 2701 2646 et
2729 2591 3042 2656 incredulis,
3079 2607 3231 2646 arma
3259 2590 3482 2660 iustitiae
3512 2591 3659 2647 enim

2202 2685 2406 2742 rimunt
2435 2685 2792 2756 iniquitatem.
2832 2682 3033 2756 (Greg.)
3061 2683 3178 2739 Non
3218 2685 3362 2740 hunc
3389 2685 3615 2740 adversa
3644 2682 3800 2738 fran-

2203 2780 2419 2849 gebant,
2449 2795 2557 2834 non
2583 2793 2837 2850 prospera
2860 2779 2914 2832 in
2945 2777 3142 2832 mentis
3171 2777 3367 2833 timore
3397 2776 3793 2832 sublevabant:

2203 2870 2332 2927 hinc
2367 2878 2423 2924 et
2450 2869 2574 2924 inde
2601 2883 2731 2940 ergo
2773 2867 3021 2939 gestabat
3045 2867 3313 2937 palmam,
3345 2866 3470 2936 quia
3505 2874 3560 2921 et
3589 2865 3645 2921 in
3692 2865 3798 2921 ad-

2202 2960 2461 3016 versitate
2491 2961 2670 3026 fortis,
2700 2967 2756 3015 et
2778 2959 2831 3014 in
2855 2959 3215 3030 prosperitate
3253 2959 3472 3014 humilis
3499 2968 3799 3030 permaneé

2202 3052 2317 3108 bat.
2363 3050 2620 3122 Quisquis
2646 3051 2791 3107 enim
2814 3052 2880 3104 de
2899 3051 3174 3120 prosperis
3211 3049 3490 3105 extollitur
3510 3050 3718 3105 habere
3745 3051 3801 3106 in

2206 3149 2357 3211 parte
2383 3142 2572 3196 dextra
2597 3140 2832 3210 palmam
2855 3139 3065 3198 nescit:
3098 3139 3344 3208 quisquis
3376 3139 3430 3193 in
3453 3138 3804 3193 adversitati-

514 3247 698 3288 sarum
723 3238 994 3286 sectarum
1022 3231 1304 3284 invenerat
1347 3227 1635 3291 involutos,
1672 3241 1806 3296 quos
1847 3225 2103 3296 patientia

2206 3208 2307 3287 bus
2330 3208 2619 3302 frangitur,
2651 3239 2866 3300 portare
2891 3229 3124 3298 palmam
3156 3244 3186 3283 a
3213 3227 3435 3285 sinistro
3458 3229 3627 3284 latere
3647 3229 3804 3300 igno-‘

513 3343 613 3384 sua
638 3327 898 3398 paulatim
929 3327 999 3380 ad
1027 3337 1212 3379 veram
1241 3323 1546 3378 doctrinam
1573 3321 1825 3376 revocat?
1849 3320 1915 3373 In
1941 3319 2106 3372 tribu-

515 3417 815 3472 lationibus.
846 3415 1138 3470 Pressuras
1160 3413 1397 3483 pertulit,
1424 3413 1602 3467 sciens
1644 3411 1774 3482 quid
1799 3427 1829 3464 a
1859 3411 1970 3466 Deo
2009 3425 2107 3478 pro

517 3511 603 3566 his
631 3511 700 3565 sit
729 3509 1078 3578 promissum.
1111 3507 1180 3560 In
1207 3505 1618 3560 necessitatibus.
1649 3502 1956 3559 Necessitas
1989 3510 2108 3556 erat

517 3603 682 3658 etiam
723 3601 775 3655 in
806 3614 1063 3671 pressura
1113 3597 1348 3668 positum
1392 3597 1610 3661 docere,
1655 3595 1781 3666 quia
1817 3609 1845 3648 a
1882 3593 2108 3648 Domino

517 3702 637 3746 erat
671 3691 887 3746 missus.
921 3690 987 3743 In
1012 3689 1284 3759 angustiis.
1309 3687 1417 3757 Spe
1435 3688 1600 3742 futuri
1626 3685 1965 3757 angustiatus
1987 3697 2110 3752 per-

520 3783 750 3838 ﬁdorum
779 3781 1207 3852 oppositionibus
1245 3795 1352 3833 non
1385 3779 1568 3833 cessit.
1602 3777 1670 3831 In
1711 3776 1897 3848 plagis.
1947 3776 1991 3829 A
2021 3774 2110 3828 Ju-'

519 3876 652 3930 dans
675 3884 730 3930 et
756 3873 1043 3944 gentilibus
1072 3887 1244 3928 caesus
1283 3871 1614 3941 frequenter,
1646 3885 1752 3923 non
1788 3869 1954 3924 tacuit
1987 3881 2110 3938 gra-

517 3967 650 4020 tiam
683 3963 903 4020 Christi.
924 3963 991 4016 In
1013 3963 1328 4017 carceribus.
1361 3961 1514 4030 Stepe
1535 3962 1589 4014 in
1608 3976 1886 4016 carcerem
1912 3960 2110 4013 missus

519 4066 826 4126 contempta
867 4055 1042 4110 salute
1083 4070 1216 4120 sua,
1263 4054 1426 4108 etiam
1461 4053 1569 4107 illic
1609 4052 1810 4107 donum
1849 4050 1943 4105 Dei
1978 4064 2114 4120 prae-

518 4149 737 4204 dicavit.
774 4145 842 4201 ln
871 4145 1230 4201 seditionibus.
1263 4143 1321 4197 In
1351 4153 1559 4198 tantum
1581 4144 1692 4198 Deo
1721 4145 1947 4197 devotus
1970 4149 2108 4206 erat,

519 4249 583 4292 ut
622 4254 722 4292 nec
752 4237 1085 4306 perturbatio
1133 4235 1382 4289 ﬁduciam
1413 4248 1576 4302 quam
1626 4235 1679 4286 in
1716 4233 1827 4287 Deo
1857 4231 2106 4294 habebat,

523 4332 810 4386 minueret.
855 4329 921 4382 In
967 4328 1252 4381 laboribus.
1295 4325 1564 4380 Laborare
1601 4341 1705 4378 non
1749 4324 1959 4378 destitit
2003 4338 2114 4375 ma-

524 4422 684 4475 nibus
719 4419 864 4483 suis,
918 4435 986 4472 ne
1033 4417 1120 4472 cui
1155 4417 1337 4486 gravis
1377 4422 1560 4478 esset,
1587 4421 1803 4476 certus,
1860 4413 1964 4466 hoc
2009 4411 2111 4465 sibi

523 4507 789 4582 proﬁcere
833 4507 974 4576 apud
1036 4505 1225 4559 Deum.
1276 4503 1344 4556 In
1402 4503 1610 4573 vigiliis.
1657 4502 1789 4556 Tam
1851 4502 2112 4556 sollicitus

527 4609 648 4655 erat
692 4599 838 4653 circa
877 4596 1112 4652 oﬂicium
1156 4594 1456 4665 delegatum
1506 4593 1645 4659 sibi,
1703 4602 1762 4648 ut
1804 4609 1904 4647 nec
1949 4603 2111 4648 nocte

528 4698 784 4747 cessaret.
846 4687 915 4741 In
963 4687 1208 4758 jejuniis.
1258 4684 1562 4755 Aliquando
1621 4685 1968 4749 voluntaria,
2017 4683 2113 4737 alie

529 4781 744 4852 quando
787 4779 1124 4834 necessitatis
1156 4777 1358 4848 jejunia
1393 4776 1614 4846 pertulit
1661 4792 1822 4831 causa
1851 4775 2109 4846 penuriae,

530 4890 588 4936 et
616 4882 726 4936 Deo
753 4880 951 4950 gratias
981 4877 1090 4948 egit
1123 4875 1438 4947 spiritaliter
1462 4893 1520 4931 se
1549 4877 1810 4946 pascenti,
1839 4877 1961 4946 quia
1993 4878 2112 4931 ideo

531 4979 815 5025 contentus
837 4976 972 5032 erat,
1000 4982 1066 5022 ne
1095 4967 1298 5022 ventris
1326 4983 1487 5022 causa
1511 4967 1878 5021 inclinaretur.
1931 4966 1995 5019 In
2017 4983 2111 5020 ca-

511 5061 722 5113 stitate.
766 5057 1081 5112 Castitatem
1103 5059 1216 5112 sive
1245 5072 1510 5128 corporis,
1556 5057 1670 5111 sive
1707 5055 1977 5126 Evangelii
2005 5056 2121 5109 vin-

533 5149 737 5212 dicans,-
755 5163 862 5202 non
889 5162 1090 5215 paucos
1113 5145 1242 5201 fecit
1263 5148 1527 5202 inimicos.
1546 5145 1611 5200 In
1625 5147 1862 5201 scientia.
1887 5145 2042 5216 Legis
2068 5155 2122 5201 et

533 5237 810 5308 Evangelii
841 5236 1145 5301 scientiam,
1175 5253 1278 5291 nou
1309 5237 1362 5290 in
1393 5237 1656 5307 sapientia
1685 5237 1923 5291 humana
1949 5252 2122 5306 neque

533 5329 950 5383 insimulatione
970 5344 1243 5394 asserens,
1258 5330 1368 5386 Deo
1389 5345 1446 5385 se
1463 5330 1672 5384 ﬁdelem
1695 5330 2120 5399 dispensatorem

533 5420 734 5475 Christi
772 5420 1037 5474 exhibuit.
1095 5419 1164 5474 In
1209 5420 1628 5493 longanimitate.
1681 5421 1914 5479 Grandis
1957 5424 2125 5480 animi

534 5519 652 5567 erat
679 5511 732 5565 in
761 5509 1063 5580 bajulandis
1098 5511 1506 5570 inﬁrmitatibus
1537 5513 1788 5582 fratrum,
1819 5524 1875 5570 et
1913 5516 1966 5569 in
1997 5531 2126 5569 con-

535 5618 740 5680 temptu
772 5611 955 5666 mundi
983 5610 1177 5682 hujus,
1211 5611 1354 5666 unde
1382 5611 1488 5666 alio
1518 5611 1635 5666 loco
1672 5611 1801 5666 dicit
1831 5609 1972 5682 (Gal.
2003 5609 2078 5679 vr)
2107 5627 2120 5662 :

539 5699 670 5752 Mihi
696 5701 923 5756 mundus
945 5703 1226 5773 cruciﬁxus
1251 5715 1348 5767 est,
1371 5713 1418 5756 et
1439 5719 1531 5772 ego
1566 5703 1781 5755 mundo.
1810 5701 1876 5754 In
1899 5700 2126 5769 benigni-

539 5799 662 5855 tate,
691 5791 954 5863 bcnignus
975 5804 1115 5861 erat,
1165 5795 1290 5864 quia
1318 5795 1456 5849 sicut
1482 5794 1761 5864 arguebat,
1791 5794 1863 5847 ita
1893 5799 1945 5847 et
1972 5791 2124 5847 blan-

2140 4560 2190 4620 D

2205 3331 2313 3378 rat.
2370 3322 2440 3378 Ut
2483 3339 2612 3394 ergo
2641 3324 2768 3379 hinc
2797 3330 2853 3377 et
2890 3323 3014 3378 inde
3041 3321 3218 3392 palma
3244 3331 3505 3393 gestetur,
3536 3321 3591 3378 in
3621 3322 3807 3377 fronte

2206 3417 2396 3472 adesse
2437 3431 2649 3486 semper
2675 3416 2874 3471 nostris
2895 3416 3164 3472 mentibus
3186 3417 3364 3483 debet,
3390 3426 3443 3473 et
3474 3418 3528 3472 in
3556 3417 3808 3473 adversis

2207 3512 2424 3577 ﬁducia,
2483 3519 2539 3566 et
2575 3511 2632 3565 in
2674 3510 2950 3580 prosperis
2992 3511 3176 3576 timor,-
3217 3523 3286 3568 ne
3331 3519 3427 3566 aut
3464 3512 3694 3567 adversa
3753 3511 3805 3566 in

2208 3602 2638 3672 desperationem
2681 3601 3021 3670 pertrahunt,
3069 3610 3160 3655 aut
3188 3616 3446 3672 prospera
3479 3601 3725 3656 animum
3751 3602 3805 3655 in

2208 3692 2290 3747 ειιί
2319 3692 2510 3746 ﬁducia
2548 3690 2830 3746 e‘\tollant.
2881 3690 3046 3755 item,
3095 3705 3218 3745 cum
3267 3693 3336 3746 ad
3365 3691 3478 3747 sola
3517 3707 3637 3761 qua:
3667 3691 3808 3746 inte-

2209 3783 2352 3838 riora
2378 3790 2503 3837 sunt
2531 3781 2750 3845 nititur,
2798 3781 2852 3835 in
2881 3781 3026 3836 nullo
3048 3781 3350 3837 dilectionis
3391 3780 3592 3836 inﬁma:
3636 3781 3808 3837 latere

2209 3872 2480 3938 ﬂectatur,
2509 3888 2576 3927 ne
2602 3873 2745 3927 hunc
2760 3886 3015 3942 prospera
3043 3871 3272 3937 elevem,
3297 3887 3406 3927 non
3434 3872 3660 3927 adversa
3682 3886 3808 3941 per-

2213 3964 2449 4029 turbent,
2508 3979 2616 4018 non
2664 3963 2862 4018 blanda
2905 3972 3079 4033 usque“
3118 3965 3185 4020 ad
3221 3964 3557 4021 voluntatem
3587 3965 3805 4021 deumi-

2211 4061 2388 4118 ceant,
2445 4069 2550 4108 non
2587 4068 2778 4123 aspera
2814 4053 2882 4108 ad
2931 4054 3363 4124 deSperationem
3409 4065 3686 4126 premant,-
3751 4064 3810 4110 ut

2212 4143 2337 4198 dum
2393 4143 2556 4198 nullis
2614 4143 2958 4214 passionibus
3020 4144 3376 4200 intentionem
3437 4146 3636 4201 mentis
3699 4146 3777 4200 hu

2212 4233 2405 4298 miliat,
2457 4243 2660 4303 quanta
2709 4234 2762 4288 in
2805 4241 3037 4304 utroque
3081 4235 3308 4290 humero
3346 4237 3808 4306 superlmmeralis

2211 4325 2610 4395 pulchritudine
2638 4334 2849 4398 tegatur
2875 4328 3154 4395 ostendat,
3185 4329 3328 4399 quod
3353 4330 3684 4385 recte-etiam
3714 4345 3811 4385 su—

2213 4417 2609 4487 perhumeralis
2639 4434 2704 4473 ex
2743 4435 2876 4475 auro
2911 4420 3206 4491 hyacintho
3229 4462 3244 4488 ,
3277 4437 3517 4494 purpura
3546 4423 3808 4480 distincto

2215 4523 2378 4564 cocco
2415 4517 2482 4564 et'
2500 4517 2638 4564 torta
2669 4509 2788 4566 ﬁeri
2832 4512 2978 4566 bisso
3008 4513 3339 4582 prtecipitur,
3387 4523 3447 4569 ut
3475 4525 3677 4585 quanta
3719 4531 3807 4570 sa-

2215 4602 2408 4656 cerdos
2448 4601 2751 4657 clarescere
2791 4602 3052 4656 virtutum
3086 4604 3400 4660 diversitate
3439 4605 3656 4672 debeat,
3713 4607 3808 4661 de-

2217 4700 2566 4746 monstretur.
2588 4692 2740 4762 Saape
2767 4694 2916 4752 enim
2938 4692 3068 4747 laus
3081 4695 3217 4750 bene
3242 4696 3450 4766 agentis
3472 4697 3694 4752 auribus
3726 4697 3809 4752 in-

2217 4783 2455 4838 solenter
2500 4783 2715 4837 admota
2762 4785 2886 4839 dum
2933 4784 3078 4839 foras
3125 4787 3466 4842 sermonibus
3494 4790 3806 4858 perstrepit,

2217 4873 2364 4927 intus
2415 4874 2702 4944 quamdam
2750 4875 2915 4928 menti
2964 4874 3286 4944 pertacitam
3325 4875 3572 4932 elationis
3605 4886 3812 4947 tempe-

2219 4973 2414 5020 statem
2441 4965 2651 5035 gignit;
2705 4963 2872 5033 ﬁtque
2899 4972 2960 5019 ut
2988 4965 3109 5031 hoc,
3138 4981 3248 5036 quo
3271 4967 3484 5022 animus
3510 4969 3576 5024 de
3615 4969 3813 5023 huma-

2221 5056 2306 5110 nis
2330 5055 2602 5111 favoribus
2619 5057 2834 5128 gaudet,
2851 5071 2956 5111 non
2982 5056 3141 5113 facile
3161 5059 3400 5114 exterius
3420 5060 3692 5127 ostendat,
3713 5061 3811 5116 sed

2223 5156 2406 5203 tamen
2432 5148 2796 5218 corruptionis
2818 5149 2924 5202 vim
2951 5164 3057 5204 non
3083 5151 3315 5206 tenuiter
3333 5151 3560 5208 interius
3585 5154 3806 5207 sentiat.

2225 5239 2422 5312 (Cass.)
2452 5241 2634 5309 itaque
2669 5241 2753 5294 via
2785 5241 2931 5311 regia
2952 5241 3220 5296 volentem
3260 5243 3509 5298 incedere
3527 5259 3625 5314 per
3653 5259 3806 5299 arma

2217 5334 2462 5404 justitizc,
2514 5349 2633 5402 qua:
2682 5349 2711 5386 a
2758 5333 2964 5388 dextris
3009 5344 3134 5389 sunt
3185 5344 3239 5390 et
3268 5351 3298 5388 a
3337 5336 3572 5392 sinistris
3598 5346 3810 5406 oportet

2229 5425 2522 5495 apostolica
2550 5424 2831 5494 disciplina
2865 5426 3096 5481 transire
3136 5441 3232 5496 per
3264 5426 3490 5498 gloriam
3519 5435 3574 5481 et
3602 5428 3810 5498 ignobi-

2227 5517 2453 5584 litatem,
2497 5533 2593 5589 per
2633 5517 2910 5572 infamiam
2961 5527 3015 5572 et
3058 5518 3256 5574 bonam
3303 5520 3522 5586 famam,
3564 5529 3620 5575 ct
3659 5528 3808 5573 tanta

2229 5612 2498 5676 cautione,
2527 5627 2593 5665 ne
2617 5611 2946 5666 intumentes
2984 5611 3342 5666 teutationum
3371 5611 3583 5675 ﬂuctus,
3615 5611 3810 5682 guber-

2229 5712 2386 5758 nante
2420 5703 2764 5768 discretione,
2798 5713 2844 5757 et
2880 5703 3040 5756 ﬂante
3063 5703 3216 5758 nobis
3242 5703 3442 5774 Spiritu
3471 5703 3677 5758 Domini
3707 5702 3810 5756 iter

2229 5793 2464 5864 dirigere
2491 5795 2735 5860 virtutis,
2765 5803 2822 5846 ut
2852 5793 3038 5847 dextra
3071 5793 3311 5864 laevaque
3341 5796 3383 5849 si
3410 5793 3681 5863 paululum
3709 5791 3804 5846 der-
