4022 6338
240 401 344 460 197

736 401 1290 461 ENARRATIGNUM
1323 401 1392 459 IN
1430 402 1580 459 EPP.
1617 402 1824 461 PAULI

1926 403 1988 458 Β.
2030 404 2144 462 xu.
2184 391 2255 446 -'—
2288 400 2696 473 mense}!
2729 405 2823 461 AD
2857 405 3014 463 con.

3390 405 3497 466 198

235 520 545 585 flectamus,
583 520 818 575 sciamus
842 532 942 575 nos
985 518 1302 589 perniciosis
1342 532 1553 575 morum
1577 515 1823 573 cantibus
1846 519 1901 582 Α
1924 525 2027 571 tem
2076 517 2468 589 locupletantes.
2534 518 2806 587 Quantum
2843 519 2913 574 ad
2954 528 3275 589 praesentem
3327 528 3497 582 vitam

236 607 547 666 illidendos.
598 607 784 677 Itaque
821 622 921 678 per
968 607 1427 677 sapientissimum
1477 606 1821 663 Sdlomonem

236 711 563 754 monemur:
595 694 679 751 Ne
699 697 967 752 diverteris
987 696 1059 751 ad
1081 697 1369 763 dexteram,
1408 714 1570 768 neque
1599 697 1671 751 ad
1694 696 1823 752 sini-

222 802 406 848 stram
446 790 629 864 (Prov.
655 792 758 866 ιιι),
788 791 842 847 id
867 801 971 857 est,
1004 807 1105 848 nec
1127 793 1221 848 tibi
1256 793 1547 849 virtutibus
1574 794 1821 851 blandia-

224 882 338 949 ris,
360 886 424 938 et
449 881 655 938 dextris
690 883 1031 939 successibus
1058 898 1125 940 ac
1166 883 1498 954 spiritalibus
1522 885 1821 954 extollaris,

232 989 341 1031 nec
369 962 661 1030 deﬂectens
702 975 770 1030 ad
816 975 1094 1031 sinistram
1129 976 1400 1033 tramitem
1447 978 1703 1034 vitiorum
1731 994 1820 1036 se-

226 1066 477 1122 ‘cundum
503 1066 846 1136 Apostolum,
877 1067 1104 1140 gloriam
1150 1069 1247 1125 tibi
1271 1084 1339 1125 ex
1374 1070 1457 1126 eis
1482 1070 1537 1126 in
1568 1079 1659 1127 tua
1691 1086 1823 1127 con-

234 1154 450 1211 fusione
480 1156 801 1225 ‘conquiras.
857 1154 964 1210 Per
1014 1154 1262 1228 gloriam,
1323 1165 1373 1213 et
1422 1156 1818 1228 ignobilitatem.

234 1243 447 1318 (Amh.)
471 1244 569 1301 Bis
590 1245 683 1315 qui
704 1243 1053 1316 Evangelium
1078 1244 1172 1301 Dei
1200 1245 1428 1318 gloriam
1456 1247 1819 1316 aestimabant,

231 1334 525 1391 manifeste
546 1336 818 1407 integrum
840 1346 896 1392 et
916 1335 1126 1392 ﬁdelem
1145 1352 1204 1393 se
1226 1338 1635 1408 przedicatorem
1658 1340 1818 1409 dicit;

232 1422 400 1477 simili
432 1423 591 1480 modo
611 1431 666 1479 et
684 1423 783 1491 eis,
826 1424 918 1495 qui
945 1425 1109 1480 verba
1158 1427 1353 1482 divinae
1377 1427 1634 1485 doctrinae
1672 1430 1823 1501 igno-

230 1514 500 1573 hilitatem
524 1525 590 1572 et
613 1516 1059 1574 deformationem
1078 1520 1357 1589 putabant,
1390 1518 1604 1578 ﬁdelem
1641 1537 1700 1579 se
1723 1522 1820 1579 Dei

230 1608 545 1665 ministrum
562 1599 830 1677 exhibuit,
877 1611 1003 1667 dum
1036 1627 1143 1666 non
1174 1620 1406 1668 terretur
1429 1630 1607 1686 neque
1654 1616 1822 1687 pudo-

228 1716 352 1758 rem
407 1703 615 1772 patitur
653 1717 718 1757 ea
772 1702 876 1758 illis
918 1696 1068 1774 loqui
1113 1719 1235 1775 quae
1275 1704 1563 1762 horrerent
1607 1708 1815 1766 audire.

231 1789 345 1848 Per
362 1792 639 1863 infamiam
667 1800 718 1848 et
753 1792 941 1851 bonam
970 1793 1188 1863 famam.
1224 1794 1402 1850 Etiam
1442 1795 1527 1852 his
1550 1796 1818 1869 integrum

1920 606 2176 677 pertinet,
2196 623 2464 680 pauperes
2489 607 2832 676 videbantur,
2862 610 2957 666 sed
2982 612 3253 682 spiritales
3280 614 3501 673 divitias

1921 698 2270 757 credentibus
2296 700 2687 774 largiebantur,
2735 702 2892 773 egeni
2933 702 2988 757 in
3020 699 3204 770 terris,
3250 704 3305 760 in
3344 705 3499 763 cmlis

1921 788 2133 844 divites.
2170 789 2442 861 Tanquam
2490 789 2623 845 nihil
2645 789 2912 857 habentes,
2954 801 3003 847 et
3032 794 3207 850 omnia
3233 796 3502 866 possiden-

1921 886 2015 933 tes.
2058 878 2172 935 Hoc
2204 880 2308 936 fuit
2330 881 2385 935 in
2425 880 2685 951 apostolis
2709 878 3021 952 gloriosum,
3048 891 3108 939 ut
3137 884 3258 940 sine
3294 885 3501 945 sollicia

1921 967 2108 1024 tudine
2137 978 2190 1025 et
2212 971 2431 1026 nomine
2457 970 2792 1041 possidendi,
2824 986 2932 1027 non
2963 972 3139 1029 solum
3182 990 3249 1030 ea
3276 990 3397 1047 quae
3442 977 3501 1034 in

1919 1060 2354 1130 possessionibus
2379 1070 2557 1129 erant,
2608 1062 2705 1117 sed
2746 1071 2804 1117 et
2842 1062 2992 1132 ipsos
3016 1078 3207 1120 eorum
3253 1068 3501 1125 dominos

1920 1149 2279 1220 possiderent.
2326 1150 2516 1207 Omnia
2554 1151 2695 1207 enim
2743 1162 3141 1210 necesse‘erat
3172 1163 3297 1212 ante
3334 1158 3502 1228 pedes

1921 1255 2107 1296 eorum
2136 1242 2260 1311 poni
2290 1256 2452 1298 causa
2491 1243 2776 1310 virtutum,
2817 1246 2961 1302 sicut
2996 1245 3225 1319 legimus
3266 1250 3320 1305 in
3348 1251 3500 1308 Actis

1921 1333 2284 1402 apostolorum
2308 1334 2447 1405 (Act.
2470 1334 2566 1407 1v).
2594 1332 2800 1411 [Greg.]
2828 1328 2985 1395 Libet
3004 1339 3149 1396 inter
3174 1343 3291 1399 haec
3317 1344 3503 1402 oculos

1919 1423 2118 1478 mentis
2159 1424 2401 1480 attollere
2437 1425 2503 1481 ad
2542 1426 2742 1482 electos
2784 1427 2881 1482 Dei
2924 1429 3164 1487 exterius
3189 1447 3501 1504 oppressos,

1920 1523 2134 1584 quantae
2173 1514 2498 1573 intrinsecus
2538 1517 2657 1572 arci
2695 1520 3021 1601 praesideant
3064 1521 3269 1590 videre,
3309 1532 3503 1581 cuncta

1919 1604 2116 1675 quippe
2139 1619 2256 1675 qua:
2279 1604 2413 1662 foris
2432 1607 2692 1675 eminent,
2738 1608 2967 1667 occultis
2990 1614 3178 1667 eorum
3225 1614 3502 1672 obtutibus

1917 1708 2019 1766 per
2042 1696 2353 1767 despectum
2388 1696 2594 1768 iacent.
2636 1699 2771 1757 Nam
2807 1710 2974 1774 Super
3000 1718 3058 1759 se
3084 1704 3316 1762 interius
3339 1708 3500 1781 rapti,

1919 1784 1976 1841 in
2006 1786 2115 1842 alto
2140 1788 2378 1844 animum
2407 1789 2600 1862 ﬁgunt,
2630 1801 2685 1847 et
2709 1806 2933 1864 quaeque
2958 1792 3012 1849 in
3034 1796 3139 1852 hac
3158 1796 3269 1852 vita
3297 1798 3506 1868 patiun-

230 1901 293 1943 δε
335 1886 435 1943 Dei
465 1886 888 1958 dispensatorem
913 1887 1163 1957 ρισωυυίι,
1213 1889 1307 1959 qui
1337 1887 1461 1945 ﬁdei
1487 1889 1683 1947 bonam
1706 1892 1817 1962 ορί,
1843 1884 1890 1945 Β
1920 1882 2026 1945 tur,
2077 1880 2235 1950 quasi
2270 1880 2428 1954 longe
2480 1882 2622 1939 infra
2670 1884 2905 1942 labentia
2953 1895 3117 1959 atque
3154 1903 3187 1944 a
3241 1904 3301 1945 se
3329 1888 3506 1947 aliena

230 1975 455 2032 nionem
483 1974 775 2043 faciebant,
822 1984 880 2032 et
897 1976 989 2048 qui
1036 1976 1255 2046 malam,
1296 1978 1424 2035 dum
1471 1995 1579 2036 non
1624 1983 1818 2039 metuit

234 2070 379 2124 hanc
403 2067 681 2135 invidiam,
707 2069 803 2126 sed
830 2076 1085 2125 constans
1130 2076 1237 2126 est.
1282 2064 1480 2146 (ϐίω.)
1513 2071 1701 2130 Omnia
1725 2075 1821 2148 igia

232 2164 329 2211 tur
368 2172 491 2227 quze
536 2171 858 2229 prosperare
899 2166 1176 2230 putantur,
1222 2166 1280 2215 et
1327 2161 1532 2217 dextrae
1567 2162 1819 2219 dicuntur

231 2257 442 2319 partes,
475 2263 596 2319 quae
620 2258 841 2306 sanctus
862 2249 1148 2320 Apostolus
1169 2250 1354 2322 gloriae
1387 2261 1444 2309 et
1482 2254 1636 2310 bonae
1661 2255 1819 2313 tamin

234 2335 500 2393 vocabulo
537 2337 854 2409 designavit.
902 2336 999 2393 llla
1047 2339 1212 2395 etiam
1265 2354 1386 2411 quas
1439 2342 1821 2401 existimantur

234 2428 498 2496 adversa,
541 2446 662 2503 quae
710 2445 807 2501 per
846 2430 1235 2505 ignobilitatem
1282 2442 1339 2490 et
1388 2434 1667 2493 infamiam
1702 2438 1820 2494 ‘eviz

236 2521 432 2575 denter
466 2527 756 2592 expressit,
785 2536 1069 2593 quaeque-a
1110 2523 1347 2581 sinistris
1372 2540 1494 2583 esse
1538 2528 1817 2596 describit,

236 2608 547 2665 elliciuntur
567 2611 684 2667 viro
709 2611 947 2681 perfecto
974 2628 1124 2668 arma
1145 2613 1394 2684 iustitiae,
1423 2618 1468 2673 si
1494 2618 1549 2674 in
1582 2619 1691 2676 lato
1716 2620 1819 2677 sibi

236 2700 655 2771 magnanimiter
679 2704 1083 2771 sustentaverit,
1118 2707 1264 2776 quod
1295 2706 1544 2764 videlicet
1574 2723 1673 2781 per
1703 2710 1821 2767 haec

234 2792 524 2858 dimicans,
561 2802 617 2849 et
656 2794 773 2850 istis
816 2795 947 2866 ipsis
991 2796 1188 2867 quibus
1225 2797 1527 2872 impugnari
1576 2810 1816 2872 putatur,

238 2882 484 2938 adversis
508 2890 760 2954 tanquam
804 2885 970 2940 armis
992 2887 1193 2942 utendo
1218 2887 1404 2958 eisque
1432 2889 1582 2945 velut
1608 2905 1739 2947 arcu
1764 2898 1821 2947 et

232 2969 417 3045 gladio
443 2980 703 3043 scutoque
727 2973 1055 3032 validissimo
1098 2984 1288 3033 contra
1316 2977 1437 3035 illos
1474 2981 1567 3050 qui
1596 2983 1711 3037 haec
1733 2982 1818 3038 iu-

233 3070 451 3133 gerunt,
473 3066 853 3134 communitus,
873 3067 1175 3140 profectum
1192 3070 1297 3128 sibi
1323 3074 1550 3143 patienti
1573 3090 1688 3131 acac
1708 3076 1822 3132 vir-

238 3154 374 3209 tutis
425 3156 703 3226 acquirat,
756 3157 1199 3229 gloriosissimum
1257 3167 1576 3222 constantiae
1627 3168 1819 3224 trium-

1916 1970 2272 2042 conspiciunt,
2301 1982 2468 2044 utque
2487 1977 2561 2032 ita
2584 1977 2832 2045 dixerim,
2858 1979 2984 2035 dum
3010 1988 3191 2037 mente
3209 1990 3361 2039 extra
3381 1992 3505 2040 car-

1876 2070 1885 2081 ’
1916 2072 2041 2117 nem
2067 2061 2185 2119 ﬁeri
2224 2065 2527 2133 decertant,
2572 2076 2713 2138 pene
2749 2068 2864 2139 ipsa
2892 2086 3014 2140 quae
3043 2071 3294 2139 tolerant,
3344 2075 3517 2147 ignos.

1916 2159 2061 2207 rant.
2111 2152 2170 2208 lu
2199 2154 2392 2210 horum
2419 2154 2663 2226 profecto
2694 2158 2889 2223 oculis,
2938 2159 3196 2231 quidquid
3236 2173 3506 2234 tempora-

1917 2236 2045 2297 liter
2091 2243 2296 2299 eminet
2345 2244 2515 2300 altum
2542 2260 2649 2302 non
2690 2258 2813 2315 est,
2865 2265 2990 2307 nam
3036 2252 3122 2308 vel
3149 2261 3209 2308 ut
3237 2253 3291 2309 in
3322 2256 3503 2327 magni

1917 2331 2123 2389 vertice
2148 2334 2351 2391 montis
2398 2335 2489 2391 siti
2515 2338 2798 2407 praesentis
2824 2340 2945 2395 vitae
2990 2336 3149 2412 plana
3178 2343 3503 2417 despiciunt,

1918 2421 2084 2493 seque
2118 2422 2267 2496 ipsos
2316 2440 2417 2501 per
2464 2427 2764 2497 spiritalem
2810 2430 3183 2490 celsitudinem
3222 2435 3502 2494 transcen-

1918 2513 2109 2572 dentes
2136 2518 2382 2590 subjecta
2429 2520 2649 2576 sibimet
2688 2521 2834 2578 intus
2883 2525 3083 2592 vident,
3139 2542 3366 2600 quaeque
3406 2545 3507 2603 per

1920 2605 2194 2663 carnalem
2219 2608 2443 2679 gloriam
2485 2609 2619 2666 foris
2654 2619 2882 2668 tument.
2920 2610 3070 2671 Unde
3096 2624 3152 2671 et
3184 2618 3346 2673 nullis
3374 2633 3506 2676 con-

1918 2703 2006 2752 tra
2032 2697 2316 2754 veritatem
2346 2703 2702 2771 potestatibus
2744 2714 2995 2774 parcunt,
3046 2708 3141 2763 sed
3171 2723 3307 2779 quos
3330 2710 3504 2767 attolli

1917 2800 2017 2857 per
2039 2787 2325 2844 elationem
2347 2792 2707 2861 conspiciunt,
2737 2810 2836 2865 per
2866 2792 3101 2865 Spiritus
3124 2800 3505 2857 auctoritatem

1918 2886 2191 2946 premunt.
2246 2881 2319 2935 οε
2372 2892 2608 2937 nostrum
2657 2895 2796 2954 patet
2840 2887 2910 2941 ad
2958 2905 3084 2955 vos,
3138 2908 3170 2945 ο
3222 2890 3501 2949 ϐοήκιιιὲἰι

1921 2965 2157 3039 (Amhr.)
2186 2967 2299 3025 Hoc
2327 2968 2592 3027 libertatis
2622 2987 2783 3029 causa
2812 2973 3079 3046 loquitur,
3111 2988 3165 3035 et
3200 2996 3349 3051 purae
3375 2990 3507 3038 ocn-

1919 3057 2181 3125 scientiae,
2226 3060 2366 3116 male
2391 3061 2537 3117 enim
2569 3063 2673 3119 sibi
2707 3067 2921 3123 conscia
2966 3084 3120 3126 mens
3166 3071 3313 3142 loqui
3343 3074 3508 3145 trepi‘

1922 3146 2033 3212 dat,
2071 3160 2287 3204 sensum
2314 3152 2510 3221 perdit,
2541 3152 2597 3207 in
2623 3154 2804 3210 verbis
2835 3165 3001 3213 errat.
3034 3156 3140 3214 Cor
3168 3172 3401 3217 nostrum
3426 3163 3509 3218 di-

236 3242 405 3313 phum
430 3259 499 3300 ex
522 3246 654 3318 ipsis
675 3264 793 3318 qum
819 3248 1089 3307 [eamme].
1121 3252 1442 3323 inferuntur,
1482 3258 1700 3329 capiens
1728 3261 1828 3317 ho,
1852 3244 1897 3308 ο
1928 3236 2149 3293 latatum
2199 3248 2306 3306 est,
2341 3254 2531 3297 eorum
2567 3258 2663 3299 cor
2690 3243 2949 3302 dilatatur
2976 3248 3066 3319 qui
3112 3242 3307 3306 ﬁducia
3347 3254 3508 3310 bonae

236 3332 405 3387 stium
429 3334 573 3402 telis,
624 3351 727 3393 nec
752 3339 1029 3409 prosperis
1054 3341 1315 3398 duntaxat
1356 3344 1551 3413 elatus,
1590 3362 1691 3405 nec
1734 3349 1828 3405 de-

234 3424 416 3496 iectus
442 3429 707 3499 adversis,
753 3432 848 3489 sed
882 3433 1079 3491 itinere
1108 3435 1268 3506 plano
1292 3447 1348 3494 et
1382 3439 1468 3495 via
1496 3440 1645 3511 regia
1679 3456 1824 3497 sem-

240 3534 341 3589 per
364 3519 653 3589 incedens,
680 3523 748 3579 ab
777 3522 868 3581 illo
892 3525 1297 3596 tranquillitatis
1318 3537 1461 3585 statu
1489 3546 1827 3604 nequaquam

240 3608 430 3664 laetitia
459 3610 871 3681 superveniente
890 3614 1045 3685 quasi
1069 3616 1127 3671 in
1150 3616 1372 3674 dextera
1395 3628 1593 3687 motus,
1615 3636 1716 3677 nec
1743 3622 1828 3678 in-

240 3700 561 3769 gruentibus
595 3703 838 3759 adversis
867 3704 1193 3777 tristitiaque
1231 3708 1541 3765 dominante
1572 3710 1717 3767 velut
1758 3712 1827 3767 ad

243 3792 437 3846 laevam
473 3809 663 3852 rursus
709 3795 987 3867 impulsus.
1027 3795 1148 3854 Pax
1197 3800 1341 3856 enim
1391 3802 1557 3856 multa
1602 3804 1828 3874 diligen-

242 3884 403 3938 tibus~
444 3900 634 3941 nomen
680 3897 851 3954 tuum,
900 3898 948 3944 et
995 3906 1102 3944 non
1137 3889 1243 3945 illis
1289 3893 1597 3949 scandalum
1649 3892 1823 3967 (Psal.

242 3974 459 4048 cxvm).

319 4062 387 4118 Ut
416 4066 713 4122 seductores
744 4076 791 4122 et
835 4080 1061 4124 veraces.
1116 4069 1349 4144 (Amhr.)
1378 4071 1641 4129 lncreduli
1670 4075 1827 4131 sedu-

245 4165 428 4210 ctores
460 4170 556 4212 eos
588 4158 874 4224 vocabant,
924 4159 1107 4215 ﬁdeles
1139 4169 1328 4217 contra
1373 4177 1592 4220 veraces
1635 4180 1729 4220 eos
1773 4174 1828 4221 et

246 4246 523 4317 simplices
562 4252 1006 4319 pronuntiabant,
1043 4268 1144 4308 nec
1176 4254 1279 4310 hoc
1312 4255 1436 4311 odio
1464 4258 1607 4313 cedit
1630 4265 1690 4312 ut
1732 4274 1826 4314 sua

244 4339 510 4408 perducat
536 4337 715 4396 fucum
744 4342 978 4398 veritati.
1019 4341 1171 4397 Sicut
1213 4344 1305 4415 qui
1327 4345 1508 4416 ignoti,
1537 4356 1586 4402 et
1612 4348 1825 4418 cogniti.

248 4429 406 4485 lalis
428 4431 595 4501 ignoti
627 4441 803 4500 erant,
840 4433 997 4490 bonis
1028 4433 1166 4501 noti,
1212 4437 1574 4505 agnoscebant
1597 4437 1741 4492 enim
1772 4437 1829 4492 in

248 4523 338 4579 his
352 4521 660 4580 veritatem.
696 4524 860 4590 Quasi
885 4526 1186 4592 morientes,
1220 4537 1271 4581 et
1297 4542 1412 4583 ecce
1429 4528 1665 4585 vivimus.
1691 4528 1829 4586 0dio

248 4614 375 4671 illos
398 4615 658 4672 habentes
687 4617 925 4687 quotidie
950 4621 1211 4689 putabant
1248 4634 1355 4675 non
1379 4619 1610 4675 evadere
1655 4620 1831 4675 minas

250 4708 575 4779 iniquitatis.
593 4709 687 4764 lsti
713 4718 895 4766 autem
919 4712 1057 4781 quia
1080 4712 1189 4768 Deo
1203 4711 1712 4783 propitiodocebant
1735 4726 1832 4766 au-

248 4798 386 4853 xilio
404 4797 606 4854 Christi
628 4799 727 4853 tuti
751 4801 1196 4871 praestolabantur
1225 4817 1257 4856 a
1282 4812 1457 4858 morte
1488 4802 1741 4873 praesenti
1778 4810 1835 4857 et

250 4889 458 4944 futura.
512 4887 579 4944 Ut
604 4892 862 4961 castigati,
908 4900 958 4946 et
986 4909 1090 4947 non
1141 4893 1461 4962 morti/ictui.
1508 4892 1721 4959 Tentati
1748 4892 1833 4947 vi-

252 4981 545 5049 debantur,
576 4982 790 5053 quando
810 4982 889 5037 sic
927 4982 1296 5038 tractabantur
1320 4990 1380 5038 ut
1422 4981 1645 5039 credere
1679 4990 1837 5052 puta-

250 5078 467 5136 rentur,
509 5079 568 5125 et
593 5071 719 5141 quia
756 5086 863 5127 non
890 5070 1264 5135 vincebantur,
1294 5069 1456 5125 morti
1483 5085 1590 5125 non
1616 5068 1836 5124 addice-

254 5164 491 5219 bantur:
530 5163 622 5218 hic
669 5162 814 5217 enim
861 5162 1129 5218 addicitur
1169 5163 1365 5228 morti,
1399 5162 1571 5234 quiin
1597 5160 1703 5217 ﬁde
1730 5174 1837 5216 nou

252 5262 574 5325 permanet,
605 5254 701 5310 sed
723 5254 883 5310 morti
913 5269 1018 5310 non
1047 5254 1206 5320 huic,
1248 5255 1342 5335 sed
1388 5252 1602 5309 futurae.
1654 5250 1840 5307 Potest

254 5356 315 5401 et
357 5347 426 5401 de
468 5345 721 5416 praesenti
771 5355 947 5401 morte
989 5346 1214 5417 intelligi
1259 5366 1274 5401 :
1328 5346 1523 5401 tentari
1571 5344 1714 5401 enim
1744 5358 1840 5401 eos

256 5435 565 5506 patiebatur
588 5434 748 5502 Deus,
780 5443 841 5490 ut
861 5436 1129 5507 pressuris
1156 5444 1466 5492 crescerent
1490 5434 1708 5501 merito,
1730 5448 1839 5488 non

258 5536 443 5582 tamen
477 5526 829 5596 permittebat
857 5541 953 5582 eos
978 5526 1171 5583 occidi.
1206 5526 1373 5593 Quasi
1413 5528 1608 5590 tristes,
1642 5540 1842 5595 semper

259 5619 437 5665 autem
463 5610 770 5681 gaudentes.
802 5612 1003 5668 Verum
1030 5621 1128 5677 est,
1162 5614 1288 5683 quia
1315 5611 1534 5668 tristitia
1570 5613 1686 5668 htec
1710 5627 1840 5683 gan-

256 5699 406 5754 dium
440 5707 721 5770 operatur,
751 5709 806 5755 et
833 5701 1041 5771 quieos
1068 5700 1280 5771 injuriis
1300 5703 1692 5758 contristahant
1715 5716 1869 5773 gau-t

256 5790 406 5845 dium
437 5804 629 5845 eorum
656 5794 1070 5862 exaggerabaut.
1100 5791 1247 5850 Sicut
1266 5802 1489 5865 egentes,
1522 5792 1711 5848 multos
1735 5809 1836 5846 au-

1927 3330 2358 3386 ronversationis
2401 3332 2638 3404 gaudent
2659 3334 2715 3390 in
2744 3350 2883 3403 sese,
2928 3348 3023 3393 aut
3050 3350 3196 3396 certe
3219 3356 3315 3413 spe
3341 3342 3509 3400 futuri

1924 3422 2131 3491 prtemii
2159 3422 2214 3478 in
2252 3424 2654 3483 tribulationem
2677 3444 2782 3484 non
2812 3440 3185 3502 angustantur,
3216 3435 3341 3505 quia
3369 3436 3511 3493 sicut

1926 3511 1984 3566 in
2016 3513 2120 3569 hac
2145 3514 2257 3569 vita
2299 3515 2403 3571 nisi
2438 3520 2777 3585 praecesserit
2811 3518 2981 3588 labor,
3013 3523 3256 3580 redditus
3288 3541 3396 3582 non
3426 3541 3512 3582 se-

1926 3611 2141 3673 quctur,
2171 3605 2244 3660 ita
2269 3614 2324 3661 et
2357 3607 2412 3662 in
2439 3608 2601 3664 rebus
2634 3609 2863 3679 divinis,
2909 3611 2956 3667 si
3005 3626 3113 3670 non
3143 3615 3308 3671 exitia
3357 3625 3509 3673 aute-

1927 3692 2119 3761 ierint,
2148 3697 2427 3766 praemium
2454 3714 2562 3754 non
2592 3710 2973 3772 consequetur.

1999 3785 2125 3842 Non
2154 3790 2527 3860 angustiamiui
2554 3792 2610 3847 in
2642 3792 2823 3861 nobis,
2858 3797 3233 3866 angustiamini
3255 3808 3429 3855 autem
3455 3801 3512 3857 in

1926 3877 2208 3935 visceribus
2236 3883 2446 3948 uestris,
2476 3883 2709 3939 eamdem
2738 3887 2989 3942 mercedis
3020 3888 3264 3959 habentes
3291 3891 3513 3947 retribu-

1854 4020 1858 4024 .
1927 3969 2142 4024 tionem.
2162 3968 2278 4026 Hoc
2303 3971 2434 4027 dicit
2461 3972 2585 4042 quia
2614 3987 2722 4028 non
2743 3974 2936 4030 oherat
2954 3978 3248 4046 magistris,
3276 3980 3324 4034 si
3346 3981 3511 4036 disci-

1926 4059 2038 4131 puli
2087 4060 2229 4117 male
2260 4071 2636 4131 verterentur,
2692 4074 3098 4125 contemnentes
3125 4070 3367 4141 vigorem
3415 4072 3512 4128 do-

1929 4151 2137 4218 ctrinm,
2176 4152 2298 4222 quia
2330 4154 2699 4226 unusquisque
2733 4171 2834 4226 pro
2861 4156 3115 4227 operibus
3160 4161 3274 4216 suis
3297 4175 3508 4217 merce-

1928 4239 2052 4295 dem
2081 4240 2329 4312 accipiet,
2352 4243 2478 4313 quia
2523 4245 2666 4314 quod
2699 4246 2767 4301 ad
2810 4247 3097 4318 magistros
3142 4252 3377 4321 pertinet
3403 4268 3511 4308 non

1931 4338 2216 4389 tacuerunt
2241 4332 2452 4390 dicente
2476 4336 2797 4408 Dominoad
2841 4338 3092 4397 Ezechiel
3138 4344 3460 4413 prophetam
3493 4363 3510 4400 :

1931 4419 2126 4478 Exalta
2159 4441 2330 4480 vocem
2355 4436 2501 4480 tuam
2524 4435 2572 4482 et
2601 4427 2808 4499 loquere
2832 4430 2903 4483 ad
2923 4430 3144 4501 plebem,
3181 4443 3230 4488 et
3262 4436 3308 4488 si
3337 4443 3387 4491 te
3412 4451 3511 4489 au-

1931 4515 2151 4581 dierint,
2181 4514 2465 4572 lucraberis
2505 4534 2592 4573 eos
2631 4518 2860 4591 (Ezeclt.
2895 4520 3011 4593 ιιι).
3046 4520 3259 4597 [Greg.]
3291 4522 3348 4578 Si
3378 4538 3515 4595 quod

1932 4605 2111 4659 minus
2135 4611 2190 4658 tu
2230 4606 2469 4661 animam
2504 4614 2649 4662 tuam
2692 4608 2949 4665 salvahis.
2995 4612 3130 4667 Cum
3163 4613 3232 4669 ab
3280 4613 3516 4671 inﬁrmis

1932 4692 2269 4749 auditoribus
2297 4710 2355 4750 se
2382 4695 2604 4768 intelligi
2628 4713 2736 4754 non
2759 4713 2918 4769 posse
2956 4702 3316 4771 conspiciunt,
3339 4703 3515 4761 solent

1930 4784 2243 4857 plerumque
2263 4787 2425 4842 etiam
2448 4787 2578 4857 justi
2607 4788 2807 4845 laudati
2847 4790 2987 4847 bona
3015 4807 3136 4863 quae
3164 4794 3370 4861 dicunt,
3402 4812 3513 4852 non

1933 4878 2076 4948 quod
2098 4878 2198 4948 ipsi
2227 4879 2340 4935 suis
2364 4879 2593 4944 inhiant,
2626 4881 2720 4937 sed
2748 4896 2855 4950 quo
2879 4883 3153 4940 auditores
3182 4900 3309 4942 suos
3331 4888 3401 4943 ad
3421 4904 3516 4944 au-

1935 4964 2117 5027 diendi
2137 4970 2555 5027 sollicitudinem
2583 4972 2908 5042 accendant,
2930 4983 2992 5030 ut
3012 4975 3140 5031 dum
3165 4991 3357 5033 eorum
3379 4992 3514 5037 voce

1936 5062 2285 5135 proferuntur
2310 5064 2379 5120 ab
2422 5062 2635 5120 illorum
2677 5066 2930 5123 cordibus
2973 5069 3210 5137 arcanis,
3259 5071 3515 5128 etmqu

1939 5156 2188 5224 dixisset,
2217 5155 2476 5225 adiunxit,
2514 5173 2571 5211 os
2609 5168 2842 5214 nostrum
2872 5170 3013 5231 patet
3046 5160 3116 5216 ad
3141 5177 3248 5228 vos,
3277 5178 3308 5218 ο
3331 5160 3521 5220 Carius

1940 5245 2056 5311 thii,
2093 5262 2182 5299 cor
2210 5238 2445 5299 nostrum
2468 5245 2747 5302 dilatatam
2785 5257 2882 5317 est,
2929 5249 3023 5307 sed
3048 5260 3361 5322 arrogantes
3387 5253 3517 5309 dum

1941 5348 2036 5390 cor
2059 5334 2320 5390 bonorum
2341 5334 2609 5402 nesciunt,
2640 5344 2695 5391 et
2713 5336 2856 5393 solas
2882 5337 3171 5408 aliquando
3208 5356 3370 5397 voces
3390 5341 3513 5397 imi-'-

1942 5432 2150 5491 tantur,
2180 5424 2411 5480 ell‘ernnt
2452 5424 2720 5484 laudando
2746 5444 2867 5499 quae
2895 5429 3103 5497 dicunt,
3134 5447 3245 5487 non
3268 5432 3412 5500 quod
3437 5434 3523 5489 eis

1947 5528 2129 5591 torpor
2152 5517 2481 5575 audientium
2526 5518 2792 5590 displicet,
2844 5522 2940 5578 sed
2966 5523 3112 5592 quod
3155 5523 3259 5579 sibi
3307 5523 3517 5579 inhiant

1939 5610 2195 5682 placent;
2256 5608 2525 5680 justorum
2573 5626 2732 5666 voces
2772 5612 3046 5669 imitantes
3093 5613 3371 5677 simulant,
3421 5614 3519 5667 sed

1940 5702 2049 5758 vim
2078 5702 2228 5758 vocis
2260 5701 2531 5773 ignorant,
2567 5700 2751 5758 vident
2776 5703 2919 5773 quod
2940 5702 3072 5773 justi
3096 5702 3396 5774 proferunt,
3424 5702 3522 5759 sed

1937 5791 2185 5849 nesciunt
2210 5792 2352 5863 quod
2389 5791 2687 5861 requirunt.
