4022 6338
1149 385 1211 438 Β.
1255 381 1506 438 BABANI
1544 380 1762 437 MAUBI
1803 377 2093 433 ABCHIEP

2196 375 2476 432 IOGUNT.
2518 369 2804 429 OPERUM
2842 367 3020 424 PARS
3059 367 3143 422 ιιι.

579 500 852 572 Tanquam
882 498 1009 568 ﬁliis
1037 495 1152 552 dico
1180 508 1200 549 :
1244 493 1554 548 Dilatamini
1593 501 1642 547 et
1681 506 1792 555 vos,
1838 499 1885 543 et
1924 486 2083 542 nolite
2111 491 2158 550 A
2186 496 2331 542 sunt.
2368 485 2470 540 Vos
2499 486 2636 540 enim
2669 491 2789 538 estis
2811 479 3058 550 templum
3087 478 3326 572 Deivivi.
3356 476 3593 572 (Arner
3621 475 3767 572 Nihil

499 593 689 664 jugum
731 591 920 644 ducere
969 604 1090 642 cum
1138 585 1456 654 inﬁdelibus.
1510 581 1708 656 (Amb.)
1759 581 1842 636 Ad
1889 581 2115 650 bonam‘

507 680 970 738 conversationem
1011 685 1064 732 et
1102 691 1252 746 spem
1280 690 1374 730 eos
1400 675 1666 738 hortatur,
1698 681 1758 727 ut
1781 669 2009 725 ﬁdentes
2034 676 2089 724 et

506 778 798 841 purgantes
822 765 1177 824 conscientias
1208 779 1366 829 .suas,
1419 763 1628 832 possint
1656 761 1737 815 .in
1783 759 2088 829 semetipsis

509 863 761 933 gaudere,
803 859 1066 914 habentes
1111 855 1361 910 ﬁduciam
1409 867 1556 924 pura:
1592 853 1808 915 mentis,
1851 851 1993 906 sicut
2035 857 2091 905 et

508 965 697 1005 eorum
728 949 992 1020 magistri,
1023 955 1336 1016 separantes
1380 961 1438 999 se
1473 945 1542 999 ab
1571 944 1868 999 inﬁdelium
1919 943 2092 998 socie-

509 1052 622 1097 tate
656 1041 709 1096 in
743 1040 994 1110 operibus
1040 1036 1236 1100 malis;
1269 1044 1325 1091 et
1349 1035 1484 1090 bene
1508 1049 1637 1104 ergo
1666 1035 1872 1104 agendo
1910 1042 1965 1088 et
2010 1032 2092 1087 fu-

511 1140 633 1186 tura
663 1129 930 1200 sperando
952 1127 1164 1183 dilatari
1193 1126 1306 1180 vult
1334 1125 1455 1179 illos
1479 1125 1684 1190 animo,
1713 1125 1803 1193 qui
1841 1124 1985 1179 enim
2013 1123 2090 1178 la-

508 1223 666 1278 borat
685 1230 741 1278 et
765 1221 945 1276 futura
981 1235 1086 1274 non
1120 1218 1326 1282 credit,
1361 1216 1516 1271 'sicut
1563 1215 1793 1270 inﬁdelis
1820 1214 2094 1286 angustia-

510 1323 600 1370 tur
637 1313 1016 1384 desperatione
1066 1309 1254 1390 futuri.
1311 1305 1494 1378 (Aug.)
1550 1306 1804 1362 Latitudo
1851 1307 2092 1361 mandati

511 1403 748 1459 Charitas
775 1408 880 1466 est,
910 1399 1033 1468 quia
1060 1398 1148 1452 ubi
1176 1396 1432 1460 Charitas,
1482 1410 1591 1449 non
1637 1403 1764 1450 sunt
1809 1396 2090 1466 angustiae.

511 1489 568 1546 In
599 1492 715 1560 ipsa
765 1488 1049 1543 latitudine
1071 1493 1189 1541 erat
1218 1483 1528 1554 Apostolus,
1576 1500 1699 1539 cum
1725 1484 1926 1539 diceret
1956 1502 1968 1537 :
2019 1483 2092 1538 Os

513 1591 748 1634 nostrum
774 1588 912 1648 patet
939 1576 1007 1630 ad
1047 1592 1154 1638 vos,
1187 1591 1216 1628 ο
1268 1571 1544 1639 Corinthii,
1581 1590 1671 1627 cor
1697 1583 1928 1626 nostrum
1958 1574 2095 1626 dila-

514 1680 681 1724 totum
709 1679 802 1733 est,
835 1685 934 1722 non
965 1666 1337 1737 angustiamini
1359 1665 1414 1718 in
1439 1665 1601 1730 vobis,
1627 1665 1746 1721 ideo
1768 1681 1896 1736 ergo
1926 1665 2093 1719 latum

512 1760 825 1816 mandatum
854 1766 1004 1813 tuum
1029 1756 1202 1810 valde.
1234 1757 1388 1823 Quod
1427 1763 1510 1811 est
1539 1756 1707 1810 latum
1744 1755 2094 1810 mandatum?

2190 587 2300 633 tam
2330 577 2607 632 inimicum
2649 573 2874 638 homini,
2931 587 3094 643 quam
3146 569 3312 637 idola,
3355 568 3485 642 quia
3513 570 3582 626 ab
3607 569 3768 628 unius

2188 671 2281 725 Dci
2311 669 2415 724 ﬁde
2449 676 2647 740 cegunt
2681 666 2955 722 recedere.

2259 760 2408 814 Sicut
2447 759 2574 812 dicit
2603 757 2745 811 Deus
2771 769 2790 807 :
2843 753 3105 820 Quoniam
3135 751 3435 808 inhabitabo
3480 753 3538 807 in
3561 751 3689 819 illis,
3719 759 3771 808 et

2187 847 2523 904 inambulabo
2565 849 2704 901 inter
2753 861 2868 909 eos,
2916 853 2964 898 et
3015 861 3103 898 ero
3129 843 3341 897 illorum
3385 843 3547 908 Deus,
3589 853 3639 898 et
3669 837 3772 913 ipsi

2187 949 2337 994 erunt
2369 939 2496 992 mihi
2535 936 2776 1008 papulas.
2811 931 3029 1004 Propter
3054 935 3192 1003 quod
3227 928 3360 989 exite
3391 933 3454 987 de
3493 933 3666 988 medio
3686 949 3778 988 eo-

2190 1043 2328 1090 rum,
2357 1036 2405 1080 et
2430 1023 2765 1096 separamini,
2798 1020 2926 1076 dicit
2957 1019 3235 1088 Dominus,
3265 1031 3312 1076 et
3354 1022 3680 1076 immundum
3709 1039 3776 1078 ne

2190 1115 2479 1186 tetigeritis,
2503 1124 2550 1170 et
2577 1132 2668 1184 ego
2703 1111 2948 1183 recipiam
2973 1129 3080 1177 vos,
3107 1124 3152 1166 et
3181 1129 3269 1167 ero
3293 1113 3432 1166 vobis
3459 1111 3514 1167 in
3545 1123 3774 1184 patrem,

2189 1218 2238 1264 et
2262 1225 2350 1263 vos
2377 1209 2520 1262 eritis
2551 1207 2678 1261 mihi
2705 1207 2757 1260 in
2797 1206 2935 1275 ﬁlios
2964 1216 3011 1261 et
3041 1205 3203 1276 ﬁlias,
3227 1207 3353 1261 dicit
3383 1207 3644 1262 Dominus
3664 1225 3778 1262 om-

2190 1299 2444 1367 nipotens.
2496 1296 2715 1350 Interim
2747 1296 2934 1365 primae
2962 1309 3140 1350 causa!
3169 1311 3386 1350 sensum
3414 1295 3777 1366 explicemus,

2188 1395 2250 1441 ut
2281 1387 2434 1456 cujus
2473 1402 2718 1457 personae
2751 1387 2912 1440 verba
2968 1385 3077 1440 sint
3112 1386 3450 1442 declaremus
3493 1389 3774 1443 dicentes:

2194 1476 2456 1542 Quoniam
2481 1475 2780 1530 inhabitabo
2807 1476 2861 1529 in
2885 1475 2990 1529 illis
3017 1486 3064 1529 et
3107 1477 3241 1530 inter
3275 1493 3362 1530 eos
3385 1476 3686 1540 ambulabo,
3727 1486 3780 1531 et

2190 1580 2279 1621 ero
2308 1565 2520 1620 illorum
2565 1564 2705 1619 Deus
2755 1573 2803 1618 et
2850 1565 2948 1634 ipsi
2983 1569 3134 1618 erunt
3188 1565 3314 1618 mihi
3355 1564 3599 1634 populus.
3650 1564 3783 1620 llaec

2193 1658 2356 1712 verba
2405 1656 2604 1712 Christi
2634 1665 2774 1718 sunt,
2819 1657 2923 1710 hoc
2955 1663 3038 1710 est
3062 1656 3206 1711 enim
3253 1656 3395 1726 quod
3421 1666 3475 1711 et
3503 1658 3647 1712 inter
3677 1674 3783 1712 cae-

2195 1757 2311 1804 tera
2349 1745 2612 1804 leremias
2659 1756 2889 1804 testatus
2935 1755 3057 1813 cst,
3108 1749 3340 1802 dicens:
3391 1745 3518 1802 Post
3567 1749 3679 1802 lttt’t:
3723 1749 3782 1802 in

515 1848 824 1903 Mandatum
853 1864 1040 1902 novum
1062 1847 1128 1900 do
1155 1847 1322 1912 vobis,
1355 1855 1410 1899 ut
1445 1864 1532 1901 uos
1559 1849 1774 1901 invicem
1819 1848 2090 1918 diligatis;
2122 1849 2166 1909 Β
2193 1841 2344 1895 terris
2381 1842 2518 1895 visus
2548 1850 2646 1905 est,
2686 1851 2730 1894 et
2758 1841 2893 1894 inter
2918 1841 3150 1894 homines
3182 1851 3515 1896 conversatus
3544 1851 3618 1895 est
3649 1840 3782 1914 (Ba-

514 1939 750 1994 charitas
775 1954 905 2009 ergo
952 1955 1057 1994 non
1085 1948 1421 2009 angustatur.
1459 1939 1551 1994 Vis
1580 1955 1684 1993 non
1715 1941 1991 2010 angustari
2038 1941 2093 1996 in

514 2032 700 2086 terra?
751 2031 806 2085 in
853 2031 962 2084 lato
991 2030 1214 2085 habita:
1267 2030 1525 2100 quidquid
1567 2033 1709 2087 enim
1761 2033 1858 2087 tibi
1907 2033 2098 2088 fecerit

514 2119 694 2192 homo,
735 2135 841 2173 non
875 2127 926 2174 te
977 2127 1247 2190 angustat,
1298 2120 1424 2189 quia
1465 2121 1595 2176 illud
1625 2123 1803 2194 diligis
1828 2123 1925 2179 Dei
1954 2124 2097 2193 quod

515 2227 624 2265 non
673 2221 854 2277 nocet,
887 2211 1050 2267 homo
1092 2213 1259 2267 Deum
1293 2211 1491 2282 diligis,
1551 2213 1946 2272 fraternitatem
1977 2216 2097 2271 dili-

513 2299 614 2370 gis,
643 2298 813 2370 legem
839 2298 933 2353 Dei
963 2300 1163 2371 diligis,
1209 2301 1504 2356 Ecclesiam
1533 2303 1627 2358 Dei
1651 2305 1865 2376 diligis;
1899 2309 2095 2378 sempi-

515 2399 668 2444 terna
717 2392 840 2456 erit,
897 2391 1109 2446 laboras
1142 2389 1195 2446 in
1244 2393 1524 2459 terra,scd
1568 2396 1848 2464 pervenies
1881 2397 1949 2451 ad
1986 2397 2098 2453 fru-

513 2491 659 2537 ctum
686 2484 1037 2554 promissum,
1067 2484 1187 2553 quis
1215 2483 1311 2538 tibi
1345 2485 1480 2540 tollit
1502 2487 1644 2554 quod
1669 2487 1888 2557 diligis?

586 2573 718 2638 Quae
747 2575 882 2628 enim
909 2575 1236 2645 participatio
1255 2574 1479 2644 justitia:
1503 2594 1622 2631 cum
1663 2579 1980 2650 iniquitate?
2005 2592 2096 2636 aut

511 2677 628 2732 qua:
653 2665 872 2716 societas
898 2662 1002 2716 luci
1042 2679 1158 2717 cum
1183 2665 1402 2718 tenebris
1423 2666 1449 2718 1’
1473 2682 1592 2735 qua:
1629 2677 1803 2721 autem
1827 2670 2095 2724 conventio

514 2749 712 2807 Christi
734 2771 851 2808 cum
872 2753 1042 2808 Belial
1063 2755 1088 2809 ?
1114 2765 1204 2808 aut
1227 2768 1344 2824 qua:
1374 2773 1497 2826 pars
1519 2756 1665 2825 ﬁdeli
1696 2775 1816 2813 cum
1837 2759 2047 2828 inﬁdele
2071 2760 2097 2813 ?

511 2843 602 2912 qui
632 2853 804 2897 autem
835 2858 1114 2898 consensus
1158 2843 1346 2915 templo
1381 2843 1480 2899 Dei
1525 2862 1641 2899 cum
1686 2847 1862 2901 idolis.
1895 2846 2094 2919 (Amb.)

514 2931 852 2988 Manifestum
903 2942 985 2988 est
1031 2935 1146 2990 haec
1173 2950 1292 3004 quae
1332 2945 1618 2990 enumerat
1649 2951 1768 2992 esse
1798 2937 2092 3003 contraria,

515 3040 580 3080 ac
601 3039 698 3095 per
725 3027 828 3080 hoc
851 3025 1157 3097 fugiendum
1197 3027 1266 3081 ab
1293 3027 1378 3081 his
1407 3028 1566 3082 docet
1591 3027 1717 3096 quia
1745 3027 1876 3082 dicit
1906 3029 2093 3084 Domi-

513 3131 638 3180 nus,
670 3116 837 3170 Nema
859 3128 1020 3186 potest
1041 3117 1242 3170 duobus
1263 3117 1500 3170 Dominis
1527 3119 1737 3182 servire,
1766 3117 1850 3174 lex
1893 3119 2093 3175 etenim

2194 1929 2317 1984 ruch
2345 1930 2449 2000 ιιι).
2493 1929 2593 1984 llic
2617 1930 2760 1984 enim
2790 1929 3054 1984 habitavit
3088 1931 3140 1983 in
3172 1929 3348 1996 nobis,
3383 1931 3596 1985 dicente
3644 1947 3782 2001 apud

2194 2021 2332 2076 stolo
2371 2019 2614 2076 Joanne:
2648 2019 2716 2074 Et
2754 2019 2978 2074 Verbum
3007 2038 3128 2074 caro
3161 2021 3354 2090 factum
3385 2031 3483 2086 est,
3529 2032 3577 2075 et
3630 2021 3786 2075 habi-

2195 2112 2321 2164 tavit
2344 2125 2397 2165 tn
2423 2111 2568 2164 nobis
2616 2109 2794 2182 (Joan.
2825 2110 2901 2180 t).
2934 2109 3000 2164 Et
3023 2111 3148 2180 quia
3177 2111 3318 2165 Deus
3341 2117 3526 2166 noster
3561 2120 3668 2176 est,
3703 2106 3787 2165 di-

2195 2204 2269 2258 cit
2311 2204 2504 2258 iterum
2533 2201 2794 2256 Jeremias
2825 2219 2838 2256 :
2891 2201 2996 2256 Hic
3023 2209 3099 2256 est
3129 2201 3270 2257 Deus
3313 2213 3518 2268 noster,
3568 2209 3624 2256 et
3651 2203 3783 2272 quia

2194 2291 2418 2362 populus
2441 2307 2556 2362 ejus
2577 2307 2781 2355 sumus,
2807 2291 3027 2346 dubium
3063 2306 3171 2346 non
3198 2300 3304 2358 est,
3338 2289 3580 2347 Ecclesia
3631 2292 3784 2346 enim

2195 2383 2393 2438 Christi
2419 2391 2541 2448 est;
2574 2382 2802 2451 ideoque
2831 2382 3073 2450 separari
3101 2397 3200 2438 nos
3225 2379 3339 2438 vult
3364 2383 3432 2438 ab
3466 2381 3615 2438 omni
3644 2397 3785 2437 con—

2195 2473 2566 2537 taminatione,
2598 2481 2656 2526 ut
2692 2472 2949 2542 suscipiat
2992 2487 3092 2527 nos
3121 2473 3174 2527 in
3211 2471 3371 2539 ﬁlios,
3419 2473 3558 2528 sicut
3606 2472 3785 2528 dicit:

2195 2561 2398 2628 Filioli,
2433 2563 2606 2616 adhuc
2628 2564 2889 2616 modicum
2916 2573 3114 2634 tempus
3142 2560 3402 2618 vobiscum
3444 2579 3562 2618 sum
3593 2561 3784 2634 (Joan.

2195 2653 2338 2724 xm).
2386 2661 2441 2706 et
2467 2652 2592 2722 quia
2616 2652 2957 2722 omnipotens
3003 2658 3108 2716 est,
3139 2661 3270 2722 puto
3315 2653 3514 2722 ambigi
3544 2668 3651 2707 non
3684 2653 3784 2707 de-

2194 2743 2324 2797 bere
2351 2759 2365 2807 ;
2392 2743 2436 2797 si
2463 2743 2607 2797 enim
2638 2743 2778 2796 sient
2801 2744 2914 2811 ipse
2943 2741 3074 2797 dicit
3101 2760 3114 2795 :
3147 2742 3481 2815 Quercunque
3509 2742 3638 2813 facit
3674 2741 3788 2797 Pa-

2194 2844 2295 2899 ter,
2335 2834 2514 2888 eadem
2543 2844 2591 2888 et
2624 2832 2797 2888 Filius
2832 2833 2958 2903 facit
2989 2831 3232 2888 similiter
3255 2833 3435 2906 (Joan.
3459 2835 3538 2906 v),
3568 2836 3674 2890 hoc
3695 2841 3784 2890 est

2195 2927 2390 2982 Filium
2423 2923 2603 2982 omnia
2649 2942 2807 2997 posse
2852 2943 2972 2999 qua:
3017 2939 3199 2999 potest
3248 2937 3304 2984 et
3330 2929 3514 2984 Pater.
3567 2929 3784 3001 Siquid

2195 3033 2302 3072 non
2329 3023 2508 3088 potest
2535 3017 2715 3083 Pater,
2757 3033 2863 3073 non
2892 3025 3069 3088 potest
3100 3029 3156 3073 et
3183 3015 3372 3086 Filius,
3423 3019 3519 3074 sed
3553 3017 3786 3076 idoneus

2196 3119 2280 3164 est
2323 3103 2492 3164 Filius
2537 3110 2629 3180 qui
2682 3106 2906 3165 dicitde
2963 3107 3167 3166 Patre:
3220 3110 3374 3182 Apud
3408 3109 3576 3166 Deum
3607 3124 3782 3166 autem

508 3204 772 3275 justitiam
828 3202 1124 3275 praedicat,
1159 3214 1219 3260 ut
1262 3204 1502 3276 fugiatur
1552 3206 1828 3275 iniquitas.
1892 3205 2092 3262 Lumen
2123 3194 2167 3257 C
2198 3200 2371 3253 omnia
2400 3199 2666 3270 possibilia
2694 3211 2815 3254 sunt
2842 3200 3054 3272 (Matth.
3080 3200 3226 3273 xxx);
3260 3203 3362 3258 hoc
3386 3198 3698 3258 testimonio
3726 3211 3786 3258 et

513 3297 766 3362 ostendit,
799 3298 941 3366 quod
965 3306 1049 3352 est
1078 3295 1296 3362 veritas,
1332 3306 1390 3351 ut
1412 3297 1480 3352 ab
1507 3297 1835 3369 ignorantia,
1863 3313 1982 3367 qua:
2013 3307 2095 3352 tc-

514 3387 692 3441 nebra:
743 3397 888 3453 sunt,
943 3389 1247 3444 recedatur.
1291 3387 1567 3443 Christum
1617 3389 1671 3443 in
1701 3389 1797 3442 Dei
1841 3390 2097 3458 mysterio

515 3483 818 3542 annuntiat,
851 3484 911 3530 ut
939 3492 968 3530 a
1001 3477 1244 3544 diabolo,
1285 3478 1376 3548 qui
1404 3493 1463 3533 se
1489 3479 1658 3533 Deum
1695 3480 1910 3533 mentiri
1959 3480 2093 3547 vult,

517 3563 870 3632 abscedatur;
921 3567 1262 3622 credentibus
1299 3567 1464 3620 vitam
1503 3567 1789 3636 pollicetur
1815 3579 2094 3636 azternam,

517 3665 576 3709 ut
623 3657 844 3726 perﬁdia
898 3660 1069 3724 exuti,
1120 3659 1188 3712 ab
1239 3656 1386 3714 omni
1419 3659 1713 3714 inﬁdelium
1762 3676 1949 3715 errore
1989 3661 2098 3715 sint

522 3745 704 3800 alieni.
762 3747 905 3801 ldola
933 3747 1208 3817 prohibuit
1249 3747 1369 3810 coli,
1402 3745 1527 3817 quia
1581 3749 1776 3818 templo
1825 3750 1921 3805 Dei
1970 3758 2098 3805 sunt

519 3832 756 3889 inimica.
816 3835 1010 3907 (Cass.)
1088 3834 1264 3890 Habet
1317 3839 1735 3909 unumquodque
1799 3841 1990 3896 vitium
2039 3842 2096 3896 in

517 3925 680 3978 corde
719 3935 902 3981 nostro
929 3928 1198 3996 propriam
1225 3929 1532 3992 stationem,
1563 3946 1722 4000 quam
1765 3932 1866 3986 sibi
1911 3933 2098 3988 vendi-

517 4028 648 4069 cans
669 4017 722 4068 in
749 4017 940 4070 anima:
966 4025 1163 4071 nostrae
1206 4030 1422 4073 recessu
1453 4021 1778 4075 exterminat
1817 4021 2092 4088 lsraelem,

519 4107 573 4162 id
604 4117 716 4174 est,
772 4109 1276 4180 contemplationem
1316 4128 1496 4166 rerum
1547 4129 1878 4168 summarum
1933 4124 2096 4184 atque

518 4208 845 4263 sanctarum,
897 4201 1080 4268 eisque
1126 4217 1338 4271 semper
1379 4203 1654 4258 adversari
1692 4221 1801 4258 non
1845 4205 2089 4261 desinet:

517 4303 623 4342 non
654 4289 794 4341 enim
822 4298 1041 4357 possunt
1064 4291 1289 4346 virtutes
1316 4308 1436 4347 cum
1470 4294 1616 4348 vitiis
1639 4296 1846 4363 pariter
1872 4298 2088 4352 morari.

516 4377 648 4441 Quae
672 4377 815 4430 enim
845 4379 1182 4450 participatio
1220 4379 1444 4448 iustitia:
1487 4398 1609 4437 cum
1646 4385 1953 4454 iniquitate,
2001 4397 2094 4442 aut

517 4482 636 4535 qum
663 4471 888 4522 societas
931 4470 1037 4525 luci
1080 4487 1200 4525 cum
1230 4473 1508 4528 tenebris?
1552 4477 1644 4529 sed
1671 4492 1791 4530 cum
1821 4479 1887 4532 ab
1921 4479 2093 4534 Israe-

516 4557 584 4610 lis
619 4557 835 4626 populo,
867 4559 919 4614 id
955 4569 1058 4626 est,
1092 4577 1123 4616 a
1161 4560 1452 4618 virtutibus
1474 4573 1663 4620 contra
1697 4582 1756 4622 se
1785 4566 2091 4624 dimicanti-

514 4646 616 4701 bus
645 4647 844 4702 fuerint
867 4651 992 4704 vitia
1020 4661 1292 4722 superata,
1321 4655 1496 4710 locum
1521 4673 1682 4726 quem
1714 4660 1813 4714 sibi
1845 4663 1896 4716 in
1927 4663 2089 4718 corde

515 4746 700 4793 nostro
724 4743 1172 4810 concupiscentia:
1203 4745 1287 4799 vel
1315 4745 1689 4804 fornicationis
1726 4751 1958 4822 Spiritus
2007 4771 2091 4810 re-

516 4829 720 4904 tinebat
747 4870 762 4894 ,
807 4831 1060 4902 deinceps
1106 4836 1328 4891 castitas
1371 4839 1698 4906 continebit,
1733 4858 1892 4912 quem
1939 4843 2090 4901 furor

516 4927 752 4986 ceperat,
806 4922 1065 4990 patientia
1114 4925 1440 4991 vendicabit,
1495 4942 1652 4997 quem
1703 4932 1919 4988 tristitia
1951 4946 2092 4991 mor-

515 5016 627 5062 tem
657 5023 885 5078 operans
909 5021 1284 5081 occupaverat,
1335 5015 1584 5072 salutaris
1607 5027 1661 5073 et
1688 5021 1845 5090 plena
1871 5025 2087 5093 gaudio,

515 5098 732 5152 tristitia
775 5102 1090 5170 possidebit,
1139 5119 1298 5172 quem
1328 5107 1513 5162 ace-lia
1551 5113 1814 5176 vastabat,
1870 5114 2090 5183 incipiet

427 5205 430 5208 ν
517 5185 695 5241 colere
723 5189 1002 5257 fortitudo,
1032 5207 1190 5262 quem
1221 5197 1469 5265 superbia
1504 5202 1878 5268 conculcabat,
1915 5204 2093 5260 humi-

517 5273 641 5330 litas
666 5279 988 5346 honestabit,
1015 5291 1069 5336 et
1097 5284 1170 5338 ita
1215 5287 1439 5357 singulis
1467 5290 1610 5345 vitiis
1639 5290 1875 5362 expulsis
1903 5309 2089 5351 eorum

517 5367 658 5433 loca,
689 5369 742 5425 id
761 5380 860 5435 est,
906 5373 1126 5430 etl‘ectus
1151 5377 1376 5434 virtutes
1403 5383 1690 5436 contrariae
1716 5385 2089 5454 possidebunt,

519 5475 640 5530 quze
660 5461 755 5516 ﬁlii
791 5461 973 5530 Israel,
1022 5469 1072 5522 id
1098 5479 1210 5535 est,
1239 5471 1432 5526 anima:
1459 5473 1706 5529 videntes
1751 5474 1946 5542 Deum,
1988 5495 2093 5533 non

517 5550 786 5609 immerito
829 5569 1221 5634 nuncupantur,
1272 5564 1362 5633 qui
1413 5580 1534 5618 cum
1588 5567 1866 5623 universas
1918 5571 2097 5625 cordis

518 5644 825 5712 expulerint
874 5651 1168 5718 passiones,
1201 5669 1304 5708 non
1335 5662 1443 5709 tam
1481 5655 1684 5712 alienas
1726 5661 2096 5729 possessiones

519 5739 856 5807 pervasisse,
915 5759 1076 5813 quam
1143 5748 1388 5815 proprias
1448 5766 1792 5821 recuperasse
1843 5753 2094 5809 credendi

2118 4529 2169 4587 D

2195 3304 2295 3343 nos
2323 3291 2387 3343 ad
2415 3305 2604 3359 puram
2630 3291 2796 3344 vitam
2820 3291 3140 3346 exhortatus
3164 3301 3268 3357 est,
3293 3301 3348 3346 et
3371 3293 3657 3348 Dominum
3687 3309 3786 3348 no-

2196 3388 2370 3434 strum
2395 3377 2602 3448 Jesum,
2627 3380 2738 3451 jam
2763 3380 2891 3437 olim
2929 3382 3098 3437 Deum
3131 3393 3377 3440 nostrum
3411 3393 3466 3441 et
3499 3397 3800 3458 suscepta--

2197 3486 2317 3525 rum
2361 3486 2460 3527 nos
2509 3472 2567 3527 in
2620 3470 2816 3527 allecto
2865 3473 3144 3530 charitatis
3189 3477 3782 3554 sueprtcdestinatum

2195 3562 2455 3617 ostendit.

2791 3653 3018 3711 CAPUT
3064 3655 3174 3711 VII.

2197 3740 2415 3798 Monitio
2441 3744 2582 3800 utilis
2611 3745 2843 3820 Apostoli
2867 3749 3221 3820 prtrmillilur,
3256 3753 3408 3820 atque
3437 3748 3698 3806 Corinthii
3715 3753 3781 3807 de

2505 3818 2783 3884 praeteritis
2819 3817 2966 3870 bonis
2997 3817 3449 3875 commendantur.

2267 3919 2382 3978 Has
2406 3926 2568 3995 igitur
2587 3924 2829 3982 habentes
2855 3929 3240 3997 promissiones,
3279 3933 3597 4000 charissimi,
3627 3952 3781 3989 mun-

2195 4015 2376 4070 demus
2406 4033 2500 4070 nos
2549 4017 2612 4071 ab
2661 4019 2800 4072 omni
2830 4019 3217 4089 inquinamento
3247 4025 3419 4078 carnis
3449 4034 3499 4080 et
3539 4026 3780 4096 spiritus,

2193 4106 2513 4176 perﬁcientes
2546 4109 3010 4175 sanctiﬁcationem
3061 4113 3116 4166 in
3150 4113 3333 4170 timore
3367 4116 3488 4170 Dei.
3539 4118 3780 4192 (Ambr.)

2195 4197 2477 4252 Manifesta
2524 4208 2650 4253 sunt
2695 4215 2815 4268 qua:
2862 4202 2990 4256 dicit
3031 4221 3042 4255 :
3093 4205 3551 4273 inquinamentum
3597 4219 3780 4265 tamen

2194 4290 2378 4344 carnis
2403 4289 2691 4344 multifarie
2719 4293 3122 4364 intelligendum
3147 4305 3248 4351 est.
3290 4293 3417 4354 Ideo
3442 4301 3644 4355 etenim
3671 4318 3782 4358 non

2195 4379 2353 4444 dixit,
2384 4381 2451 4434 ab
2480 4381 2884 4450 inquinamento
2913 4386 3112 4452 carnis,
3144 4388 3237 4442 sed
3267 4390 3332 4442 ab
3358 4392 3499 4445 omni
3529 4392 3781 4463 inquina-

2194 4483 2384 4534 mento,
2431 4479 2490 4524 ut
2519 4478 2629 4526 tota
2657 4473 2784 4528 vitia
2813 4474 3053 4529 carnalia
3098 4475 3386 4548 fugiamus.
3423 4477 3596 4538 Otnne
3629 4487 3779 4540 enim

2196 4563 2338 4631 quod
2365 4561 2451 4616 lex
2497 4564 2748 4633 prohibet
2774 4565 2994 4621 carnale
3041 4574 3143 4635 est,
3180 4581 3235 4623 ut
3277 4573 3612 4641 perﬁciamus
3649 4595 3781 4632 san-

2195 4659 2422 4711 ctitatem
2453 4654 2678 4726 Spiritus
2714 4661 2769 4714 in
2800 4661 2986 4716 timore
3015 4659 3132 4719 Dei.
3173 4664 3524 4725 Sanctitatem
3551 4674 3630 4728 sic
3653 4691 3781 4746 per-

2195 4746 2405 4803 ﬁcimus
2429 4749 2680 4818 Spiritus,
2709 4749 2754 4805 si
2785 4752 2839 4806 in
2863 4753 3055 4809 timore
3082 4755 3176 4810 Dei
3201 4769 3348 4812 recta
3374 4775 3686 4832 sequamur,
3719 4777 3782 4822 ut
3837 4829 3840 4832 Α

2195 4839 2294 4893 sub
2317 4840 2534 4894 nomine
2561 4839 2762 4896 Christi
2787 4857 2818 4895 a
2855 4845 3090 4912 peccatis
3119 4862 3216 4902 nos
3243 4849 3575 4906 abstinentes
3598 4858 3779 4911 sancti

2194 4928 2394 4993 simus;
2427 4929 2516 4997 qui
2549 4930 2692 4984 enim
2725 4931 2842 4986 sine
2870 4934 3228 5001 promissione
3253 4935 3449 4994 Christi
3479 4955 3510 4994 a
3540 4941 3690 4998 vitiis
3716 4958 3781 5000 se

2190 5017 2443 5072 cohibere
2478 5017 2744 5083 videntur,
2788 5020 3108 5077 sanctiﬁcati
3148 5033 3271 5080 sunt
3305 5037 3461 5094 Juxta
3490 5030 3778 5098 tuundum,

2191 5124 2296 5163 non
2325 5109 2618 5164 secundum
2650 5112 2742 5166 Dei
2771 5110 3054 5181 Spiritum,
3110 5119 3234 5186 quia
3269 5121 3565 5175 secundum
3605 5121 3777 5180 Deum

2191 5201 2246 5254 hi
2280 5201 2462 5254 mundi
2489 5212 2636 5268 sunt,
2688 5205 2778 5274 qui
2806 5205 2990 5261 ﬁdeles
3019 5218 3164 5273 sunt,
3203 5213 3380 5266 caueri
3405 5229 3533 5268 vero
3560 5216 3778 5285 quales-

2190 5293 2273 5346 vis
2302 5293 2431 5357 sint,
2462 5293 2720 5349 immundi
2748 5305 2912 5350 sunt:
2953 5299 3206 5368 quidquid
3235 5303 3376 5355 enim
3409 5305 3523 5360 sine
3557 5305 3777 5364 Christo

2195 5389 2296 5445 est,
2330 5383 2660 5439 immundum
2691 5393 2793 5452 est,
2826 5390 2966 5443 sicut
2991 5389 3122 5445 dicit
3161 5393 3227 5444 ad
3251 5389 3425 5447 Titum
3456 5413 3469 5448 :
3501 5397 3625 5465 quia
3654 5399 3779 5467 inﬁ-

2195 5472 2394 5527 delibus
2417 5475 2545 5528 nihil
2590 5479 2840 5532 mundum
2869 5489 2964 5545 est,
3001 5481 3272 5552 inqu-inata
3311 5495 3386 5539 est
3428 5488 3565 5540 enim
3592 5505 3777 5545 eorum

2196 5581 2340 5618 mens
2361 5575 2407 5619 et
2432 5569 2746 5625 conscientia
2777 5571 2902 5642 (Tit.
2939 5573 2999 5644 ι).

2269 5653 2448 5729 Capite
2499 5679 2611 5715 nos.
2656 5661 2927 5718 Neminem
2954 5665 3203 5732 la'simus,
3255 5670 3506 5725 neminem
3534 5676 3774 5745 corrupis-

2199 5769 2334 5819 mus,
2368 5755 2619 5810 neminem
2650 5757 3093 5814 circumvenimus.
3138 5759 3492 5820 Cousiderare
3518 5763 3628 5820 vult
3654 5762 3775 5820 illo:
