4022 6338
313 329 418 387 211

811 319 1362 391 minutionem
1402 330 1467 390 1N
1503 329 1656 391 cur.
1694 328 1900 388 PAULI
1933 332 2061 388 LIB.
2105 329 2216 389 xu.
2257 364 2325 375 -
2363 331 2439 388 IN
2477 328 2692 389 EPIST.
2737 327 2779 386 ιι
2813 329 2908 386 AD
2944 326 3098 386 con.

3465 327 3572 384 9.02

309 467 438 524 gnte
467 449 615 514 dicit,
643 458 703 504 ut
741 451 970 520 receptis
1003 451 1086 505 his
1112 451 1166 504 in
1194 453 1454 518 animum,
1501 451 1782 508 conferant
1808 466 1894 506 se-
1923 453 1971 514 Α
2000 451 2103 506 sibi
2127 450 2252 521 quid
2271 448 2384 518 jam
2418 451 2650 515 timeret,
2673 449 2762 519 qui
2791 449 3115 518 patiebatur,
3151 457 3571 520 praetereamqu

311 560 441 599 cum
465 557 593 595 vera
623 556 743 596 esse
778 556 896 610 quae
918 541 1172 610 loquitur,
1204 551 1258 596 et
1283 551 1597 612 spernentes
1627 543 1726 597 hos
1758 556 1895 611 quos

314 633 508 703 tangit,
537 645 752 685 omnem
777 631 1014 684 animum
1039 630 1370 686 transferant
1396 633 1461 686 ad
1505 647 1600 686 eos
1641 647 1777 702 quos
1817 631 1894 684 vi-

308 723 444 777 dent
489 735 616 775 vero
641 717 833 773 affectu
879 734 938 772 se
980 719 1223 788 diligere.
1264 719 1702 786 Pseudoapostoli
1749 719 1893 773 enim

306 820 502 876 erant,
538 811 630 880 qui
664 819 720 864 et
768 810 1034 864 nocebant
1069 810 1173 864 illis
1224 821 1629 880 corrumpentes
1679 824 1894 865 sensum

304 905 549 969 illorum,
604 911 662 957 et
705 901 1004 972 gravabant
1053 901 1295 956 sacculos
1344 917 1529 956 eorum
1562 901 1897 956 circumven-

309 995 461 1049 tione
488 993 812 1063 serpentina:
861 992 1090 1047 astutire.
1150 992 1272 1045 Non
1303 992 1372 1045 ad
1413 992 1895 1046 condemnationem

298 1086 452 1140 dico.
490 1085 602 1140 Hoc
631 1092 733 1148 est,
766 1099 872 1137 non
893 1099 990 1137 vos
1016 1082 1233 1152 abjicio,
1262 1083 1357 1136 sed
1384 1091 1444 1136 ut
1472 1081 1756 1150 corrigatis
1781 1096 1896 1135 mo-

306 1191 416 1231 neo
442 1192 458 1240 ;
504 1175 596 1244 qui
623 1175 766 1229 enim
797 1173 1024 1242 aliquem
1055 1181 1383 1236 contemnet,
1414 1187 1520 1226 non
1552 1171 1626 1224 illi
1651 1169 1891 1225 dimittit.

309 1265 669 1320 Prwdiximus
717 1265 853 1317 enim
899 1263 1038 1334 quod
1067 1263 1121 1316 in
1168 1262 1410 1315 cordibus
1444 1261 1633 1316 nostris
1677 1260 1796 1313 estis
1826 1259 1894 1312 ad

307 1356 753 1410 commoriendum
771 1396 786 1419 ,
811 1365 857 1408 et
880 1355 948 1407 ad
969 1353 1358 1408 connivendum.
1386 1351 1464 1406 Ex
1492 1353 1762 1422 praedictis
1784 1351 1898 1405 vult

310 1447 436 1502 illos
464 1461 808 1517 cognoscere,
859 1459 967 1514 quo
1013 1444 1192 1498 animo
1221 1443 1473 1513 loquatur
1501 1444 1570 1497 ad
1595 1458 1688 1498 eos
1712 1462 1724 1496 :
1759 1457 1893 1511 quos

307 1539 459 1592 enim
504 1538 790 1606 participes
813 1533 926 1609 vult
949 1535 1168 1600 habere,
1203 1543 1256 1589 et
1277 1535 1343 1588 ad
1372 1542 1662 1604 praesentes
1689 1533 1896 1602 passio—

308 1643 410 1682 nes
447 1644 546 1697 pro
567 1627 801 1692 Christo,
843 1636 898 1682 et
925 1626 992 1680 ad
1017 1626 1251 1680 futuram
1282 1625 1444 1679 vitam
1474 1641 1578 1680 non
1622 1626 1805 1694 utique
1832 1625 1894 1678 il-

308 1717 394 1772 los
425 1718 632 1787 abjicit,
680 1717 773 1772 sed
797 1727 855 1771 ut
901 1717 1309 1787 participatione
1348 1717 1538 1788 dignos
1589 1733 1646 1772 se
1672 1717 1890 1782 faciant,

307 1809 654 1862 exhortatur.
716 1807 888 1861 Multa
917 1808 1043 1861 mihi
1071 1807 1268 1876 ﬁducia
1297 1817 1372 1861 est
1421 1807 1562 1878 apud
1593 1825 1697 1873 vos,
1730 1807 1894 1862 multa

305 1986 677 2056 superabundo
716 1987 906 2057 gaudio
945 1989 1001 2042 in
1028 1988 1168 2041 omni
1195 1988 1529 2043 tribulatione
1563 1999 1762 2043 nostra.
1807 1989 1896 2044 Fi-

307 2075 470 2130 ducia
502 2077 615 2131 btec
653 2077 718 2132 de
745 2077 939 2147 prima:
966 2077 1217 2148 Epistulae
1237 2080 1575 2150 correptione
1603 2090 1703 2146 est,
1732 2096 1895 2150 quam

306 2169 442 2238 quia
477 2184 582 2222 non
607 2184 798 2238 aspere
839 2179 1192 2240 susceperunt
1237 2171 1484 2227 ﬁduciam
1515 2173 1776 2228 dederunt
1800 2174 1897 2228 ad-

308 2259 568 2313 monendi
594 2273 672 2313 se.
702 2260 814 2314 Visi
839 2269 964 2314 sunt
990 2260 1135 2316 enim
1163 2261 1299 2317 velle
1325 2263 1595 2334 corrigere
1622 2279 1700 2329 se,
1757 2265 1896 2320 unde

309 2347 580 2417 gloriatur
616 2365 629 2400 :
679 2363 778 2417 pro
803 2349 888 2403 his
912 2348 1149 2404 animum
1174 2351 1338 2405 etiam
1362 2368 1518 2406 suum
1563 2352 1894 2408 consolatum

305 2453 377 2491 cx
411 2437 515 2491 hac
542 2445 692 2507 parte
721 2439 1050 2508 pronuntiat,
1076 2440 1129 2493 in
1159 2448 1384 2507 tantum,
1414 2450 1474 2495 ut
1494 2441 1549 2496 in
1575 2443 1719 2497 omni
1746 2458 1898 2512 pres-

311 2542 444 2581 sura
482 2528 914 2597 superabundare
962 2527 1021 2583 se
1060 2530 1253 2599 gaudio
1301 2539 1649 2601 protestetur.
1694 2532 1894 2588 Videns

311 2618 466 2672 enim
499 2634 620 2672 esse
659 2634 807 2688 spem
838 2619 890 2673 in
922 2619 1005 2674 his
1037 2635 1132 2690 pro
1157 2621 1354 2692 quibus
1397 2623 1670 2693 angustias
1693 2625 1895 2693 patitur

311 2708 538 2778 gaudet,
569 2725 692 2764 cum
739 2710 1162 2776 contribulathr,
1205 2719 1386 2766 certus
1417 2714 1718 2769 mercedem
1757 2730 1814 2769 se
1862 2730 1894 2769 a

313 2798 431 2852 Deo
476 2807 821 2868 accepturum
870 2801 1148 2869 acquisita:
1203 2800 1394 2857 salutis
1425 2817 1634 2857 eorum.
1687 2802 1894 2858 Etenim

311 2905 436 2941 cum
465 2890 776 2942 venissemus
807 2889 1201 2956 Macedoniam,
1234 2889 1432 2944 nullam
1461 2892 1684 2962 requiem
1713 2892 1896 2946 habuit

311 2996 442 3032 caro
474 2990 672 3034 nostra.
707 2980 999 3035 Pressuras
1030 2987 1085 3035 et
1111 2981 1286 3036 caedes
1332 2992 1595 3038 memorat
1623 3000 1757 3053 quas
1801 3001 1896 3056 pa-

317 3073 589 3127 tiebantur
631 3089 794 3127 causa
841 3075 1194 3140 credentium,
1234 3084 1295 3130 ut
1319 3077 1491 3148 magis
1521 3088 1776 3146 provocet
1801 3094 1895 3136 eos

1993 542 2138 596 dicat
2166 541 2219 595 in
2255 540 2406 596 Actis
2447 539 2810 609 apostolorum
2840 538 2976 609 (Act.
3000 537 3114 609 xxi)
3151 554 3259 592 nou
3308 539 3478 594 solmn
3505 541 3568 595 li-

1991 632 2107 703 gari
2131 631 2226 686 scd
2247 639 2301 685 et
2326 631 2457 685 mori
2480 639 2725 700 paratum
2751 644 2809 683 se
2829 644 2927 698 pro
2955 629 3172 684 nomine
3202 629 3413 683 Domini
3440 629 3568 685 Jesu
3666 691 3682 710 .

1993 720 2228 776 Christi?
2256 721 2475 775 Videtur
2524 734 2654 788 ergo
2701 725 2872 771 totum
2918 718 3190 772 hominem
3222 717 3474 773 alllictum
3515 721 3570 774 in

1993 827 2159 868 carne
2201 813 2550 881 signiﬁcasse,
2583 821 2642 866 ut
2678 827 2744 866 ex
2778 821 2932 881 parte
2981 812 3215 882 Spiritus
3241 814 3330 882 qui
3365 814 3569 869 homini

1993 903 2170 968 datur,
2193 911 2252 956 ut
2272 911 2505 966 maneat,
2527 904 2652 972 quia
2671 912 2751 956 est
2773 903 3132 972 impassibilis,
3157 903 3316 974 allligi
3332 904 3574 973 potuisse

1995 993 2214 1047 minime
2245 993 2592 1060 intelligatur,
2645 993 2739 1047 sed
2791 1003 2850 1046 ut
2903 994 3063 1048 homo
3110 1003 3254 1048 totus
3307 1009 3374 1048 ex
3419 1003 3572 1063 parte

1994 1083 2237 1153 corporis
2264 1092 2318 1138 et
2343 1083 2534 1137 animm
2556 1083 2781 1138 alllictus
2801 1084 2853 1138 in
2883 1099 3042 1139 carne
3067 1085 3306 1140 dicatur:
3334 1098 3398 1138 ex
3419 1094 3573 1153 parte

1993 1187 2124 1226 vero
2156 1171 2389 1240 Spiritus
2426 1171 2786 1240 impassibilis.
2818 1171 3002 1226 Potest
3029 1182 3081 1226 et
3119 1173 3197 1227 sic
3240 1171 3482 1241 intelligi,
3517 1181 3575 1226 ut

1994 1260 2128 1316 foris
2153 1276 2366 1331 pugnaz,
2395 1262 2574 1328 idest,
2604 1263 2657 1314 in
2686 1263 2900 1331 publico
2929 1279 2958 1316 a
2987 1263 3207 1333 perﬁdis
3236 1264 3426 1319 ﬁerent
3446 1279 3573 1319 con-

1997 1358 2079 1405 tra
2106 1338 2266 1416 ﬁdos,
2297 1351 2422 1404 dum
2453 1349 2635 1405 furore
2676 1351 2819 1420 pleni
2845 1353 3187 1406 .resistebant
3217 1355 3452 1419 veritati,
3482 1370 3574 1408 cu-

1987 1441 2078 1512 jus
2123 1443 2200 1496 rei
2247 1443 2465 1496 nuntius
2514 1443 2657 1498 intus
2695 1445 2914 1499 timores
2956 1447 3265 1514 generabat,
3314 1448 3404 1502 ubi
3458 1457 3577 1502 erat

1993 1532 2301 1602 Apostolus.
2335 1531 2538 1605 (Creg.)
2571 1533 2702 1600 Quis
2729 1535 2873 1588 enim
2917 1536 3077 1592 homo
3118 1553 3220 1590 non
3259 1538 3443 1592 timeat
3473 1554 3572 1592 au-

1994 1624 2223 1694 gustias,
2254 1624 2348 1680 sed
2375 1625 2499 1695 quia
2524 1625 2576 1678 in
2601 1625 2694 1680 Dei
2727 1626 2887 1680 rebus
2907 1629 3224 1696 propensior
3253 1637 3390 1693 erat,
3421 1631 3576 1684 timo-

1997 1730 2112 1769 rem
2139 1716 2281 1769 hunc
2326 1731 2422 1784 spe
2459 1714 2770 1785 superabat.
2823 1714 3009 1770 Sancti
3035 1717 3136 1770 viri
3169 1717 3574 1772 tribulationum

1922 1790 1970 1849 B
1995 1807 2136 1862 bello
2163 1807 2504 1876 deprehensi,
2534 1823 2656 1862 cum
2688 1823 2796 1862 uno
2835 1808 3130 1878 eodemque
3169 1818 3406 1878 tempore
3443 1812 3579 1866 alios

307 1899 442 1952 mihi
468 1897 713 1968 gloriatio
756 1915 852 1967 pro
898 1899 1062 1963 vobis,
1111 1896 1332 1968 repletus
1361 1915 1478 1958 sum
1519 1897 1930 1963 consolatione,’

1996 1899 2274 1964 ferientes,
2308 1908 2469 1969 atque
2517 1898 2650 1952 alios
2675 1899 2962 1953 suadentes
2991 1897 3210 1964 feriunt,
3259 1901 3365 1955 illis
3411 1916 3576 1971 oppo-

1996 1997 2132 2045 nunt
2176 1999 2386 2046 scutum
2433 1989 2727 2059 patienti-.13,
2765 1989 2885 2045 istis
2925 1989 3102 2060 jacula
3143 1992 3456 2060 intorquent
3483 1994 3577 2046 do-

1996 2081 2207 2146 ctrinae,
2239 2089 2401 2150 atque
2431 2080 2499 2135 ad
2533 2087 2822 2149 utrumque
2865 2081 3138 2150 pugnandi
3181 2081 3314 2135 mira
3361 2083 3577 2136 virtutis

1995 2180 2113 2227 arte
2140 2186 2198 2226 se
2226 2173 2462 2242 erigunt,
2489 2180 2753 2242 quatenus
2775 2180 2830 2228 et
2857 2188 3106 2243 perversa
3134 2173 3278 2227 intus
3307 2175 3578 2243 sapienter

1997 2263 2248 2328 doceant,
2275 2272 2332 2318 et
2376 2261 2526 2319 foras
2550 2261 2764 2318 fortiter
2807 2265 3033 2320 adversa
3061 2275 3410 2322 contemnant
3436 2285 3449 2321 :
3480 2269 3578 2323 hos

1994 2354 2250 2411 docentes
2277 2355 2571 2426 corrigam,
2613 2355 2733 2412 illos
2765 2356 3056 2412 tolerantes
3095 2369 3364 2429 premant.
3395 2361 3576 2418 lnsur-

1993 2455 2183 2519 gentes
2199 2462 2430 2518 namque
2459 2449 2641 2504 hostes
2659 2449 2913 2520 patiendo
2934 2451 3273 2521 despiciunt;
3303 2452 3578 2507 inﬁrman-

1993 2545 2076 2594 tes
2114 2555 2244 2594 vero
2287 2539 2431 2594 cives
2475 2540 2850 2609 compatiendo
2896 2540 2963 2595 ad
3013 2542 3239 2596 salutem
3290 2543 3570 2606 reducunt,

1993 2629 2100 2685 illis
2124 2629 2405 2695 resistunt,
2431 2644 2500 2683 ne
2529 2638 2586 2684 et
2614 2630 2749 2685 alios
2773 2630 3112 2697 subtrahant,
3161 2631 3281 2686 istis
3326 2641 3574 2686 metuunt

1993 2741 2063 2781 ne
2091 2727 2259 2781 vitam
2309 2726 2647 2780 rectitudinis
2696 2723 2937 2782 funditus
2986 2727 3237 2797 perdant.
3288 2726 3580 2781 Videamus

1994 2828 2294 2872 castrorum
2318 2817 2543 2871 militem
2570 2817 2687 2883 Dei,
2715 2828 2906 2872 contra
2928 2828 3162 2887 utraque
3191 2819 3522 2888 pra-limitem
3551 2819 3574 2872 ?

1992 2907 2083 2962 Ait
2109 2906 2252 2961 enim
2282 2906 2412 2974 foris
2435 2923 2644 2976 pugna},
2673 2907 2811 2960 intus
2852 2909 3079 2972 timores,
3129 2910 3410 2963 innumera
3437 2908 3576 2963 bella

1995 3010 2114 3065 qum
2153 2997 2489 3051 extrinsecus
2529 2995 2717 3050 tolerat
2743 2996 2928 3051 dicens
2953 3016 2964 3051 :
2994 2997 3247 3052 Periculis
3274 3000 3573 3068 ﬂuminum,

1997 3086 2240 3158 periculis
2277 3086 2560 3150 latronum,
2607 3086 2850 3157 periculis
2895 3104 2959 3141 ea:
3003 3105 3202 3158 genere,
3239 3089 3482 3160 periculis
3513 3106 3577 3144 ea:

309 3165 382 3218 ad
410 3165 752 3220 charitatem.
794 3165 1040 3230 Nullam,
1071 3167 1265 3237 inquit,
1302 3171 1524 3240 requiem
1552 3171 1732 3224 [tabuit
1773 3188 1896 3225 caro
1923 3146 1968 3209 C
1997 3146 2252 3250 :qentibus,
2296 3178 2540 3250 periculis
2585 3179 2639 3233 in
2678 3181 2904 3243 civitate,
2931 3179 3173 3249 periculis
3196 3146 3250 3235 iri
3275 3181 3572 3248 solitudine,

316 3266 520 3309 nostra.
558 3256 626 3312 Ut
657 3267 1096 3326 compaterentur
1123 3261 1220 3324 eis,
1251 3261 1406 3325 certi,
1451 3261 1574 3330 quia
1605 3275 1702 3330 pro
1729 3261 1900 3316 salute

314 3345 556 3400 fidelium
588 3348 794 3403 animas
840 3365 966 3404 suas
1011 3349 1284 3406 traderent
1331 3367 1503 3421 usque
1549 3353 1616 3407 ad
1647 3359 1894 3408 mortem.

311 3439 623 3506 Antequam
664 3441 807 3494 enim
833 3441 1167 3512 digereretur
1206 3442 1480 3502 tribulatio
1507 3451 1562 3497 et
1603 3442 1898 3513 corporalis

312 3528 535 3597 injuria,
551 3530 731 3585 altera
751 3532 1016 3598 veniebat,
1033 3541 1094 3586 ut
1118 3534 1329 3603 requies
1352 3535 1575 3604 patienti
1605 3550 1711 3589 non
1732 3543 1894 3590 esset.

312 3619 451 3673 Nam
485 3629 541 3674 et
562 3622 816 3691 quoniam
845 3637 1007 3677 sensu
1040 3624 1195 3678 bruta
1251 3633 1334 3679 est
1376 3626 1550 3680 omnis
1584 3641 1733 3692 caro,
1779 3617 1900 3680 null-

312 3710 422 3764 lam
456 3711 697 3780 requiem
734 3713 872 3767 hanc
900 3712 1154 3768 habuisse
1198 3714 1282 3770 vel
1312 3714 1509 3770 habere
1536 3714 1589 3770 in
1643 3716 1896 3786 passione

311 3801 585 3872 signiﬁcat
629 3822 641 3857 :
695 3805 929 3860 animam
977 3815 1180 3872 autem,
1230 3823 1537 3877 quanquam
1575 3808 1690 3878 ipsa
1719 3809 1893 3880 patie-

313 3893 476 3948 batur
509 3893 561 3947 in
589 3909 835 3963 corpore,
867 3911 932 3951 ex
970 3896 1071 3951 hac
1095 3905 1272 3950 tamen
1305 3907 1457 3966 parte
1505 3899 1744 3967 requiem
1793 3899 1892 3953 ha-

313 3983 464 4048 bere,
502 3999 608 4054 qua
643 3996 824 4055 sperat
873 4003 970 4057 pro
1005 3987 1444 4042 tribulationibus
1493 3989 1598 4053 his,
1649 4004 1768 4058 qua:
1795 4004 1895 4059 pro

311 4081 424 4136 ﬁde
473 4083 780 4153 irrogantur
831 4100 859 4138 a
913 4084 1156 4154 perﬁdis,
1205 4083 1457 4139 daturum
1488 4083 1656 4140 Deum
1687 4100 1895 4141 mercc-

312 4173 479 4229 dem:
535 4174 763 4244 denique
791 4176 843 4230 in
881 4177 995 4246 ipsa
1041 4191 1291 4246 pressura
1327 4177 1436 4231 Deo
1464 4177 1692 4246 hymnos
1733 4192 1895 4232 cane-

310 4264 465 4320 bant.
513 4263 618 4319 Sed
649 4283 848 4320 onmem
900 4266 1282 4321 tribulationem
1326 4268 1486 4338 passi.
1532 4266 1690 4322 Juxla
1717 4268 1891 4323 histo-

313 4355 454 4408 riam
485 4356 711 4412 Domino
750 4365 975 4412 vocante
1025 4357 1364 4412 intraverunt
1413 4357 1799 4422 Macedoniam,
1839 4365 1893 4413 et

310 4462 439 4500 cum
477 4463 583 4501 non
623 4449 775 4517 pauci
803 4449 1151 4503 credidissent
1179 4450 1614 4519 invenissentque
1640 4450 1889 4505 solatium

312 4535 499 4607 Lydiae
520 4537 777 4602 mulieris,
804 4554 921 4607 qum
945 4554 1066 4592 cum
1095 4539 1342 4593 omnibus
1357 4539 1468 4594 suis
1493 4540 1740 4605 credidit,
1766 4549 1894 4594 tunc

311 4627 517 4681 factum
545 4636 644 4692 est,
690 4637 747 4682 ut
770 4628 1030 4698 Spiritum
1056 4629 1369 4700 pythonem,
1399 4632 1454 4686 id
1499 4641 1603 4697 est,
1631 4632 1891 4698 divinum,

313 4715 532 4788 fugaret
545 4718 609 4772 de
630 4719 822 4773 ancilla
841 4721 1218 4789 quorumdam,
1233 4723 1324 4792 qui
1344 4723 1586 4778 videntes
1598 4723 1897 4793 perdidisse

315 4824 398 4873 se,
440 4825 546 4863 non
584 4809 864 4862 minimum
904 4821 1189 4880 quaestum,
1220 4826 1378 4882 quem
1420 4812 1594 4882 puella
1630 4812 1900 4868 referebat

315 4902 630 4968 divinando,
660 4905 1066 4959 concitaverunt
1085 4906 1400 4961 seditionem
1414 4906 1579 4961 Paulo
1603 4915 1658 4962 et
1679 4907 1820 4972 Silte,
1846 4916 1902 4962 et

314 5004 600 5050 traxerunt
623 5012 715 5052 eos
757 4997 824 5051 ad
857 4997 1029 5051 forum
1072 4999 1139 5052 ad
1169 4999 1534 5068 magistratus,
1564 4999 1656 5068 qui
1696 4999 1892 5053 multas

314 5085 395 5140 eis
413 5085 597 5156 plagas
613 5086 946 5156 imponentes
965 5085 1223 5141 miserunt
1241 5103 1334 5143 eos
1357 5087 1413 5142 in
1444 5088 1607 5142 imum
1633 5089 1888 5152 carceris,

315 5176 390 5231 ita
420 5185 480 5230 ut
506 5185 562 5231 et
599 5178 762 5247 pedes
806 5192 995 5232 eorum
1037 5178 1090 5231 in
1135 5193 1301 5233 nervo
1325 5179 1724 5235 concluderent.
1766 5178 1890 5234 Haec

313 5275 398 5322 est
423 5281 675 5336 pressura
695 5283 856 5338 quam
878 5268 1022 5339 passi
1054 5277 1176 5324 sunt
1203 5269 1255 5324 in
1295 5269 1621 5335 Macedonia,
1667 5278 1721 5325 et
1765 5271 1891 5325 hinc

313 5366 401 5413 est
426 5359 568 5414 unde
598 5359 762 5415 dicit:
810 5359 1032 5415 Nullam
1067 5362 1289 5432 requiem
1319 5363 1495 5416 habuit
1537 5379 1659 5416 curo
1686 5373 1884 5417 nostra.

313 5447 474 5506 Foris
496 5468 703 5523 pugnat,
724 5453 862 5506 intus
881 5453 1108 5506 timores.
1133 5453 1329 5523 Pugnae
1349 5462 1500 5508 erant
1525 5453 1736 5522 corpori
1759 5455 1885 5508 dum

315 5543 639 5605 czedcbatur,
671 5542 852 5596 animo
889 5543 1146 5598 timores:
1177 5542 1283 5597 illic
1309 5541 1449 5598 enim
1494 5544 1655 5597 timor
1689 5551 1771 5598 est
1796 5542 1886 5597 ubi

314 5642 370 5687 et
396 5633 702 5689 intellectus
725 5642 809 5688 est
831 5650 846 5698 ;
871 5634 963 5690 sed
988 5635 1146 5688 timor
1169 5635 1258 5689 hic
1280 5644 1498 5704 propter
1517 5649 1610 5690 eos
1632 5641 1770 5697 erat,
1793 5632 1885 5704 qui

315 5727 676 5793 crediderant,
701 5743 768 5781 ne
795 5727 1043 5796 passione
1065 5727 1182 5796 ejus
1211 5726 1700 5783 scandalizarentur
1724 5743 1737 5791 ;
1761 5740 1883 5780 nam

636 5842 907 5903 Ριτιιυι..
972 5839 1163 5906 CXII.

1995 3271 2237 3343 periculis
2258 3272 2311 3325 in
2339 3272 2492 3335 mari,
2518 3270 2764 3341 periculis
2792 3271 2844 3323 in
2871 3269 3023 3339 falsis
3051 3271 3302 3342 fratribus
3340 3271 3424 3346 (II
3447 3271 3570 3327 Cor.

1997 3361 2097 3433 χι).
2129 3361 2426 3418 Pensemus
2455 3377 2604 3432 ergo,
2635 3360 2786 3429 cujus
2809 3360 3008 3416 laboris
3047 3363 3116 3417 sit
3143 3379 3249 3419 uno
3277 3365 3575 3436 eodemque

1997 3463 2237 3525 tempore
2276 3454 2409 3509 foris
2448 3455 2674 3509 adversa
2705 3454 2956 3520 tolerare,
2990 3456 3135 3510 intus
3157 3455 3366 3511 inﬁrma
3400 3467 3576 3528 prote-

1990 3563 2151 3619 gere:
2178 3547 2306 3602 foris
2322 3563 2526 3619 pugnas
2548 3547 2766 3618 patitur,
2800 3548 2923 3616 quia
2948 3548 3262 3604 verberibus
3287 3550 3570 3615 scinditur,

1991 3641 2202 3696 catenis
2225 3641 2451 3712 ligatur;
2483 3641 2628 3694 intus
2649 3649 2849 3694 metum
2881 3640 3247 3711 tolerat,,quia
3268 3644 3572 3713 passionem

1994 3745 2146 3787 suam
2181 3745 2286 3784 non
2314 3729 2440 3795 sibi,
2472 3729 2565 3784 sed
2593 3727 2870 3798 discipulis
2891 3730 3083 3784 obesse
3121 3729 3395 3786 formidat.
3423 3731 3574 3788 Unde

1993 3828 2048 3876 et
2073 3819 2272 3875 eisdem
2297 3819 2512 3889 scripsit
2534 3819 2717 3873 dicens
2753 3817 2804 3890 (I
2827 3817 3006 3873 Thess.
3035 3819 3118 3892 ιιι)
3144 3838 3156 3872 :
3185 3819 3352 3874 Nemo
3375 3838 3576 3876 movea-

1993 3921 2082 3966 tur
2129 3912 2185 3965 in
2223 3911 2644 3965 tribulationibus
2699 3910 2832 3975 istis,
2874 3911 2974 3981 ipsi
3003 3912 3139 3965 enim
3174 3914 3317 3967 scitis
3351 3915 3490 3984 quod
3522 3917 3574 3970 in

1992 4002 2090 4055 hoc
2141 4001 2295 4071 positi
2324 4017 2549 4064 sumus;
2600 3999 2825 4054 aliorum
2865 4001 3062 4070 quippe
3090 4019 3248 4057 casus
3275 4005 3328 4057 in
3353 4006 3569 4076 propria

1992 4091 2246 4163 passione
2272 4092 2567 4157 metuebat,
2599 4105 2668 4146 ne
2693 4091 2820 4145 dum
2844 4090 3019 4161 ipsum
3046 4093 3290 4162 discipuli
3316 4095 3570 4149 amictum

1991 4200 2091 4254 pro
2123 4184 2226 4238 ﬁde
2246 4182 2562 4239 verberibus
2587 4193 2961 4252 agnoscerent,
2995 4183 3181 4238 ﬁdeles
3230 4199 3287 4239 se
3331 4185 3573 4256 proﬁteri

1991 4281 2330 4330 recusarent.
2371 4273 2414 4330 Ο
2448 4265 2710 4328 immensa
2744 4273 3026 4329 cbaritatis
3056 4275 3306 4331 viscera?
3343 4277 3575 4348 despicit

1992 4368 2134 4438 quod
2159 4368 2276 4438 ipse
2319 4367 2543 4436 patitur,
2593 4374 2648 4419 et
2681 4375 2836 4420 curat
2873 4381 2939 4420 ne
2969 4365 3097 4436 quid
3134 4383 3314 4437 pravae
3349 4385 3572 4439 persua-

1996 4459 2165 4516 sionis
2189 4457 2436 4528 discipuli
2487 4457 2542 4511 in
2569 4457 2730 4512 corde
2754 4457 3032 4527 patiantur
3057 4475 3072 4522 ;
3109 4459 3162 4512 in
3189 4460 3246 4514 se
3277 4462 3572 4516 contemnit

1995 4551 2216 4606 vulnera
2242 4549 2486 4621 corporis
2511 4557 2568 4603 et
2612 4549 2666 4604 in
2689 4549 2809 4603 aliis
2854 4549 3076 4604 vulnera
3104 4551 3350 4605 medetur
3369 4554 3568 4608 cordis.

1995 4642 2207 4698 Habent
2227 4643 2421 4713 quippe
2447 4642 2548 4696 hoc
2565 4639 2696 4710 justi
2723 4642 3016 4710 proprium,
3046 4649 3106 4694 ut
3129 4641 3180 4695 in
3205 4641 3384 4698 dolore
3410 4645 3570 4712 positi

1997 4731 2362 4786 tribulationis
2420 4745 2552 4795 suae,
2616 4744 2802 4785 curam
2855 4744 2962 4784 non
3015 4731 3268 4785 deserant
3322 4733 3571 4790 utilitatis

1997 4826 2204 4890 alienae,
2256 4833 2456 4881 etcum
2483 4825 2551 4880 de
2581 4839 2638 4879 se
2669 4824 2891 4878 adversa
2913 4825 3178 4892 patientes
3223 4826 3422 4894 dolent,
3452 4829 3570 4884 aliis

1999 4917 2303 4974 necessaria
2352 4917 2610 4972 docentes
2660 4915 2973 4984 prtevident,
3024 4924 3080 4970 et
3126 4917 3279 4986 quasi
3328 4920 3568 4986 percussi

1990 5015 2210 5084 quidam
2229 5011 2416 5083 magni
2453 5009 2647 5065 medici
2689 5016 2972 5078 aegrotant.
3018 5009 3118 5078 ipsi
3159 5009 3390 5066 tolerant
3430 5011 3568 5067 scis-

1990 5121 2146 5162 suras
2172 5104 2433 5170 vulneris,
2457 5109 2514 5157 et
2536 5100 2659 5156 aliis
2682 5098 2967 5170 proferunt
2998 5101 3392 5158 medicamenta
3424 5104 3568 5158 sani-

1987 5199 2134 5254 tatis.

2061 5288 2168 5344 Sed
2179 5287 2268 5358 qui
2283 5284 2583 5341 consolatur
2595 5281 2837 5347 humiles,
2856 5281 3152 5337 consolatus
3167 5291 3240 5337 est
3255 5292 3301 5337 et
3317 5299 3407 5338 nos
3423 5283 3565 5340 Deus

1995 5379 2049 5431 in
2072 5377 2295 5430 aduentu
2314 5375 2433 5429 Titi.
2451 5374 2675 5446 (Ambr.)
2689 5372 2950 5440 Quoniam
2968 5374 3108 5428 Deus
3123 5388 3338 5428 suorum
3354 5389 3460 5430 non
3484 5385 3570 5431 est

1996 5470 2302 5532 immemor,
2333 5480 2545 5537 semper
2577 5464 2670 5519 dat
2693 5465 2772 5519 eis
2821 5464 2874 5518 in
2923 5462 3265 5518 tribulatione
3293 5464 3564 5528 solatium,

1995 5562 2315 5619 acceleravit
2339 5561 2624 5616 adventum
2656 5558 2785 5622 Titi,
2818 5566 2876 5610 ut
2900 5555 3180 5626 refrigerio
3202 5563 3345 5610 esset
3373 5555 3566 5622 positis

1995 5655 2049 5710 in
2076 5654 2322 5710 fervore:
2358 5667 2547 5722 magna
2587 5651 2730 5705 enim
2762 5647 3057 5704 consolatio
3082 5655 3165 5701 est
3203 5645 3475 5715 patientis,
3517 5647 3563 5700 si

1992 5759 2175 5800 secum
2205 5744 2400 5800 habeat
2426 5741 2810 5799 consolantem.
2843 5739 2964 5792 Non
2991 5736 3157 5788 solum
3187 5743 3354 5786 autem
3386 5734 3437 5788 in
3461 5737 3560 5791 ad-

3023 5830 3060 5886 7
