4022 6338
496 335 601 395 203

1135 326 1206 416 '3.
1237 342 1487 400 RABANI
1523 343 1743 400 nsum
1779 341 2097 398 ARCHlEP.
2136 340 2443 398 uocum.
2481 343 2763 401 omnem
2801 341 2980 398 rans
3017 333 3105 398 tu.

3643 341 3752 399 2οι

493 459 644 507 ventu
681 449 818 521 ejus,
846 451 934 505 sed
959 452 1115 505 etiam
1145 453 1197 506 in
1221 453 1592 520 consolatione,
1624 469 1728 525 qua
1768 453 2068 507 censolatus
2095 459 2146 516 Λ
2171 451 2354 507 dolore
2379 453 2631 525 frangens
2660 464 2714 509 et
2742 469 3020 519 revocans,
3045 461 3106 508 ut
3130 460 3257 524 puta
3279 451 3671 509 irrationabilis
3696 465 3754 509 et

493 553 568 598 est
599 544 652 597 in
689 543 852 597 vobis.
883 542 1010 597 Plus
1050 542 1198 597 addit
1237 545 1304 598 ad
1334 544 1776 608 consolationem,
1820 543 1944 613 quia
1969 559 2066 596 an-

493 636 638 692 disse
666 651 726 691 se
751 652 783 691 a
822 635 943 690 Tito
967 634 1233 706 significat
1271 636 1636 690 conversionis
1679 651 1863 690 eorum
1891 649 2072 703 prom-

491 736 644 797 ptam
668 726 1022 792 voluntatem,
1060 726 1115 780 in
1155 732 1386 796 tantum,
1417 734 1476 781 ut
1501 726 1670 792 Titus,
1711 726 1801 795 qui
1833 724 2072 780 dolorem

494 822 729 878 habebat
775 821 1193 876 inobauditionis
1233 821 1468 885 illorum,
1521 819 1942 874 consolationem
1978 831 2071 872 ac-

491 913 703 983 ciperet
743 911 811 968 de
841 911 1159 983 poenitentia
1189 926 1398 966 eorum.
1425 910 1693 977 Quantum
1736 907 1985 962 affectum
2017 919 2076 960 se

493 1006 640 1060 circa
679 1019 774 1060 eos
801 1004 1001 1060 habere
1030 1003 1267 1059 ostendit
1313 1001 1620 1071 Apostolus,
1658 1007 1720 1053 ut
1769 1013 1870 1053 nec
1907 997 2074 1052 imum

493 1097 750 1162 carceris,
795 1111 896 1152 nec
940 1096 1217 1166 plagarum
1247 1093 1486 1149 dolorem
1525 1097 1864 1160 computaret
1920 1085 2073 1144 scissi

499 1189 776 1258 corporis,
825 1201 1000 1256 neque
1054 1200 1278 1239 nervum
1332 1197 1439 1252 quo
1475 1181 1638 1252 pedes
1675 1178 1791 1248 cjus
1838 1176 2074 1234 conclusi

499 1280 790 1345 erant,sed
810 1279 991 1334 audita
1015 1275 1350 1332 correctione
1375 1289 1559 1329 eorum
1579 1273 1870 1334 lauaretur,
1901 1276 1956 1323 et
1979 1269 2078 1323 im-

503 1388 710 1429 memor
754 1372 930 1427 factus
977 1371 1307 1442 passionum,
1347 1368 1458 1422 Deo
1505 1367 1706 1439 gratias
1749 1371 1934 1436 ageret
1980 1375 2078 1430 pro

495 1468 688 1521 horum
739 1465 932 1529 salute,
961 1463 1040 1517 sic
1085 1462 1184 1516 boc
1221 1460 1516 1524 aestimans,
1567 1458 1724 1528 quasi
1764 1468 2077 1510 remunera-

494 1557 695 1612 tionem
729 1555 1150 1610 tribulationum.
1200 1550 1448 1620 Referens
1489 1549 1635 1603 nobis
1672 1557 1897 1602 uestrum
1936 1544 2078 1598 desi-

493 1647 722 1708 derium,
752 1655 972 1700 uestrum
1000 1644 1200 1712 ﬂetum.
1246 1639 1523 1694 Nuntiavit
1554 1637 1706 1692 Titus
1749 1635 2078 1692 desiderium

496 1739 698 1795 habere
727 1735 846 1790 illos
895 1731 1336 1789 emendandise:
1387 1730 1730 1785 addiscentes
1767 1727 1909 1782 enim
1959 1739 2079 1795 qum

2171 545 2520 614 intercipiens
2535 561 2642 600 non
2672 546 2844 601 solum
2872 546 3175 601 orationum
3200 537 3514 611 efficaciam,
3539 561 3755 601 verum-

2172 636 2336 691 etiam
2391 636 2673 691 universos
2739 651 2874 706 quos
2921 636 3268 707 praediximus
3323 635 3532 692 fructus
3591 639 3756 708 spiri-

2173 729 2305 783 tales
2328 744 2614 796 evacuans,
2645 744 2782 799 quos
2809 729 2960 784 novit
3004 728 3092 783 illa
3119 728 3398 784 conferre:
3424 739 3758 800 quapropter

2172 817 2374 886 absque
2394 817 2503 882 illa,
2529 833 2649 888 quae
2671 818 2754 875 vel
2795 833 2894 888 pro
2929 819 3150 873 salutari
3176 818 3515 888 poenitentia,
3541 818 3627 874 vel
3653 835 3758 890 pro

2173 910 2348 964 studio
2369 909 2716 978 perfectionis
2763 926 2855 966 seu
2883 926 2983 980 pro
3029 911 3294 967 desiderio
3320 912 3644 982 suseipietur
3671 911 3760 968 fu-

2175 1009 2440 1065 turorum,
2504 1002 2692 1057 omnis‘
2729 1002 2972 1066 tristitia,
3026 1010 3280 1072 tanquam
3329 1003 3510 1058 saeculi
3537 1011 3594 1058 et
3633 1017 3761 1076 qua

2174 1101 2403 1148 mortem
2433 1093 2646 1160 inferat,
2675 1094 2953 1164 aequaliter
2999 1095 3307 1164 repellenda
3355 1103 3457 1161 est,
3506 1111 3570 1151 ac
3617 1095 3764 1152 sicut

2177 1185 2564 1250 fornicationis,
2584 1203 2678 1243 seu
2697 1185 2931 1257 Spiritus
2955 1187 3300 1259 pbilargyria:
3328 1188 3412 1245 vel
3433 1189 3547 1254 irae,
3571 1189 3636 1244 de
3660 1203 3762 1243 no-

2177 1280 2306 1335 stris
2353 1281 2605 1336 cordibus
2639 1281 2855 1352 penitus
2901 1281 3256 1337 extrudenda.
3286 1281 3434 1337 Hanc
3461 1296 3593 1352 ergo
3630 1296 3764 1351 per-

2177 1372 2590 1427 niciosissimam
2619 1374 2924 1444 passionem
2971 1374 3045 1428 ita
3074 1374 3139 1428 de
3169 1374 3325 1429 nobis
3346 1372 3613 1444 expellere
3635 1388 3766 1441 pos-

2177 1461 2382 1526 isumus,
2441 1470 2499 1516 ut
2551 1472 2787 1517 mentem
2841 1471 3082 1518 nostram
3134 1462 3358 1532 spiritali
3409 1463 3767 1516 meditatione

2170 1553 2375 1626 jugiter
2399 1565 2714 1625 occupatam
2745 1555 2922 1610 futura
2969 1570 3064 1625 spe
3088 1565 3141 1611 et
3183 1555 3640 1626 contemplatione
3672 1569 3765 1609 re-

2177 1645 2458 1717 promissae
2505 1646 2852 1706 beatitudinis
2904 1647 3204 1718 erigamus:
3249 1647 3353 1702 hoc
3404 1645 3548 1701 enim
3601 1647 3769 1698 modo

2177 1739 2435 1795 universa
2483 1740 2823 1794 tristitiarum
2867 1755 3084 1810 genera,
3135 1739 3248 1794 sive
3297 1753 3417 1808 qua:
3462 1753 3528 1792 ex
3560 1751 3770 1806 praece-

495 1829 760 1901 promissa
786 1827 1044 1882 sintbene
1066 1823 1371 1878 viventibus
1401 1822 1608 1876 incitati
1634 1828 1761 1875 sunt
1781 1820 1847 1874 ad
1873 1818 2081 1873 deside-
2109 1803 2156 1864 Β
2183 1830 2343 1885 deme
2364 1829 2444 1883 ira
2467 1829 2820 1894 descendunt,
2845 1803 2965 1900 ειύω
2993 1803 3283 1884 amissione
3307 1803 3442 1882 ίιιριιί
3483 1803 3766 1882 πείσειε-ί-

496 1923 634 1976 rium
663 1921 875 1974 horum.
898 1919 1151 1972 Vestrum
1179 1915 1354 1985 inquit
1379 1912 1584 1979 fletum,
1624 1911 1855 1980 correpti
1883 1909 2082 1965 ﬂebant

495 2013 758 2078 dolentes,
788 2011 913 2081 quia
942 2017 1314 2080 peccaverant,
1361 2021 1462 2061 nec
1487 2020 1750 2060 excusare
1788 2002 1890 2058 nisi
1934 2010 2080 2064 sunt,

495 2107 636 2163 unde
658 2107 917 2178 gloriatur
942 2105 995 2160 in
1022 2104 1126 2158 his.
1184 2101 1416 2157 Vestram
1448 2099 1832 2155 aemulationem
1862 2112 1955 2168 pro
1978 2110 2078 2148 me.

495 2199 848 2254 Addiscentes
876 2197 1022 2251 enim
1049 2195 1368 2251 charitatcm
1407 2191 1644 2262 Apostoli
1688 2203 1816 2259 erga
1859 2203 1938 2253 se,
1970 2202 2085 2242 coe-

498 2299 695 2362 perunt
744 2288 893 2344 illum
935 2287 1226 2343 defendere
1278 2293 1466 2340 contra
1520 2282 1878 2338 adversarios.
1910 2279 1996 2333 fta
2026 2285 2081 2331 ut

497 2381 663 2451 magis
693 2379 992 2450 gauderem.
1019 2378 1280 2444 Quoniam
1307 2376 1402 2429 etsi
1433 2375 1730 2428 contristari
1760 2390 1845 2428 vos
1873 2373 1925 2425 in
1956 2371 2085 2440 Epi-

497 2471 652 2537 stola,
669 2488 771 2525 non
789 2488 869 2524 me
887 2471 1116 2541 paenitet.
1137 2468 1477 2522 Manifestum
1493 2465 1696 2534 estfnon
1714 2465 1907 2519 debere
1921 2461 2085 2532 poeni-

497 2564 598 2618 tcri
622 2580 686 2619 ex
706 2563 808 2618 hac
824 2577 904 2628 re,
920 2577 1081 2618 auam
1099 2568 1315 2615 secutus
1331 2559 1453 2613 talis
1469 2559 1689 2612 effectus
1703 2565 1804 2620 est,
1828 2554 2082 2625 quoniam

494 2655 736 2711 severius
763 2657 814 2709 in
839 2654 1014 2725 prima
1045 2651 1282 2722 Epistola
1325 2651 1584 2720 corripuit
1624 2664 1842 2704 errores
1871 2660 2079 2702 eorum.

495 2746 630 2812 Non,
658 2747 851 2816 inquit,
876 2759 961 2800 me
985 2744 1213 2812 paenitet
1234 2742 1478 2812 asperius
1501 2741 1806 2810 scripsisse,
1833 2738 1959 2809 quia
1982 2738 2084 2791 hoc

495 2853 657 2894 causa
684 2837 947 2907 poposcit.
981 2835 1051 2888 Et
1078 2836 1123 2888 si
1147 2835 1410 2905 pleniteret
1435 2832 1630 2896 videns,
1663 2830 1800 2902 quod
1845 2827 2082 2899 Epistola

495 2927 590 2983 illa
615 2929 710 2984 etsi
737 2928 805 2983 ad
845 2929 1028 2981 horam
1065 2943 1151 2982 vos
1179 2925 1522 2990 contristavit,
1558 2941 1692 2977 nunc
1719 2923 1938 2994 gaudeo.
1970 2920 2083 2975 Hoc

496 3021 647 3086 dicit,
685 3019 813 3089 quia
835 3019 878 3074 si
915 3034 1000 3076 me
1023 3018 1330 3086 paeniteret,
1374 3016 1566 3086 inquit,
1609 3023 1830 3086 propter
1851 3015 2084 3068 cbarita-

498 3120 628 3172 tem,
661 3109 789 3180 quia
815 3123 912 3164 vos
926 3097 1266 3171 contristavi,
1297 3105 1592 3161 consolatio
1623 3104 1932 3158 succederet
1955 3116 2083 3169 gau-

499 3201 595 3266 dii,
619 3165 743 3268 quia
771 3197 972 3268 profuit
1007 3198 1151 3266 quod
1176 3213 1269 3251 vos
1304 3195 1640 3252 eontristavi.
1671 3193 1794 3248 Non
1819 3193 1942 3264 quia
1957 3165 2082 3244 Eon-
2111 3165 2154 3226 Ο

499 3290 692 3346 tristati
711 3290 854 3353 estis,
880 3289 969 3342 sed
991 3289 1116 3358 quia
1142 3287 1434 3340 contristati
1457 3287 1580 3340 estis
1602 3286 1671 3338 ad
1693 3282 2083 3354 pwnitentiam:

501 3381 792 3437 contristati
816 3381 953 3434 enim
989 3380 1110 3432 estis
1156 3378 1438 3432 secundum
1467 3377 1654 3430 Deum.
1706 3375 1912 3430 Idcirco
1940 3371 2087 3443 gavi-

502 3486 621 3527 sum
648 3485 707 3526 se
740 3469 890 3534 dicit,
921 3468 1048 3538 quia
1073 3483 1194 3522 cum
1223 3467 1426 3537 pudore
1469 3464 1772 3521 contristati
1805 3471 1951 3527 sunt,
1980 3477 2086 3515 non

502 3579 625 3620 cum
657 3564 775 3618 ira:
827 3562 918 3632 qui
949 3561 1093 3616 enim
1144 3561 1505 3630 reprehensus
1551 3558 1810 3629 pudorem
1858 3555 2084 3627 patitur,

503 3654 775 3725 corrigere
797 3666 856 3706 se
878 3650 1176 3723 promittit;
1206 3650 1296 3720 qui
1337 3659 1514 3704 autem
1543 3649 1818 3713 irascitur,
1849 3649 2088 3718 peiorem

503 3760 562 3801 se
594 3744 834 3800 futurum
858 3742 1110 3798 oswndit.
1161 3740 1230 3795 Ut
1261 3741 1312 3794 in
1340 3739 1482 3794 nullo
1530 3739 1897 3793 detrimentum
1923 3738 2091 3808 patia-

504 3835 631 3889 mini
657 3850 722 3888 ex
747 3833 912 3887 nobis.
953 3831 1023 3887 Ut
1046 3831 1247 3894 omnia,
1281 3829 1474 3898 inquit,
1507 3838 1692 3884 nostra
1717 3826 1964 3884 effectum
1993 3828 2091 3881 ha-

507 3926 673 3980 beant
700 3925 754 3980 in
780 3923 956 3988 vobis,
981 3922 1146 3978 etiam
1188 3920 1330 3991 quod
1357 3919 1795 3976 contristavimus
1830 3935 1944 3983 vos,
1991 3933 2089 3974 oro

504 4016 659 4073 vobis
677 4023 782 4072 est.

577 4105 708 4172 Quae
738 4105 873 4160 enim
899 4104 1181 4160 secundum
1203 4103 1369 4158 Deum
1391 4103 1601 4157 tristitia
1621 4112 1716 4168 est,
1739 4101 2090 4172 paruitentiam

504 4213 562 4252 tn
597 4197 817 4252 salutem
857 4196 1094 4252 stabilem
1130 4206 1394 4267 operatur.
1444 4195 1784 4250 Manifestum
1813 4204 1917 4260 est,
1948 4194 2088 4263 quod

510 4289 602 4360 qui
630 4289 801 4343 tristis
827 4296 931 4353 est,
958 4289 1084 4356 quia
1108 4289 1372 4358 peccavit,
1403 4287 1698 4341 secundum
1726 4287 1893 4341 Deum
1922 4285 2092 4340 tristis

511 4391 635 4437 cst:
674 4379 821 4436 dolet
861 4380 1005 4434 enim
1035 4380 1160 4449 quia
1194 4378 1322 4434 fecit
1348 4379 1489 4447 quod
1522 4378 1636 4433 odit
1689 4379 1850 4440 Deus,
1878 4378 1982 4431 hoc
2023 4376 2091 4431 ad

509 4470 860 4527 stabilitatem
889 4470 1076 4525 salutis
1099 4472 1353 4540 pertinet.
1394 4469 1590 4541 (Cass.)
1625 4469 1776 4526 Unde
1804 4469 1892 4524 illa
1922 4469 2091 4524 tristi-

507 4564 582 4617 tia
611 4577 718 4631 qua
755 4561 1129 4633 paenitentiam
1169 4561 1237 4615 ad
1288 4560 1514 4616 salutem
1542 4561 1788 4616 stabilem
1831 4570 2088 4630 operatur

508 4653 768 4708 obediens
815 4660 919 4718 est,
965 4651 1212 4718 affabilis,
1263 4651 1500 4716 humilis,
1537 4661 1836 4717 mansueta,
1882 4653 2087 4718 suavis,

511 4760 575 4799 ac
619 4743 853 4813 patiens,
882 4751 942 4797 ut
971 4751 1097 4813 puta
1131 4757 1200 4796 ex
1245 4741 1340 4796 Dei
1368 4741 1633 4796 charitate
1659 4741 2008 4803 descendens,
2035 4749 2093 4796 et

510 4839 580 4894 ad
599 4852 816 4892 omnem
839 4835 1080 4892 dolorem
1103 4833 1346 4906 corporis
1368 4849 1432 4889 ac
1453 4833 1685 4903 Spiritus
1707 4833 2090 4888 contritionem

510 4925 917 4999 infatigabiliter
945 4925 1302 4995 semelipsam.
1320 4924 1589 4979 desiderio
1627 4923 1973 4995 perfectionis
1992 4937 2090 4978 ex-

510 5019 758 5084 tendens,
784 5026 840 5073 et
865 5015 1260 5087 quodammodo
1289 5014 1430 5079 beta,
1458 5030 1522 5068 ac
1566 5029 1660 5083 spe
1711 5013 1985 5083 profectus
2009 5013 2093 5069 sui

509 5117 723 5185 vegeta,
746 5117 993 5164 cunctam
1020 5105 1348 5162 affabilitatis
1376 5115 1430 5160 et
1453 5106 1872 5178 longanimitatis
1899 5106 2097 5162 retinet

513 5199 854 5263 suavitatem,
880 5199 1088 5254 habens
1111 5198 1166 5252 in
1196 5197 1483 5266 semetipsa
1509 5212 1697 5252 omnes
1722 5195 1929 5252 fructus
1969 5196 2093 5266 Spi-

511 5293 649 5348 ritus
673 5293 871 5358 sancti,
903 5307 1038 5362 quos
1066 5291 1406 5347 enumeravit
1433 5291 1572 5345 idem
1603 5291 1928 5361 Apostolus:
1956 5290 2095 5344 Cha-

502 5387 664 5466 ‘ritas,
689 5385 958 5458 gaudium,
987 5401 1110 5454 pax,
1140 5385 1414 5456 patientia,
1441 5382 1834 5455 longanimitas,
1865 5383 2091 5448 bonitas,

500 5469 666 5549 'ﬁdes,
709 5476 1074 5540 mansuetudo,
1108 5476 1415 5546 benignitas,
1470 5477 1786 5530 continentia
1833 5472 2090 5547 (Gal.v):

513 5569 629 5624 haec
659 5557 800 5622 vero
828 5565 1148 5636 asperrima,
1196 5566 1505 5636 impatiens,
1553 5566 1905 5631 infructuosa,
1936 5565 2094 5634 plena
2132 5595 2139 5601 -

514 5673 740 5716 rancore
785 5667 838 5712 et
881 5672 1132 5722 maerore,
1183 5656 1340 5721 dura,
1389 5673 1452 5712 ac
1490 5658 1864 5726 desperatione
1899 5656 2096 5727 poenali

514 5767 817 5821 cumquem
843 5747 1116 5822 complexa
1168 5749 1328 5805 fuerit
1377 5749 1444 5803 ab
1481 5749 1741 5804 industria
1789 5765 1852 5805 ac
1878 5749 2096 5802 salutari

2117 4509 2168 4570 D

2183 1922 2348 1976 menti
2375 1921 2506 1976 illati
2549 1923 2705 1978 nobis
2734 1922 3048 1987 adveniunt,
3081 1937 3175 1977 seu
3202 1922 3268 1976 de
3314 1922 3550 1992 irrogata
3602 1934 3770 1990 gene-

2183 2017 2374 2066 rantur
2407 2010 2620 2080 injuria,
2651 2013 2764 2066 sive
2807 2026 2925 2080 qua:
2974 2011 3025 2065 in
3071 2011 3377 2066 rationabili
3406 2010 3602 2064 mentis
3629 2023 3768 2063 con-

2186 2101 2398 2158 fusione
2428 2102 2746 2172 procedunt,
2796 2117 2890 2157 seu
2935 2117 3056 2171 qua:
3101 2100 3258 2155 nobis
3295 2099 3769 2167 letbalemdespe-

2183 2193 2448 2248 rationem
2496 2192 2756 2255 indicunt,
2811 2191 3110 2245 valebimus
3139 2202 3414 2259 superare,
3451 2204 3573 2243 cum
3606 2195 3772 2241 aeter-

2183 2300 2376 2339 narum
2406 2301 2585 2339 rerum
2612 2299 2675 2338 ac
2725 2283 3025 2337 futurarum
3053 2281 3246 2336 intuitu
3277 2296 3487 2350 semper
3527 2281 3633 2334 heti
3687 2288 3772 2333 at-

2183 2389 2288 2444 que
2311 2373 2613 2428 immobiles
2641 2373 3014 2443 perdurantcs,
3041 2385 3140 2425 nec
3165 2371 3376 2426 casibus
3405 2369 3596 2439 dejecti
3621 2383 3771 2438 pra:-

2184 2466 2448 2530 sentihus,
2475 2481 2576 2520 nec
2603 2465 2875 2534 prosperis
2906 2462 3164 2517 fuerimus
3189 2461 3339 2528 elati,
3365 2471 3590 2531 utraque
3618 2458 3774 2514 velut

2185 2556 2388 2610 caduca
2431 2563 2487 2610 et
2531 2571 2655 2610 mox
2697 2555 3030 2610 transeuntia
3082 2553 3525 2623 contemplantes.
3567 2549 3772 2606 δίπαιὶ

2184 2657 2358 2701 autem
2395 2648 2608 2701 tristitia
2654 2657 2872 2700 mortem
2902 2657 3163 2716 apera'tur.
3193 2645 3304 2700 Hoc
3333 2645 3481 2708 dicit,
3508 2644 3638 2715 quia
3677 2657 3771 2700 se-

2184 2739 2417 2793 cundum
2436 2738 2602 2793 Deum
2625 2737 2841 2792 tristitia
2863 2737 3026 2790 vitam
3047 2745 3320 2806 Operatur,
3346 2737 3570 2805 paenitet
3592 2735 3769 2799 enim,

2184 2838 2238 2885 et
2268 2838 2452 2901 sperat
2501 2831 2596 2884 Dei
2647 2829 3109 2884 misericordiam:
3163 2830 3238 2883 ita
3288 2829 3579 2884 secundum
3613 2843 3775 2882 mun-

2185 2921 2313 2976 dum
2381 2922 2598 2977 tristitia
2666 2931 2894 2977 mortem
2952 2931 3249 2991 operatur,
3312 2906 3557 2976 detectus
3619 2919 3771 2973 enim

2185 3028 2438 3090 peccator
2463 3019 2632 3073 tristis
2667 3027 2771 3083 est,
2800 3017 2955 3086 quasi
2998 3016 3300 3087 puniendus
3329 3032 3435 3070 non
3485 3014 3698 3068 habens
3742 3030 3773 3067 a

2186 3125 2292 3180 quo
2321 3117 2501 3180 speret
2544 3108 2990 3173 misericordiam,
3041 3118 3096 3162 et
3139 3107 3184 3162 si
3237 3107 3375 3161 forte
3425 3105 3490 3159 ad
3529 3118 3773 3175 praesens

2187 3200 2277 3270 qui
2303 3200 2538 3253 vindicet
2577 3198 2826 3266 defuerit,
2875 3199 2971 3253 Dei
3015 3207 3192 3253 tamen
3225 3197 3485 3266 judicium
3537 3195 3774 3249 evadere

2185 3303 2290 3342 non
2317 3287 2532 3358 poterit.

2257 3377 2393 3430 Lcce
2424 3378 2559 3431 enim
2583 3377 2678 3429 hoc
2704 3377 2872 3446 ipsum
2918 3376 3201 3429 secundant
3252 3375 3418 3428 Deum
3466 3373 3776 3426 contristari

2187 3487 2272 3525 vos
2295 3480 2545 3541 quantam
2575 3470 2627 3524 in
2651 3469 2791 3523 vobis
2838 3479 3084 3539 operatur
3117 3467 3538 3522 sollicitudinem.
3567 3466 3775 3519 Verum

2188 3570 2290 3627 est,
2313 3562 2439 3632 quia
2469 3562 2560 3630 qui
2591 3561 2818 3630 poenitet
2847 3561 3106 3615 sollicitus
3150 3568 3234 3614 est
3259 3575 3325 3614 ne
3353 3559 3529 3612 denuo
3559 3565 3772 3627 peccet.

2189 3652 2295 3708 Sed
2323 3653 2693 3722 defensionem.
2723 3652 2909 3716 Recte,
2941 3652 3064 3720 quia
3103 3650 3420 3721 poenitentia
3461 3663 3567 3703 non
3607 3647 3778 3702 habet

2191 3745 2620 3810 excusationem,
2647 3745 2739 3800 sed
2762 3743 3150 3800 confusionem.
3172 3743 3275 3797 Sed
3296 3747 3555 3797 timerent.
3575 3740 3776 3796 Osten-

2189 3838 2266 3893 dit
2290 3837 2535 3892 timorem
2561 3838 2613 3890 in
2630 3844 2936 3907 peccatore,
2952 3835 3040 3905 qui
3066 3834 3244 3889 delicti
3267 3833 3349 3888 sui
3370 3847 3533 3888 causa
3555 3832 3774 3887 veniam

2189 3927 2446 3998 postulat.
2497 3925 2600 3981 Sed
2652 3926 2990 3979 desiderium.
3034 3924 3314 3979 Desiderat
3364 3921 3645 3977 reformari
3686 3935 3776 3986 se,

2191 4018 2283 4089 qui
2316 4033 2375 4073 se
2417 4017 2519 4072 scit
2575 4016 2777 4070 factum
2821 4029 2918 4084 per
2965 4022 3245 4083 peccatum
3294 4011 3612 4066 deformem.
3665 4008 3777 4064 Sed

2191 4108 2598 4164 (Emit-lationem.
2631 4106 2813 4160 Zelnm
2861 4103 3046 4172 incipit
3086 4103 3195 4172 pati
3239 4103 3502 4158 honorum
3546 4114 3778 4169 operum

2191 4198 2662 4270 perficiendorum,
2686 4196 2779 4266 qui
2804 4195 3052 4265 intelligit
3072 4209 3170 4265 pro
3186 4207 3244 4248 se
3265 4207 3412 4258 esse,
3435 4191 3576 4261 quod
3594 4191 3775 4244 corri-

2192 4290 2356 4360 pitur.
2387 4288 2492 4344 Sed
2520 4288 2819 4343 vindictam.
2871 4285 3100 4341 Necesse
3128 4291 3232 4350 est,
3277 4292 3337 4338 ut
3378 4283 3502 4352 quis
3537 4281 3780 4336 vindicet

2194 4395 2338 4444 eum,
2367 4379 2519 4450 cujus
2543 4393 2667 4448 erga
2691 4393 2748 4431 se
2772 4376 2936 4431 sentit
2957 4375 3226 4440 affectum,
3247 4381 3304 4428 et
3324 4374 3377 4428 in
3401 4372 3636 4443 seipsum
3660 4371 3779 4425 vin.

2195 4470 2340 4525 dicat
2367 4470 2541 4540 quise
2579 4484 2742 4523 causa
2769 4467 2948 4524 delicti
2987 4465 3191 4534 affligit.
3241 4465 3308 4519 In
3346 4464 3584 4519 omnibus
3626 4463 3777 4517 exitio

2194 4562 2377 4615 buistis
2399 4578 2485 4616 vos
2515 4560 2950 4614 incontaminatos
2989 4574 3100 4612 esse
3139 4558 3362 4627 negotio.
3403 4555 3626 4623 Quando
3661 4570 3756 4608 om

2191 4655 2280 4709 nia
2304 4669 2422 4724 qua:
2447 4653 2513 4708 ad
2547 4653 2843 4723 profectum
2869 4651 3107 4705 melioris
3136 4649 3248 4720 spei
3277 4649 3567 4719 pertinent,
3597 4647 3776 4702 medi-

2191 4747 2293 4802 tari
2331 4745 2598 4808 videnlur,
2637 4744 2810 4799 zelum
2855 4743 3118 4796 habentes
3163 4739 3424 4811 Apostoli,
3474 4748 3528 4794 et
3567 4753 3779 4809 prmce-

2193 4841 2365 4911 ptoris
2388 4835 2470 4895 sui
2507 4840 2558 4893 in
2586 4838 2835 4894 omnibus
2861 4835 3048 4892 officiis
3077 4836 3326 4888 humana:
3351 4833 3779 4888 conversationis

2197 4933 2332 4987 duce
2361 4931 2464 4985 fide
2508 4931 2706 5000 probos
2750 4943 2807 4984 se
2855 4927 3026 4982 videri
3056 4927 3404 4981 contendunt.
3459 4923 3632 4994 Igitur
3679 4925 3778 4979 etsi

2194 5024 2377 5092 scripsi
2405 5022 2567 5085 vobis,
2597 5038 2700 5075 non
2733 5029 2942 5091 propter
2967 5035 3082 5072 eum
3116 5018 3204 5087 qui
3235 5017 3352 5087 fecit
3377 5014 3647 5086 injuriam.
3673 5014 3780 5069 lni-

2195 5131 2299 5185 que
2335 5125 2606 5170 versatth
2651 5123 2708 5168 et
2756 5112 3073 5183 injuriosum
3104 5111 3235 5167 dicit
3272 5111 3440 5174 illum,
3490 5110 3580 5178 qui
3626 5110 3777 5163 ince-

2196 5213 2339 5260 stum
2390 5205 2702 5269 admiserat,
2756 5218 2963 5257 necnon
3029 5202 3190 5256 etiam
3250 5203 3349 5256 hos
3400 5200 3591 5270 tangit,
3641 5215 3780 5269 qtios

2196 5295 2420 5366 injurias
2448 5303 2502 5349 et
2531 5293 2748 5348 fraudes
2773 5291 3102 5348 fratribusin
3127 5293 3300 5364 prima
3323 5292 3556 5362 Epistola
3585 5290 3778 5345 fecisse

2195 5384 2482 5456 significat.
2519 5383 2630 5438 Nec
2657 5394 2866 5454 propter
2887 5400 3026 5448 eum,
3055 5385 3146 5454 qui
3165 5401 3351 5453 passus
3371 5393 3466 5436 est.
3499 5381 3563 5436 lli
3595 5382 3780 5449 inique

2198 5478 2408 5534 tractati
2436 5487 2581 5541 sunt,
2630 5479 2756 5548 quia
2811 5477 3070 5532 fratribus
3115 5477 3388 5533 contraria
3418 5474 3561 5545 passi
3611 5481 3774 5538 sunt;

2198 5569 2285 5624 hic
2314 5584 2506 5623 sensus
2543 5577 2646 5632 est,
2681 5582 2841 5637 quem
2876 5567 2930 5621 in
2973 5566 3147 5636 capite
3199 5565 3451 5636 Epistola:
3489 5569 3776 5624 memorat,

2197 5661 2286 5715 ubi
2314 5661 2442 5715 dicit
2470 5660 2514 5714 si
2553 5660 2638 5714 cui
2668 5658 2867 5728 aliquid
2892 5658 3118 5723 donatis,
3149 5667 3195 5711 et
3217 5673 3329 5726 ego.
3361 5654 3606 5711 Ostendit
3631 5651 3776 5707 enim

2199 5766 2305 5805 non
2335 5751 2502 5822 magis
2525 5750 2718 5804 borum
2750 5763 2913 5803 causa
2958 5747 3047 5816 qui
3096 5754 3453 5816 peccaverunt
3497 5741 3780 5812 scripsisse
