4022 6338
301 339 423 406 ἳοό

812 341 1358 409 ENARRATIONUII
1395 353 1462 408 IN
1496 353 1642 409 EPP.
1682 355 1888 412 PAULI
1924 355 2052 410 LIB.
2089 353 2224 409 XIII.
2259 385 2329 395 —-—
2362 353 2430 411 IN
2469 355 2684 412 EPIST.
2721 355 2762 411 II
2799 355 2890 410 AD
2929 356 3084 413 COR.

3463 357 3571 418 206

301 477 378 518 'se
395 461 599 519 remitti
631 461 736 517 illis
761 462 975 530 debere,
997 466 1090 520 sed
1110 469 1280 537 magis
1305 477 1523 540 propter
1549 470 1843 526 Eeclesiam
1866 490 1883 539 ;
1915 474 1967 534 Α
1985 470 2046 525 in
2068 469 2418 526 emendandis
2441 470 2608 536 vitiis,
2653 485 2718 526 ac
2741 486 2839 541 per
2863 471 2968 526 hoc
3007 485 3255 543 regresso
3279 481 3348 529 et
3377 476 3568 533 eadem

313 556 445 626 quia
482 555 535 608 in
570 569 678 609 uno
707 554 844 610 male
867 565 1060 628 agente
1090 558 1243 613 multi
1272 569 1396 615 sunt
1423 561 1512 629 qui
1551 561 1888 619 confundan-

307 655 418 710 tur,
451 653 506 699 et
551 644 604 698 in
651 659 758 699 uno
799 647 1182 703 contumeliam
1215 659 1308 704 aut
1356 650 1596 706 fraudem
1632 655 1888 723 patiente,

304 735 462 791 inulti
492 745 619 790 sunt
662 736 755 804 qui
787 735 1169 808 indignentur:
1216 740 1341 808 quia
1387 742 1432 796 si
1461 743 1666 811 patitur
1687 744 1890 814 aliquid

303 842 472 882 unum
503 828 802 882 membrum
846 831 1244 897 compatiuntur
1270 831 1450 886 omnia
1490 834 1752 888 membra.
1784 834 1890 890 Sed

299 919 374 971 ad
396 917 838 986 manifestandum
877 918 1280 973 sollicitudinem
1325 932 1573 988 nostram,
1616 941 1774 994 quant
1794 942 1889 995 pro

299 1007 444 1061 tabis
470 1007 719 1061 habemus
753 1008 822 1061 ad
856 1025 944 1063 vos
974 1025 1153 1062 coram
1189 1009 1321 1064 Deo.
1369 1011 1716 1068 Emendaudo
1742 1013 1886 1083 inju-

297 1105 416 1152 stos
463 1107 517 1151 et
563 1097 796 1167 pollutos
825 1099 1212 1154 sanctiﬁcando
1259 1109 1315 1154 et
1357 1101 1614 1157 Ecclesiae
1643 1104 1887 1158 reconci-

305 1185 498 1242 liando
524 1188 690 1244 totius
718 1189 897 1258 populi
927 1190 1336 1246 sollicitudinem
1357 1206 1416 1245 se
1442 1191 1642 1247 habere
1670 1194 1890 1249 demon-

295 1286 465 1343 strat,
494 1280 789 1334 secundum
817 1296 938 1350 qua:
965 1297 1126 1350 supra
1159 1282 1472 1336 memoravi.
1515 1281 1646 1336 Ideo
1676 1293 1722 1338 et
1765 1300 1889 1338 con-

289 1368 606 1423 solationem
643 1371 956 1447 accepimus.
986 1370 1273 1440 Accepisse
1299 1387 1380 1438 se,
1408 1387 1473 1426 ac
1508 1387 1604 1443 per
1631 1375 1731 1429 hoc
1757 1375 1886 1430 dare

294 1460 430 1514 dicit
457 1460 914 1528 consolationem;
945 1465 1153 1533 accepit
1194 1472 1373 1520 autem
1401 1481 1524 1520 cum
1549 1465 1736 1521 didicit
1763 1482 1886 1522 cor-

292 1553 473 1623 rigere
514 1553 668 1618 velle,
720 1569 855 1624 quos
905 1557 1187 1626 arguebat,
1236 1566 1297 1612 ut
1326 1572 1426 1627 per
1469 1558 1783 1628 patientiam
1820 1574 1884 1615 se

292 1643 700 1709 reformarent;
737 1645 830 1700 dat
867 1655 1047 1702 autem
1077 1648 1205 1702 dum
1237 1663 1330 1703 eos
1357 1656 1575 1702 revocat
1599 1648 1668 1702 ad
1696 1649 1882 1705 Eccle-

287 1733 455 1797 siam,
503 1733 704 1799 ue_diu
754 1735 1058 1790 contristati
1105 1737 1452 1805 desperarent
1485 1736 1552 1792 de
1588 1751 1668 1802 se,
1712 1746 1768 1792 et
1813 1739 1880 1792 ad

1993 560 2260 616 referente
2288 577 2393 617 non
2425 563 2607 632 utique
2635 562 2891 618 confusus
2910 570 2994 618 est
3021 563 3330 633 Apostolus,
3353 568 3445 622 sed
3479 567 3571 623 lae-

1993 652 2098 706 tior
2123 651 2296 707 factus
2324 661 2425 717 est,
2452 653 2577 721 quia
2605 668 2711 707 non
2735 653 2892 708 aliter
2917 657 3202 708 invenerat
3229 653 3387 711 Titus‘
3402 672 3565 727 quam

1990 742 2234 796 audierat
2255 741 2322 796 ab
2342 743 2440 798 eis.
2473 742 2574 798 Sed
2601 746 2736 798 sicut
2761 743 2938 799 omnia
2983 745 3124 800 vobis
3163 747 3218 799 in
3255 749 3469 803 veritate
3490 749 3568 804 lo-

1988 832 2094 884 cuti
2116 845 2335 886 sumus:
2363 833 2437 885 ita
2462 843 2507 886 et
2533 832 2774 903 gloriatio
2796 843 2992 898 nostra,
3019 850 3136 904 qua:
3157 835 3256 904 fuit
3278 836 3347 888 ad
3373 835 3568 903 Titum,

1988 925 2179 977 veritas
2226 924 2368 993 facta
2413 935 2508 978 est.
2551 926 2842 981 Exsultans
2879 927 2931 982 iii
2982 927 3184 999 Spiritu
3221 930 3336 985 haec
3379 933 3570 986 scribit

1985 1011 2294 1083 Apostolus,
2341 1015 2422 1070 sic
2464 1017 2700 1085 gaudens
2729 1017 2782 1070 in
2813 1017 2919 1083 his,
2952 1026 3013 1072 ut
3053 1017 3346 1074 ellicaciam
3372 1035 3559 1076 eorum

1987 1114 2099 1160 tam
2133 1122 2314 1161 veram
2341 1108 2552 1177 probet,
2593 1124 2752 1178 quam
2781 1115 2863 1163 est
2917 1116 2972 1164 et
3009 1102 3318 1179 praedicatio
3361 1109 3478 1179 ejus
3501 1112 3567 1165 ad

1986 1213 2080 1256 eos
2104 1199 2156 1252 in
2186 1201 2525 1269 correptione
2553 1203 2812 1255 duntaxat
2837 1217 2851 1266 ;
2879 1201 3078 1256 veritas
3117 1201 3261 1256 enim
3283 1203 3563 1273 arguentis

1985 1293 2040 1348 in
2069 1307 2136 1348 eo
2157 1293 2271 1362 ipso
2297 1301 2424 1347 tunc
2451 1293 2660 1347 videtur
2683 1308 2802 1348 esse
2848 1292 3155 1359 manifesta,
3184 1295 3227 1347 si
3255 1293 3311 1348 bi
3359 1294 3451 1362 qui
3479 1309 3566 1349 ar-

1985 1391 2220 1452 guuntur
2245 1381 2504 1450 incipiant
2533 1382 2820 1437 emendare
2849 1398 2926 1438 se.
2978 1382 3115 1437 Dum
3143 1384 3287 1438 enim
3331 1384 3568 1454 correpti

1984 1477 2361 1541 immutantur,
2425 1475 2795 1530 testimonium
2848 1475 3134 1545 perhibent
3171 1477 3435 1547 arguenti.
3496 1475 3566 1528 Et

1983 1567 2183 1621 viscera
2230 1566 2345 1635 ejus
2373 1566 2729 1620 abundantius
2774 1567 2831 1620 in
2875 1567 3017 1622 vobis
3045 1577 3187 1621 sunt.
3219 1567 3474 1621 Animum
3511 1577 3560 1622 et

1984 1658 2232 1714 allectum
2255 1659 2361 1713 Titi
2395 1659 2524 1714 dicit
2562 1674 2680 1714 esse
2714 1660 2766 1713 in
2817 1660 2914 1724 eis,
2947 1659 3072 1730 quia
3105 1659 3238 1714 vidit
3265 1659 3561 1730 profectum

1984 1749 2217 1804 illorum.
2262 1748 2444 1804 Sancti
2475 1749 2616 1803 enim
2655 1751 2866 1805 animus
2897 1751 2948 1802 in
2979 1750 3125 1804 omni
3158 1751 3298 1804 bono
3337 1757 3439 1804 est.
3466 1749 3557 1804 Re-

288 1821 567 1912 Publicam
613 1831 668 1877 θῑ
696 1823 966 1879 “misum
1017 1826 1181 1880 Vitam
1225 1825 1575 1882 ἀθοίίηπθηι·
1612 1826 1680 1882 In
1702 1844 1880 1882 εοηδο·
1909 1837 1955 1897 Β
1983 1843 2308 1896 miniscentes
2347 1843 2578 1896 omnium
2620 1852 2843 1897 vestrum
2890 1843 3256 1906 obedientiam,
3306 1842 3563 1912 quomodo

285 1911 490 1966 latione
552 1924 726 1968 autem
802 1926 982 1970 nostra
1046 1917 1402 1973 abundantius
1473 1920 1637 1989 magis
1712 1922 1875 1990 gavisi

285 2018 474 2056 sumus
522 2020 679 2073 super
716 2006 910 2075 gaudio
956 2006 1076 2070 Titi,
1105 2010 1228 2079 quia
1275 2011 1494 2080 refectus
1522 2021 1594 2065 est
1647 2010 1874 2081 Spiritus

286 2093 492 2162 ejus-ab
515 2096 756 2150 omnibus
783 2097 946 2152 vobis.
976 2097 1266 2170 Correptos
1288 2116 1386 2170 per
1403 2103 1641 2170 primam
1671 2103 1875 2174 Episto-

285 2185 398 2238 lam
412 2185 640 2240 audiens
654 2202 712 2241 se
724 2187 860 2242 velle
880 2189 1171 2260 corrigere,
1189 2193 1611 2248 consolationem
1631 2195 1870 2264 accepit;

275 2289 328 2329 ’ἃ
357 2273 480 2329 Tito
513 2284 698 2330 autem
749 2277 1055 2344 addiscens,
1113 2281 1238 2350 quia
1287 2281 1524 2337 dolorem
1555 2293 1872 2352 paterentur

275 2366 500 2424 erroris
533 2367 640 2432 sui,
669 2376 860 2422 auctus
914 2369 1078 2423 estin
1121 2371 1508 2438 consolatione,
1546 2375 1741 2445 gaudio
1780 2391 1867 2429 re-

283 2455 488 2524 pletus,
511 2458 642 2526 (καίει
667 2457 918 2514 voluntas
951 2474 1139 2514 eorum
1191 2461 1246 2515 in
1291 2477 1455 2532 opere
1483 2473 1718 2533 cmperat
1750 2480 1869 2534 pro-

283 2547 428 2612 bari,
457 2549 577 2602 'I'ito
604 2549 709 2604 hoc
733 2550 928 2608 itioneo
955 2559 1094 2606 teste
1140 2567 1262 2607 cum
1316 2554 1500 2610 laetitia
1533 2555 1696 2609 animi
1727 2556 1867 2611 refe-

283 2649 464 2694 rente.
499 2638 635 2694 Etsi
657 2639 782 2711 quid
821 2641 962 2711 apud
991 2641 1142 2698 illum
1166 2644 1230 2698 de
1253 2644 1392 2699 vobis
1423 2644 1686 2717 gloriatus
1725 2664 1862 2714 sum,

277 2751 395 2789 non
418 2753 534 2790 sum
572 2739 842 2807 confusus.
873 2739 1180 2810 Antequam
1205 2753 1458 2815 pergeret
1483 2743 1634 2798 Titus
1670 2745 1736 2799 ad
1759 2744 1866 2798 Co-

277 2825 518 2882 rinthios
545 2828 750 2884 audivit
792 2825 860 2885 ab
905 2830 1005 2896 eis,
1049 2832 1102 2887 id
1142 2841 1248 2897 est,
1295 2833 1366 2890 ab
1407 2833 1666 2906 Apostolo
1693 2843 1750 2889 et
1776 2836 1868 2904 qui

277 2927 580 2974 erantcum
606 2936 694 2988 eo,
723 2921 917 2977 bonam
933 2923 1281 2995 ;voluntatem
1317 2940 1440 2981 esse
1469 2924 1868 2984 Corinthiorum

1976 1951 2094 1988 cum
2123 1935 2306 1987 timore
2327 1943 2373 1988 et
2396 1943 2617 1988 tremore
2641 1935 2910 2006 excepistis
2959 1935 3130 1987 illum.
3183 1933 3430 1988 Scientes
3453 1933 3559 1988 Co-

1975 2022 2161 2077 rinthii
2195 2023 2264 2076 ab
2295 2022 2552 2091 Apostolo
2581 2024 2802 2078 missum
2832 2039 2952 2078 esse
2978 2023 3156 2077 Titum
3183 2023 3250 2077 ad
3278 2039 3357 2089 se,
3386 2025 3475 2093 qui
3507 2024 3557 2077 in

1976 2114 2142 2168 tantis
2180 2114 2327 2169 vitiis
2367 2113 2436 2167 ab
2489 2114 2746 2184 Apostolo
2805 2115 3020 2169 fuerant
3064 2115 3332 2184 correpti,
3385 2115 3559 2169 territi

1976 2213 2102 2260 sunt
2128 2205 2180 2259 in
2201 2205 2432 2260 adventu
2474 2204 2612 2273 ejus,
2654 2215 2708 2260 et
2735 2207 2860 2276 quia
2885 2208 3050 2261 vitam
3092 2223 3244 2261 suam
3281 2214 3562 2276 coeperant

1973 2292 2288 2357 emendare,
2315 2291 2530 2346 solliciti
2565 2299 2720 2346 erant
2747 2292 2966 2347 obedire
3008 2293 3291 2362 praeceptis
3329 2290 3464 2360 ejus,
3501 2298 3562 2343 ut

1973 2397 2252 2453 regressus
2299 2382 2537 2436 animum
2568 2381 2807 2451 Apostoli
2850 2382 3119 2451 mitigaret
3147 2382 3264 2445 eis;
3301 2380 3556 2450 quamob-

1972 2489 2088 2528 rem
2117 2473 2294 2527 Titum
2323 2472 2572 2528 laudasse
2595 2473 2861 2544 signiﬁcat
2901 2491 2913 2526 :
2945 2473 2999 2526 in
3027 2472 3148 2526 Tito
3173 2472 3313 2526 enim
3347 2481 3560 2542 aposto—

1969 2566 2079 2621 lum
2107 2565 2322 2620 reveriti
2353 2574 2493 2620 sunt.
2527 2563 2743 2619 Gaudeo
2767 2564 2903 2635 quod
2933 2566 2986 2618 in
3015 2563 3252 2616 omnibus
3274 2562 3478 2630 conﬁdo
3505 2562 3558 2614 in

1968 2656 2130 2710 vobis.
2155 2655 2269 2710 Non
2289 2654 2461 2710 solum
2479 2656 2532 2708 in
2558 2656 2695 2709 bona
2719 2655 2991 2709 voluntate
3007 2668 3193 2707 eorum
3219 2651 3432 2712 laetatus
3450 2659 3553 2715 est,

1968 2747 2063 2802 sed
2093 2747 2147 2800 in
2174 2746 2428 2816 operibus
2455 2745 2611 2800 bonis
2632 2746 2828 2814 quibus
2845 2759 2963 2813 qua:
2986 2751 3346 2814 peccaverant
3377 2755 3558 2796 emen-

1969 2835 2168 2890 dabant
2191 2852 2206 2899 ;
2237 2835 2355 2889 ideo
2382 2835 2437 2888 in
2459 2835 2716 2900 omnibus,
2745 2834 2938 2902 inquit,
2964 2831 3171 2898 con/ida
3193 2832 3247 2885 in
3267 2830 3424 2885 vobis.

970 3223 1384 3340 LIBER
1471 3222 2095 3342 DECIMUS
2180 3221 2845 3345 TERTIUS.

875 3475 1103 3534 CAPUT
1143 3475 1272 3532 VIII.

259 3591 358 3643 Λᾶ
385 3590 763 3660 eleemosgnam
790 3591 845 3644 in
874 3589 1204 3644 Hierusalem
1228 3590 1538 3660 mittendam
1568 3589 1864 3645 Corinthios

345 3662 589 3714 hortatur
614 3659 923 3730 ’Apostolus,
957 3670 1005 3714 et
1048 3659 1154 3729 agit
1200 3659 1266 3713 de
1303 3660 1664 3715 collectoribus
1703 3662 1864 3731 hujus

343 3731 700 3801 eleemosgnae.

339 3841 538 3896 Notam
551 3851 722 3896 autem
738 3842 959 3911 facimus
973 3845 1131 3910 vobis,
1147 3847 1358 3916 fratres,
1373 3845 1599 3914 gratiam
1618 3843 1730 3906 Dei,
1746 3859 1864 3915 qua:

265 3935 404 3988 data
432 3943 506 3988 est
535 3935 588 3987 in
621 3932 868 3988 Ecclesiis
909 3933 1253 4001 Macedonite,
1276 3938 1412 4006 quod
1437 3936 1492 3988 in
1530 3934 1690 3987 multo
1713 3950 1864 4003 carpe-

271 4028 499 4081 rimento
535 4026 886 4081 tribulationis
915 4028 1238 4083 abundantia
1272 4028 1450 4099 gaudii
1480 4028 1710 4097 ipsorum
1740 4027 1858 4095 fuit.

269 4116 338 4187 (Α
346 4116 481 4184 mb.)
497 4117 762 4185 Quoniam
777 4117 1094 4175 Macedones
1109 4121 1302 4176 devoto
1315 4121 1494 4174 animo
1505 4125 1860 4188 perceperunt

272 4209 501 4263 verbum
528 4209 672 4273 ﬁdei,
694 4208 892 4265 idcirco
913 4212 1138 4282 gratiam
1154 4213 1234 4266 eis
1255 4213 1430 4267 datam
1454 4211 1585 4266 dicit
1612 4225 1641 4263 a
1657 4212 1784 4273 Deo,
1801 4216 1864 4262 ut

260 4299 329 4354 in
359 4299 702 4355 tribulatione
733 4299 884 4355 Pauli
913 4311 968 4356 et
995 4301 1119 4357 Silze
1147 4318 1308 4372 quam
1345 4316 1506 4371 supra
1539 4299 1856 4364 memoravi,

267 4389 587 4445 scandalum
617 4406 724 4445 non
750 4400 1097 4460 paterentur:
1128 4392 1221 4447 sed
1244 4392 1300 4445 in
1320 4391 1680 4446 exsultatione
1709 4405 1859 4445 men-

267 4482 341 4537 tis
378 4481 707 4553 aeciperent,
758 4482 1088 4539 conﬁdentes
1117 4484 1182 4539 de
1209 4498 1301 4554 spe
1330 4482 1618 4554 promissa,
1649 4489 1707 4534 ut
1725 4496 1857 4551 .pro-

267 4572 427 4626 batos
453 4586 512 4626 se
550 4572 748 4628 horum
793 4574 1136 4643 passionibus
1181 4575 1634 4629 demonstrarent.
1667 4571 1734 4626 Et
1778 4572 1858 4626 al-

271 4661 481 4715 tissima
503 4671 783 4732 paupertas
807 4679 987 4716 eorum
1013 4664 1298 4717 abundavit
1327 4663 1381 4716 in
1417 4663 1626 4716 divitias
1647 4663 1852 4733 simpli-

269 4753 445 4806 citatis
472 4769 672 4806 eorum.
711 4751 904 4807 Votum
930 4768 1116 4808 eorum
1145 4753 1421 4823 praedicat,
1447 4753 1574 4822 quia
1619 4769 1740 4807 cum
1759 4762 1851 4808 te-

1887 3481 1932 3542 C
1964 3475 2278 3546 simpliciter
2289 3483 2342 3530 et
2356 3475 2550 3530 devoto
2564 3476 2743 3530 animo
2753 3474 3012 3531 obtulisse
3027 3474 3146 3530 illos
3164 3474 3545 3540 ministerium,

1966 3566 2110 3633 quod
2153 3565 2294 3620 ultra
2341 3567 2484 3620 vires
2531 3581 2716 3620 eorum
2744 3574 2879 3629 erat,
2911 3566 3188 3636 prtedicat,
3224 3573 3283 3619 ut
3320 3581 3441 3620 cum
3471 3564 3546 3619 la-

1965 3657 2168 3727 crymis
2194 3658 2546 3727 deprecantes
2569 3659 2844 3724 ollerreut,
2875 3668 2935 3713 ut
2963 3659 3045 3724 vel
3069 3659 3147 3714 sic
3175 3666 3428 3731 cogerent
3459 3677 3551 3716 ac-

1969 3747 2074 3817 cipi
2105 3764 2135 3802 a
2156 3763 2235 3816 se,
2257 3751 2398 3820 quod
2421 3749 2789 3818 accipiendum
2815 3765 2919 3805 non
2950 3749 3252 3815 videbatur,
3283 3752 3406 3820 quia
3427 3752 3548 3821 plus

1963 3849 2086 3896 erat
2106 3856 2266 3910 quam
2295 3849 2508 3910 poterat
2534 3856 2717 3896 eorum
2748 3841 3067 3906 substantia,
3093 3857 3158 3896 ne
3187 3841 3324 3897 forte
3346 3843 3424 3897 eis
3451 3860 3547 3912 po-

1965 3939 2079 3986 stea
2119 3939 2329 4001 egestas
2355 3931 2478 3985 boui
2511 3931 2689 4000 Operis
2728 3930 3098 3999 paenitentiam
3138 3932 3406 3986 suaderet.
3439 3930 3545 3987 Sed

1961 4020 2088 4090 quia
2122 4021 2254 4075 tales
2279 4020 2631 4075 ostenderunt
2671 4029 2729 4073 ut
2753 4035 2888 4089 puro
2919 4020 3100 4073 animo
3120 4019 3232 4089 jam
3258 4023 3542 4090 praesentia

1955 4118 2364 4180 postponentes,
2401 4109 2596 4166 futuris
2627 4126 2684 4166 se
2726 4109 3174 4181 promissionibus
3218 4111 3542 4167 conﬁdentia

1960 4201 2084 4256 ﬁdei
2119 4200 2526 4265 conﬁrmarent,
2558 4200 2729 4271 accipi
2773 4200 2840 4254 ab
2871 4200 2948 4254 eis
2979 4201 3150 4254 visum
3179 4210 3282 4265 est,
3321 4216 3387 4256 ne
3412 4201 3540 4257 boni

1958 4293 2138 4349 cordis
2163 4292 2334 4363 gratia
2361 4291 2594 4346 fructum
2631 4292 2924 4346 amitteret.
2965 4291 3028 4344 Et
3047 4307 3155 4345 non
3197 4293 3330 4346 sicut
3361 4309 3540 4362 spera.

1960 4386 2156 4462 vimus,
2208 4384 2298 4439 sed
2349 4385 2644 4455 semetipsos
2703 4384 2953 4439 dederunt
2999 4385 3224 4454 primum
3286 4384 3536 4451 Domino,

1957 4477 2143 4532 deinde
2186 4475 2331 4531 nobis
2371 4493 2460 4546 per
2486 4476 2798 4530 voluntatem
2829 4477 2945 4530 Dei.
2979 4476 3204 4542 Idcirco,
3244 4477 3436 4546 inquit,
3466 4477 3534 4532 ab

1957 4569 2041 4624 his
2098 4569 2268 4638 accipi
2314 4568 2516 4630 debuit,
2565 4568 2690 4638 quia
2735 4569 2884 4637 prius
2931 4569 3280 4623 emendantes
3320 4581 3538 4625 errores

1945 4657 2212 4727 pristinos
2233 4666 2287 4713 et
2315 4658 2434 4712 vita:
2464 4658 2615 4736 vitia,
2639 4649 2702 4712 ac
2735 4673 2965 4724 morum,
2994 4657 3134 4712 ultra
3163 4674 3322 4728 quam
3353 4675 3536 4729 spera-

1955 4751 2136 4818 batur,
2162 4752 2272 4806 Deo
2317 4767 2375 4806 se
2399 4760 2656 4806 voverunt
2683 4769 2694 4804 :
2735 4751 2910 4804 visum
2936 4758 3023 4805 est
3049 4750 3191 4805 enim
3219 4751 3536 4822 simpliciter

270 4841 364 4894 nui
392 4850 576 4896 essent
630 4841 930 4898 substantia
975 4842 1306 4908 facultatum,
1359 4844 1571 4898 animus
1615 4844 1852 4913 ipsorum
1880 4843 1931 4903 D
1957 4843 2076 4898 illos
2101 4843 2204 4898 hoc
2238 4856 2417 4912 agere,
2449 4849 2509 4895 ut
2554 4856 2654 4896 nec
2704 4841 2937 4904 timeret,
2977 4843 3062 4895 cui
3093 4839 3418 4898 oll‘erebatur
3445 4857 3531 4896 ac-

267 4929 422 4984 dives
471 4930 721 4986 inventus
771 4938 852 4986 est
887 4932 940 4986 in
993 4933 1294 4988 ministerio
1328 4943 1656 4987 sanctorum.
1710 4933 1850 4989 Pura

267 5020 417 5073 enim
442 5020 773 5076 conscientia
824 5023 1029 5092 Operati
1076 5031 1224 5086 sunt,
1269 5039 1376 5078 non
1419 5032 1480 5077 ut
1520 5023 1848 5089 hominibus,

267 5110 366 5165 sed
391 5119 452 5166 ut
489 5111 600 5167 Deo
628 5113 923 5182 placerent.
960 5115 1098 5179 Quia
1139 5117 1420 5168 secundum
1449 5115 1684 5167 virtutem
1705 5116 1850 5168 testi-

266 5201 501 5254 monium
529 5201 635 5256 illis
659 5203 817 5256 reddo
841 5216 860 5254 :
901 5213 948 5258 et
973 5221 1132 5273 supra
1171 5205 1408 5258 virtutem
1435 5203 1713 5258 voluntarii
1736 5206 1850 5274 fue-

265 5299 411 5343 runt.
441 5289 710 5357 Quantum
736 5291 954 5363 dignum
979 5292 1077 5348 fuit
1098 5303 1152 5349 et
1183 5295 1291 5349 Deo
1315 5295 1572 5364 placitum
1591 5296 1681 5364 qui
1704 5296 1848 5351 vires

267 5381 484 5437 illorum
512 5384 635 5449 scit,
653 5385 708 5438 in
730 5383 1072 5441 facultatibus
1094 5387 1352 5442 dederant
1377 5387 1443 5441 ad
1467 5389 1842 5453 ministerium,

261 5479 319 5524 et
346 5472 472 5541 quia
491 5488 560 5528 ex
595 5481 708 5529 toto
740 5474 902 5530 corde
937 5476 1048 5531 Deo
1083 5491 1142 5531 se
1177 5476 1454 5543 dederant,
1492 5477 1721 5548 amplius
1748 5494 1846 5533 ve-

267 5559 412 5615 lebat
453 5560 674 5628 oll'erre,
712 5577 874 5632 quam
900 5579 1090 5620 eorum
1126 5565 1268 5622 vires
1293 5567 1668 5622 admittebant.
1715 5567 1847 5622 Cum

264 5650 435 5706 multa
461 5653 824 5708 exhortatione
857 5654 1182 5710 obsecrantes
1221 5672 1313 5712 nos
1352 5658 1576 5727 gratiam
1615 5668 1666 5714 et
1708 5675 1849 5718 com-

271 5742 676 5799 manicationem
705 5744 998 5808 ministerii,
1057 5747 1196 5804 quod
1237 5747 1296 5801 tit
1339 5748 1400 5802 in
1429 5756 1656 5804 sanctos.
1712 5747 1846 5804 Tam

1955 4934 2158 5004 cipere,
2202 4933 2465 5002 quianon
2513 4933 2699 5000 utique
2744 4931 2847 4986 hoc
2893 4931 3075 4985 animo
3105 4930 3420 4994 olferebant,
3473 4940 3532 4985 ut

1954 5025 2282 5082 redimentes
2305 5023 2618 5094 praepositos
2643 5037 2770 5077 suos
2808 5023 2935 5076 vitia
2966 5036 3152 5076 eorum
3193 5031 3525 5092 paterentur,

1951 5131 2056 5171 nec
2097 5123 2421 5184 arguerent.-
2476 5113 2600 5182 quia
2651 5127 2872 5166 munera
2915 5121 3188 5168 excaacant
3229 5114 3431 5179 oculos,
3473 5120 3528 5168 et

1950 5205 2058 5258 vim
2087 5203 2424 5259 auctoritatis
2468 5202 2746 5257 inclinant.
2789 5203 2988 5258 Dantes
3013 5218 3141 5273 ergo
3162 5218 3219 5258 se
3247 5205 3375 5270 Deo,
3399 5205 3522 5260 dum

1953 5295 2246 5350 emendant
2282 5293 2432 5358 vitia,
2460 5293 2652 5348 deinde
2674 5293 2930 5350 fratribus
2957 5294 3084 5348 dum
3123 5294 3355 5349 olferunt
3384 5310 3528 5350 suin-

1947 5395 2094 5456 ptus,
2151 5385 2457 5441 contristari
2506 5400 2610 5441 non
2663 5386 2983 5451 debuerunt,
3035 5385 3126 5454 qui
3165 5394 3290 5441 ante
3336 5403 3520 5459 prope,

1947 5491 2112 5546 quam
2161 5476 2478 5546 inciperent,
2528 5475 2752 5547 perfecti
2803 5478 2922 5532 esse
2971 5475 3274 5530 voluerunt.
3321 5476 3523 5532 Ilorum
3583 5473 3586 5476 ’

1949 5564 2113 5635 igitur
2147 5564 2394 5634 exemplo
2424 5565 2614 5620 invitat
2647 5564 2976 5629 Corinthios,
3006 5573 3066 5617 ut
3101 5579 3164 5618 ea
3191 5580 3308 5634 quae
3346 5579 3525 5631 crepe-

1949 5661 2074 5709 rant
2098 5656 2202 5710 hac
2226 5655 2600 5710 exhortatione
2649 5655 2814 5721 aucti,
2843 5663 3022 5709 mente
3058 5653 3240 5708 sedula
3269 5667 3492 5710 consum

1949 5756 2180 5804 marem.
2226 5745 2314 5801 Ita
2349 5756 2403 5801 ut
2439 5763 2736 5818 rogaremus
2783 5746 2976 5814 Titum
3001 5757 3055 5800 ut
3081 5745 3517 5816 quemadmodum
