4022 6338
511 314 622 382 ’ξυι

1156 329 1215 384 a.
1259 327 1508 384 llABANl
1550 327 1768 386 MAURI
1803 307 2116 384 ARCHIEP.
2161 324 2467 384 uocum.
2510 312 2792 384 orsum
2834 321 3011 382 mas
3051 313 3134 382 ιιι.

523 447 690 517 saepit,
719 447 792 498 ita
829 451 878 498 et
921 443 1156 514 perﬁciat
1186 443 1240 497 in
1283 443 1425 496 vobis
1463 441 1618 495 etiam
1651 440 1874 511 gratiam
1913 440 2088 493 istam.
2123 441 2173 502 Α
2197 446 2254 491 ut
2282 437 2401 492 aliis
2429 438 2494 491 sit
2517 437 2770 501 remissio,
2805 437 2949 491 nobis
2975 433 3262 489 tribulatio.
3292 430 3490 486 Verum
3520 439 3627 499 est,
3652 435 3778 503 quia

519 537 787 604 Quoniam
813 533 919 589 Titi
947 531 1196 588 allectum
1239 533 1505 587 sincerum
1543 529 1746 586 sciebat
1770 530 1912 584 circa
1945 529 2097 592 istos,

519 645 618 685 nec
647 643 754 682 non
779 627 880 684 hos
910 627 1223 680 obedientes
1255 623 1324 690 ei,
1358 623 1558 677 idcirco
1609 634 1704 690 per
1737 621 1910 690 ipsum
1937 619 2100 672 etiam

519 722 586 777 ad
615 721 717 775 hoc
743 733 878 790 opus
907 715 1183 772 exhortari
1215 714 1333 768 illos
1373 712 1580 768 facilius
1620 724 1778 780 posse
1809 707 2098 779 significat,

517 821 577 868 ut
602 810 870 882 quomodo
897 809 950 862 in
999 806 1210 862 caeteris
1256 805 1416 858 rebus
1446 801 1838 856 exhortationis
1865 814 1973 854 sua:
1998 799 2097 853 ha—

517 904 638 960 buit
669 903 902 958 fructum
931 899 1125 962 in'eis,
1156 895 1380 950 haberet
1419 895 1584 948 etiam
1615 892 1666 946 in
1713 892 1813 945 hac
1841 890 2013 960 gratia
2040 897 2099 942 ut

517 998 584 1052 ad
613 994 968 1051 ministerium
1016 997 1322 1045 sanctorum
1350 993 1627 1056 promptos
1669 996 1762 1036 eos
1793 979 2014 1042 faceret,
2039 986 2099 1031 ut

514 1088 639 1157 quia
667 1084 778 1153 jam
801 1083 929 1136 vitia
956 1079 1331 1141 cmendabant,
1364 1072 1524 1142 huius
1552 1071 1819 1140 largitatis
1865 1067 2094 1123 fructum

428 1163 432 1173 ’
513 1178 794 1233 haberent.
827 1173 928 1240 Qui
958 1172 1100 1226 enim
1130 1169 1194 1223 ad
1227 1168 1330 1221 hoc
1355 1166 1500 1230 dant,
1533 1177 1600 1217 ne
1629 1169 1940 1230 arguantur,
1973 1157 2094 1212 nul‘

511 1269 623 1324 lum
653 1267 884 1321 fructum
915 1261 1072 1330 hujus
1118 1259 1194 1313 rei
1236 1257 1525 1310 habebunt.
1571 1251 1676 1306 Sed
1719 1251 1850 1304 sicut
1901 1249 1956 1301 in
1985 1263 2096 1300 om~

519 1360 670 1414 nibus
703 1354 980 1411 abundatis
1005 1351 1108 1421 ﬁde
1133 1358 1181 1403 et
1224 1359 1479 1408 sermone,
1505 1352 1552 1396 et
1601 1341 1837 1401 scientia,
1871 1347 1916 1392 et
1953 1338 2093 1390 omni

518 1445 890 1508 sollicitudine,
918 1452 963 1496 et
997 1440 1248 1493 charitate
1270 1444 1436 1491 vestra
1463 1433 1519 1486 in
1549 1447 1642 1485 nos
1660 1444 1678 1480 :
1707 1438 1758 1482 ut
1779 1429 1833 1481 in
1853 1429 1950 1480 hac
1973 1443 2094 1495 gra-

513 1541 590 1594 tia
619 1534 910 1592 abundetis.
958 1532 1288 1585 Exhortatur
1329 1525 1466 1588 illos,
1517 1529 1577 1575 ut
1623 1519 1881 1590 glorietur
1907 1517 2088 1606 de‘his

509 1627 648 1697 apud
701 1632 925 1680 catteras
977 1618 1251 1674 ecclesias.
1309 1614 1435 1668 Hmc
1485 1621 1568 1666 est
1629 1609 1772 1663 enim
1839 1605 2084 1697 probatio

508 1695 900 1771 emendationis
922 1725 1128 1771 eorum,
1159 1707 1203 1761 si
1243 1703 1472 1777 prompti
1500 1702 1607 1756 sint
1631 1699 1698 1753 ad
1731 1695 2088 1751 ministerium

2203 530 2281 584 sic
2307 529 2541 584 dandum
2567 537 2673 595 est,
2700 539 2762 583 ut
2786 544 2890 584 non
2921 536 3216 598 egestatem
3258 533 3475 596 prtestet
3502 526 3776 583 dantibus.

2202 621 2304 676 Sed
2332 639 2398 676 ex
2424 621 2720 692 aequalitate
2745 623 2802 676 in
2827 623 2923 676 hoc
2961 632 3187 688 tempore
3217 621 3480 691 prtesenti.
3509 621 3622 676 Hoc
3646 621 3780 676 dicit

2202 719 2258 766 ut
2283 721 2542 780 quantum
2574 713 2738 766 habet
2784 713 2853 768 ad
2903 721 3116 782 tempus
3169 711 3373 766 dividat
3409 710 3635 776 sanctis,
3667 727 3778 767 non

2198 803 2342 856 enim
2367 802 2484 872 plus
2509 804 2762 873 exigitur,
2795 819 2958 873 quam
2983 804 3086 858 sibi
3113 803 3269 859 debet
3291 803 3545 858 retinere.
3571 801 3778 875 (Greg.)

2199 891 2335 958 Quia
2363 892 2568 962 diliges,
2605 894 2796 962 inquit,
2832 895 3128 964 proximum
3184 902 3332 946 tuum
3377 894 3511 947 sicut
3555 894 3780 964 teipsum

2199 982 2413 1054 (Matth.
2449 983 2582 1054 xix).
2631 983 2780 1038 Unde
2830 985 3091 1038 Zachaeus
3129 999 3143 1036 :
3188 982 3324 1036 Ecce
3360 983 3658 1049 dimidium,
3696 983 3781 1038 in-

2197 1071 2332 1138 quit,
2359 1069 2610 1124 bonorum
2638 1088 2869 1125 meorum
2895 1072 2964 1125 do
2994 1072 3308 1142 pauperibus
3353 1071 3504 1141 (Luc.
3526 1073 3677 1145 xu);
3719 1082 3781 1128 ut

2196 1161 2444 1216 videlicet
2494 1162 2724 1216 sollicite
2771 1162 3340 1233 perpendamus,quia
3373 1170 3429 1218 et
3472 1177 3590 1229 eos,-
3639 1179 3782 1234 quos

2197 1271 2339 1310 nunc
2367 1256 2555 1323 inopes
2581 1257 2876 1320 cernimus,
2901 1257 3240 1310 abundantes
3281 1257 3602 1325 quandoque
3629 1256 3780 1311 vide-

2193 1345 2390 1410 bimus,
2424 1356 2479 1400 et
2503 1347 2592 1414 qui
2623 1347 2955 1400 abundantes
2985 1345 3296 1414 aspicimur,
3323 1346 3367 1400 si
3391 1346 3572 1416 largiri
3602 1347 3776 1417 negli-

2194 1435 2386 1506 gimus,
2419 1436 2736 1504 quandoque
2766 1437 2950 1505 inopes
2984 1436 3204 1490 erimus.
3247 1434 3348 1502 Qui
3405 1436 3588 1504 itaque
3632 1452 3778 1490 nunc

2195 1525 2484 1595 temporale
2505 1526 2802 1588 subsidium
2832 1527 3052 1596 pauperi
3097 1527 3303 1590 tribuit,
3339 1526 3408 1581 ab
3448 1541 3512 1581 eo
3536 1535 3778 1595 postmo-

2192 1613 2318 1668 dum
2362 1622 2618 1683 perpetua
2668 1623 3002 1683 recepturus,
3029 1623 3088 1668 ut
3129 1615 3202 1669 ita
3237 1615 3439 1678 dicam,
3491 1615 3650 1683 quasi
3707 1617 3778 1670 ad

2192 1703 2398 1773 frugem
2428 1712 2628 1759 terram
2655 1707 2876 1772 excolit,
2904 1722 3025 1776 quae
3064 1705 3203 1774 quod
3231 1705 3522 1774 acceperit,
3553 1707 3777 1761 uberius

507 1813 836 1860 sanctorum.
865 1800 988 1854 Non
1017 1799 1167 1870 quasi
1193 1798 1452 1866 imperans
1475 1792 1612 1854 dico,
1636 1788 1726 1842 sed
1755 1804 1848 1858 per
1864 1785 2088 1839 aliorum
2120 1784 2164 1842 B
2193 1796 2386 1850 reddit.
2409 1795 2595 1851 Restat
2620 1811 2765 1867 ergo,
2793 1803 2851 1850 υι
2877 1812 3152 1866 nunquam
3174 1797 3335 1852 clauo
3353 1805 3542 1867 sul-gat
3557 1813 3624 1852 εχ
3649 1813 3774 1851 mu-

507 1892 936 1955 sollicitudinem,
975 1890 1130 1943 etiam
1161 1895 1341 1940 vestra:
1379 1881 1654 1936 charitatis
1698 1878 1962 1948 ingenium
2000 1874 2089 1928 bo-

506 2004 632 2041 nu-m
653 1982 1013 2053 comprobans.
1062 1977 1404 2032 Manifestum
1444 1981 1545 2037 est,
1574 1971 1702 2040 quia
1730 1984 1838 2023 non
1863 1968 2090 2037 imperat

507 2078 604 2134 sed
628 2077 948 2131 exhortatur
972 2079 1032 2125 ut
1058 2069 1297 2140 penuriae
1337 2062 1668 2136 patientibu‘s
1697 2060 1918 2114 mittant
1942 2071 2089 2111 sum-

502 2179 648 2239 ptus,
677 2175 731 2222 et
760 2165 998 2220 relevent
1023 2159 1433 2216 sollicitudinem
1461 2155 1691 2209 illorum.
1723 2152 1930 2207 Bonum
1973 2148 2088 2203 ani-

503 2277 650 2317 mum
675 2275 831 2315 suum
864 2257 971 2311 Deo
992 2264 1045 2309 et
1069 2252 1374 2308 hominibus
1399 2249 1744 2304 ostendentes
1771 2261 1870 2315 pro
1895 2259 1998 2313 qua
2030 2259 2089 2298 re

505 2355 622 2409 sine
647 2353 807 2408 dubio
838 2348 1141 2404 mercedem
1173 2344 1461 2412 accipient.
1497 2337 1654 2395 Scitis
1683 2339 1818 2392 enim
1863 2336 2087 2406 gratiam

506 2442 716 2496 Domini
743 2439 906 2494 nostri
926 2437 1052 2493 Iesu
1075 2434 1270 2490 Christi
1295 2433 1539 2503 quoniam
1559 2438 1767 2500 propter
1789 2443 1880 2480 nos
1901 2440 2087 2495 egenus

503 2535 676 2602 [actus
696 2541 791 2596 est,
814 2546 930 2583 cum
955 2537 1084 2582 esset
1116 2527 1276 2591 dives,
1317 2534 1372 2577 ut
1403 2521 1544 2576 illius
1575 2519 1750 2589 inapia
1787 2534 1877 2571 vos
1906 2517 2087 2570 divites

502 2621 698 2676 essetis.
738 2620 1034 2688 Pauperem
1073 2616 1347 2671 Christum
1377 2613 1507 2667 dicit
1538 2611 1756 2674 factum,
1789 2608 1916 2678 quia
1946 2606 2087 2661 Deus

504 2711 651 2766 nasci
701 2710 949 2780 dignatus
1000 2715 1080 2761 est
1114 2707 1299 2768 homo,
1346 2702 1599 2755 virtutem
1648 2697 1936 2768 potestatis
1977 2708 2086 2749 sua:

503 2791 816 2864 humilians,
866 2805 925 2852 ut
957 2795 1266 2851 hominibus
1314 2789 1613 2847 divinitatis
1641 2788 1854 2842 divitias
1903 2786 2086 2856 acqui—

499 2900 665 2956 reret,
693 2897 753 2944 ut
782 2889 923 2944 sicut
973 2888 1101 2942 dicit
1129 2887 1322 2940 Petrus
1368 2881 1640 2954 apostolus
1671 2880 1863 2936 divinae
1905 2886 2086 2934 essent

503 2991 780 3038 consortes
803 2987 1026 3033 naturae.
1055 2978 1225 3044 llomo
1245 2991 1374 3046 ergo
1402 2974 1577 3028 factus
1599 2979 1706 3036 est,
1728 2982 1788 3025 ut
1812 2971 2082 3025 hominem

496 3073 554 3128 iu
584 3073 752 3127 Deum
783 3079 1100 3132 assumeret,
1148 3070 1291 3123 sicut
1323 3067 1580 3136 scriptum
1620 3073 1738 3119 est:
1773 3063 1888 3134 Ego
1928 3064 2039 3116 dixi
2061 3079 2080 3117 :

2190 1896 2342 1953 nere,
2391 1888 2606 1957 quando
2645 1887 2894 1942 videlicet
2930 1888 3077 1942 dives
3123 1902 3189 1940 ex
3233 1901 3299 1942 eo
3355 1887 3502 1956 quod
3546 1887 3776 1958 pauperi

2191 1978 2398 2043 tribuit,
2429 1979 2565 2048 agit,
2591 1987 2652 2033 ut
2677 1979 2730 2033 in
2753 1989 3070 2050 perpetuum
3099 1994 3302 2050 pauper
3321 1995 3429 2048 non
3455 1979 3542 2034 sit.
3592 1977 3775 2034 Vestra

2189 2069 2512 2124 abundantia
2546 2069 2756 2123 illorum
2799 2070 3026 2139 inopiam
3067 2069 3324 2140 suppleat,
3368 2080 3422 2123 ut
3463 2081 3509 2124 et
3559 2069 3774 2123 illorum

2188 2160 2512 2214 abundantia
2532 2169 2713 2214 vestrae
2736 2161 2924 2231 inopia:
2965 2160 3030 2215 sit
3074 2160 3504 2230 supplementum.
3534 2159 3773 2230 (Amer

2190 2248 2302 2304 Hoc
2329 2259 2432 2314 est,
2479 2251 2621 2318 quod
2655 2250 2805 2316 dicit,
2861 2260 2920 2305 ut
2970 2251 3092 2320 quia
3133 2249 3286 2319 iuxta
3344 2259 3550 2320 tempus
3597 2253 3772 2306 sancti

2189 2339 2421 2410 inopiam
2443 2341 2744 2410 patiuntur,
2765 2341 3078 2396 deserentes
3104 2341 3281 2394 omnia
3310 2341 3515 2404 mundi,
3547 2351 3603 2395 et
3624 2355 3686 2395 se
3713 2341 3770 2396 in

2188 2431 2384 2485 divinis
2413 2430 2542 2486 solis
2579 2432 2832 2500 operibus
2863 2432 3273 2496 constituentes,
3319 2439 3378 2485 ut
3407 2432 3668 2486 doctrina:
3693 2441 3773 2487 at-

2187 2537 2291 2592 que
2309 2523 2542 2577 orationi
2575 2523 2902 2588 insisterent,
2934 2523 3002 2577 ad
3049 2522 3345 2592 profectum
3387 2523 3680 2577 multorum
3713 2521 3768 2575 hi

2187 2613 2279 2684 qui
2309 2614 2557 2678 credunt,
2589 2613 2787 2682 quique
2835 2613 3043 2668 artibus
3076 2623 3168 2667 aut
3207 2613 3438 2684 negotiis
3486 2612 3766 2676 insistunt,

2186 2713 2278 2759 aut
2301 2713 2450 2760 certe
2470 2704 2752 2760 facultates
2780 2712 3034 2774 paternas
3059 2704 3280 2768 habent,
3312 2704 3623 2760 ministrent
3642 2720 3768 2758 san-

2187 2807 2399 2853 ctorum
2423 2797 2650 2867 impiis:
2679 2805 2735 2850 ut
2757 2797 2950 2850 iterum
2975 2795 3144 2850 sancti
3167 2795 3272 2848 illis
3300 2794 3389 2848 ubi
3407 2795 3600 2850 divites
3615 2804 3763 2859 sunt,

2185 2901 2242 2949 et
2263 2892 2350 2946 isti
2369 2892 2555 2959 inopes
2567 2890 2963 2944 communicent
2979 2889 3078 2952 eis,
3102 2888 3254 2957 quasi
3273 2887 3388 2941 vice
3409 2887 3767 2956 rependentes

2184 2979 2482 3036 ministerio
2507 2979 2739 3043 illorum,
2773 2979 2913 3032 sicut
2937 2977 3066 3032 dicit
3091 2977 3349 3032 Dominus
3374 2994 3386 3030 :
3415 2977 3666 3042 Quandfu
3688 2978 3767 3046 fe-

2181 3072 2324 3126 cistis
2353 3071 2443 3123 uni
2468 3085 2532 3123 ea:
2558 3069 2784 3122 minimis
2816 3069 2949 3134 istis,
2993 3068 3120 3122 mihi
3145 3068 3338 3136 fecistis
3369 3066 3581 3138 (Matth.
3611 3068 3762 3138 xxv).

494 3163 584 3218 Dii
615 3163 734 3217 estis
785 3160 955 3230 (Psal.
989 3160 1193 3229 Lxxxl).
1223 3158 1336 3212 Hoc
1364 3157 1522 3211 modo
1546 3155 1863 3209 exhortatur
1891 3161 1949 3207 ut
1973 3153 2081 3206 lar-
2107 3157 2152 3220 C
2250 3161 2322 3216 Ut
2356 3161 2448 3229 [int
2477 3159 2755 3230 aequalitas
2775 3161 2906 3214 sicut
2933 3162 3183 3229 scriptum
3213 3169 3310 3212 est.
3343 3157 3467 3213 Haec
3486 3167 3567 3212 est
3587 3173 3769 3227 mqua-

495 3256 690 3330 giendo
722 3254 873 3325 quasi
904 3268 1166 3324 pauperes
1192 3252 1339 3315 fiant,
1385 3258 1444 3304 ut
1471 3249 1641 3318 prosit
1679 3257 1966 3318 paupertas
1994 3263 2082 3302 eo-

496 3363 642 3412 rum,
671 3347 808 3402 sicut
833 3344 1034 3400 Christi
1076 3351 1364 3413 paupertas
1393 3339 1595 3411 profuit
1627 3339 1782 3394 nobis
1808 3357 1820 3392 :
1851 3345 1906 3392 et
1928 3335 2082 3392 Chri-

497 3445 614 3492 stus
642 3435 855 3506 quidem
883 3434 1050 3489 nostri
1095 3449 1200 3487 non
1229 3433 1310 3487 sui
1340 3447 1501 3487 causa
1527 3441 1730 3502 pauper
1774 3428 1948 3484 factus
1973 3436 2074 3494 est,

491 3542 592 3581 nos
623 3535 802 3580 autem
833 3533 892 3579 ut
918 3525 1070 3580 nobis
1095 3524 1360 3596 proficiat.

503 3661 512 3674 .
565 3615 633 3670 Et
659 3616 931 3670 consilium
959 3618 1012 3670 in
1056 3617 1152 3669 hoc
1196 3617 1282 3679 do,
1323 3617 1419 3671 hoc
1469 3613 1608 3670 vobis
1653 3613 1789 3668 enim
1819 3612 1946 3667 utile
1975 3621 2070 3676 est,

492 3707 582 3777 qui
613 3719 714 3760 non
741 3705 910 3758 solum
967 3706 1138 3776 facere
1188 3707 1277 3760 sed
1304 3716 1350 3760 et
1398 3705 1528 3760 velle
1558 3705 1782 3774 coepistis
1822 3703 1887 3756 ab
1937 3718 2074 3755 anno

493 3800 688 3870 priore.
739 3793 893 3852 Nunc
935 3817 1054 3852 vero
1081 3808 1128 3853 et
1171 3800 1310 3870 facto
1337 3799 1586 3870 perﬁcito.
1627 3794 1695 3848 Ut
1741 3795 2074 3867 quemadmo-

495 3890 620 3945 dum
645 3894 914 3962 pron'tptus
954 3897 1028 3944 est
1069 3891 1276 3943 animus
1325 3889 1626 3953 voluntatis,
1673 3888 1746 3940 ita
1791 3887 1858 3939 sit
1885 3894 1933 3938 et
1957 3900 2074 3954 per-

495 3982 708 4052 ficiendi
754 3998 818 4036 ea:
848 3978 919 4035 'eo
947 3980 1084 4052 quod
1129 3980 1348 4034 habetis.
1408 3979 1519 4033 Hoc
1549 3977 1699 4042 dicit,
1739 3985 1795 4032 ut
1825 3975 2073 4030 voluntas

493 4073 705 4129 illorum
727 4065 783 4128 in
803 4076 964 4143 opere
981 4081 1252 4143 appareat,
1268 4073 1310 4126 si
1333 4079 1460 4125 vera
1481 4080 1579 4134 est,
1598 4071 1890 4126 seCundum
1909 4068 2068 4132 vires,

489 4172 551 4217 ut
583 4169 788 4217 tantum
841 4163 946 4227 det,
977 4170 1236 4230 quantum
1278 4168 1453 4230 potest
1492 4171 1548 4214 et
1593 4159 1705 4213 vult
1747 4158 1978 4222 animus,
2012 4163 2073 4209 ut

488 4253 688 4307 munda
721 4249 815 4305 ﬁat
840 4251 1191 4315 conscientia,
1216 4265 1320 4304 non
1350 4250 1403 4303 in
1435 4249 1778 4303 simulatione
1807 4255 1865 4300 ut
1897 4246 2070 4300 homi-

489 4342 648 4397 nibus
673 4341 902 4411 placeat,
927 4348 981 4394 et
1001 4341 1304 4395 mercedem
1349 4339 1488 4408 apud
1513 4338 1800 4392 Dominum
1834 4352 1939 4390 non
1972 4337 2069 4391 ha-

486 4431 632 4486 beat.
659 4432 720 4486 Si
743 4433 878 4485 enim
902 4430 1138 4484 voluntas
1163 4439 1400 4500 promptu
1422 4438 1518 4492 est,
1542 4427 1823 4482 secundum
1852 4427 1906 4480 id
1930 4427 2067 4498 quod

2185 3253 2332 3317 litas,
2369 3260 2426 3305 ut
2446 3251 2569 3321 quia
2597 3251 2686 3305 isti
2713 3251 2766 3304 in
2795 3251 2898 3306 hoc
2926 3261 3164 3319 tempore
3187 3251 3495 3304 ministrant
3532 3251 3762 3314 sanctis,

2181 3345 2474 3399 reddantur
2500 3343 2606 3397 illis
2632 3344 2778 3398 vices
2806 3343 2859 3396 in
2889 3342 3071 3397 futuro
3118 3360 3130 3395 :
3185 3343 3458 3397 debitores
3483 3343 3630 3396 enim
3659 3342 3761 3398 sibi

2181 3436 2384 3490 faciunt
2413 3444 2647 3491 sanctos.
2689 3434 2792 3500 Qui
2831 3434 3055 3488 multum
3099 3435 3267 3497 habet,
3301 3451 3404 3488 non
3427 3435 3759 3488 abundabit:

2179 3534 2226 3578 et
2257 3526 2347 3594 qui
2392 3524 2681 3589 modicum,
2711 3541 2811 3578 non
2847 3524 3125 3576 minorabit
3159 3523 3356 3594 (Exod.
3383 3523 3514 3596 rm).
3561 3523 3677 3579 Hoc
3705 3525 3758 3578 in

2177 3615 2361 3670 Exodo
2385 3614 2603 3684 legitur,
2628 3614 2746 3684 plus
2775 3615 2921 3667 enim
2953 3613 3153 3668 habent
3182 3613 3354 3668 sancti
3385 3614 3438 3666 iu
3464 3623 3558 3682 spe
3587 3613 3758 3668 futuri

2177 3706 2379 3770 saeculi,
2403 3714 2456 3760 et
2481 3705 2653 3775 magis
2665 3720 2826 3775 quam
2849 3705 2902 3758 hi
2924 3704 3016 3775 qui
3044 3705 3097 3759 in
3130 3705 3230 3759 hoc
3249 3713 3486 3774 tempore
3507 3705 3762 3760 videntur

2176 3797 2391 3863 divites,
2418 3805 2474 3851 et
2503 3805 2680 3852 tamen
2717 3795 3071 3865 aequabantur
3099 3795 3206 3850 illic
3258 3795 3496 3864 utrique,
3525 3804 3584 3849 ut
3616 3797 3760 3851 sicut

2174 3887 2436 3942 beneﬁcio
2462 3887 2652 3941 horum
2669 3887 2980 3945 sauciorum
3007 3885 3184 3954 inopia
3213 3893 3544 3940 sustentatur
3562 3926 3579 3951 ,
3608 3887 3682 3940 ita
3703 3893 3760 3940 et

2173 3977 2437 4032 beneﬁcio
2479 3983 2786 4031 sanctorum
2833 3976 3028 4030 divites
3065 3975 3196 4028 fiant
3232 3975 3288 4028 hi
3334 3975 3388 4030 in
3423 3963 3604 4030 futuro
3657 3983 3758 4030 sae-

2165 4055 2294 4122 ‘culo
2321 4068 2374 4120 in
2398 4081 2505 4136 quo
2529 4067 2778 4120 videntur
2800 4080 3064 4136 pauperes
3095 4082 3107 4118 :
3136 4079 3242 4119 non
3266 4065 3408 4119 enim
3433 4074 3572 4120 totos
3593 4080 3652 4123 se
3665 4060 3758 4120 de-

2173 4156 2364 4211 derunt
2395 4156 2528 4220 Deo,
2557 4163 2615 4209 ut
2638 4155 2723 4209 hic
2750 4170 3038 4224 pauperes,
3073 4155 3181 4210 illic
3203 4165 3384 4211 essent
3410 4157 3627 4224 divites,
3660 4157 3759 4212 sed

2171 4268 2236 4308 ex
2259 4252 2359 4306 hac
2389 4259 2545 4321 parte
2577 4251 2703 4321 quia
2732 4251 2822 4306 hic
2864 4251 3061 4306 divites
3114 4261 3258 4317 sunt,
3309 4251 3419 4307 illic
3464 4267 3756 4323 pauperes,

2171 4352 2481 4399 sanctorum
2509 4341 2788 4413 sull‘ragio,
2813 4343 2903 4412 qui
2948 4343 3036 4398 hic
3073 4342 3367 4412 positijam
3421 4344 3530 4399 illic
3571 4353 3758 4400 mente

2169 4443 2316 4499 sunt,
2347 4433 2662 4488 ditabuntur
2704 4451 2718 4486 :
2749 4447 2854 4486 non
2905 4432 3048 4486 enim
3086 4433 3454 4502 qualecunque
3497 4435 3755 4489 meritum

486 4519 638 4572 habet
683 4529 890 4589 accepta
939 4531 1032 4582 est,
1084 4533 1188 4571 non
1236 4517 1520 4570 secundum
1563 4516 1701 4588 quod
1739 4532 1840 4569 non
1889 4516 2059 4568 habet
2091 4507 2140 4567 D
2166 4533 2252 4578 est
2292 4520 2538 4589 dejustis
2573 4522 2849 4578 laboribus
2876 4522 3186 4577 ministrare
3228 4524 3448 4580 sanctis.
3482 4519 3588 4592 Qui
3619 4516 3756 4582 mul-

486 4607 749 4673 Quoniam
783 4606 1045 4661 Corinthii
1068 4607 1133 4660 ad
1164 4607 1265 4660 hoc
1298 4621 1433 4676 Opus
1460 4605 1740 4659 ministerii
1767 4619 2064 4672 provocan-

484 4707 574 4752 tur
602 4699 702 4752 hoc
752 4699 830 4752 eis
877 4698 1152 4762 indicitur,
1181 4706 1242 4750 ut
1300 4713 1404 4750 non
1453 4696 1571 4764 plus
1615 4697 1852 4749 tribuant
1899 4709 2062 4764 quam

482 4791 712 4861 possint,
740 4805 808 4843 ne
831 4790 949 4859 plus
973 4788 1108 4842 forte
1132 4788 1418 4843 oﬂ‘erentes
1459 4788 1654 4852 coacti,
1686 4803 1791 4842 non
1814 4787 2061 4842 volunta-

483 4880 574 4944 rii,
605 4880 813 4950 gravati
854 4879 1163 4933 viderentur
1191 4879 1308 4933 siue
1337 4879 1583 4934 mercede
1613 4879 1798 4946 futuri,
1822 4880 1946 4949 quia
1969 4880 2060 4950 qui

481 4981 700 5026 coactus
738 4971 936 5039 aliquid
978 4970 1103 5025 fecit
1130 4971 1428 5025 mercedem
1459 4987 1564 5025 non
1602 4972 1780 5027 habet.
1807 4972 2060 5027 Ecclesite

479 5062 624 5115 enim
654 5061 974 5118 Macedoniae
1006 5062 1148 5117 ultro
1184 5062 1494 5116 obtulerunt
1527 5079 1649 5117 cum
1687 5065 1956 5132 precibus.
1991 5065 2059 5120 Ut

479 5153 772 5222 probarent
799 5161 907 5207 tuta
933 5169 990 5209 se
1022 5155 1293 5209 voluntate
1324 5157 1422 5210 hoc
1451 5157 1644 5221 facere,
1674 5166 1732 5210 ut
1751 5157 1872 5226 plus
1902 5157 2062 5210 oll'er—

479 5255 602 5300 rent
623 5260 784 5314 quam
810 5258 1077 5317 poterant,
1105 5249 1328 5319 ideoque
1349 5253 1677 5321 acceptabile
1693 5252 1815 5306 fuit.
1847 5252 2059 5319 Quanto

479 5335 624 5390 enim
650 5336 878 5406 amplius
900 5339 1225 5402 obtulerunt,
1257 5349 1408 5394 tanto
1446 5341 1564 5410 plus
1590 5343 1860 5410 accepturi
1888 5349 2013 5395 sunt
2041 5358 2052 5394 :

479 5441 603 5480 nam
633 5428 677 5481 si
715 5437 921 5482 tantum
949 5429 1069 5497 quis
1115 5431 1203 5484 det
1229 5439 1490 5498 quantum
1538 5431 1675 5498 vult,
1731 5439 1823 5484 aut
1853 5439 2050 5499 potest,

477 5530 756 5591 acceptum
785 5528 870 5576 est
899 5540 910 5574 :
947 5521 1152 5592 judicio
1182 5523 1326 5578 enim
1356 5523 1568 5580 videtur
1595 5523 1698 5580 hoc
1742 5523 1942 5588 facere,
1986 5539 2052 5578 ac

477 5627 576 5680 per
609 5614 712 5668 hoc
741 5621 945 5666 tantum
973 5613 1080 5685 d_et,
1110 5624 1368 5684 quantum
1397 5623 1574 5685 potest
1592 5623 1644 5669 et
1673 5616 1786 5670 vult
1813 5616 2044 5680 animus,

2171 4623 2307 4678 tum,
2340 4614 2533 4682 inquit,
2564 4613 2772 4679 habuit,
2807 4629 2913 4668 non
2965 4614 3280 4681 abundabit,
3307 4617 3430 4686 quia
3459 4618 3604 4686 quod
3634 4618 3752 4689 plus

2169 4708 2400 4762 habebat
2429 4708 2574 4762 dedit
2601 4708 2880 4777 indigenti.
2915 4709 2980 4762 Et
3009 4709 3098 4778 qui
3130 4710 3420 4777 modicum,
3445 4728 3551 4767 non
3582 4715 3753 4769 mino-

2168 4799 2308 4854 rabit
2339 4799 2426 4853 ille
2463 4800 2554 4868 qui
2597 4800 2805 4870 accepit
2857 4801 2923 4854 ab
2954 4800 3042 4855 illo
3075 4802 3165 4870 qui
3197 4803 3505 4869 abundavit,
3549 4813 3611 4859 ut
3635 4805 3745 4868 fiat,

2169 4889 2362 4956 inquit,
2389 4891 2690 4959 inqualitas.
2725 4887 2926 4961 (Greg.)
2950 4889 3170 4944 Multum
3199 4905 3328 4946 vero
3367 4893 3434 4946 ad
3489 4893 3750 4948 edoman-

2167 4976 2289 5029 dam
2321 4978 2498 5031 dantis
2520 4979 2826 5046 superbiam
2866 4980 3028 5046 valet,
3057 4983 3101 5034 si
3137 4998 3259 5036 cum
3293 4991 3504 5038 terrena
3534 4986 3746 5051 tribuit,

2165 5067 2329 5120 verba
2359 5065 2585 5120 sollicite
2607 5069 2848 5137 magistri
2879 5071 3115 5126 etelestis
3137 5082 3344 5142 penset,
3367 5077 3458 5145 qui
3484 5078 3560 5131 ait
3585 5095 3598 5130 :
3635 5075 3746 5132 Fa-

2165 5159 2263 5212 cite
2291 5158 2430 5212 vobis
2457 5159 2651 5211 amicos
2673 5159 2737 5212 de
2764 5176 3060 5216 mammona
3088 5166 3399 5235 iniquitatis,
3434 5179 3488 5221 ut
3515 5186 3634 5222 cum
3654 5170 3746 5224 de-

2164 5251 2412 5319 feceritis,
2444 5251 2695 5320 recipiant
2748 5269 2834 5307 vos
2879 5255 2935 5308 in
2982 5265 3176 5310 (eterna
3220 5258 3558 5312 tabernacula
3584 5258 3739 5329 (Luc.

2162 5341 2293 5410 xw).
2328 5339 2383 5394 Si
2414 5341 2559 5394 enim
2603 5355 2789 5397 eorum
2835 5345 3088 5402 amicitiis
3133 5356 3336 5402 aeterna
3392 5348 3742 5405 tabernacula

2160 5431 2509 5500 acquirimus,
2540 5431 2732 5488 dantes
2760 5435 2945 5504 procul
2994 5438 3155 5494 dubio
3190 5452 3417 5507 pensare
3454 5439 3736 5506 debemus,

2155 5524 2281 5592 quia
2309 5525 2552 5593 patronis
2575 5527 2756 5596 potius
2783 5544 3008 5585 munera
3037 5529 3333 5597 offerimus,
3363 5547 3526 5602 quam
3552 5533 3740 5602 egenis

2154 5618 2290 5672 dona
2317 5617 2596 5690 largimur.
2641 5621 2772 5677 Huic
2821 5637 2919 5692 per
2961 5623 3186 5678 Paulum
3227 5625 3424 5681 dicitur
3474 5643 3488 5680 :

3550 5623 3736 5680 Vestra

481 5679 537 5756 ut
569 5705 643 5758 rei
695 5705 854 5776 hujus
903 5679 1070 5776 pos'sit
1119 5679 1318 5766 habere
1365 5679 1688 5763 mercedem.
1743 5705 1866 5762 Non
1911 5679 2046 5762 enim
2152 5679 2474 5769 abundaniia
2517 5715 2726 5771 illorum
2764 5679 2990 5788 inbpiam
3021 5679 3275 5789 suppleat,
3323 5729 3379 5772 ut
3426 5679 3483 5773 et
3521 5718 3737 5775 illorum
