4022 6338
256 370 366 430 M

753 367 1294 430 ENARRATIONUM
1331 371 1397 425 IN
1436 367 1580 425 EPP.
1618 369 1823 428 PAULI
1860 367 1984 422 LIB.
2027 365 2164 422 Xlll.
2207 395 2275 406 ο-
2311 365 2378 421 IN
2417 363 2634 421 EPIST.
2671 361 2717 417 ll
2755 359 2844 415 AD
2882 356 3039 414 COR.

3401 351 3506 406 210

255 483 590 540 abundantia
615 492 795 538 vestra
828 485 1016 553 inopia:
1039 486 1110 544 sit
1131 487 1561 557 supplementum,
1587 495 1647 540 ut
1683 485 1829 540 vide-
1858 486 1907 544 A
1934 493 2040 537 tur.
2064 482 2331 552 Quidquid
2355 497 2483 554 ergo
2512 495 2736 550 corpora
2780 485 2962 533 nostra
2991 474 3282 529 defendere
3306 480 3508 543 potest,
3553 545 3557 550 ν

260 575 408 634 licet,
426 573 568 627 sicut
579 572 827 641 superius
846 572 1046 628 dictum
1067 583 1172 638 est,
1192 574 1416 629 sollicite
1439 571 1834 644 perpendamus

261 662 390 733 quia
418 669 473 716 et
495 675 612 725 eos,
639 674 776 730 quos
803 676 944 720 nunc
971 661 1157 730 inopes
1181 663 1474 726 cernimus,
1501 666 1838 722 abundantes

260 751 588 824 quandoque
611 749 926 812 videbimus,
955 759 1011 808 et
1035 752 1128 820 qui
1146 752 1486 809 abundantes
1523 755 1836 823 aSpicimur,

260 839 447 910 largiri
479 837 816 908 negligimus,
841 840 1161 909 quandoque
1182 841 1370 911 inopes
1389 843 1612 896 erimus.
1643 843 1839 896 Beatus

263 929 430 1001 Igitur
451 927 575 993 Job,
603 938 662 982 ut
683 927 970 997 diligenter
1001 929 1327 995 ostenderet,
1365 931 1640 987 humilitas
1678 940 1840 1001 atque

263 1017 662 1083 misericordia,
693 1027 893 1086 quanta
919 1019 973 1072 in
1015 1035 1140 1073 eum
1175 1018 1376 1075 fuerint
1410 1023 1839 1078 consideratione

263 1109 492 1172 sociata,
524 1107 600 1160 ait
635 1124 649 1160 :
693 1105 752 1162 Si
771 1107 983 1177 despexi
1017 1118 1436 1178 prwtereuntem,
1485 1128 1546 1165 eo
1573 1113 1709 1181 quod
1737 1129 1841 1165 non

263 1197 507 1252 habuerit
546 1197 925 1262 indumentum,
977 1205 1026 1252 et
1068 1197 1259 1269 absque
1295 1201 1609 1269 operimento
1646 1218 1841 1271 paupe-

265 1304 397 1350 rem,
427 1288 472 1339 si
495 1304 600 1341 non
628 1285 995 1340 benedixerunt
1022 1287 1149 1338 mihi
1170 1286 1334 1341 latera
1374 1289 1509 1358 ejus,
1537 1299 1582 1343 et
1607 1289 1670 1343 de
1693 1289 1843 1344 velle-

267 1377 605 1456 ribusovium
635 1392 870 1430 mearum
903 1373 1186 1445 calefactus
1210 1386 1284 1432 est
1315 1376 1457 1448 (Job.
1485 1378 1666 1450 xui);
1705 1395 1768 1434 ac
1797 1380 1842 1434 si

265 1469 509 1524 diceret:
533 1467 590 1522 ln
618 1483 802 1523 amore
828 1468 1057 1538 proximi
1096 1483 1202 1522 uno
1248 1470 1542 1540 eodemque
1577 1472 1767 1525 ordine
1791 1480 1846 1526 et

263 1561 534 1630 superbia:
552 1561 739 1614 vitium
763 1568 817 1614 et
836 1560 1124 1630 impietatis
1158 1576 1406 1628 premens
1434 1571 1842 1631 praetereuntem

264 1649 578 1719 quempiam
623 1653 677 1704 et
721 1649 995 1704 humiliter
1047 1649 1312 1720 aSpiciens
1352 1667 1459 1706 non
1512 1653 1750 1722 despexi,
1792 1664 1846 1708 et

265 1739 695 1794 misericorditer
741 1738 978 1794 calefeci.
1023 1738 1276 1810 Quisquis
1311 1741 1476 1808 enim,
1506 1757 1666 1810 super
1720 1758 1841 1798 eum

1935 584 1988 629 et
2016 575 2263 630 humanae
2289 560 2604 630 succurrere
2633 569 3008 632 imbecillitati,
3044 581 3178 636 quos
3214 566 3384 620 nudos
3407 581 3506 620 na-

1938 678 2056 723 tura
2097 667 2353 737 profudit,
2389 668 2491 721 hoc
2515 680 2618 718 una
2676 661 2988 732 appellanda
3048 666 3132 712 est
3180 657 3390 721 tunica;
3453 664 3510 710 et

1936 756 2194 825 quidquid
2223 755 2275 808 in
2304 755 2660 824 praesentibus
2707 750 2975 805 alimentis
3013 747 3377 802 necessarium
3406 755 3510 812 est,

1940 847 2044 901 hoc
2084 846 2242 900 unius
2291 845 2395 898 diei
2436 845 2607 898 victus
2648 841 2962 911 appellatur.
2995 839 3146 894 Unde
3188 847 3511 908 prmceptum

1939 946 2024 990 est
2055 953 2067 988 :
2104 934 2186 987 Ne
2232 934 2462 1003 cogitetis
2489 932 2551 985 de
2581 932 2809 984 crastino
2840 928 3051 1000 (Matth.
3083 930 3156 996 v),
3182 928 3284 981 hoc
3324 934 3409 980 est
3447 925 3514 980 de

1941 1025 2120 1078 futuro
2159 1031 2416 1092 tempore,
2449 1032 2503 1076 et
2544 1021 2829 1093 Apostolus
2864 1041 2876 1075 :
2910 1020 3194 1085 Habentes,
3224 1021 3418 1090 inquit,
3443 1022 3516 1074 vi-

1942 1125 2078 1169 ctum
2109 1123 2156 1166 ct
2189 1113 2446 1177 vestitum,
2475 1112 2698 1165 contenti
2725 1128 2905 1165 sumus
2937 1110 2986 1180 (1
3019 1110 3153 1163 Tim.
3186 1110 3285 1180 vl),
3319 1110 3363 1164 si
3396 1109 3516 1179 plus

1943 1205 2134 1268 habes,
2165 1218 2324 1272 quam
2350 1203 2446 1257 tibi
2472 1202 2540 1256 ad
2567 1203 2764 1256 victum
2794 1209 2848 1255 et
2873 1201 3122 1255 vestitum
3151 1200 3513 1260 necessarium

1942 1303 2047 1360 est,
2077 1295 2204 1349 illud
2241 1307 2423 1360 eroga,
2462 1291 2515 1345 in
2564 1291 2654 1344 illo
2681 1290 2975 1344 debitorem
3011 1306 3131 1344 esse
3182 1299 3232 1344 te
3279 1290 3513 1344 noveris.

1943 1385 2180 1440 Ananias
2229 1393 2284 1438 et
2335 1381 2567 1451 Sapbira
2606 1380 2828 1451 apostoli
2884 1395 3127 1434 meruere
3176 1379 3516 1443 sententiam,

1945 1475 2070 1545 quia
2117 1489 2215 1528 sua
2263 1473 2448 1528 timide
2499 1478 2844 1526 servaverunt
2881 1470 3016 1540 (Act.
3055 1469 3124 1541 v).
3179 1468 3406 1538 Ergone,
3435 1467 3518 1521 in-

1946 1566 2120 1638 quies,
2142 1564 2444 1633 puniendus
2469 1570 2573 1626 est,
2605 1561 2694 1630 qui
2739 1576 2834 1616 sua
2864 1576 2966 1614 non
2992 1558 3232 1614 dederit?
3255 1558 3474 1612 minime
3501 1575 3515 1610 :

1946 1656 2119 1730 puniti
2164 1663 2289 1710 sunt
2331 1655 2456 1726 quia
2500 1651 2711 1716 mentiri
2739 1651 3024 1704 voluerunt
3055 1649 3279 1719 Spiritui
3307 1656 3518 1709 sancto.

1947 1755 2004 1802 et
2036 1754 2372 1800 reservantes
2403 1743 2701 1798 necessaria
2741 1741 2904 1796 victui
2947 1755 3062 1804 suo,
3093 1740 3246 1808 quasi
3286 1738 3522 1808 perfecte

264 1831 357 1884 cui
394 1829 598 1898 aliquid
627 1830 837 1894 tribuit,
870 1828 1012 1884 fast-tt
1043 1845 1101 1885 se
1133 1830 1448 1886 elevatiunis
1473 1831 1699 1894 extollit,
1733 1849 1846 1887 ma—
1871 1824 1919 1882 B
1948 1837 2144 1892 steculo
2191 1836 2581 1899 renuntiantes,
2633 1848 2826 1886 vanam
2873 1829 3097 1901 gloriam
3139 1828 3518 1896 sectabantur;

263 1921 439 1991 iorem
465 1920 674 1990 culpam
701 1921 1022 1978 intrinsecus
1043 1921 1402 1990 superbiendo
1426 1922 1654 1992 peragit,
1683 1938 1844 1993 quam

261 2014 607 2070 extrinsecus
647 2011 925 2082 largiendo
961 2014 1282 2078 mercedem,
1315 2014 1477 2082 ﬁtque
1527 2015 1640 2084 ipse
1689 2015 1846 2069 bonis

261 2101 620 2157 interioribus
663 2102 856 2166 nudus,
903 2117 1025 2156 cum
1083 2103 1282 2158 nudum
1335 2105 1557 2173 despicit
1587 2106 1843 2172 vestiens,

264 2209 445 2265 eoque
479 2194 591 2264 agit
632 2203 693 2248 ut
729 2194 906 2264 seipso
941 2195 1178 2250 deterior
1220 2194 1332 2263 fiat,
1361 2213 1468 2268 quo
1496 2214 1554 2254 se
1585 2199 1846 2271 indigenti

265 2286 518 2363 proximo
547 2285 822 2340 meliorem
868 2293 1040 2356 putat,
1092 2287 1268 2342 minus
1309 2290 1507 2359 quippe
1555 2291 1706 2361 inaps
1739 2301 1845 2360 est,

267 2377 366 2446 qui
394 2386 596 2431 vestem
628 2393 731 2432 non
765 2378 945 2443 habet,
977 2393 1134 2447 quam
1162 2379 1252 2448 qui
1279 2380 1659 2436 humilitatem.
1696 2383 1847 2439 Unde

271 2481 494 2522 necesse
519 2476 624 2529 est,
653 2475 711 2521 ut
746 2484 864 2522 cum
918 2478 1122 2522 natura:
1156 2479 1355 2525 nostra)
1395 2482 1668 2528 consortes
1697 2473 1846 2529 exte-

271 2559 420 2612 riora
452 2573 558 2611 non
610 2558 807 2612 habere
857 2559 1238 2629 conspicimus,
1269 2577 1430 2631 quam
1479 2564 1643 2618 multa
1696 2565 1849 2620 nobis

271 2648 454 2701 desint
478 2647 614 2702 bona
647 2648 898 2703 interiora
922 2663 1224 2718 pensemus,
1250 2662 1514 2720 quatenus
1543 2669 1662 2708 sese
1689 2670 1848 2724 super

211 2783 216 2792 ,
269 2742 468 2813 inopes
490 2743 741 2813 cogitatio
774 2751 955 2798 nostra
983 2759 1088 2798 non
1130 2744 1324 2810 elevet,
1355 2761 1476 2800 cum
1505 2747 1734 2802 solerter
1769 2748 1848 2802 vi-

275 2834 369 2890 det
389 2835 514 2904 quia
537 2849 634 2890 nos
663 2844 812 2890 tanto
840 2836 1016 2891 verius
1044 2845 1244 2906 quanto
1271 2847 1323 2892 et
1347 2838 1574 2894 interius
1605 2839 1848 2910 indigen-

275 2935 363 2986 tes
383 2941 588 2982 sumus.
619 2925 885 2998 (Hieron.)
913 2926 958 2983 0
983 2937 1180 2996 quanta
1212 2929 1483 2985 beatitudo
1529 2946 1626 3001 pro
1667 2933 1850 3000 parvis

273 3034 474 3090 magna
503 3020 762 3089 recipere,
797 3029 995 3074 aeterna
1023 3035 1122 3090 pro
1144 3021 1417 3086 brevibus,
1445 3037 1544 3091 pro
1575 3022 1851 3078 morituris

275 3125 496 3180 semper
533 3111 790 3175 viventia,
822 3118 876 3166 et
916 3111 1111 3165 habere
1138 3111 1417 3166 Dominum
1445 3111 1761 3168 debitorem.
1791 3111 1849 3168 Si

275 3217 387 3274 qua
426 3209 606 3258 autem
629 3202 785 3256 vidua
813 3202 975 3256 habet
1020 3201 1234 3268 liberos,
1265 3211 1319 3257 et
1352 3204 1583 3257 n'taximc
1609 3203 1654 3258 si
1698 3203 1852 3258 nobis

278 3290 485 3346 familia
507 3302 606 3358 est,
631 3300 850 3362 egentes
869 3290 1007 3346 filios
1036 3307 1140 3345 non
1169 3292 1434 3346 dimittat:
1459 3291 1552 3346 sed
1582 3307 1644 3347 ex
1675 3308 1852 3361 aequa-

277 3385 455 3450 litate,
485 3392 546 3439 ut
573 3385 878 3439 meminerit
926 3384 1153 3454 primum
1185 3383 1377 3439 anima:
1429 3400 1559 3447 sum,
1590 3394 1644 3438 et
1684 3385 1848 3453 ipsam

275 3482 436 3550 putet
461 3489 580 3529 esse
611 3474 676 3528 de
707 3474 849 3539 filiis,
881 3481 933 3527 et
963 3472 1227 3542 partiatur
1255 3475 1431 3541 potius
1477 3489 1597 3527 cum
1649 3473 1849 3539 liberis,

273 3580 446 3634 quam
474 3565 652 3620 omnia
684 3565 807 3618 filiis
845 3564 1209 3634 derelinquat;
1253 3565 1362 3618 imo
1399 3563 1668 3618 Cbristum
1699 3563 1851 3617 labo-

277 3671 402 3709 rum
437 3669 654 3709 suorum
706 3654 867 3709 faciat
898 3652 1254 3708 cobzeredem.
1301 3653 1690 3723 Respondebis,
1721 3651 1854 3706 ditii-

275 3747 384 3802 cile
409 3756 512 3809 est,
556 3748 748 3802 durum
775 3755 876 3811 est,
921 3755 1104 3802 contra
1154 3754 1421 3810 naturam,
1451 3747 1542 3800 sed
1568 3747 1851 3800 Dominum

279 3839 379 3894 tibi
411 3838 597 3894 audies
645 3839 1054 3908 respondentem
1082 3837 1295 3908 (Matth.
1339 3836 1451 3908 xix)
1490 3855 1503 3889 :
1539 3836 1640 3902 Qui
1689 3847 1852 3905 potest

277 3943 468 3997 capere
494 3927 697 3996 capiat;
722 3936 808 3981 et:
836 3926 893 3980 Si
911 3928 984 3980 vis
1003 3943 1112 3980 esse
1135 3926 1410 3996 perfectus,
1429 3941 1532 3980 non
1557 3926 1648 3979 tibi
1665 3926 1851 3996 jugnm

278 4016 621 4079 necessitatis
649 4017 893 4086 imponit,
921 4016 1013 4070 sed
1045 4015 1296 4085 potestati
1328 4024 1430 4069 tua:
1459 4014 1681 4069 liberum
1725 4030 1854 4069 con-

277 4108 425 4162 cedit
450 4108 753 4162 arbitrium.
785 4108 875 4162 Vis
899 4123 1018 4162 esse
1045 4106 1331 4177 perfectus,
1355 4116 1409 4161 et
1438 4107 1489 4162 in
1515 4107 1685 4177 primo
1710 4116 1854 4162 stare

279 4198 498 4268 fastigio
524 4199 818 4270 dignitatis,
847 4197 931 4254 fac
955 4198 1096 4267 quod
1124 4197 1368 4252 fecerunt
1407 4197 1653 4266 apostoli,
1692 4199 1852 4252 vende

278 4291 460 4344 omnia
479 4306 595 4358 qua:
614 4280 861 4354 habesfet
886 4290 955 4342 da
976 4288 1312 4359 pauperibus,
1335 4297 1387 4342 et
1407 4304 1635 4357 sequere
1666 4288 1854 4342 Salva-

279 4389 476 4448 torem,
505 4387 562 4433 et
589 4377 784 4434 nudam
817 4378 1092 4448 solamque
1137 4378 1388 4432 virtutem
1425 4379 1565 4432 nuda
1609 4379 1852 4447 sequaris

273 4478 336 4530 et
367 4467 481 4522 sola
515 4486 528 4520 :
566 4483 672 4522 non
703 4468 787 4521 vis
824 4482 944 4522 csse
991 4465 1253 4536 perfecta,
1283 4467 1377 4520 sed
1405 4465 1696 4521 secundum
1723 4482 1850 4537 gra-

1951 1928 2185 1997 alioquin
2213 1927 2340 1981 licet
2381 1925 2548 1981 libere
2591 1922 2674 1977 vel
2702 1923 2853 1986 dare,
2886 1920 2966 1976 vel
2999 1934 3104 1975 non
3143 1919 3270 1972 dare
3302 1937 3315 1972 :
3346 1934 3520 1987 quan-

1951 2034 2114 2089 quam
2141 2026 2194 2071 et
2219 2017 2302 2071 cui
2329 2015 2512 2086 cupiat
2541 2029 2660 2069 esse
2699 2012 2989 2083 perfectus,
3023 2025 3258 2080 pnesens
3287 2024 3521 2078 pauper.

1949 2118 2030 2164 tas
2057 2107 2250 2162 futuris
2275 2106 2476 2161 divitiis
2503 2103 2896 2174 compensanda
2921 2103 3009 2156 sit.
3043 2101 3320 2167 Quomodo
3343 2109 3520 2154 autem

1949 2200 2106 2254 vidua
2138 2199 2316 2253 vivere
2345 2198 2555 2261 debeat,
2588 2194 2736 2250 brevi
2778 2207 3024 2248 sermone
3059 2191 3348 2262 Apostolus
3375 2204 3522 2245 com-

1946 2289 2250 2370 prehendit,
2300 2288 2484 2342 dicens
2517 2305 2528 2339 :
2569 2285 2699 2352 Quae
2736 2284 2790 2338 in
2818 2282 3017 2337 deliciis
3064 2290 3138 2335 est
3168 2282 3353 2344 vivens,
3384 2295 3526 2333 more

1950 2391 2041 2434 tua
2074 2390 2149 2434 est
2180 2379 2232 2448 (I
2271 2378 2407 2433 Tim.
2432 2378 2504 2449 v).
3049 2425 3052 2429 .

2019 2469 2231 2525 Gratias
2257 2479 2428 2524 autem
2464 2467 2567 2522 Deo
2590 2467 2680 2538 qui
2699 2465 2840 2520 dedit
2865 2464 3098 2528 eamdem
3119 2464 3523 2528 sollicitudinem

1946 2581 2040 2635 pro
2070 2564 2209 2618 vobis
2238 2563 2290 2617 in
2319 2561 2474 2616 corde
2508 2560 2634 2624 Titi,
2687 2559 2934 2630 quoniam
2974 2557 3380 2611 exhortationem
3411 2556 3527 2624 qui-

1948 2656 2064 2708 dem
2099 2655 2341 2724 suscepit.
2385 2650 2617 2724 (Ambr.)
2672 2649 2814 2704 Deus
2863 2648 2952 2717 qui
2994 2648 3170 2718 justus
3220 2654 3302 2700 est
3348 2646 3527 2699 sciens

1951 2747 2258 2803 Corinthios
2307 2746 2443 2801 velle
2498 2743 2777 2815 prolicere,
2810 2743 2915 2796 Titi
2993 2741 3241 2796 allectum
3289 2739 3527 2794 incendit

1952 2839 2095 2894 circa
2116 2852 2231 2900 eos,
2255 2845 2314 2890 ut
2334 2834 2646 2904 adimpleret
2672 2832 3048 2888 exhortatione
3070 2845 3164 2884 sua
3197 2829 3523 2882 voluntatem

1951 2931 2162 2986 illorum
2200 2929 2254 2982 in
2283 2941 2443 2996 opere
2469 2925 2630 2987 bono,
2661 2923 2751 2992 qui
2775 2922 2962 2976 videns
2985 2920 3284 2990 profectum
3308 2918 3521 2971 illorum

1950 3019 2259 3076 consolatus
2283 3027 2385 3083 est,
2429 3017 2746 3083 l'rtatusque
2778 3014 2828 3068 in
2859 3013 2958 3088 eis.
2985 3010 3087 3066 Sed
3114 3028 3231 3074 cum
3254 3008 3528 3070 sollicitior

1955 3121 2109 3177 esset,
2135 3127 2233 3164 sua
2261 3107 2520 3163 voluntate
2549 3106 2809 3178 profectus
2844 3113 2917 3158 est
2948 3116 3014 3167 aa
3045 3119 3148 3158 vos.
3175 3101 3288 3166 lloc
3314 3109 3416 3165 est,
3451 3103 3526 3154 vi-

1958 3203 2090 3258 dens
2121 3200 2382 3272 proﬁcere
2412 3198 2531 3252 illos
2557 3198 2699 3251 circa
2738 3204 2890 3256 actus
2917 3195 3106 3260 bonos,
3137 3191 3419 3247 sollicitior
3447 3191 3528 3244 fa-

1955 3303 2074 3348 ctus
2118 3299 2202 3347 est
2235 3291 2377 3346 circa
2427 3289 2677 3344 allectum
2726 3285 2961 3350 illorum,
2991 3284 3060 3338 ita
3091 3291 3149 3337 ut
3194 3282 3528 3337 voluntarius

1953 3384 2388 3456 proficisceretur
2418 3381 2484 3435 ad
2512 3395 2625 3444 eos,
2653 3378 2741 3446 qui
2780 3377 2929 3446 prius
2966 3376 3128 3430 etiam
3177 3384 3396 3442 rogatus
3427 3388 3525 3427 ex-

1953 3484 2168 3532 eusarat
2215 3477 2282 3530 ab
2314 3475 2390 3528 eis
2428 3482 2649 3542 prOpter
2678 3470 2805 3524 vitia
2837 3470 3065 3523 illorum.
3102 3466 3342 3521 Misimus
3372 3469 3530 3521 etiam

1953 3582 2068 3619 cum
2101 3564 2191 3618 illo
2226 3564 2442 3633 fratrem
2482 3570 2736 3624 nostrum,
2764 3559 2915 3628 cujus
2965 3558 3082 3611 laus
3136 3557 3189 3610 in
3245 3555 3528 3624 Evangelia

1952 3673 2044 3726 per
2069 3673 2244 3709 onmes
2276 3653 2537 3708 Ecclesias
2563 3669 2578 3706 :
2608 3669 2709 3714 non
2739 3651 2908 3706 solum
2940 3661 3134 3715 autem,
3188 3649 3278 3702 sed
3301 3657 3348 3703 et
3389 3648 3530 3701 ordi-

1955 3759 2108 3804 natus
2153 3749 2218 3802 ab
2253 3748 2499 3801 Ecclesiis
2555 3762 2723 3800 comes
2753 3742 3186 3814 peregrinationis
3237 3742 3530 3805 nostrte,in

1953 3842 2051 3894 hac
2093 3841 2262 3911 gratia
2296 3856 2412 3910 qua:
2450 3840 2778 3892 ministratur
2807 3853 2838 3888 a
2873 3835 3018 3888 nobis
3062 3834 3130 3886 ad
3169 3832 3378 3892 Domini
3412 3829 3528 3909 glo-

1955 3933 2086 3985 riam
2117 3942 2161 3984 ct
2189 3931 2500 3984 destinatam
2549 3927 2860 3990 voluntatem
2889 3935 3139 3986 nostram.
3184 3923 3349 3992 {stum
3379 3937 3527 3983 come.

1955 4021 2342 4089 mendantquia
2361 4019 2707 4087 ignorabatur
2730 4018 2796 4070 ab
2819 4017 2923 4079 bis,
2951 4024 3006 4068 ut
3023 4015 3226 4071 scirent
3247 4014 3525 4080 inquanta

1948 4112 2058 4181 jam
2101 4118 2281 4164 essent
2309 4109 2433 4168 boni
2462 4107 2733 4178 Opinione,
2766 4107 2832 4170 ad
2877 4120 3011 4174 quos
3052 4104 3184 4160 tales
3215 4103 3316 4157 viri
3345 4103 3526 4158 mitte.-

1953 4202 2170 4267 bautur,
2205 4211 2264 4256 nt
2303 4199 2700 4270 congauderent
2729 4213 2851 4254 cum
2905 4199 3003 4262 eis,
3029 4204 3286 4266 augentes
3327 4210 3422 4249 eos
3471 4195 3526 4250 in

1954 4290 2057 4347 fide
2086 4289 2411 4360 operationis
2455 4289 2566 4353 Dei,
2604 4290 2669 4342 ad
2699 4288 2852 4357 cujus
2897 4287 3120 4357 gloriam
3151 4285 3376 4341 sollicite
3424 4284 3526 4338 hoc

1954 4383 2200 4458 agebant,
2238 4381 2424 4436 vicarii
2471 4379 2688 4444 Christi,
2730 4388 2788 4434 ut
2819 4380 3068 4434 conditor
3119 4379 3259 4433 Deus
3297 4377 3423 4458 caeli
3473 4388 3530 4438 et

1957 4453 2112 4529 terrm
2137 4479 2520 4542 agnosceretur.
2547 4470 2597 4525 in
2649 4472 2750 4526 bis.
2790 4469 3085 4524 Devitantes
3121 4470 3236 4530 hoc,
3296 4453 3358 4521 ne
3411 4469 3528 4536 quis

277 4557 409 4620 dum
441 4545 621 4610 tenere
657 4555 895 4620 virtutis,
925 4555 1132 4610 dimitte
1161 4554 1337 4607 omnia
1380 4561 1467 4607 tua
1503 4571 1622 4623 qua:
1665 4553 1848 4620 babes,
1880 4525 1930 4584 D
1959 4577 2050 4614 nos
2079 4559 2321 4629 vituperet
2348 4560 2400 4612 in
2437 4559 2534 4611 hac
2581 4557 2916 4627 plenitudine,
2974 4572 3090 4626 qua:
3141 4556 3470 4612 ministratur
3495 4572 3528 4616 α

278 4656 338 4701 et
358 4648 428 4700 da
455 4645 596 4711 filiis,
639 4645 707 4700 da
737 4645 1071 4717 propinquis,
1097 4659 1255 4698 nemo
1308 4652 1358 4697 te
1411 4645 1772 4712 reprehendit,
1806 4645 1852 4698 si

280 4733 542 4789 inferiora
589 4734 838 4798 secteris,
886 4733 1170 4788 dmnmodo
1217 4732 1357 4786 scias
1401 4731 1492 4786 tibi
1538 4733 1682 4786 illam
1732 4733 1854 4802 jure

278 4826 580 4898 przelatam,
611 4840 730 4896 quae
757 4824 978 4896 elegerit
1026 4823 1221 4893 prima.
1253 4823 1396 4881 Dicis
1443 4825 1546 4878 hoc
1593 4823 1856 4892 apostolo-

281 4933 406 4984 rum
437 4927 519 4971 est
548 4925 604 4971 et
621 4917 877 4981 virorum,
921 4915 1196 4972 mulierem
1238 4925 1414 4978 autem
1465 4915 1694 4970 nobilem
1748 4930 1854 4969 non

281 5025 446 5080 posse
469 5009 649 5064 omnia
684 5009 938 5072 vendere,
967 5023 1086 5077 quae
1135 5006 1315 5060 multis
1361 5006 1684 5076 adjumentis
1733 5006 1856 5059 vita:

285 5081 447 5168 hujus
469 5098 713 5168 indiguit.
729 5097 867 5151 Audi
895 5096 1205 5171 Apostolum
1235 5104 1662 5158 commonentem
1688 5108 1701 5144 :
1733 5091 1855 5148 Non

284 5200 343 5245 ut
380 5190 500 5244 aliis
538 5191 883 5260 refrigerium,
933 5188 1073 5254 vobis
1119 5197 1292 5250 autem
1332 5187 1622 5250 tribulatio,
1655 5185 1746 5240 sed
1790 5200 1854 5238 ea:

283 5285 586 5357 tequalitate
635 5294 800 5340 vestra
849 5282 1171 5336 abundantia
1205 5280 1417 5333 illorum
1444 5287 1692 5332 sustentet
1740 5278 1855 5330 ino-

281 5376 449 5444 piam,
488 5383 536 5428 et
565 5373 776 5427 illorum
820 5371 1140 5426 abundantia
1171 5381 1352 5423 vestra:
1385 5370 1574 5437 inopia:
1620 5369 1686 5421 sit
1733 5383 1857 5435 sup-

283 5465 618 5534 plementum.
658 5463 809 5519 Unde
857 5472 910 5517 et
968 5462 1266 5518 Dominus:
1297 5459 1398 5524 Qui
1456 5460 1626 5522 habet,
1664 5459 1855 5527 inquit,

286 5559 421 5613 duas
445 5561 670 5622 tunicas,
701 5560 784 5612 det
808 5560 1023 5614 alterum
1046 5575 1150 5612 non
1171 5554 1380 5608 habenti
1408 5553 1558 5625 (Luc.
1588 5554 1692 5625 tn).
1719 5553 1858 5620 Quid

288 5652 334 5706 si
359 5649 596 5720 Scythite
620 5650 818 5718 frigora
849 5653 978 5714 sint,
1005 5658 1060 5705 et
1080 5647 1283 5716 Alpina:
1305 5645 1490 5700 nives?
1520 5661 1624 5700 non
1653 5645 1860 5701 duabus

290 5747 384 5804 aut
409 5739 579 5794 tribus
602 5737 820 5806 tunicis,
843 5739 934 5794 sed
965 5738 1045 5792 vix
1065 5734 1328 5808 pecudum
1353 5733 1580 5804 pellibus
1599 5735 1858 5805 repellun-

1957 4649 2103 4704 aobis
2131 4650 2184 4702 in
2212 4649 2432 4719 gloriam
2473 4648 2588 4702 Dei.
2621 4647 2882 4716 Quoniam
2912 4648 2977 4702 de
3007 4647 3306 4701 ministerio
3333 4647 3528 4716 agebas

1958 4747 2066 4804 tur,
2094 4739 2213 4793 ideo
2240 4739 2340 4793 hoc
2360 4738 2594 4807 subjicit,
2621 4753 2686 4792 ne
2713 4737 2986 4805 negligens
3013 4737 3155 4790 circa
3185 4752 3368 4790 curam
3394 4752 3527 4806 pau-

1958 4847 2148 4902 perum
2198 4830 2282 4884 vel
2323 4839 2628 4885 sauctorum
2672 4829 3025 4900 judicaretur,
3080 4829 3124 4882 si
3170 4829 3272 4883 hoc
3313 4830 3532 4904 segnius

1959 4930 2144 4991 ageret
2183 4939 2196 4975 :
2239 4922 2305 4976 de
2349 4921 2448 4978 hac
2478 4920 2620 4974 enim
2650 4934 2708 4973 re
2730 4918 3113 4974 constituerant
3150 4921 3290 4975 inter
3317 4935 3376 4981 se
3399 4935 3528 4988 apo-

1961 5013 2102 5076 stoli,
2135 5021 2193 5067 ut
2222 5027 2489 5066 memores
2522 5019 2704 5066 essent
2725 5025 3042 5079 pauperum,
3067 5011 3227 5080 quod
3255 5011 3320 5070 ad
3363 5009 3524 5065 Gala-

1963 5110 2044 5156 tas
2067 5101 2349 5171 significat.
2379 5100 2512 5164 Gum
2543 5113 2674 5168 ergo
2705 5085 3127 5166 iuvituperabilis
3157 5107 3302 5154 esset
3338 5099 3390 5152 in
3413 5113 3528 5154 om-

1962 5194 2117 5248 nibus
2139 5192 2427 5262 apostolus,
2456 5205 2522 5244 ne
2554 5190 2604 5244 in
2631 5191 2730 5246 bac
2751 5205 2911 5245 causa
2939 5190 3225 5259 indiligens
3247 5190 3521 5259 judicare-

1960 5290 2066 5346 tur,
2102 5281 2299 5336 idcirco
2353 5281 2456 5334 hoc
2485 5294 2543 5334 se
2590 5295 2920 5349 praemonere
2973 5279 3254 5349 significat,
3308 5287 3366 5334 ut
3420 5279 3525 5335 hoc

1959 5388 2119 5442 Opere
2149 5371 2365 5441 impleto
2392 5372 2443 5425 in
2483 5371 2732 5426 omnibus
2761 5370 3059 5424 sollicitudo
3085 5369 3200 5438 ejus
3247 5381 3301 5424 et
3344 5373 3528 5439 provi-

1963 5462 2142 5516 dentia
2167 5469 2466 5530 appareret.-
2494 5458 2832 5514 Providcmus
2860 5463 2995 5514 enim
3042 5461 3175 5514 bona
3223 5478 3324 5514 non
3355 5461 3524 5514 solum

1960 5568 2136 5604 coram
2165 5551 2296 5615 Deo,
2350 5551 2440 5628 sed
2489 5551 2643 5604 etiam
2696 5567 2868 5604 coram
2907 5550 3220 5603 hominibus.
3276 5549 3526 5610 Providet

1961 5641 2101 5696 bona
2127 5656 2309 5696 coram
2338 5642 2468 5706 Deo,
2497 5643 2622 5697 dum
2667 5642 2806 5711 quod
2845 5642 2996 5711 jubet
3027 5643 3168 5696 Deus
3195 5641 3339 5696 circa
3366 5640 3521 5693 mini-

1963 5735 2186 5790 sterium
2209 5743 2536 5802 sanctorum,
2565 5733 2646 5789 vel
2676 5749 2966 5804 pauperum
2989 5733 3103 5788 fieri
3126 5733 3308 5804 docet;
3340 5744 3528 5802 coram.
