4022 6338
522 415 621 470 2H

1158 412 1220 468 Β.
1255 412 1511 468 IlABANl
1547 412 1772 469 MAURI
1801 409 2118 468 ARCHIEP.
2152 408 2459 467 MOGUNT.
2499 407 2785 465 OPERUM
2819 407 3001 465 PARS
3037 407 3124 464 ιιι.

3672 410 3790 469 112

523 524 829 580 hominibus
858 540 989 580 vero
1016 523 1095 580 sic
1123 523 1371 594 providet
1411 522 1574 590 bona,
1604 522 1731 592 quia
1762 520 1898 577 tales
1924 520 2094 576 mittit
2119 528 2171 588 Α
2196 528 2341 586 sunt,
2369 518 2597 585 refovet,
2647 529 2706 575 et
2735 534 2799 575 ea
2832 534 2955 592 quae.
2984 500 3197 592 putrida
3227 510 3593 589 inveniuntur,
3632 538 3789 580 mor—

523 614 591 669 ad
616 614 719 669 hoc
740 627 876 684 Opus
904 611 1327 677 exhortandum,
1352 610 1445 682 qui
1468 610 1736 680 proi.itate
1759 624 1856 664 sua
1883 623 1992 665 non
2013 607 2096 662 fa-

521 704 670 760 ciant
716 703 797 760 eis
829 704 1161 766 scandalum,
1202 703 1297 758 sed
1336 709 1628 771 provocent
1673 714 1788 765 eos,
1834 713 1913 783 ne
1952 698 2095 753 bona

519 792 764 848 doctrina
790 790 1019 862 apostoli
1047 806 1145 862 per
1183 790 1505 861 improvidos
1547 789 1821 844 ministros
1868 787 1987 858 ejus
2037 786 2094 841 in

518 884 970 954 vituperationem
1012 883 1250 938 caderet.
1297 880 1538 936 Misimus
1582 890 1756 934 autem
1799 895 1918 934 cum
1963 876 2097 945 illis,

518 983 566 1029 et
589 973 808 1044 fratrem
831 970 1068 1028 nostrum
1110 989 1263 1045 quem
1289 972 1620 1042 probavimus
1645 973 1699 1025 in
1728 969 1906 1025 multis
1956 985 2095 1040 stupe

517 1064 797 1120 sollicitum
825 1077 968 1119 esse:
999 1081 1137 1118 nunc
1171 1073 1347 1117 autem
1375 1062 1540 1116 multo
1564 1060 1943 1126 sollicitiorem,
1973 1077 2099 1114 con-

517 1154 735 1225 fidentia
777 1154 945 1209 multa
988 1157 1045 1209 in
1092 1171 1199 1219 vos,
1237 1154 1343 1207 sive
1376 1169 1469 1223 pro
1502 1151 1616 1207 Tito
1672 1155 1761 1224 qui
1794 1161 1868 1206 est
1919 1152 2093 1207 socius

515 1258 683 1309 meus,
712 1252 760 1297 et
788 1244 843 1298 in
876 1243 1018 1298 vobis
1039 1243 1275 1313 adjutor,
1310 1243 1417 1296 sive
1443 1241 1634 1312 fratres
1673 1243 1840 1296 nostri
1870 1239 2094 1311 apostoli

515 1334 872 1401 ecclesiarum,
910 1335 1078 1407 gloria
1107 1334 1325 1389 Christi.
1355 1333 1537 1388 Titum
1564 1334 1683 1390 ideo
1702 1337 1905 1388 socium
1936 1347 2093 1389 suum

513 1434 695 1492 vocat,
732 1427 857 1497 quia
887 1435 942 1480 et
971 1426 1086 1496 ipse
1119 1426 1402 1496 episcopus
1427 1434 1576 1493 erat,
1613 1427 1701 1482 cui
1730 1426 2092 1481 ministerium

515 1517 665 1574 dedit
687 1526 872 1573 notum
904 1517 958 1572 in
987 1516 1239 1572 omnibus
1278 1516 1525 1573 ecclesiis
1568 1516 1737 1586 ipsius
1775 1516 2090 1586 provinciae,

515 1611 713 1681 quibus
755 1611 903 1665 addit
931 1618 986 1666 et
1018 1610 1237 1685 tertium,
1262 1610 1483 1665 fratrem
1509 1611 1791 1680 probatum
1819 1612 1872 1666 in
1908 1611 2093 1667 multis

515 1700 773 1771 operibus
808 1700 967 1755 bonis
995 1710 1156 1770 atque
1178 1699 1463 1754 sollicitum
1492 1718 1503 1753 :
1537 1714 1634 1769 per
1656 1700 1760 1756 Titi
1783 1710 1962 1756 autem
2000 1718 2088 1757 ve-

512 1791 769 1848 lationcm
798 1790 1095 1847 referentes
1114 1791 1307 1847 bonam
1335 1791 1664 1848 voluntatem
1689 1793 2087 1850 Corinthiorum

2195 612 2305 666 det.
2332 610 2559 684 (Ambr.)
2581 611 2709 667 Post
2728 611 3045 667 Macedones
3073 611 3299 679 Achaia,
3323 611 3377 667 id
3401 621 3506 681 est,
3532 614 3785 672 ecclesiae

2193 702 2482 773 provincia:
2502 701 2753 768 Achaiae,
2782 716 2888 757 non
2914 710 3089 757 tamen
3127 716 3317 758 omnes
3336 703 3462 773 quia
3495 713 3552 759 et
3581 704 3782 761 Corin-

2194 792 2526 849 thiiAchaici
2551 800 2698 858 sunt,
2720 800 3153 863 praeparaverant
3172 806 3230 847 se
3257 793 3600 851 aemulatione
3629 794 3782 851 ducti

2194 882 2565 948 Macedonum,
2592 893 2651 936 ut
2674 882 3045 937 ministrarent
3079 883 3311 947 sanctis,
3328 898 3436 953 quo
3468 883 3619 940 dicto
3644 886 3770 955 plus

2191 976 2509 1030 exhortatur
2554 973 2864 1029 Corinthios
2913 988 3036 1027 cum
3082 973 3215 1028 dicit
3262 973 3383 1030 illos
3442 984 3662 1046 paratos
3706 974 3785 1034 ab

2193 1080 2335 1120 anno
2358 1066 2557 1136 priore,
2586 1064 2679 1120 sed
2709 1072 3026 1135 exspectare
3054 1061 3167 1133 jam
3199 1064 3323 1131 hoc,
3355 1074 3413 1120 ut
3444 1065 3781 1123 divideretur

2193 1157 2548 1212 ministerium
2579 1155 2814 1221 illorum,
2843 1171 2942 1226 pro
2979 1154 3397 1229 uniuscujusque
3433 1159 3791 1216 necessitate-

2196 1245 2262 1301 Et
2289 1256 2456 1301 vestra
2487 1245 2753 1300 aemulatio
2792 1246 3087 1315 provocarit
3112 1245 3390 1316 plurimos.
3419 1246 3549 1303 Post
3594 1249 3781 1305 Mace-

2193 1337 2371 1393 dones
2389 1335 2652 1391 Achaiam
2682 1345 2929 1406 paralam
2970 1335 3122 1391 dicit.
3150 1336 3352 1393 Deinde
3374 1348 3435 1393 ut
3477 1347 3534 1395 et
3586 1338 3789 1397 (.oriu-

2195 1428 2289 1484 tbii
2317 1427 2448 1481 fiant
2473 1425 2649 1497 parati
2679 1427 2973 1482 secundum
2999 1426 3322 1497 promissum
3353 1444 3529 1484 suum.
3553 1429 3782 1487 Caetera:

2193 1532 2322 1572 vero
2365 1516 2606 1572 ecclesia:
2645 1515 2988 1571 aemulatione
3035 1514 3471 1584 Corinthiorum,
3512 1519 3640 1574 dum
3684 1536 3783 1575 au-

2193 1607 2349 1662 diunt
2380 1607 2498 1662 illos
2522 1607 2673 1677 prius
2696 1606 2879 1662 multis
2918 1608 3194 1664 erroribus
3234 1607 3403 1665 fuisse
3450 1608 3785 1679 implicatos,

2191 1708 2314 1770 post
2355 1708 2536 1754 autem
2561 1699 2894 1769 corrigentes
2928 1712 2988 1753 se
3020 1699 3175 1753 bona:
3210 1698 3503 1755 voluntatis
3533 1698 3791 1766 effectos,

2194 1790 2405 1846 incitati
2433 1799 2559 1846 sunt
2580 1790 2646 1846 ad
2669 1791 2868 1845 bonum
2896 1804 3062 1859 opus;
3091 1790 3219 1859 quia
3248 1789 3295 1844 si
3326 1790 3382 1845 hi
3409 1791 3501 1861 qui
3537 1799 3661 1861 post
3688 1807 3795 1847 ac—

513 1889 569 1936 et
592 1889 909 1937 czeterorum
937 1882 1220 1937 missorum
1242 1897 1388 1951 ,quos
1417 1883 1688 1952 apostolos
1736 1883 2086 1938 ecclesiarum
2118 1872 2166 1933 Β
2193 1892 2402 1953 ceptam
2431 1881 2589 1938 fidem
2616 1881 2755 1937 male
2782 1881 2983 1936 versati
3030 1889 3157 1937 sunt
3187 1881 3327 1936 hanc
3372 1891 3651 1953 carperent
3680 1883 3785 1936 ha-

513 1971 698 2043 glorize
724 1971 929 2028 Christi
956 1972 1209 2044 appellat.
1238 1972 1619 2030 Sollicitiorem
1653 1989 1712 2030 se
1741 1974 1941 2030 factum
1969 1990 2090 2031 esse

513 2064 751 2119 ostendit
778 2065 993 2120 videndi
1036 2064 1153 2121 illos
1173 2064 1571 2121 ctexbortandi
1614 2066 1682 2121 ad
1729 2066 2089 2139 ministerium

515 2164 827 2212 sanctorum
858 2172 873 2211 :
905 2158 1156 2213 fiduciam
1209 2160 1351 2214 enim
1383 2160 1592 2229 accepit
1637 2160 1858 2214 audiens
1897 2160 2090 2215 melio-

513 2262 603 2302 res
634 2261 755 2303 esse
779 2247 955 2305 factos
976 2248 1307 2304 Corinthios.
1336 2249 1486 2306 Unde
1522 2250 1799 2321 satagebat
1818 2250 2003 2305 venire
2022 2251 2093 2305 ad

514 2355 630 2405 eos,
656 2349 857 2406 certus,
896 2340 1038 2411 quod
1066 2340 1386 2397 obaudircnt
1418 2342 1518 2398 sibi
1545 2349 1604 2397 ut
1644 2342 1787 2397 bona
1812 2356 1977 2412 opera
2006 2341 2090 2396 fa-

518 2439 722 2486 cerent.
756 2431 1115 2487 Ostensionem
1139 2449 1260 2501 ergo
1289 2448 1406 2503 qua:
1430 2442 1506 2488 est
1531 2426 1802 2487 charitatis
1831 2442 2014 2488 vestra:
2042 2442 2092 2487 et

516 2521 699 2592 gloria'
725 2532 916 2577 nostra:
935 2539 1030 2593 pro
1072 2522 1210 2578 vobis
1232 2523 1287 2576 in
1314 2520 1431 2576 illos
1456 2522 1710 2577 ostendite
1749 2524 1804 2577 in
1842 2523 1977 2593 facie
2003 2539 2091 2576 ec-

516 2610 816 2665 clesiarum.
849 2610 1168 2668 Commonct
1191 2627 1284 2668 eos
1328 2621 1389 2667 ut
1426 2612 1480 2667 in
1522 2613 1608 2668 his
1651 2628 1786 2682 quos
1816 2613 1983 2668 mittit
2012 2613 2093 2668 di-

517 2698 802 2756 lectionem
826 2717 979 2757 suam
1005 2702 1312 2766 ostendant,
1343 2711 1402 2758 ut
1434 2704 1572 2759 bona
1599 2720 1717 2774 quae
1738 2704 1804 2759 de
1834 2705 1967 2775 ipsis
1990 2720 2089 2759 au-

517 2792 727 2847 dierant
752 2808 883 2849 vera
904 2795 1215 2866 probarent.
1260 2795 1352 2852 Sic
1394 2792 1538 2850 enim
1570 2797 1925 2853 ostendebant
1967 2813 2096 2869 pro-

515 2880 709 2939 fecisse
744 2898 802 2939 se
848 2886 1065 2942 monitis
1097 2886 1360 2957 Apostoli,
1408 2889 1453 2943 si
1510 2888 1706 2944 missos
1752 2890 1818 2945 ab
1857 2903 1924 2945 eo
1967 2906 2090 2947 cum

516 2971 722 3029 honore
755 2976 1086 3045 exceperint,
1127 2986 1187 3031 ut
1209 2985 1416 3033 caetera:
1455 2978 1699 3034 ecclesiae
1739 2989 2094 3051 agnoscerent

464 3134 479 3143 ο
512 3076 646 3118 vera
671 3079 790 3121 esse
816 3065 981 3132 bona,
1010 3082 1133 3138 quae
1154 3067 1219 3123 de
1247 3068 1327 3123 eis
1361 3067 1467 3123 dici
1502 3078 1797 3140 cteperant.
1826 3070 2092 3127 Provocat

514 3169 643 3226 ergo
668 3157 876 3213 animos
903 3173 1113 3223 eorum,
1142 3160 1267 3230 quia
1302 3160 1368 3216 de
1400 3176 1507 3230 quo
1547 3161 1685 3218 bene
1720 3162 1973 3231 sentitur,
2000 3178 2088 3220 so-

513 3240 588 3298 let
612 3258 671 3300 se
698 3245 975 3302 meliorem
1002 3247 1263 3318 praebere.

1124 3358 1350 3416 CAPUT
1384 3362 1474 3418 IX.

510 3442 815 3527 Apostolus,
833 3448 1178 3527 suspicionem
1209 3449 1510 3527 excludens,
1528 3453 1685 3527 docet
1715 3455 2089 3527 elemosynam

617 3516 848 3570 dandam
869 3516 978 3572 esse
1010 3517 1274 3584 velociter,
1298 3516 1538 3577 hilariter
1560 3536 1606 3578 et
1630 3516 1981 3582 abundanter.

584 3604 726 3659 Nam
752 3605 816 3660 de
839 3607 1123 3662 ministerio
1144 3609 1284 3680 quod
1309 3609 1366 3679 ﬁt
1386 3611 1440 3666 in
1464 3624 1695 3681 sanctos,
1726 3631 1791 3669 ea:
1821 3616 2092 3671 abundans

510 3695 585 3750 tia
613 3703 689 3749 est
720 3695 849 3750 mihi
886 3697 1110 3753 scribere
1138 3700 1276 3754 vobis
1305 3717 1324 3755 :
1345 3703 1453 3756 scio
1487 3704 1624 3757 enim
1651 3717 1948 3776 promptum
1971 3709 2089 3762 ani-

510 3801 653 3841 mum
679 3795 927 3853 vestrum,
950 3804 1044 3858 pro
1068 3805 1168 3860 quo
1195 3789 1259 3844 de
1280 3791 1421 3845 vobis
1446 3780 1645 3863 gloridr
1672 3797 1812 3867 apud
1840 3796 2090 3852 Macedo-

512 3891 622 3930 nes.
656 3875 890 3950 (Ambr.)
913 3877 981 3933 Et
1004 3878 1119 3934 haec
1154 3879 1475 3938 oblectantis
1512 3886 1675 3940 verba
1698 3895 1863 3941 sunt:
1901 3902 2090 3959 super-

510 3965 675 4022 fluum
705 3969 849 4024 enim
884 3984 1004 4026 esse
1049 3971 1182 4027 dicit
1221 3973 1459 4030 scribere
1493 3973 1561 4030 de
1591 3976 1915 4043 ministerio,
1945 3979 2089 4048 quod

510 4055 573 4112 tit
599 4057 653 4113 in
681 4068 922 4127 sanctos,
950 4068 1009 4115 ut
1045 4061 1114 4117 de
1146 4062 1230 4119 his
1274 4063 1414 4119 bene
1457 4066 1661 4125 sentire
1688 4068 1955 4124 videatur.
1985 4069 2089 4125 Su-

509 4146 771 4220 periluum
821 4159 907 4207 est
963 4152 1107 4208 enim
1147 4154 1193 4210 si
1222 4168 1564 4212 commoneas
1590 4173 1737 4224 eum,
1763 4174 1923 4229 quem
1948 4160 2093 4217 scias

510 4236 806 4306 facturum,
834 4240 928 4296 sed
952 4248 1012 4296 ut
1038 4242 1367 4314 diligentiam
1413 4260 1564 4301 suam
1596 4248 1866 4313 ostendat,
1902 4262 2089 4303 neces-

514 4328 719 4384 sariqu
743 4337 828 4384 est
854 4338 912 4383 ut
939 4331 1169 4397 scribat,
1198 4340 1254 4388 et
1298 4342 1359 4388 ut
1395 4335 1494 4390 hos
1516 4337 1873 4408 promptiores
1902 4335 2085 4404 faciat,

510 4423 568 4471 et
593 4415 720 4485 quid
755 4416 822 4471 de
864 4416 951 4471 his
997 4418 1204 4473 ueteris
1244 4420 1533 4490 praedicet,
1580 4420 1889 4477 manifestet
1916 4439 1931 4476 :
1959 4421 2086 4492 quia

511 4505 781 4578 superflua
844 4506 1022 4564 solent
1071 4506 1329 4577 majorem
1391 4527 1584 4583 parere
1646 4510 2080 4567 sollicitudinem.

510 4597 647 4654 Nam
674 4607 729 4655 et
751 4599 1010 4656 Dominus
1036 4615 1143 4656 non
1169 4600 1420 4658 dubitans
1443 4603 1511 4659 de
1536 4617 1721 4658 amore
1748 4616 1875 4673 erga
1899 4617 1956 4658 se
1989 4601 2087 4658 Pe-

510 4698 580 4745 trt
605 4690 850 4761 apostoli,
870 4692 1026 4747 tertio
1048 4691 1182 4748 dicit
1200 4693 1248 4749 ei
1274 4711 1289 4748 :
1318 4692 1501 4749 Simon
1519 4692 1765 4760 Joannis,
1793 4710 1940 4748 amas
1968 4693 2087 4747 me?

511 4778 694 4851 (Joan.
719 4779 841 4852 ult.)
863 4780 993 4849 Qua:
1014 4782 1153 4837 trina
1192 4784 1443 4856 repetitio
1468 4786 1622 4854 quasi
1645 4784 1912 4854 superflua
1932 4784 2084 4841 vide-

512 4878 620 4935 tur,
673 4869 769 4924 sed
817 4870 1038 4940 prodest
1081 4873 1150 4928 ad
1202 4872 1585 4943 perfectionem
1636 4872 1981 4943 monitionis,
2026 4882 2086 4930 ut

510 4961 648 5017 sciat
674 4976 734 5017 se
754 4976 876 5018 cum
908 4978 1102 5034 magna
1142 4964 1415 5036 diligentia
1445 4963 1645 5019 debere
1684 4979 1900 5032 curare,
1941 4967 2084 5036 quod

508 5054 823 5124 frequenter
856 5055 1098 5111 mandat.
1146 5054 1407 5121 Quoniam
1440 5054 1639 5109 Achaia
1683 5065 1872 5126 parata
1915 5066 1990 5112 est
2019 5058 2084 5113 ab

509 5162 649 5200 anno
684 5146 962 5215 praterito.
1017 5146 1221 5220 (Οτι-ελ
1279 5145 1337 5201 ln
1384 5147 1578 5217 quibus
1629 5148 1775 5203 enim
1818 5165 1927 5206 non
1974 5158 2082 5206 tam

509 5255 696 5311 Opera,
723 5254 886 5310 quam
911 5241 998 5311 pia
1024 5248 1145 5298 vota
1171 5240 1501 5311 requirebat,
1527 5240 1580 5295 in
1608 5240 1687 5297 eis
1706 5241 1896 5312 procul
1921 5242 2086 5298 dubio

510 5329 630 5401 plus
652 5329 833 5386 laudat
857 5332 942 5400 pia
971 5339 1113 5397 vota,
1150 5345 1312 5400 quam
1338 5344 1526 5401 opera.
1557 5329 1862 5387 Notandum
1902 5338 2082 5390 tamen

510 5427 614 5485 cst,
645 5419 775 5490 quia
814 5420 978 5476 habet
1020 5418 1404 5490 improperium
1453 5420 1568 5475 haec
1619 5420 1734 5491 ipsa
1784 5421 2084 5478 consolatio

509 5526 635 5565 cum
666 5512 882 5577 dicitur,
926 5511 990 5566 ab
1021 5526 1158 5565 antro
1199 5512 1406 5581 priore;
1458 5511 1657 5567 bonum
1701 5513 1938 5585 quidem,
1988 5515 2084 5570 sed

513 5601 666 5657 tarde
691 5602 911 5667 fecerat,
935 5609 1095 5671 atque
1122 5601 1240 5655 Ideo
1265 5601 1366 5656 hoc
1407 5602 1661 5671 magister
1698 5616 1805 5657 non
1837 5603 1956 5658 sine
1992 5616 2081 5656 re-

508 5695 866 5764 prehensione
890 5693 1144 5749 laudabat
1168 5710 1183 5745 :
1212 5693 1451 5749 medicus
1480 5695 1676 5765 quippe
1712 5702 1818 5763 est,
1850 5693 2085 5750 medica-

512 5796 752 5845 mentum
792 5788 997 5844 vulneri
1036 5787 1274 5860 apponit,
1304 5788 1448 5858 quod
1498 5796 1555 5843 et
1578 5803 1642 5843 ea
1681 5801 1808 5859 ,quze
1852 5794 2081 5863 purgata

2112 4564 2163 4625 Ι)

2191 1972 2321 2029 bere
2361 1973 2711 2038 voluntatem,
2748 1981 2949 2043 quanto
2979 1973 3151 2044 magis
3190 1973 3312 2040 isti,
3343 1974 3398 2028 in
3439 1973 3637 2044 quibus
3663 1974 3783 2032 huic

2190 2062 2320 2118 vitia
2350 2078 2457 2117 non
2502 2071 2627 2119 sunt
2672 2064 2920 2133 reperta!
2964 2062 3207 2118 Misimus
3245 2074 3422 2118 autem
3471 2065 3687 2135 fratres,
3720 2076 3781 2127 ut

2191 2169 2256 2208 ne
2300 2154 2439 2225 quod
2465 2153 2757 2225 gloriamur
2784 2157 2849 2208 de
2882 2154 3048 2220 vobis,
3092 2163 3369 2208 evacuetur
3395 2155 3449 2209 in
3475 2156 3574 2209 hac
3599 2165 3783 2227 parte,

2191 2254 2249 2299 ut
2273 2244 2713 2317 quemadmodum
2743 2245 2856 2300 dixi
2884 2246 3058 2317 parati
3102 2246 3237 2301 sitis.
3279 2244 3390 2302 Hos
3430 2245 3629 2303 fratres
3665 2263 3789 2305 me-

2191 2346 2388 2403 morat,
2417 2351 2553 2407 quos
2587 2350 2773 2406 supra,
2801 2336 2854 2391 id
2881 2347 2980 2401 est,
3014 2336 3196 2393 Titum
3217 2347 3274 2393 et
3296 2354 3434 2408 quos
3459 2339 3509 2393 ei
3532 2339 3785 2409 adjunxit

2191 2428 2485 2499 adjutores,
2514 2428 2606 2499 qui
2638 2427 2932 2498 impensius
2957 2428 3375 2485 exbortarentur
3401 2445 3497 2486 eos
3533 2430 3601 2486 ad
3643 2446 3781 2501 pro-

2194 2521 2506 2577 missionem
2547 2520 2874 2591 implendam
2904 2519 2959 2575 in
2991 2520 3294 2578 ministerio
3340 2532 3675 2589 sanctorum,
3718 2534 3785 2580 ut

2192 2628 2297 2668 non
2314 2611 2486 2667 solum
2500 2612 2715 2677 litteris,
2727 2611 2820 2666 sed
2833 2619 2887 2665 et
2900 2609 3035 2666 facie
3051 2611 3117 2666 ad
3131 2613 3323 2668 faciem
3337 2614 3667 2670 oblectarent
3680 2629 3791 2671 eos

2192 2700 2399 2756 crebris
2428 2700 2907 2766 admonitionibus,
2939 2714 3005 2754 ne
3046 2702 3334 2757 exsultatio
3373 2702 3639 2774 Apostoli,
3660 2720 3777 2775 qua

2192 2789 2246 2845 in
2278 2789 2562 2861 splendore
2599 2790 2764 2845 animi
2793 2805 2979 2845 eorum
3009 2789 3362 2860 gloriabatur,
3389 2803 3773 2849 evacuaretur.

2194 2878 2402 2950 Saepius
2446 2894 2573 2950 ergo
2621 2880 2725 2935 hoc
2759 2893 3096 2947 memorans,
3149 2880 3565 2938 sollicitudinem
3619 2898 3783 2939 suam

2192 2972 2341 3028 circa
2385 2986 2480 3028 eos
2523 2969 2775 3036 ostendit,
2835 2972 3026 3027 nolens
3063 2970 3186 3029 illos
3211 2972 3485 3030 confundi.
3520 2975 3605 3031 Ne
3653 2994 3791 3033 cum.

2190 3063 2421 3118 venerint
2453 3078 2652 3116 mecum
2691 3060 2998 3118 Macedones
3021 3074 3069 3118 et
3109 3064 3395 3120 invenerint
3424 3083 3512 3122 vos
3537 3067 3777 3138 impara-

2193 3164 2271 3208 tos
2296 3156 2657 3209 erubescamus
2684 3166 2798 3219 nos,
2826 3163 2883 3208 ut
2914 3170 3018 3209 non
3049 3155 3288 3211 dicamus
3318 3174 3424 3223 vos,
3450 3158 3505 3213 in
3531 3159 3631 3213 bac
3651 3157 3783 3213 sub—

2193 3246 2409 3300 stantia.
2449 3243 2791 3299 Manifestum
2818 3252 2923 3311 est,
2958 3246 3085 3314 quia
3113 3246 3160 3301 si
3196 3262 3303 3301 non
3342 3247 3446 3304 hoc
3494 3248 3781 3306 inventum

2192 3330 2359 3388 fuerit
2396 3331 2538 3403 quod
2580 3332 2902 3388 testiﬁcatus
2925 3341 3008 3387 est
3033 3333 3099 3389 de
3122 3335 3307 3401 his,et
3335 3336 3449 3406 ipse
3488 3338 3777 3396 erubescat

2191 3422 2247 3477 in
2278 3422 2428 3493 ipsis,
2454 3431 2508 3476 et
2529 3422 2630 3493 ipsi
2660 3422 2892 3493 amplius
2927 3422 3345 3492 confundantur,
3375 3426 3466 3497 qui
3504 3443 3606 3483 nec
3647 3443 3781 3500 pro-

2188 3518 2313 3582 pter
2335 3512 2477 3582 quod
2502 3513 2656 3568 testis
2684 3513 2765 3568 eis
2794 3513 3005 3568 exstitit
3034 3513 3347 3585 Apostolus,
3382 3517 3435 3572 id
3478 3534 3639 3590 agere
3669 3521 3777 3578 nisi

2190 3609 2335 3668 sunt,
2358 3602 2502 3673 quod
2532 3617 2722 3657 verum
2757 3603 2887 3659 illud
2928 3602 3187 3671 facerent,
3240 3607 3323 3662 vel
3369 3618 3591 3680 propter
3633 3613 3771 3668 tanti

2188 3692 2290 3748 viri
2319 3708 2628 3764 personam.
2672 3693 3043 3749 Necessarium
3086 3711 3209 3767 ergo
3251 3697 3545 3755 existimari
3586 3717 3775 3773 rogare

2189 3783 2403 3854 fratres,
2429 3794 2485 3839 ut
2513 3786 2828 3857 prwveniant
2851 3786 2922 3840 ad
2947 3803 3056 3854 vos,
3084 3798 3139 3841 ut
3168 3800 3461 3860 preparent
3492 3795 3773 3862 repromis-

2187 3891 2300 3928 sam
2322 3874 2727 3930 benedictionem
2752 3877 2887 3931 hanc
2908 3888 3149 3947 paratam
3175 3896 3306 3947 esse,
3334 3881 3409 3935 sic
3434 3883 3589 3953 quasi
3623 3884 3769 3940 bene-

2187 3964 2489 4033 dictionem,
2537 3982 2642 4021 non
2695 3967 2848 4038 quasi
2893 3968 3191 4024 avaritiam.
3232 3969 3302 4026 Ut
3351 3970 3773 4029 sollicitudinem

2188 4072 2341 4114 suam
2369 4058 2544 4113 adhuc
2567 4058 2897 4125 manifestat,
2927 4074 3148 4132 rogasse
3175 4074 3234 4117 se
3261 4062 3397 4117 dixit
3428 4062 3648 4131 fratres,
3671 4080 3772 4136 per

2186 4164 2325 4220 quos
2369 4149 2628 4204 admoniti
2679 4149 2734 4204 id
2790 4148 3077 4222 implerent
3124 4154 3265 4223 quod
3301 4156 3687 4225 promiserant,
3715 4166 3772 4214 et

2187 4256 2294 4296 non
2322 4239 2632 4311 implebant.
2660 4237 2796 4295 Cum
2829 4255 2991 4310 supra
3017 4241 3196 4297 Titum
3221 4242 3585 4300 voluntarium
3615 4246 3763 4302 dicat

2186 4329 2506 4402 profectum,
2554 4330 2657 4385 hoc
2702 4337 2800 4394 est,
2848 4346 2955 4386 non
3008 4331 3083 4387 illi
3147 4332 3312 4389 fuisse
3352 4344 3645 4399 extortum,
3672 4335 3771 4391 sed

2186 4437 2313 4478 mox
2342 4429 2401 4476 ut
2436 4420 2640 4477 audivit
2671 4421 2900 4478 libenter
2943 4423 3225 4493 amplexus
3257 4432 3363 4492 est,
3413 4433 3473 4480 ut
3521 4426 3770 4481 videatur

2186 4514 2523 4570 voluntarius
2547 4515 2617 4569 ad
2642 4514 2763 4570 illos
2787 4514 3065 4586 profectus
3085 4526 3304 4587 propter
3332 4532 3482 4587 spem
3509 4516 3721 4574 illorum
3748 4543 3765 4574 .-

2188 4622 2332 4664 nunc
2358 4622 2466 4662 non
2503 4606 2624 4663 ideo
2663 4623 2722 4663 se
2760 4622 2981 4680 rogasse
3005 4609 3104 4664 hos
3153 4609 3441 4680 significat,
3468 4611 3625 4680 quasi
3672 4627 3770 4668 no-

2186 4697 2360 4753 lentes
2404 4697 2508 4764 ire,
2555 4697 2649 4753 sed
2675 4712 2831 4753 suum
2880 4696 3131 4754 affectum
3182 4700 3373 4770 probat
3418 4699 3567 4756 circa
3623 4698 3765 4768 illos,

2186 4787 2402 4859 quando
2440 4787 2686 4842 volentes
2718 4786 2797 4842 ire
2838 4788 3059 4858 insuper
3107 4799 3282 4858 rogat,
3318 4796 3378 4845 ut
3421 4790 3539 4844 sine
3585 4788 3768 4859 aliqua

2188 4895 2338 4936 mora
2367 4879 2485 4945 fiat,
2506 4880 2649 4935 quod
2673 4886 2728 4934 et
2760 4878 2835 4934 illi
2881 4879 3090 4946 volunt,
3118 4889 3175 4937 et
3220 4881 3307 4936 hic
3344 4889 3618 4951 precatur.
3652 4880 3770 4938 Hoc

2185 4986 2314 5042 ergo
2340 4971 2452 5042 agit
2482 4984 2604 5024 cum
2634 4968 2736 5034 his,
2769 4969 2904 5023 utin
2926 4970 3283 5040 promissione
3308 4986 3404 5024 sua
3428 4969 3614 5024 fideles
3635 4970 3766 5037 sint,

2182 5071 2308 5118 etse
2322 5062 2442 5117 ideo
2463 5074 2806 5118 commonere
2819 5070 3038 5130 propter
3057 5061 3512 5117 existimationem
3526 5060 3765 5127 illorum,

2185 5169 2293 5208 non
2336 5151 2749 5217 circumvenire,
2781 5150 2875 5205 sed
2905 5159 2965 5204 ut
2993 5158 3199 5205 tantum
3224 5149 3471 5216 offerant,
3501 5158 3766 5221 quantum

2185 5260 2293 5301 non
2321 5244 2602 5314 poeniteat.
2637 5242 2752 5297 Hoc:
2792 5252 2966 5299 autem
2991 5240 3107 5296 diro
3134 5244 3258 5315 quia
3284 5242 3375 5313 qui
3406 5260 3562 5313 parce
3609 5244 3769 5299 semi-

2186 5344 2300 5400 nat,
2324 5350 2482 5405 parce
2495 5343 2541 5386 et
2563 5340 2737 5387 metet.
2753 5331 2980 5386 Parcum
3004 5346 3228 5386 avarum
3254 5331 3539 5402 significat,
3555 5331 3642 5387 cui
3669 5347 3768 5385 ex-

2190 5430 2492 5493 torquetur,
2528 5429 2589 5475 ut
2625 5420 2844 5487 inferat,
2876 5421 3104 5492 poenitet
3132 5421 3298 5487 enim,
3325 5421 3452 5492 quia
3479 5421 3764 5493 promisit;

2189 5512 2293 5569 hoc
2319 5520 2375 5568 et
2403 5512 2470 5568 de
2500 5512 2754 5567 tarditate
2779 5525 2966 5567 eorum
3013 5510 3237 5582 colligit,
3264 5511 3356 5581 qui
3387 5510 3515 5567 olim
3558 5509 3768 5583 promi-

2188 5609 2389 5667 serant,
2433 5610 2487 5656 et
2534 5601 2627 5657 diu
2668 5600 3057 5657 deliberabant.
3102 5598 3239 5655 Huic
3281 5614 3450 5672 parco
3496 5613 3766 5671 perparva

2189 5693 2382 5749 messis
2424 5701 2527 5759 est,
2569 5692 2695 5763 quia
2744 5707 2867 5746 cum
2928 5690 3264 5746 dubitatione
3311 5691 3560 5755 seminat,
3588 5690 3766 5745 nescit

2189 5785 2331 5841 enim
2380 5785 2636 5856 prodesse
2682 5783 2826 5856 quod
2876 5781 3025 5840 facit.
3073 5781 3145 5837 Et
3169 5798 3256 5854 qut
3283 5783 3502 5838 seminat
3529 5780 3583 5837 in
3609 5779 3768 5836 bene-
