4022 6338
294 396 408 454 213

794 391 1342 453 ENARRA'I‘IONUM
1375 391 1443 449 lN
1477 391 1626 448 EPP.
1666 387 1872 447 PAULI
1910 388 2039 444 LIB.
2080 385 2217 443 Xlll.
2251 416 2323 427 —-
2352 383 2421 441 IN
2461 380 2678 457 EPIST.
2716 380 2761 438 ll
2802 380 2892 437 AD
2926 376 3093 438 COR'

3440 376 3567 433 ut:

298 505 636 572 dictionibus,
655 504 723 560 de
734 505 1175 562 benedictionibus
1188 515 1238 561 et
1257 513 1426 561 metet.
1459 501 1665 576 (Greg.)
1693 500 1872 559 Hicin
1900 502 1951 563 Α
1974 512 2188 568 perum,
2216 496 2355 555 utin
2374 494 2521 553 omni
2541 507 2704 566 opere
2722 494 2863 550 bono
2886 491 3174 549 abundent.
3203 490 3259 549 St
3279 492 3424 549 enim
3444 493 3557 549 bu-

300 596 680 656 benedictione
705 596 954 663 sentiam,
998 595 1097 666 qui
1142 595 1284 652 bona
1324 593 1619 660 voluntate,
1644 593 1747 648 sub
1782 605 1877 662 spe
1969 588 2061 659 jus
2074 589 2167 661 qui
2179 588 2505 662 pauperibus
2520 585 2749 657 largitur
2759 583 2969 656 iustitia
2983 590 3166 639 manet
3184 582 3241 638 in
3259 590 3559 651 aeternum,

298 690 501 747 futura
543 684 914 744 retributionis
958 686 1063 741 hoc
1104 685 1236 755 agit.
1268 683 1422 739 Unde
1459 689 1516 739 et
1559 681 1878 752 przedicator

300 777 573 851 egregius,
613 784 675 832 ut
715 776 785 830 ad
825 773 1094 845 largitatis
1139 772 1370 844 gratiam
1420 772 1630 826 viscera
1677 778 1877 827 nostra:

296 863 694 937 eompassionis
727 863 1066 927 accenderet,
1094 860 1233 917 dixit
1261 877 1275 914 :
1310 858 1531 931 Propter
1557 875 1651 914 nos
1689 874 1877 930 egenus

301 959 477 1029 factus
504 964 581 1013 est
601 972 721 1011 cum
741 955 881 1010 dives
902 962 1057 1019 esset,
1079 952 1173 1023 qui
1211 951 1257 1008 si
1286 951 1451 1008 etiam
1481 950 1631 1016 dicit,
1674 967 1780 1006 non
1819 960 1876 1005 ut

300 1048 426 1103 aliis
446 1047 515 1102 sit
543 1045 800 1111 remissio,
827 1044 974 1099 nobis
1001 1054 1175 1098 autem
1199 1040 1495 1106 tribulatia,
1521 1041 1639 1098 haec
1687 1039 1878 1110 procul

302 1138 467 1197 dubio
489 1135 967 1193 condescendendo
1001 1132 1230 1189 inﬁmis
1254 1132 1457 1197 intulit,
1486 1131 1739 1202 quoniam
1759 1131 1877 1201 qui-

298 1228 532 1285 busdam
580 1227 819 1296 inopiam
865 1223 1009 1281 ferre
1050 1238 1161 1279 non
1207 1221 1511 1279 valentibus
1547 1220 1877 1277 tolerabilius

298 1329 388 1375 est
413 1319 594 1375 minus
623 1317 878 1385 tribuere,
915 1330 1080 1387 quam
1120 1321 1245 1386 post
1271 1313 1576 1383 largitatem
1606 1327 1759 1369 suam
1808 1327 1877 1368 ex

300 1409 499 1480 inopiae
526 1407 779 1477 angustia
808 1420 1170 1461 murmurare.
1202 1403 1337 1460 Nam
1368 1411 1431 1459 ut
1451 1403 1519 1459 ad
1550 1417 1743 1474 magna
1768 1402 1876 1458 lar-

299 1498 485 1570 giendi
513 1497 691 1553 studia
727 1495 1057 1553 audientium
1102 1502 1314 1551 mentes
1353 1492 1691 1558 accenderet,
1719 1491 1877 1562 paulo

296 1598 426 1661 post
445 1588 627 1647 intulit
652 1587 879 1644 dicens:
913 1583 1031 1642 Hoc
1076 1596 1249 1642 autem
1281 1586 1424 1649 dico,
1475 1584 1567 1655 qui
1608 1598 1764 1654 parce
1790 1598 1875 1638 se-

298 1682 489 1745 minat,
510 1694 667 1751 parce
693 1687 745 1733 et
770 1684 923 1732 metet
950 1689 970 1729 :
996 1675 1118 1747 plus
1140 1684 1319 1732 autem
1349 1688 1733 1743 nonnunquam
1758 1685 1877 1729 esse

299 1770 558 1835 dicimus,
586 1768 821 1840 compati
847 1782 915 1823 ex
940 1768 1124 1833 corde,
1157 1782 1321 1838 quam
1362 1766 1520 1833 dare;
1551 1765 1675 1836 quia
1720 1765 1875 1836 quis-

1974 689 2177 752 quanto
2216 678 2389 751 magis
2425 676 2542 747 ejus
2575 676 2666 748 qui
2693 675 2963 730 ministrat
3009 672 3246 735 sanctis?
3286 686 3550 744 pauperes

1972 773 2119 830 enim
2144 777 2370 842 possunt
2408 768 2559 835 diei;
2597 767 2689 837 qui
2740 765 2952 836 publice
2988 763 3141 834 egeni
3178 772 3342 829 sunt;
3376 763 3550 819 sancti

1974 864 2119 921 enim
2162 863 2538 919 discernuntur
2579 859 2647 914 ab
2690 857 2795 922 his,
2820 855 2948 928 quia
2987 856 3042 912 hi
3089 856 3231 911 servi
3273 855 3370 911 Dei
3403 863 3548 921 sunt,

1974 954 2287 1010 insistentes
2311 949 2648 1006 orationibus
2669 955 2722 1003 ct
2734 945 2971 1018 jejnniis,
2988 959 3181 1015 puram
3198 944 3361 999 vitam
3388 956 3552 1013 agen-

1976 1052 2079 1099 tes.
2131 1039 2285 1097 Sicut
2321 1047 2378 1094 et
2408 1040 2565 1094 Anna
2591 1035 2930 1108 pr0phetissa
2959 1050 3080 1105 qua:
3119 1051 3224 1089 non
3258 1032 3554 1089 discedebat

1975 1135 2040 1188 de
2063 1129 2273 1203 templo,
2292 1129 2513 1201 jejuniis
2531 1138 2590 1183 et
2616 1127 2940 1183 orationibus
2965 1127 3188 1182 sentiens
3208 1125 3296 1180 die
3318 1141 3382 1195 ac
3404 1132 3554 1185 nocte

1974 1220 2129 1296 (Luc.
2151 1218 2234 1292 tt),
2277 1232 2492 1274 onmem
2532 1215 2715 1272 mundi
2762 1228 2948 1270 curam
2977 1220 3323 1283 postponens.
3356 1211 3557 1268 Miseri-

1972 1308 2161 1365 cordia
2207 1322 2338 1379 ergo
2381 1307 2497 1362 haec
2538 1304 2806 1377 appellata
2830 1311 2915 1361 est
2948 1301 3180 1372 iustitia,
3222 1302 3350 1373 quia
3378 1302 3559 1358 sciens

1974 1403 2066 1474 qui
2090 1403 2313 1475 largitur
2334 1402 2516 1457 omnia
2547 1402 2713 1456 Deum
2733 1399 3094 1458 communiter
3110 1399 3365 1455 omnibus
3391 1398 3524 1455 dare
3539 1437 3557 1465 ,

1975 1493 2103 1565 quia
2128 1492 2209 1549 sol
2234 1490 2351 1562 ejus
2375 1491 2628 1549 omnibus
2664 1492 2871 1556 oritur,
2912 1501 2967 1547 et
3008 1489 3147 1561 pluit
3181 1490 3471 1556 omnibus,
3505 1496 3562 1545 et

1976 1596 2179 1645 terram
2213 1587 2464 1645 omnibus
2495 1587 2679 1646 dedit.
2708 1585 2911 1641 idcirco
2947 1584 3137 1641 dividit
3170 1599 3293 1640 cum
3322 1585 3439 1649 his,
3466 1585 3561 1655 qui

1977 1680 2186 1751 copiam
2222 1688 2382 1735 terrm
2415 1692 2522 1733 non
2556 1678 2792 1742 habent,
2832 1691 2901 1731 ne
2938 1674 3216 1732 beneﬁciis
3248 1674 3345 1730 Dei
3367 1675 3560 1744 privati

1977 1770 2281 1826 videantur.
2308 1768 2493 1825 Justus
2515 1783 2645 1840 ergo
2671 1776 2779 1833 est,
2809 1767 2902 1838 qui
2927 1766 3029 1822 sibi
3058 1766 3160 1822 soli
3184 1782 3292 1822 non
3323 1766 3558 1831 detinet,

296 1859 430 1929 quis
470 1856 710 1929 perfecte
750 1857 1012 1928 indigenti
1051 1856 1396 1928 compatitur,
1425 1855 1605 1910 minus
1645 1856 1877 1912 aestimat
1902 1857 1950 1918 B
1975 1860 2118 1932 quod
2144 1860 2247 1916 scit
2270 1859 2521 1915 omnibus
2548 1858 2756 1923 datum,
2780 1866 2836 1912 et
2851 1857 3033 1927 justus
3059 1871 3169 1912 non
3193 1854 3368 1911 solum
3393 1870 3558 1922 nunc,

297 1962 463 2004 omne
483 1948 627 2018 quod
652 1946 766 2014 dat,
788 1947 892 2002 nisi
917 1946 1062 2002 enim
1084 1946 1264 2002 dantis
1282 1961 1500 2017 manum
1522 1945 1663 2000 bona
1686 1945 1876 2000 volun-

298 2048 389 2096 tas
410 2038 670 2104 vinceret,
694 2037 835 2094 idem
853 2037 1178 2107 praedicator
1196 2035 1445 2108 egregius
1472 2034 1749 2107 discipulis
1768 2048 1875 2090 non

298 2131 551 2197 dixisset,
574 2130 665 2200 qui
694 2145 798 2184 non
817 2128 987 2184 solum
1008 2127 1199 2199 facere,
1226 2127 1314 2182 sed
1341 2139 1387 2182 et
1408 2125 1535 2182 velle
1561 2125 1784 2198 coepistis
1811 2126 1876 2181 ab

298 2238 443 2277 anno
490 2221 682 2292 priore.
724 2219 903 2275 Facile
926 2219 1123 2290 quippe
1157 2225 1242 2274 est
1272 2218 1326 2272 in
1372 2218 1518 2273 bono
1542 2231 1705 2287 opere
1745 2216 1876 2272 obe-

296 2313 422 2369 dire
437 2312 602 2367 etiam
618 2309 915 2376 nolentem,
936 2309 1032 2365 sed
1057 2309 1173 2364 haac
1194 2322 1389 2379 magna
1406 2307 1459 2361 in
1479 2305 1753 2377 discipulis
1771 2305 1880 2361 vir-

299 2416 391 2461 tus
412 2404 713 2467 exstiterat,
738 2416 833 2458 cos
862 2401 1084 2466 bonum,
1109 2400 1252 2470 quod
1290 2399 1397 2455 illis
1420 2406 1747 2468 praeceptum
1775 2408 1877 2464 est,

297 2509 356 2555 et
391 2505 523 2553 ante
544 2496 800 2552 voluisse.
831 2491 1196 2565 Unusquisque
1226 2501 1379 2564 prout
1421 2490 1695 2546 destinavit
1726 2489 1883 2544 corde

296 2604 425 2655 suo,
453 2604 556 2642 non
581 2603 646 2642 ea:
670 2585 903 2651 tristitia,
927 2592 1104 2639 aut-ea:
1128 2582 1430 2637 necessitate
1451 2599 1468 2637 :
1491 2580 1713 2635 hilarem
1739 2579 1879 2635 enim

296 2678 538 2734 datorem
547 2677 715 2748 diligit
738 2674 894 2730 Deus.
912 2674 1148 2746 (Ambr.)
1166 2674 1333 2730 Docet
1348 2672 1467 2728 illos
1482 2680 1611 2727 tunc
1624 2671 1883 2742 prodesse

298 2768 409 2824 hoc
441 2768 494 2823 in
522 2766 782 2833 futurum,
816 2766 862 2822 si
888 2765 1010 2823 lmto
1035 2764 1216 2820 animo
1241 2763 1337 2818 ﬁat
1368 2780 1382 2818 :
1409 2776 1477 2818 ex
1500 2762 1587 2818 his
1614 2762 1759 2817 enim
1792 2761 1883 2832 qui

298 2857 577 2924 inferunt,
602 2858 746 2913 hunc
772 2855 931 2928 elegit
953 2854 1095 2911 Deus
1130 2855 1219 2909 cui
1250 2853 1532 2919 retribuat,
1566 2852 1661 2923 qui
1687 2851 1884 2908 devoto

298 2948 468 3008 corde
489 2955 764 3019 operatur,
796 2946 951 3018 quasi
980 2945 1354 3002 thesaurizans
1378 2942 1480 2999 sibi
1519 2942 1659 3014 apud
1684 2943 1881 2997 Deum:

298 3041 432 3112 quia
464 3040 556 3110 qui
594 3039 794 3094 invitus
824 3037 988 3104 facit,
1033 3043 1254 3108 propter
1275 3043 1596 3107 praesentem
1624 3035 1885 3106 pudorem

297 3148 374 3190 ne
427 3132 547 3187 aliis
586 3130 943 3187 inferentibus
986 3130 1159 3201 turpis
1204 3128 1544 3195 inveniatur,
1583 3128 1884 3184 mercedem

1977 1954 2071 2011 sed
2099 1954 2228 2010 etin
2254 1961 2539 2019 aeternum,
2567 1951 2692 2021 quia
2722 1950 2777 2006 in
2807 1949 2989 2005 futuro
3012 1947 3209 2007 sasculo
3232 1946 3374 2005 hanc
3400 1947 3565 2004 habe-

1975 2046 2056 2118 bit
2077 2059 2263 2102 secum
2291 2044 2346 2101 in
2370 2050 2713 2116 perpetuum.

2050 2122 2354 2204 Qul’autem
2383 2133 2715 2189 administrat
2743 2148 2917 2188 semen
2941 2131 3220 2187 seminanti
3242 2170 3258 2197 ,
3298 2139 3346 2184 et
3376 2145 3567 2201 partem

1979 2229 2049 2286 ad
2079 2227 2500 2283 manducandum
2543 2225 2851 2297 prwstabit,
2891 2232 2939 2280 et
2985 2221 3351 2278 multinlirabit
3391 2237 3565 2277 semen

1978 2328 2289 2386 oestrum,et
2308 2318 2512 2389 augebit
2537 2318 2853 2372 incrementa
2874 2315 3084 2387 frugum
3114 2313 3339 2385 justitia:
3360 2325 3562 2378 vestra,

1982 2420 2036 2465 ut
2066 2411 2120 2465 in
2146 2409 2387 2465 omnibus
2412 2407 2712 2479 locupletati
2741 2406 3017 2462 abundetis
3047 2406 3101 2461 in
3135 2421 3338 2461 omnem
3364 2403 3568 2475 simpli-

1978 2500 2208 2555 citatem.
2237 2497 2428 2555 Omnia
2460 2496 2555 2553 Dei
2580 2504 2728 2563 sunt,
2757 2503 2814 2551 et
2835 2495 3064 2560 semina,
3088 2502 3143 2550 et
3168 2493 3446 2550 nascentia
3468 2493 3565 2548 Dei

1980 2598 2115 2646 nutu
2140 2596 2411 2652 crcsmtnt,
2441 2596 2498 2645 et
2535 2586 2960 2658 multiplicantur
2986 2585 3054 2641 ad
3085 2600 3216 2641 usus
3243 2586 3519 2645 hominum
3548 2603 3561 2617 ·

1982 2684 2122 2739 Deus
2142 2695 2271 2752 ergo
2297 2680 2389 2752 qui
2410 2680 2527 2735 haec
2546 2679 2659 2745 dat,
2674 2680 2787 2749 ipse
2810 2685 2865 2735 et
2883 2675 3039 2747 jubet
3065 2676 3129 2731 de
3151 2676 3236 2731 bis
3262 2675 3552 2731 communi-

1981 2774 2197 2832 caricis
2226 2773 2318 2842 qui
2360 2771 2626 2843 indigent,
2646 2786 2713 2826 ac
2735 2785 2832 2841 per
2862 2763 3095 2845 hoc,non
3115 2769 3315 2838 poterit
3341 2769 3430 2839 qui
3465 2769 3535 2824 tri

1983 2863 2099 2921 buit
2119 2862 2273 2933 juxta
2296 2862 2388 2917 Dei
2410 2860 2869 2923 voluntatem,D’ei
2898 2868 3029 2915 nutu
3058 2874 3165 2913 non
3194 2858 3571 2929 augeriincre‘

1984 2954 2499 3026 mentishujusmodi
2521 2953 2588 3009 ad
2603 2952 3039 3023 ampliﬁcandum
3063 2951 3296 3007 fructum
3307 2942 3533 3021 justitizn
3550 2993 3562 3012 .

1986 3045 2134 3101 danti
2159 3045 2301 3101 enim
2328 3044 2511 3108 addit,
2547 3052 2608 3098 ut
2638 3058 2704 3099 eo
2729 3040 2958 3112 amplius
2987 3041 3212 3107 habent,
3241 3040 3384 3096 unde
3405 3040 3570 3113 largi-

1988 3146 2155 3194 retur.
2187 3135 2312 3192 Htec
2347 3144 2432 3191 est
2450 3134 2686 3204 iustitia,
2724 3141 2784 3189 ut
2813 3132 2939 3204 quia
2971 3131 3111 3188 Deus
3138 3133 3264 3198 dat,
3309 3131 3573 3187 retribuat

298 3241 413 3285 non
453 3223 635 3280 habet.
680 3222 873 3278 Potens
913 3231 989 3278 est
1028 3232 1202 3277 autem
1243 3220 1383 3277 Deus
1414 3236 1619 3276 omnem
1659 3219 1883 3291 gratiam
1912 3202 1956 3264 ε
1988 3245 2055 3284 ex
2079 3242 2145 3283 eo
2168 3238 2226 3284 et
2244 3227 2406 3282 homo
2432 3202 2506 3291 ei,
2533 3225 2618 3280 cui
2641 3202 2944 3291 decst;vhos
2965 3222 3110 3279 enim
3152 3222 3266 3277 vult
3291 3222 3572 3279 ministros

300 3314 575 3370 abundare
613 3313 787 3383 facere
819 3314 875 3367 in
908 3313 1068 3368 vobis.
1114 3312 1210 3367 Dei
1248 3312 1543 3383 potentiam
1572 3311 1640 3365 ad
1674 3325 1795 3366 esse
1823 3309 1887 3364 il-

299 3405 371 3461 lis
411 3410 651 3476 exoptat,
700 3413 757 3459 ut
806 3404 946 3459 sicut
986 3404 1042 3459 in
1085 3402 1436 3459 emendandis
1474 3402 1642 3467 vitiis,
1686 3410 1741 3457 et
1792 3403 1887 3458 do-

298 3497 497 3553 ctrina:
510 3496 739 3552 veritate
753 3495 1063 3566 compungit
1082 3495 1245 3550 corda
1268 3490 1503 3559 illorum,
1522 3493 1597 3548 ita
1619 3499 1675 3546 et
1699 3492 1755 3545 in
1783 3491 1885 3547 hoc

302 3585 484 3641 faveat
505 3585 698 3656 emptis
724 3584 960 3651 illorum,
988 3592 1049 3638 ut
1075 3582 1349 3639 abundent
1371 3582 1425 3637 in
1446 3581 1590 3638 omni
1622 3582 1764 3637 bono
1793 3596 1888 3652 per

299 3678 535 3749 gratiam
565 3676 682 3733 Dei.
723 3675 791 3731 Ut
828 3673 883 3730 in
909 3675 1143 3739 omnibus
1174 3690 1375 3745 semper
1398 3686 1601 3731 omnem
1635 3673 1888 3743 sufﬁcien—

301 3769 434 3822 tiam
463 3767 707 3822 habentes
727 3765 999 3821 abundetis
1014 3766 1070 3820 in
1093 3781 1242 3819 omne
1263 3781 1389 3837 opus
1418 3765 1628 3819 bonum.
1652 3761 1887 3835 (Ambr.)

301 3856 422 3913 Boc
458 3857 587 3913 dicit
626 3864 683 3912 et
722 3863 893 3926 optat,
934 3863 989 3910 ut
1031 3855 1086 3909 in
1120 3855 1267 3909 omni
1305 3868 1520 3923 semper
1558 3853 1889 3909 subicientes

300 3946 409 4004 sibi
437 3946 545 4003 sint
573 3946 668 4001 Dei
696 3953 847 4009 nutu,
884 3958 984 3999 nec
1008 3944 1282 4015 indigeant
1307 3942 1393 4000 bis
1430 3958 1550 4013 qua:
1572 3942 1639 3997 ad
1659 3942 1887 3998 salutem

305 4038 613 4095 necessaria
640 4045 785 4093 sunt.
822 4035 880 4093 Si
901 4052 1033 4108 ergo
1061 4035 1440 4091 sufﬁcientiam
1464 4035 1565 4090 sibi
1591 4034 1760 4089 solam
1789 4033 1888 4089 cli-

300 4137 435 4202 gant
458 4171 474 4196 ,
506 4135 755 4200 poterunt
801 4128 856 4182 in
894 4127 992 4182 Dei
1032 4141 1195 4197 opere
1222 4127 1495 4183 abundare
1531 4144 1547 4179 :
1577 4125 1715 4180 illud
1742 4125 1888 4180 enim

300 4220 410 4277 sibi
467 4219 747 4275 retinendo
796 4218 940 4289 quod
978 4216 1211 4283 sufficit,
1244 4224 1440 4273 caetera
1487 4217 1542 4272 in
1593 4231 1724 4272 usus
1762 4231 1889 4271 san-

300 4323 540 4378 ctorum,
566 4311 651 4367 vel
674 4324 969 4382 pauperum
996 4309 1307 4380 impendant
1332 4323 1553 4367 necesse
1581 4315 1687 4373 est,
1708 4308 1888 4364 ethoc

298 4405 412 4459 erit
441 4404 716 4459 abundare
740 4402 795 4456 in
818 4401 967 4456 omni
993 4414 1156 4470 opere
1182 4401 1355 4465 bono;
1388 4399 1517 4455 licet
1538 4399 1682 4454 enim
1709 4397 1887 4468 exigui

300 4495 540 4551 hominis
566 4495 638 4550 sit
654 4509 881 4565 parvum
902 4493 1047 4563 quod
1073 4491 1279 4558 tribuit,
1299 4489 1535 4547 abundat
1556 4499 1735 4547 tamen
1760 4490 1886 4561 quia

304 4597 457 4645 recto
489 4587 695 4660 judicio
724 4586 803 4651 lit,
847 4593 1033 4642 etnon
1073 4586 1246 4641 solum
1286 4586 1548 4656 quaeritur
1578 4594 1843 4658 quantum
1867 4627 1884 4654 ,

280 4678 406 4734 ‘sed
436 4686 494 4733 et
521 4676 588 4733 de
612 4685 816 4747 quanto
838 4717 854 4741 ,
891 4683 947 4731 et
971 4690 1078 4747 quo
1105 4676 1286 4731 animo
1320 4676 1496 4736 detur.
1530 4676 1770 4746 Denique
1797 4674 1886 4733 illa

303 4767 470 4823 vidua
488 4767 544 4822 iu
568 4765 860 4838 Evangelio
874 4765 940 4821 de
964 4780 1130 4836 parvo
1153 4764 1366 4821 laudata
1392 4773 1497 4831 est,
1523 4771 1580 4821 et
1605 4765 1694 4835 qui
1718 4765 1885 4821 multa

302 4857 597 4914 mittebant
622 4854 825 4912 laudati
852 4870 959 4913 non
987 4864 1135 4923 sunt,
1160 4856 1301 4911 illius
1325 4856 1468 4911 enim
1494 4869 1722 4926 parvum
1752 4855 1890 4911 mul-

305 4955 424 5004 tum
452 4954 558 5014 est,
590 4946 715 5018 quia
750 4946 881 5016 plus.
900 4947 1047 5004 misit
1080 4962 1242 5017 quam
1283 4955 1496 5017 poterat
1524 4963 1538 5002 :
1576 4946 1771 5005 divites
1794 4962 1889 5002 au-

308 5051 420 5098 tem
450 5040 630 5095 minus
665 5039 948 5105 miserunt,
972 5054 1095 5096 cum
1136 5039 1256 5117 plus
1290 5046 1539 5109 possent,
1570 5052 1635 5094 ac
1663 5054 1762 5109 per
1788 5039 1893 5096 hoc

306 5130 581 5187 modicum
630 5128 794 5194 illius,
825 5128 950 5199 quia
988 5128 1127 5187 ultra
1158 5129 1299 5184 vires
1324 5142 1452 5184 suas
1476 5128 1642 5193 misit,
1671 5128 1790 5199 plus
1808 5128 1893 5184 in-

302 5234 530 5280 vcntum
555 5233 640 5278 est
666 5238 829 5292 quam
857 5221 1080 5276 divitum
1111 5222 1338 5278 multum
1363 5263 1378 5289 ,
1408 5221 1533 5291 quia
1558 5221 1626 5277 de
1652 5238 1718 5280 eo
1747 5224 1888 5293 quod

306 5315 617 5371 abundabat
640 5314 722 5369 eis
751 5313 1032 5377 miserunt,
1072 5314 1163 5383 qui
1182 5329 1315 5386 ergo
1344 5322 1550 5369 tantum
1582 5314 1692 5380 dat,
1723 5330 1891 5384 quan-

308 5417 422 5462 tum
450 5414 651 5478 potest,
685 5415 831 5462 recte
860 5404 1011 5471 facit,
1042 5405 1255 5461 viduam
1282 5414 1459 5462 tamen
1490 5406 1633 5462 illam
1670 5415 1794 5462 ante
1834 5422 1893 5462 se

306 5499 472 5556 habet
493 5538 510 5564 ,
542 5498 669 5570 quia
692 5498 808 5552 hmo
834 5511 993 5552 omne
1018 5496 1161 5566 quod
1186 5496 1374 5551 habuit
1405 5497 1551 5553 misit
1572 5496 1724 5569 (Luc.
1753 5498 1891 5565 xm).

309 5591 459 5647 Sicut
494 5590 745 5661 scriptum
789 5598 906 5645 est:
940 5589 1217 5660 Dispersit,
1248 5589 1390 5643 dedit
1424 5588 1735 5661 pauperibus
1761 5605 1780 5644 :
1800 5590 1896 5660 ju-

308 5685 454 5740 stitia
474 5684 591 5755 ejus
626 5693 801 5740 manet
841 5683 895 5739 in
915 5682 1168 5739 swculum
1200 5681 1398 5737 strculi.
1444 5681 1557 5738 Hoc
1599 5683 1651 5737 in
1682 5682 1896 5741 Psalmo

310 5776 573 5847 scriptum
598 5784 682 5834 est
700 5790 787 5834 cst
809 5795 823 5835 ξ
848 5790 948 5848 per
967 5774 1269 5851 exemplum
1288 5774 1435 5831 addit
1463 5774 1530 5833 ad
1550 5790 1736 5833 curam
1765 5790 1897 5845 pau-

1917 4551 1966 4611 D

1984 3333 2104 3375 esse
2143 3330 2365 3382 eorum,
2415 3315 2506 3386 qui
2540 3315 2749 3385 potiora
2781 3313 3039 3383 eligentes
3075 3311 3259 3382 copias
3289 3312 3572 3383 praesentis

1985 3408 2242 3480 temporis
2256 3415 2536 3478 spernunt,
2556 3414 2694 3462 totos
2717 3420 2776 3462 sc
2798 3403 2894 3461 Dei
2916 3405 3078 3460 rebus
3092 3403 3412 3474 obligantcs.
3436 3400 3574 3459 Uni-

1986 3499 2181 3571 cuique
2214 3498 2357 3555 cnim
2378 3497 2669 3553 secundum
2691 3496 2887 3553 bonam
2920 3494 3249 3550 voluntatem
3265 3493 3406 3549 Deus
3426 3509 3570 3565 prm—

1986 3599 2097 3647 stat
2126 3588 2404 3644 auxilium.
2431 3586 2617 3643 Sancti
2647 3587 2789 3642 enim
2817 3586 2908 3656 qui
2940 3582 3073 3641 nihil
3103 3583 3287 3640 volunt
3318 3583 3407 3640 hic
3432 3598 3568 3655 pos-

1988 3681 2188 3745 sidcre,
2214 3680 2318 3735 nisi
2340 3679 2539 3734 victum
2563 3678 2765 3734 habere
2792 3685 2848 3732 et
2869 3677 3143 3741 vestitum,
3184 3676 3285 3733 bos
3320 3690 3415 3746 qu.
3454 3675 3572 3731 haec

1988 3770 2399 3828 habere’volunt
2425 3778 2632 3823 tutores
2655 3767 2878 3823 illorum'
2893 3768 3036 3823 Deus
3058 3780 3178 3821 esse
3206 3765 3487 3836 disposuit,
3511 3774 3574 3827 ut

1988 3864 2080 3933 qui
2104 3864 2239 3919 bene
2261 3870 2318 3917 et
2342 3860 2659 3932 simpliciter
2683 3860 2763 3915 eis
2783 3858 3194 3923 ministraverit,
3216 3857 3575 3928 ampliﬁcetur

1989 3954 2083 4008 Dei
2100 3959 2313 4017 nutu,ut
2326 3950 2668 4006 habeatunde
2680 3963 2892 4019 semper
2903 3948 2950 4002 la
2958 3947 3243 4019 rgiatur,et
3256 3947 3323 4004 ad
3336 3961 3576 4019 praesens

1989 4046 2368 4118 locupletatus,
2391 4052 2446 4099 et
2467 4043 2520 4099 in
2542 4042 2799 4098 futurum.
2822 4040 3004 4097 Semel
3028 4041 3174 4101 enim
3197 4041 3476 4099 seminans
3488 4040 3579 4099 bis

1988 4146 2174 4204 metet,
2197 4137 2270 4191 ita
2284 4144 2346 4191 ut
2368 4134 2413 4192 si
2436 4133 2631 4190 futuris
2651 4133 2848 4205 spebus
2866 4131 3118 4198 consulit,
3135 4130 3577 4201 uoliteossubjer

1989 4240 2105 4287 ctos
2138 4230 2361 4294 habere,
2399 4227 2494 4283 sed
2529 4226 2703 4298 magis
2740 4241 2801 4282 se
2833 4227 2915 4283 eis
2952 4225 3195 4292 inclinet,
3227 4225 3356 4296 quia
3397 4241 3430 4280 a
3464 4223 3578 4281 Deo

1990 4321 2148 4391 hujus
2192 4320 2272 4376 rei
2318 4319 2548 4393 accipiet
2581 4318 2911 4374 mercedem.
2946 4316 3003 4373 Si
3041 4317 3184 4374 enim
3227 4317 3295 4374 ad
3337 4332 3585 4388 praesens.

1990 4410 2265 4468 humiliari
2300 4424 2394 4465 eos
2426 4409 2531 4465 sibi
2563 4408 2813 4475 voluerit,
2844 4422 2994 4479 spem
3027 4408 3194 4469 futuri
3219 4408 3437 4464 amittit.
3477 4406 3579 4464 llic

1989 4502 2136 4559 enim
2174 4499 2384 4570 accepit
2411 4498 2718 4555 mercedem
2762 4498 2945 4571 operis
2981 4498 3087 4565 sui,
3123 4514 3233 4555 non
3261 4499 3583 4569 simpliciter-

1992 4592 2097 4647 hoc
2136 4605 2320 4662 agens,
2362 4589 2505 4649 sicut
2538 4589 2669 4645 dicit
2707 4588 2967 4651 Dominus
2997 4602 3014 4647 :
3040 4589 3204 4647 Amen
3247 4589 3366 4644 dico
3411 4590 3577 4657 vobis,

1990 4691 2326 4755 perceperunt
2354 4681 2833 4739 mercedemsuam.
2846 4682 2865 4751 (
2872 4680 3062 4739 Matth.
3091 4680 3192 4753 vt).

2066 4771 2199 4839 Qua:
2244 4780 2492 4843 operatur
2532 4787 2626 4842 per
2665 4786 2760 4827 nos
2796 4770 3089 4842 gratiarum
3132 4769 3393 4826 actionem
3442 4771 3576 4841 Deo,

1992 4861 2240 4934 quoniam
2278 4860 2623 4921 ministerium
2657 4859 2832 4930 hujus,
2861 4860 3047 4930 ofﬁcii,
3088 4877 3193 4916 non
3232 4861 3404 4917 solum
3449 4878 3577 4934 sup-

1992 4951 2097 5025 plet
2132 4968 2197 5006 ea
2228 4968 2346 5027 qute
2377 4952 2567 5009 desunt
2606 4954 2802 5015 sanctis
2824 4992 2838 5017 ,
2882 4951 2974 5015 sed
3017 4953 3174 5008 etiam
3213 4953 3446 5009 abundat
3484 4971 3582 5026 per

1994 5043 2186 5103 multas
2204 5044 2495 5115 gratiarum
2515 5044 2743 5103 actiones
2764 5046 2819 5101 in
2844 5044 3084 5113 Domino,
3110 5061 3203 5116 per
3223 5046 3580 5118 probationem

1994 5136 2270 5198 ministerii
2314 5135 2501 5206 hujus,
2551 5133 2907 5206 gloriﬁcantes
2932 5136 3097 5193 Deum
3142 5138 3200 5193 in
3234 5138 3580 5196 obedientiam

1995 5227 2336 5298 confessionis
2362 5235 2561 5293 vestra,
2595 5227 2652 5282 in
2680 5226 3023 5299 Evangelium
3049 5228 3268 5296 Christi,
3297 5238 3345 5284 et
3378 5229 3582 5301 simpli-

1994 5318 2148 5372 citate
2168 5317 2651 5373 communicationis
2679 5319 2733 5372 in
2753 5318 2893 5384 illos,
2922 5329 2969 5373 et
2990 5318 3045 5373 in
3072 5336 3270 5387 omnes,
3295 5329 3345 5376 et
3368 5320 3423 5376 in
3447 5322 3582 5392 ipso-

1996 5425 2113 5463 rum
2142 5408 2496 5464 obsecratione
2528 5426 2622 5481 pro
2662 5411 2839 5475 vobis,
2881 5411 3288 5474 desiderantium
3332 5428 3421 5467 vos
3457 5427 3581 5483 pro-

1993 5508 2107 5570 pter
2137 5499 2441 5554 eminentem
2464 5502 2689 5571 gratiam
2714 5499 2813 5555 Dei
2847 5502 2901 5557 in
2929 5502 3085 5556 vobis.
3114 5500 3328 5558 Gratias
3354 5501 3462 5557 Deo
3493 5517 3583 5556 su-

1996 5606 2090 5662 per
2117 5590 2459 5646 inenarrabili
2486 5592 2624 5647 dono
2655 5593 2791 5663 ejus.
2823 5592 2937 5649 Hoc
2963 5593 3096 5648 dicit
3123 5593 3248 5663 quia
3272 5594 3582 5663 quicunque

1999 5688 2253 5752 operatur
2280 5696 2377 5752 per
2404 5682 2804 5754 dispensatores
2832 5684 2957 5740 doni
2990 5682 3085 5738 Dei
3125 5683 3226 5738 hoc
3262 5680 3583 5751 opus‘unde

2000 5775 2187 5851 gratia:
2215 5783 2445 5847 agantur
2471 5776 2604 5844 Deo,
2636 5776 2704 5833 ab
2740 5776 2825 5832 bis
2849 5774 3311 5859 auinecessarios
3335 5780 3580 5839 sumptus
