4022 6338
20 74 23 145 +

505 358 611 414 215
1149 359 1210 416 Β.
1252 358 1499 418 ΜΒΑΜ
1539 358 1753 420 MAURl
1791 361 2060 418 ARCHIEI

2160 360 2461 420 llOGUN'l‘.
2497 362 2787 425 OPEBUK
2819 363 2999 424 PARS
3035 366 3123 422 111.
3653 363 3767 420 216

504 476 775 548 accipiunt
798 477 906 532 sub
930 478 1147 533 nomine
1171 476 1393 542 Christi,
1420 493 1526 532 non
1549 477 1881 532 mendicitati
1910 475 2088 544 subje-
2112 482 2164 540 Α
2188 481 2279 549 qui
2315 482 2522 550 spernit
2561 481 2856 550 spiritalia,
2886 482 3040 551 putat
3080 480 3171 535 illa
3206 478 3462 537 carnalia.
3501 477 3569 533 In
3602 488 3769 534 cum!

501 567 600 633 eti,
634 567 730 622 sed
774 565 906 629 Deo,
937 565 1005 620 de
1031 564 1182 634 cujus
1201 566 1364 621 bonis
1397 566 1466 620 ali
1495 581 1555 621 se
1582 574 1799 629 norunt,
1824 581 1930 621 non
1960 576 2078 621 tan-

490 666 614 739 ⁸ίιιηι
640 659 709 714 ab
732 658 811 713 eis
836 657 1023 728 gratiae
1049 657 1155 712 illis
1177 657 1484 712 referuntur
1505 696 1525 722 ,
1551 658 1644 712 sed
1662 672 1695 711 a
1716 657 1935 726 reliquis
1961 656 2077 711 fra-

501 750 693 815 tribus,
725 749 814 819 qui
844 763 944 819 pro
967 748 1051 803 his
1074 749 1275 818 gratias
1296 756 1453 819 agent
1483 749 1613 812 Deo,
1640 749 2076 803 commendantes

500 838 701 895 factum
720 839 955 907 ipsorum
985 837 1230 901 Domino,
1258 845 1317 892 ut
1342 838 1528 906 paucis
1558 839 1855 893 tribuentes
1882 852 1913 892 a
1940 836 2075 891 mul-

499 937 675 988 torum
709 927 1175 982 obsecrationibus
1191 929 1636 983 commendentur
1660 927 1767 982 Deo
1797 945 1810 980 :
1842 926 2074 997 proban-

498 1024 580 1073 tes
606 1018 748 1073 enim
776 1026 1013 1071 mentem
1028 1031 1216 1071 eorum
1236 1018 1289 1071 in
1309 1017 1410 1071 hoc
1437 1031 1617 1086 opere,
1646 1015 1993 1086 magniﬁcam
2016 1014 2071 1069 in

496 1110 576 1161 eis
602 1106 905 1170 Dominum,
943 1104 1097 1174 cujus
1120 1120 1217 1174 spe
1238 1106 1454 1170 limati,
1494 1105 1751 1160 obcdiunt
1781 1104 2072 1174 Evangelio

494 1195 693 1252 Christi
720 1196 775 1253 in
804 1193 1134 1263 subjectione
1172 1197 1387 1261 mentis,
1416 1211 1484 1251 ne
1522 1196 1689 1251 velint
1715 1210 1811 1250 eos
1845 1195 1945 1250 sibi
1970 1194 2072 1249 hu-

494 1285 709 1347 miliari,
734 1294 794 1339 nt
818 1286 1229 1356 praebeantqute
1262 1286 1567 1341 necessaria
1596 1294 1723 1340 sunt
1759 1285 1991 1349 sanctis;
2013 1293 2070 1340 et

492 1376 596 1431 hoc
614 1376 717 1430 erit
737 1375 792 1429 in
817 1376 1157 1447 simplicitate
1170 1391 1329 1447 agere
1342 1376 1544 1447 gratias
1564 1375 2069 1430 communicationis

490 1466 728 1532 illorum,
778 1467 1214 1522 commendantes
1256 1481 1315 1521 se
1351 1465 1684 1521 orationibus
1724 1465 1961 1534 ipsorum
2011 1471 2068 1519 et

488 1555 772 1612 desideriis
789 1571 996 1612 eorum.
1033 1556 1163 1623 Quis
1180 1556 1326 1611 enim
1350 1571 1457 1615 non
1480 1557 1661 1624 cupiat
1686 1554 1859 1610 oculis
1882 1553 2066 1610 videre

488 1649 901 1705 necessitatibus
921 1649 1035 1703 suis
1059 1656 1279 1719 propter
1296 1648 1393 1704 Dei
1414 1663 1608 1703 nomen
1634 1645 1939 1716 subjectos?
1959 1646 2063 1700 De-

486 1737 651 1808 nique
700 1736 795 1792 Dei
841 1737 980 1792 dona
1019 1745 1284 1792 vocantur
1321 1751 1337 1791 :
1371 1737 1482 1792 Deo
1509 1736 1653 1791 enim
1698 1735 1812 1800 dat,
1853 1736 1946 1805 qui
1976 1735 2063 1791 his

2176 568 2321 624 enim
2346 570 2699 633 ambulantes,
2740 587 2843 624 non
2885 569 3169 625 secundum
3206 582 3415 622 cantent
3449 567 3767 625 militamus.

2178 659 2292 715 Hoc
2311 669 2415 725 est,
2440 660 2494 714 in
2517 675 2741 731 corpore
2762 661 2945 732 positi,
2970 659 3285 730 spiritaliter
3306 659 3533 713 vivimus
3557 677 3571 707 ε
3596 658 3761 728 spiri-

2176 750 2356 805 taliter
2406 752 2548 807 enim
2594 753 2748 817 vivit,
2778 752 2873 823 qui
2904 752 3038 807 facit
3082 752 3225 822 quod
3268 750 3447 820 placet
3487 749 3635 810 Deo.
3666 748 3763 805 hic

2172 853 2301 909 ergo
2322 842 2615 897 secundum
2638 856 2857 898 carnem
2881 841 3096 906 militat,
3118 842 3210 911 qui
3233 840 3518 897 desideriis
3543 840 3758 894 obtem-

2172 937 2345 997 perat.
2368 929 2556 983 Omnis
2571 931 2715 986 enim
2746 946 2901 987 error
2924 945 3054 985 caro
3074 930 3306 983 dicitur:
3334 927 3549 984 Christo
3570 936 3756 982 autem

2173 1016 2287 1086 ipse
2303 1017 2515 1083 militat,
2529 1019 2617 1088 qui
2633 1019 2854 1075 obaudit
2867 1035 2990 1075 eum
3009 1019 3061 1073 in
3082 1018 3259 1073 lldeet
3278 1018 3595 1086 disciplina..
3612 1017 3755 1071 Nam

2169 1122 2319 1159 arma
2332 1106 2533 1161 militite
2547 1118 2736 1163 nostrw
2752 1127 2854 1164 non
2866 1108 3124 1172 carnalia,
3139 1108 3228 1163 sed
3242 1109 3469 1177 potentia
3483 1107 3615 1162 Deo.
3627 1107 3758 1163 Ideo

2166 1193 2328 1250 fortia
2354 1197 2479 1267 quia
2505 1198 2836 1269 incorrupta,
2863 1199 3043 1253 omnia
3059 1199 3203 1256 enim
3226 1198 3463 1253 carnalia
3488 1206 3750 1265 corrupta

2168 1295 2315 1347 sunt,
2346 1301 2498 1341 arma
2523 1300 2655 1357 ergo
2686 1287 2828 1353 ideo,
2853 1288 2977 1356 quia
3008 1296 3311 1357 repugnant
3339 1287 3503 1351 vitiis,
3532 1287 3752 1356 signum

2167 1373 2420 1429 habentia
2446 1376 2787 1445 imperatoris
2806 1378 2886 1431 sui
2914 1375 3139 1441 Christi,
3168 1377 3261 1446 qui
3291 1360 3460 1431 hostis
3480 1385 3567 1432 cst
3588 1377 3751 1431 vitio-

2167 1478 2306 1517 rum.
2333 1464 2487 1519 Sicut
2510 1464 2654 1520 enim
2678 1466 2970 1535 imperator
2990 1480 3086 1536 per
3108 1467 3305 1522 milites
3326 1465 3563 1521 vindicat
3587 1482 3749 1520 suum

2166 1569 2409 1623 regnum,
2441 1554 2525 1611 ita
2544 1563 2598 1610 et
2624 1555 2875 1611 Salvator
2897 1571 2992 1626 per
3020 1572 3119 1611 nos
3147 1571 3334 1611 servos
3355 1571 3482 1611 suos
3506 1555 3753 1610 defendit

2164 1645 2323 1701 unius
2348 1644 2441 1698 Dei
2464 1643 2852 1714 professionem
2873 1655 2929 1701 et
2941 1646 3297 1716 disciplinam.
3328 1647 3412 1700 Ad
3426 1646 3750 1701 destructio-

2164 1751 2278 1788 nem
2310 1736 2898 1799 munitionumconsilia
2925 1736 3242 1797 destruentes
3261 1777 3277 1802 ,
3306 1747 3353 1791 et
3382 1753 3587 1791 omnem
3620 1737 3749 1791 alti-

485 1830 779 1894 ministrat,
823 1828 948 1900 quia
974 1829 1067 1899 qui
1086 1829 1240 1900 jubet
1269 1828 1409 1895 ﬁeri,
1438 1829 1540 1899 ipsi
1570 1830 1886 1899 imputatur,
1913 1827 2057 1897 quod
2087 1819 2134 1879 Β
2161 1825 2391 1879 tudinem
2416 1823 2744 1881 extollentem
2775 1842 2832 1881 se
2852 1826 3100 1887 adversus
3121 1828 3391 1889 scientiam
3425 1826 3543 1882 Dei.
3571 1824 3744 1881 Arms

484 1920 666 2001 datur.
695 1919 913 1976 Gratias
937 1929 1115 1976 autem
1145 1921 1255 1976 Deo
1284 1921 1339 1975 in
1384 1919 1472 1975 his
1505 1928 1758 1991 agentes,
1794 1927 1850 1973 et
1894 1933 2055 1987 super

484 2011 739 2068 ineﬂ‘abili
769 2014 908 2069 dono
928 2013 1074 2084 ejus;
1098 2014 1295 2068 donum
1315 2011 1460 2069 enim
1480 2013 1573 2067 Dei
1593 2019 1679 2067 est
1699 2011 1844 2081 quod
1868 2011 2057 2065 incitat

430 2130 437 2137 ι
481 2106 683 2159 bonum
721 2105 856 2173 opus
893 2105 1157 2168 homines,
1203 2119 1325 2174 spes
1367 2103 1512 2159 enim
1547 2103 1812 2173 promissa
1838 2100 2057 2158 lacessit

481 2196 549 2250 ad
578 2195 935 2251 ministerium
969 2195 1356 2265 supradiclum.

1099 2291 1326 2349 CAPUT
1373 2291 1440 2347 Χ.
1490 2296 1491 2299 “

480 2378 717 2435 Excusat
741 2398 795 2435 se
824 2380 1020 2436 Paulus
1047 2381 1112 2436 de
1132 2383 1229 2436 sibi
1254 2383 1386 2451 false
1412 2382 1667 2453 impositis
1687 2398 1780 2453 per
1798 2381 1927 2452 facti
1948 2381 2056 2435 eui-

765 2453 1016 2518 dentiam,
1040 2469 1133 2523 per
1162 2450 1415 2508 rationem
1442 2450 1493 2506 et
1519 2450 1777 2522 exempla.

530 2539 651 2607 Ipse
689 2552 862 2595 autent
892 2558 984 2612 ego
1014 2542 1215 2596 Paulus
1233 2584 1248 2602 .
1279 2544 1489 2597 obsecro
1520 2559 1610 2596 vos
1635 2558 1728 2613 per
1748 2552 2056 2598 mansuetu-

476 2631 650 2685 dinem
676 2642 723 2686 et
746 2632 1053 2686 modestiam
1075 2632 1288 2697 Christi,
1307 2635 1399 2704 qui
1425 2635 1479 2688 in
1502 2633 1639 2702 [acie
1657 2634 1863 2705 quidem
1889 2636 2059 2689 humi-

475 2720 543 2774 lis
565 2722 703 2775 inter
738 2737 852 2786 vos,
887 2722 1072 2776 absens
1098 2732 1275 2777 autem
1311 2724 1520 2794 conﬁdo
1551 2725 1607 2779 in
1638 2724 1797 2780 vobis.
1821 2724 2052 2797 (Ambia)

476 2808 593 2867 lloc
621 2811 871 2883 estquod
907 2812 1041 2868 dicit
1064 2828 1229 2878 nunc,
1255 2814 1381 2883 quia
1422 2814 1543 2869 talis
1568 2823 1650 2870 est
1676 2815 1891 2880 absens,
1926 2830 2056 2885 qua-

474 2900 541 2956 lis
574 2909 627 2956 et
656 2916 912 2972 praesens,
942 2916 1045 2959 nec
1066 2904 1212 2958 enim
1242 2904 1461 2962 humilis
1478 2914 1596 2961 erat
1614 2906 1682 2961 ad
1705 2905 1895 2962 faciem
1918 2907 2055 2961 adu-

474 2990 694 3057 latione,
736 3001 830 3047 aut
871 2992 1202 3065 subiectione
1245 2995 1484 3067 alicujus.
1510 2998 1633 3063 rei,
1659 2997 1750 3068 qui
1803 3008 2055 3052 constan-

475 3083 604 3138 tiam
637 3099 788 3140 suam
814 3085 895 3140 sic
928 3086 1226 3153 zelahatur,
1255 3094 1315 3142 ut
1336 3088 1625 3158 aliquando
1644 3088 1811 3143 etiam
1833 3103 1865 3142 a
1892 3086 2054 3144 licitis

2155 1914 2416 1986 spiritalia
2471 1915 2604 1975 ﬁdes
2659 1926 2745 1973 est
2785 1917 3107 1988 incorrupta:
3155 1917 3591 1987 praedicationis,
3640 1932 3746 1986 per

2155 2005 2271 2060 haec
2312 2005 2453 2061 Deus
2490 1988 2660 2065 videit
2684 2006 2955 2078 principes
2989 2016 3044 2063 et
3086 2014 3411 2077 potestates,
3438 2024 3577 2078 quos
3609 2023 3744 2063 con-

2156 2104 2263 2151 stat
2295 2104 2354 2151 ut
2392 2097 2494 2153 sibi
2534 2108 2794 2168 usurpent
2827 2098 3110 2170 imperium
3144 2097 3327 2153 extolli
3358 2106 3545 2160 contra
3575 2098 3741 2152 ﬁdem

2155 2183 2386 2251 Christi,
2432 2187 2850 2258 cogitationibus
2887 2202 2946 2243 se
2993 2189 3267 2245 hominum
3297 2188 3632 2251 inserentes,
3680 2194 3742 2240 ut

2156 2286 2381 2333 avocent
2426 2293 2521 2333 eos
2562 2294 2596 2333 a
2642 2280 2736 2334 Dei
2782 2280 3041 2346 dominio,
3072 2294 3210 2350 quas
3250 2277 3605 2347 cogitationes
3642 2278 3738 2331 de-

2154 2370 2316 2424 struit
2342 2368 2539 2423 veritas
2571 2367 2714 2424 ﬁdei.
2750 2369 3074 2425 Munitiones
3113 2384 3241 2439 ergo
3271 2368 3543 2438 principes
3581 2366 3738 2429 dicit,

2153 2467 2210 2512 et
2228 2464 2540 2527 potestates,
2566 2465 2621 2513 et
2646 2458 2907 2527 spiritalia
2937 2458 3207 2528 nequitia,
3235 2457 3328 2527 qui
3353 2472 3413 2511 se
3442 2455 3733 2519 extollunt,

2154 2558 2211 2606 et
2270 2556 2486 2605 armant
2532 2548 2825 2607 inﬁdelium
2876 2549 3085 2607 animos
3137 2548 3203 2602 ad
3257 2547 3737 2603 contradicendum

2153 2638 2388 2702 Christo,
2410 2647 2603 2694 contra
2630 2654 2766 2708 quos
2790 2646 2992 2709 pugnat
3012 2636 3105 2691 Dei
3134 2636 3240 2702 lex,
3265 2636 3534 2704 dissipans
3556 2633 3738 2688 consi-

2151 2728 2221 2785 lia
2242 2745 2449 2786 eorum.
2481 2729 2549 2784 Et
2570 2731 2626 2784 in
2645 2730 2999 2801 captivitatem
3028 2729 3311 2799 redigentes
3354 2742 3554 2781 omnem
3586 2718 3740 2779 intel-

2152 2820 2340 2876 lectum
2395 2822 2451 2875 in
2508 2818 2805 2891 obsequium
2841 2819 3056 2874 Christi.
3095 2817 3339 2888 Captivat
3370 2815 3735 2877 intellectum.

2151 2915 2289 2972 dum.
2323 2911 2781 2970 contradicentem
2829 2910 3094 2967 rationem
3129 2910 3319 2976 vincit,
3361 2917 3414 2965 et
3460 2910 3528 2965 ad
3572 2910 3734 2965 ﬁdem

2150 3006 2373 3072 Christi,
2397 3006 2483 3062 cui
2510 3006 2659 3076 prius
2687 3012 3103 3076 repugnaverat,
3121 3002 3377 3059 numilem
3402 3008 3457 3057 et
3482 3000 3738 3056 mansne.

2152 3106 2267 3153 tum
2293 3098 2532 3163 inducit,
2560 3107 2616 3152 et
2638 3105 2812 3167 parat.
2844 3095 2909 3149 Et
2932 3097 2986 3149 in
3010 3103 3247 3166 promptu
3281 3093 3523 3147 habentes
3546 3092 3735 3147 ulcisci

476 3182 801 3245 temperaret
827 3192 893 3232 ne
924 3177 1307 3245 inclinaretur;
1345 3181 1488 3235 unde
1523 3180 1655 3235 dicit
1689 3180 1749 3235 in
1783 3180 1887 3235 alia
1924 3180 2049 3250 Epi-

2160 3204 2354 3243 omnem
2385 3165 2788 3243 iuobedientiam
2808 3173 2972 3252 ,ﬂcum
3002 3165 3213 3246 impleta
3233 3184 3391 3253 fuerit
3417 3192 3587 3236 vestra
3614 3182 3739 3236 obe-

473 3264 611 3320 stola
654 3264 705 3336 (1
757 3264 879 3320 Cor.
915 3266 992 3340 γι)
1022 3284 1038 3323 :
1070 3267 1260 3324 Omnia
1307 3271 1435 3325 mihi
1464 3270 1617 3326 licent
1644 3311 1661 3335 ,
1702 3272 1793 3327 sed
1832 3288 1925 3342 ego
1955 3270 2058 3326 sub’

476 3353 671 3408 nullius
705 3356 911 3426 redigar
934 3367 1184 3427 potestate
1212 3372 1232 3411 :
1270 3377 1389 3415 esca
1418 3361 1583 3415 ventri
1618 3370 1666 3415 et
1705 3370 1876 3416 venter
1900 3363 2053 3429 escis,

475 3445 677 3500 ethunc
705 3456 751 3500 et
773 3446 909 3503 hanc
930 3447 1073 3503 Deus
1100 3449 1347 3505 destruet.
1374 3450 1496 3506 Ideo
1521 3466 1650 3523 ergo
1679 3451 1875 3507 absens
1894 3451 2056 3509 obse-

475 3551 683 3609 cratur,
711 3550 767 3599 et
804 3542 1124 3599 modestiam
1156 3544 1354 3601 Christi
1388 3546 1699 3616 interponit,
1727 3561 1796 3602 ne
1815 3561 2055 3617 praesens

476 3633 663 3688 durior
700 3635 1025 3702 inveniatur,
1067 3652 1229 3693 causa
1261 3639 1510 3694 vitiorum
1538 3654 1744 3704 eorum,
1768 3654 1931 3709 quam
1973 3648 2059 3695 est

477 3723 531 3777 in
561 3723 818 3793 Epistola,
855 3734 915 3781 ut
938 3738 1321 3800 componentes
1342 3745 1403 3784 se
1432 3730 1523 3799 qui
1546 3730 1721 3785 adhuc
1751 3744 1857 3786 non
1875 3744 2057 3785 emen-

475 3814 755 3880 daverant,
778 3815 1049 3884 mollirent
1068 3818 1169 3873 sibi
1195 3821 1425 3888 rigorem
1446 3818 1707 3890 Apostoli,
1731 3828 1790 3873 ut
1817 3818 2059 3874 modera-

477 3914 562 3961 tos
587 3921 682 3963 eos
717 3907 994 3963 inveniens
1016 3922 1202 3978 pressa
1240 3909 1525 3963 severitate
1561 3909 1833 3964 laetaretur
1860 3909 1915 3963 in
1951 3909 2052 3964 eis.

476 3996 869 4054 Conﬁdentiam
898 3998 1077 4067 itaque
1107 3997 1677 4054 ﬁduciamseveritatis
1711 3998 2053 4069 signiﬁcavit,

476 4106 639 4163 quam
665 4090 802 4146 forte
830 4090 883 4144 in
910 4088 1146 4159 Epistola
1170 4098 1375 4145 tantum
1398 4090 1595 4145 habere
1614 4092 1925 4160 putabatur,
1950 4107 2056 4147 non

477 4195 655 4239 tamen
676 4197 917 4251 praesens
938 4180 1097 4247 facie,
1124 4182 1251 4252 quia
1273 4181 1326 4237 in
1348 4182 1521 4251 prima
1548 4181 1784 4251 Epistola
1812 4198 2053 4248 severus,

476 4283 532 4329 et
554 4273 716 4328 nimis
740 4272 944 4341 rigidus
969 4270 1203 4337 videtur,
1224 4281 1278 4327 et
1300 4272 1421 4326 ideo
1446 4280 1752 4327 commonet
1772 4288 1841 4327 ne
1869 4273 2055 4328 eadem

475 4366 765 4424 severitate
791 4378 1030 4435 praesens
1051 4371 1253 4429 utatur,
1278 4364 1417 4419 sicut
1438 4378 1542 4419 non
1573 4363 1881 4434 Sperabam.
1914 4363 2056 4435 Rogo

477 4465 651 4510 autem
712 4471 775 4509 ne
824 4469 1053 4525 prtrseus
1099 4452 1323 4507 audeam
1371 4468 1463 4523 per
1503 4468 1619 4507 eam
1665 4453 2052 4523 conﬁdentiam,

477 4568 580 4622 qua
602 4549 872 4605 existimor
891 4548 1085 4602 audere
1104 4547 1158 4601 in
1180 4545 1456 4618 quosdam,
1487 4547 1576 4617 qui
1596 4547 1921 4601 arbitrantur
1940 4563 2052 4611 nos,

478 4655 729 4712 tanquam
754 4639 1035 4696 secundum
1075 4654 1285 4693 carnem
1320 4636 1665 4695 ambulemus.
1693 4637 1836 4694 Idem
1864 4654 2056 4695 sensus

479 4742 585 4799 est,
610 4747 768 4803 quem
804 4739 862 4786 ut
905 4729 1190 4796 delucidet,
1223 4729 1421 4801 repetit
1455 4744 1471 4783 :
1500 4738 1621 4784 orat
1655 4731 1801 4784 enim
1838 4739 1899 4786 ut
1924 4731 2059 4787 tales

481 4825 604 4882 illos
630 4824 883 4889 inveniat,
924 4836 993 4878 ne
1022 4831 1247 4893 cogatur
1278 4822 1475 4888 irasci,
1522 4821 1614 4879 sed
1654 4830 1712 4877 ut
1754 4825 2060 4893 requiescat

478 4932 604 4973 cum
641 4915 739 4970 eis.
775 4914 877 4970 Hie
917 4916 1303 4986 ergo‘aperuit
1330 4916 1474 4985 quod
1514 4931 1676 4986 supra
1713 4915 2056 4986 significavit,

478 5017 537 5063 et
572 5007 747 5063 adhuc
778 5006 832 5060 in
861 5006 1116 5076 subjectis
1143 5007 1353 5077 plenius
1390 5006 1719 5072 manifestat,
1760 5007 1898 5063 hanc
1934 5024 2055 5065 esse

479 5098 884 5163 conﬁdentiam,
913 5113 1074 5169 quam
1106 5099 1195 5154 hic
1217 5099 1469 5154 ﬁduciam
1494 5100 1649 5165 dixit,
1670 5098 1812 5155 datae
1840 5100 1939 5156 sibi
1968 5116 2060 5171 po-

482 5188 700 5245 testatis
736 5204 767 5244 a
804 5187 1037 5254 Christo,
1065 5188 1222 5259 cujus
1245 5189 1478 5245 vicarius
1507 5197 1619 5254 est,
1660 5197 1720 5243 ut
1745 5190 1980 5245 vindicet
2003 5191 2060 5246 in

480 5296 580 5336 eos
619 5280 709 5351 qui
749 5282 849 5336 sub
882 5281 1099 5337 nomine
1133 5280 1333 5337 Christi
1367 5290 1587 5353 agentes
1625 5296 1733 5336 non
1768 5281 2065 5337 obaudiunt

484 5383 548 5430 ut
572 5373 867 5445 corrigunt,
902 5373 955 5427 in
990 5373 1184 5442 quibus
1229 5372 1714 5443 reprehenduntur.
1754 5369 1863 5426 llos
1907 5371 2056 5438 dicit,

481 5465 579 5536 qui
619 5480 728 5521 non
762 5464 1064 5535 recipiendo
1097 5464 1357 5534 spiritalia
1393 5477 1515 5532 quae
1544 5462 1612 5516 ab
1636 5460 1897 5531 Apostolo
1923 5462 2065 5517 dice-

484 5557 706 5621 bantur,
740 5556 819 5611 sic
850 5570 973 5610 eum
1002 5555 1405 5616 existimabant,
1430 5553 1583 5620 quasi
1613 5551 1852 5616 carnalia
1886 5551 2065 5620 loque-

487 5654 674 5709 retur,
712 5659 831 5714 qua:
873 5646 1175 5715 recipienda
1208 5659 1315 5699 non
1356 5650 1559 5698 essent.
1598 5640 1723 5696 ideo
1759 5641 1931 5696 dicit:
1961 5639 2064 5706 Qui

486 5752 585 5792 nos
637 5735 960 5794 arbitrantur
1001 5736 1286 5793 secundum
1333 5751 1544 5793 carnem
1594 5732 1898 5801 ambulare,
1936 5734 2064 5805 quia

2084 4505 2134 4565 D

2150 3278 2368 3335 dientia.
2392 3277 2731 3334 Manifestum
2754 3285 2861 3342 est,
2886 3276 3011 3345 quia
3026 3274 3265 3329 vindicat
3286 3271 3735 3335 inobedientiam,

2153 3382 2275 3423 cum
2316 3365 2462 3421 illam
2507 3366 2832 3423 condemnat
2870 3380 2969 3435 per
3005 3361 3389 3425 obedientiam,
3425 3370 3552 3415 tunc
3587 3359 3735 3417 illam

2153 3458 2457 3523 destruens,
2494 3457 2711 3528 quando
2746 3471 2840 3512 eos
2876 3455 2970 3526 qui
3000 3454 3259 3509 resistunt
3288 3453 3534 3523 perducit
3562 3453 3631 3506 ad
3672 3451 3736 3506 ﬁ.-

2154 3549 2298 3613 dem,
2338 3556 2399 3604 ut
2426 3547 2647 3619 perﬁdia
2673 3545 2742 3601 ab
2768 3547 2884 3610 his,
2919 3546 3114 3615 quibus
3141 3542 3545 3608 defendebatur,
3584 3543 3737 3597 dam-

2155 3652 2330 3698 netur.
2368 3623 2499 3708 Quae
2526 3639 2811 3696 secundum
2846 3639 3030 3711 faciem
3063 3647 3205 3700 sunt,
3237 3637 3419 3692 videte.
3448 3636 3600 3691 Nunc
3622 3636 3737 3691 vult

2154 3750 2249 3791 eos
2269 3752 2389 3807 quae
2412 3734 2590 3805 palam
2617 3740 2743 3788 sunt
2770 3731 3134 3795 considerare,
3162 3728 3214 3785 id
3248 3737 3352 3795 est,
3379 3742 3444 3783 ea
3470 3743 3590 3798 qtae
3614 3729 3737 3783 edi-

2156 3836 2341 3883 cturus
2365 3837 2476 3892 est,
2508 3827 2639 3897 quia
2665 3833 2791 3879 sunt
2824 3826 3008 3893 ape’rta
3046 3822 3365 3893 dijudicare.
3394 3821 3535 3877 Dicit
3554 3834 3688 3890 ergo
3718 3837 3732 3872 :

2157 3918 2219 3974 Si
2242 3920 2357 3990 quis
2383 3917 2596 3986 conﬁdit
2627 3915 2724 3970 sibi
2749 3913 2945 3968 Christi
2974 3930 3029 3968 se
3052 3929 3181 3976 esse,
3211 3911 3308 3967 hoc
3336 3913 3517 3981 cogitet
3547 3910 3737 3962 iterum

2156 4007 2296 4077 apud
2324 4023 2400 4073 se,
2421 4005 2545 4075 quia
2572 4006 2703 4059 sicut
2725 4004 2832 4073 ipse
2860 4000 3055 4056 Christi
3080 4009 3187 4067 est,
3210 4000 3286 4054 ita
3308 4009 3354 4053 et
3388 4016 3501 4052 nos.
3534 3998 3630 4054 llis
3658 3997 3740 4052 lo-

2155 4098 2341 4169 quitur
2363 4110 2593 4167 quorum
2628 4093 2798 4163 tangit
2830 4092 3159 4162 superbiam,
3200 4090 3293 4160 qui
3330 4089 3398 4144 de
3436 4103 3494 4143 se
3524 4102 3737 4156 prmsu-

2155 4196 2360 4244 mentes
2381 4184 2502 4242 inﬁa
2513 4186 2655 4241 tione
2678 4183 2869 4249 animi,
2889 4183 3066 4237 minus
3087 4195 3248 4251 quam
3270 4178 3487 4251 dignum
3512 4187 3635 4232 erat
3670 4178 3740 4232 de

2155 4277 2412 4349 Apostolo
2446 4275 2782 4340 sentiebant,
2832 4272 2986 4344 quasi
3034 4287 3142 4327 non
3198 4277 3418 4340 egerent
3456 4267 3744 4338 praeceptis

2156 4371 2305 4441 ejus;
2329 4382 2465 4438 quos
2500 4374 2825 4430 commonet,
2861 4372 2921 4418 ut
2952 4363 2997 4419 si
3034 4362 3101 4417 de
3131 4376 3189 4416 se
3212 4358 3570 4422 conﬁderent,
3608 4359 3741 4427 quia

2159 4470 2317 4518 erant
2341 4459 2481 4515 servi
2507 4457 2729 4519 Christi,
2760 4472 2867 4512 non
2897 4455 3085 4525 utique
3108 4452 3366 4508 deberent
3390 4451 3456 4507 de
3480 4449 3742 4520 Apostolo

2162 4552 2410 4610 dubitare
2439 4569 2453 4605 :
2489 4549 2585 4605 sed
2613 4557 2668 4604 et
2701 4549 2768 4603 de
2800 4562 2864 4602 eo
2897 4545 3143 4617 quamvis
3175 4546 3352 4613 impar
3390 4542 3480 4604 sit,
3533 4539 3619 4593 vel
3667 4538 3744 4593 si-

2162 4641 2361 4698 militer
2383 4639 2616 4705 sentire,
2635 4653 2758 4693 cum
2785 4637 2968 4706 utique
2989 4634 3160 4706 magis
3183 4631 3436 4704 praeferre
3454 4628 3557 4684 sibi
3579 4628 3745 4683 debe-

2164 4743 2285 4790 rent
2329 4733 2644 4803 magistrum
2671 4730 2945 4802 gentium;
2980 4727 3075 4783 sed
3122 4726 3212 4783 hic
3234 4725 3590 4781 humilitatem
3622 4723 3746 4778 illos

2164 4827 2218 4882 in
2250 4838 2310 4880 se
2345 4824 2502 4880 docet
2525 4837 2745 4892 aequans
2769 4837 2828 4876 se
2857 4820 2984 4883 illis,
3006 4834 3129 4874 cum
3151 4825 3296 4874 esset
3315 4831 3409 4872 vas
3438 4814 3743 4879 electionis,

2163 4926 2219 4972 et
2262 4914 2518 4984 magister
2565 4913 2803 4983 gentium
2842 4912 2896 4966 in
2937 4910 3041 4964 ﬁde
3078 4917 3133 4963 et
3172 4909 3417 4963 veritate.
3458 4905 3570 4962 Hoc
3612 4921 3747 4977 ergo

2154 5006 2269 5061 vult
2292 5004 2411 5060 illos
2433 5003 2795 5065 considerare,
2812 5000 2954 5070 quod
2985 5000 3172 5069 utique
3193 4998 3339 5053 clara
3364 4997 3483 5051 luce
3505 4996 3743 5051 videtur.

2156 5096 2286 5169 quia
2330 5095 2399 5151 de
2436 5092 2694 5163 Apostolo
2735 5107 2891 5146 nemo
2919 5090 3252 5145 credentium
3292 5094 3398 5144 non
3432 5086 3553 5158 plus
3591 5087 3747 5142 msti-

2161 5198 2293 5256 met,
2321 5204 2485 5261 quam
2511 5188 2579 5242 de
2607 5202 2684 5248 se,
2716 5193 2919 5255 quanto
2951 5182 3121 5252 magis
3147 5196 3305 5236 nemo
3344 5179 3540 5243 minus,
3579 5183 3774 5248 quam’

2164 5284 2232 5338 de
2254 5297 2312 5338 se
2339 5281 2533 5336 debeat
2554 5275 2858 5333 aestimare?
2899 5275 2997 5330 hos
3023 5287 3152 5344 ergo
3185 5278 3514 5326 contestatur
3548 5284 3613 5325 ac
3648 5269 3751 5324 do-

2166 5381 2254 5430 cet
2273 5360 2340 5427 ne
2358 5370 2591 5426 elatione
2612 5367 2825 5430 mentis,
2846 5366 2999 5419 bona:
3023 5364 3146 5417 vitm
3165 5362 3414 5416 meritum
3433 5359 3746 5430 perderent,

2164 5465 2256 5535 qui
2283 5463 2424 5519 enim
2444 5459 2547 5516 scit
2574 5473 2634 5514 se
2677 5457 2877 5528 aliquid
2901 5470 3043 5519 esse,
3078 5452 3326 5509 humiliat
3349 5463 3406 5505 se
3432 5456 3492 5502 ut
3518 5445 3750 5516 amplior

2166 5557 2279 5610 liat.
2322 5554 2463 5609 Nam
2500 5562 2548 5606 et
2592 5551 2638 5606 si
2681 5549 2905 5621 amplius
2944 5545 3143 5617 aliquid
3190 5543 3443 5614 gloriatus
3486 5538 3637 5609 [uero
3678 5536 3749 5592 de

2165 5654 2414 5717 potestate
2464 5653 2671 5709 nostra,
2712 5656 2869 5713 quam
2906 5637 3047 5692 dedit
3080 5634 3353 5697 Dominus,
3390 5632 3457 5717 in
3504 5627 3742 5697 cedi/icu-

2166 5714 2381 5798 tionem,
2417 5742 2463 5788 et
2505 5748 2604 5787 non
2635 5732 2688 5785 in
2719 5728 3121 5784 destructionem
3158 5714 3401 5786 vestram,
3434 5736 3535 5773 non
3560 5717 3747 5774 erube-
