  <div class='ocr_page' id='page_1' title='image "/cluster/home/n/w/nwhite01/storage/ocr_20150623/112/hvd.32044015685407/114.png"; bbox 0 0 4022 6338; ppageno 0'>
   <div class='ocr_carea' id='block_1_1' title="bbox 316 359 425 416">
    <p class='ocr_par' dir='ltr' id='par_1_1' title="bbox 316 359 425 416">
     <span class='ocr_line' id='line_1_1' title="bbox 316 359 425 416; baseline -0.037 1"><span class='ocrx_word' id='word_1_1' title='bbox 316 359 425 416; x_wconf 70' lang='grc'><strong>217</strong></span> 
     </span>
    </p>
   </div>
   <div class='ocr_carea' id='block_1_2' title="bbox 786 316 1885 434">
    <p class='ocr_par' dir='ltr' id='par_1_2' title="bbox 786 359 1869 434">
     <span class='ocr_line' id='line_1_2' title="bbox 786 359 1869 434; baseline -0.002 -17"><span class='ocrx_word' id='word_1_2' title='bbox 786 359 1342 434; x_wconf 60' lang='grc' dir='ltr'><strong>ΕΝΑΚΜΠΟΝΠΒ</strong></span> <span class='ocrx_word' id='word_1_3' title='bbox 1371 362 1441 418; x_wconf 76' lang='lat' dir='ltr'><strong>IN</strong></span> <span class='ocrx_word' id='word_1_4' title='bbox 1476 362 1625 419; x_wconf 82' lang='lat' dir='ltr'><strong>EPP.</strong></span> <span class='ocrx_word' id='word_1_5' title='bbox 1663 361 1869 418; x_wconf 64' lang='lat' dir='ltr'><strong>PAULI</strong></span> 
     </span>
    </p>
   </div>
   <div class='ocr_carea' id='block_1_3' title="bbox 1985 316 3091 434">
    <p class='ocr_par' dir='ltr' id='par_1_3' title="bbox 1985 316 3091 422">
     <span class='ocr_line' id='line_1_3' title="bbox 1985 316 3091 422; baseline 0.005 -9"><span class='ocrx_word' id='word_1_6' title='bbox 1985 360 2032 413; x_wconf 81' lang='grc' dir='ltr'><strong>Β.</strong></span> <span class='ocrx_word' id='word_1_7' title='bbox 2074 358 2209 417; x_wconf 76' lang='lat' dir='ltr'><strong>XIII.</strong></span> <span class='ocrx_word' id='word_1_8' title='bbox 2248 393 2319 404; x_wconf 92' lang='lat'>—</span> <span class='ocrx_word' id='word_1_9' title='bbox 2354 362 2423 418; x_wconf 73' lang='lat' dir='ltr'><strong>IN</strong></span> <span class='ocrx_word' id='word_1_10' title='bbox 2462 363 2680 421; x_wconf 85' lang='lat' dir='ltr'><strong>EPIST.</strong></span> <span class='ocrx_word' id='word_1_11' title='bbox 2717 365 2762 421; x_wconf 92' lang='lat' dir='ltr'><strong>II</strong></span> <span class='ocrx_word' id='word_1_12' title='bbox 2798 364 2901 421; x_wconf 72' lang='lat' dir='ltr'><strong>AI}</strong></span> <span class='ocrx_word' id='word_1_13' title='bbox 2926 316 3091 422; x_wconf 66' lang='grc'><strong>(308.¹</strong></span> 
     </span>
    </p>
   </div>
   <div class='ocr_carea' id='block_1_4' title="bbox 3455 367 3571 427">
    <p class='ocr_par' dir='ltr' id='par_1_4' title="bbox 3455 367 3571 427">
     <span class='ocr_line' id='line_1_4' title="bbox 3455 367 3571 427; baseline -0.017 -7"><span class='ocrx_word' id='word_1_14' title='bbox 3455 367 3571 427; x_wconf 58' lang='grc'><strong>188.</strong></span> 
     </span>
    </p>
   </div>
   <div class='ocr_carea' id='block_1_5' title="bbox 315 472 3574 546">
    <p class='ocr_par' dir='ltr' id='par_1_5' title="bbox 315 472 3574 546">
     <span class='ocr_line' id='line_1_5' title="bbox 315 472 3574 546; baseline 0.002 -15"><span class='ocrx_word' id='word_1_15' title='bbox 315 491 483 534; x_wconf 77' lang='lat' dir='ltr'><strong>scum.</strong></span> <span class='ocrx_word' id='word_1_16' title='bbox 527 472 681 530; x_wconf 71' lang='lat' dir='ltr'><strong>Nune</strong></span> <span class='ocrx_word' id='word_1_17' title='bbox 718 474 985 545; x_wconf 74' lang='lat' dir='ltr'><strong>signiﬁcat</strong></span> <span class='ocrx_word' id='word_1_18' title='bbox 1016 476 1144 544; x_wconf 87' lang='lat' dir='ltr'><strong>quia</strong></span> <span class='ocrx_word' id='word_1_19' title='bbox 1179 476 1427 546; x_wconf 79' lang='lat' dir='ltr'><strong>superius</strong></span> <span class='ocrx_word' id='word_1_20' title='bbox 1465 492 1524 533; x_wconf 90' lang='lat' dir='ltr'><strong>se</strong></span> <span class='ocrx_word' id='word_1_21' title='bbox 1562 475 1894 540; x_wconf 86' lang='lat' dir='ltr'><strong>humiliavit,</strong></span> <span class='ocrx_word' id='word_1_22' title='bbox 1923 480 1972 537; x_wconf 73' lang='grc' dir='ltr'><strong>Α</strong></span> <span class='ocrx_word' id='word_1_23' title='bbox 2000 474 2132 530; x_wconf 93' lang='lat' dir='ltr'><strong>dicit</strong></span> <span class='ocrx_word' id='word_1_24' title='bbox 2157 483 2446 546; x_wconf 85' lang='lat' dir='ltr'><strong>potestate,</strong></span> <span class='ocrx_word' id='word_1_25' title='bbox 2468 484 2668 546; x_wconf 84' lang='lat' dir='ltr'><strong>quanta</strong></span> <span class='ocrx_word' id='word_1_26' title='bbox 2697 489 2953 532; x_wconf 89' lang='lat' dir='ltr'><strong>concessa</strong></span> <span class='ocrx_word' id='word_1_27' title='bbox 2977 484 3073 534; x_wconf 70' lang='lat' dir='ltr'><strong>est.</strong></span> <span class='ocrx_word' id='word_1_28' title='bbox 3088 477 3156 533; x_wconf 86' lang='lat' dir='ltr'><strong>ab</strong></span> <span class='ocrx_word' id='word_1_29' title='bbox 3180 487 3433 545; x_wconf 84' lang='lat' dir='ltr'><strong>auctore,</strong></span> <span class='ocrx_word' id='word_1_30' title='bbox 3460 495 3574 539; x_wconf 74' lang='lat' dir='ltr'><strong>nec</strong></span> 
     </span>
    </p>
   </div>
   <div class='ocr_carea' id='block_1_6' title="bbox 314 564 1892 637">
    <p class='ocr_par' dir='ltr' id='par_1_6' title="bbox 314 564 1892 637">
     <span class='ocr_line' id='line_1_6' title="bbox 314 564 1892 637; baseline 0.001 -17"><span class='ocrx_word' id='word_1_31' title='bbox 314 566 450 637; x_wconf 75' lang='lat' dir='ltr'><strong>ipsis</strong></span> <span class='ocrx_word' id='word_1_32' title='bbox 493 578 556 620; x_wconf 88' lang='lat' dir='ltr'><strong>se</strong></span> <span class='ocrx_word' id='word_1_33' title='bbox 581 564 964 633; x_wconf 79' lang='lat' dir='ltr'><strong>comparando,</strong></span> <span class='ocrx_word' id='word_1_34' title='bbox 998 580 1122 620; x_wconf 87' lang='lat' dir='ltr'><strong>cum</strong></span> <span class='ocrx_word' id='word_1_35' title='bbox 1155 566 1202 620; x_wconf 91' lang='lat' dir='ltr'><strong>si</strong></span> <span class='ocrx_word' id='word_1_36' title='bbox 1232 580 1290 620; x_wconf 90' lang='lat' dir='ltr'><strong>se</strong></span> <span class='ocrx_word' id='word_1_37' title='bbox 1313 566 1515 637; x_wconf 90' lang='lat' dir='ltr'><strong>erigat,</strong></span> <span class='ocrx_word' id='word_1_38' title='bbox 1550 579 1656 620; x_wconf 93' lang='lat' dir='ltr'><strong>non</strong></span> <span class='ocrx_word' id='word_1_39' title='bbox 1699 565 1892 621; x_wconf 80' lang='lat' dir='ltr'><strong>erube-</strong></span> 
     </span>
    </p>
   </div>
   <div class='ocr_carea' id='block_1_7' title="bbox 312 652 1888 725">
    <p class='ocr_par' dir='ltr' id='par_1_7' title="bbox 312 652 1888 725">
     <span class='ocr_line' id='line_1_7' title="bbox 312 652 1888 725; baseline -0.002 -13"><span class='ocrx_word' id='word_1_40' title='bbox 312 660 433 712; x_wconf 78' lang='lat' dir='ltr'><strong>seat</strong></span> <span class='ocrx_word' id='word_1_41' title='bbox 462 652 591 723; x_wconf 87' lang='lat' dir='ltr'><strong>quia</strong></span> <span class='ocrx_word' id='word_1_42' title='bbox 625 667 656 707; x_wconf 88' lang='lat' dir='ltr'><strong>a</strong></span> <span class='ocrx_word' id='word_1_43' title='bbox 682 652 909 708; x_wconf 87' lang='lat' dir='ltr'><strong>Domino</strong></span> <span class='ocrx_word' id='word_1_44' title='bbox 942 656 1151 725; x_wconf 89' lang='lat' dir='ltr'><strong>accepit</strong></span> <span class='ocrx_word' id='word_1_45' title='bbox 1176 663 1496 724; x_wconf 88' lang='lat' dir='ltr'><strong>potestatem</strong></span> <span class='ocrx_word' id='word_1_46' title='bbox 1530 655 1888 725; x_wconf 63' lang='lat' dir='ltr'><strong>praedicandi,</strong></span> 
     </span>
    </p>
   </div>
   <div class='ocr_carea' id='block_1_8' title="bbox 310 743 1888 817">
    <p class='ocr_par' dir='ltr' id='par_1_8' title="bbox 310 743 1888 817">
     <span class='ocr_line' id='line_1_8' title="bbox 310 743 1888 817; baseline 0.003 -18"><span class='ocrx_word' id='word_1_47' title='bbox 310 752 375 799; x_wconf 84' lang='lat' dir='ltr'><strong>ut</strong></span> <span class='ocrx_word' id='word_1_48' title='bbox 399 743 592 809; x_wconf 87' lang='lat' dir='ltr'><strong>salvet,</strong></span> <span class='ocrx_word' id='word_1_49' title='bbox 632 759 740 798; x_wconf 92' lang='lat' dir='ltr'><strong>non</strong></span> <span class='ocrx_word' id='word_1_50' title='bbox 779 753 837 797; x_wconf 90' lang='lat' dir='ltr'><strong>ut</strong></span> <span class='ocrx_word' id='word_1_51' title='bbox 868 744 1063 813; x_wconf 89' lang='lat' dir='ltr'><strong>perdat</strong></span> <span class='ocrx_word' id='word_1_52' title='bbox 1097 746 1467 801; x_wconf 86' lang='lat' dir='ltr'><strong>obaudientes.</strong></span> <span class='ocrx_word' id='word_1_53' title='bbox 1508 747 1565 800; x_wconf 88' lang='lat' dir='ltr'><strong>Si</strong></span> <span class='ocrx_word' id='word_1_54' title='bbox 1597 762 1728 817; x_wconf 89' lang='lat' dir='ltr'><strong>ergo</strong></span> <span class='ocrx_word' id='word_1_55' title='bbox 1768 748 1888 812; x_wconf 90' lang='lat' dir='ltr'><strong>hic,</strong></span> 
     </span>
    </p>
   </div>
   <div class='ocr_carea' id='block_1_9' title="bbox 310 833 1891 915">
    <p class='ocr_par' dir='ltr' id='par_1_9' title="bbox 310 833 1891 915">
     <span class='ocr_line' id='line_1_9' title="bbox 310 833 1891 915; baseline 0.003 -27"><span class='ocrx_word' id='word_1_56' title='bbox 310 835 403 905; x_wconf 91' lang='lat' dir='ltr'><strong>qui</strong></span> <span class='ocrx_word' id='word_1_57' title='bbox 433 849 467 888; x_wconf 90' lang='lat' dir='ltr'><strong>a</strong></span> <span class='ocrx_word' id='word_1_58' title='bbox 496 833 725 915; x_wconf 75' lang='lat' dir='ltr'><strong>meino</strong></span> <span class='ocrx_word' id='word_1_59' title='bbox 746 835 943 889; x_wconf 84' lang='lat' dir='ltr'><strong>missus</strong></span> <span class='ocrx_word' id='word_1_60' title='bbox 971 843 1086 900; x_wconf 89' lang='lat' dir='ltr'><strong>est,</strong></span> <span class='ocrx_word' id='word_1_61' title='bbox 1111 834 1334 891; x_wconf 86' lang='lat' dir='ltr'><strong>inclinat</strong></span> <span class='ocrx_word' id='word_1_62' title='bbox 1361 852 1421 892; x_wconf 91' lang='lat' dir='ltr'><strong>se</strong></span> <span class='ocrx_word' id='word_1_63' title='bbox 1446 844 1503 892; x_wconf 92' lang='lat' dir='ltr'><strong>et</strong></span> <span class='ocrx_word' id='word_1_64' title='bbox 1523 846 1801 907; x_wconf 83' lang='lat' dir='ltr'><strong>comparat</strong></span> <span class='ocrx_word' id='word_1_65' title='bbox 1829 851 1891 892; x_wconf 90' lang='lat' dir='ltr'><strong>se</strong></span> 
     </span>
    </p>
   </div>
   <div class='ocr_carea' id='block_1_10' title="bbox 308 921 1888 995">
    <p class='ocr_par' dir='ltr' id='par_1_10' title="bbox 308 921 1888 995">
     <span class='ocr_line' id='line_1_10' title="bbox 308 921 1888 995; baseline 0.003 -17"><span class='ocrx_word' id='word_1_66' title='bbox 308 921 701 988; x_wconf 86' lang='lat' dir='ltr'><strong>inferioribus,</strong></span> <span class='ocrx_word' id='word_1_67' title='bbox 745 932 949 993; x_wconf 87' lang='lat' dir='ltr'><strong>quanto</strong></span> <span class='ocrx_word' id='word_1_68' title='bbox 1000 925 1173 994; x_wconf 86' lang='lat' dir='ltr'><strong>magis</strong></span> <span class='ocrx_word' id='word_1_69' title='bbox 1222 926 1278 980; x_wconf 90' lang='lat' dir='ltr'><strong>hi</strong></span> <span class='ocrx_word' id='word_1_70' title='bbox 1332 925 1423 995; x_wconf 86' lang='lat' dir='ltr'><strong>qui</strong></span> <span class='ocrx_word' id='word_1_71' title='bbox 1480 926 1679 982; x_wconf 84' lang='lat' dir='ltr'><strong>nullius</strong></span> <span class='ocrx_word' id='word_1_72' title='bbox 1730 936 1888 982; x_wconf 89' lang='lat' dir='ltr'><strong>erant</strong></span> 
     </span>
    </p>
   </div>
   <div class='ocr_carea' id='block_1_11' title="bbox 311 1013 1889 1084">
    <p class='ocr_par' dir='ltr' id='par_1_11' title="bbox 311 1013 1889 1084">
     <span class='ocr_line' id='line_1_11' title="bbox 311 1013 1889 1084; baseline 0.003 -14"><span class='ocrx_word' id='word_1_73' title='bbox 311 1013 606 1070; x_wconf 78' lang='lat' dir='ltr'><strong>testimonii</strong></span> <span class='ocrx_word' id='word_1_74' title='bbox 630 1054 646 1079; x_wconf 96' lang='lat'><strong>,</strong></span> <span class='ocrx_word' id='word_1_75' title='bbox 673 1028 989 1084; x_wconf 80' lang='lat' dir='ltr'><strong>comparare</strong></span> <span class='ocrx_word' id='word_1_76' title='bbox 1012 1030 1073 1071; x_wconf 88' lang='lat' dir='ltr'><strong>se</strong></span> <span class='ocrx_word' id='word_1_77' title='bbox 1099 1030 1211 1073; x_wconf 88' lang='lat' dir='ltr'><strong>non</strong></span> <span class='ocrx_word' id='word_1_78' title='bbox 1239 1016 1500 1071; x_wconf 87' lang='lat' dir='ltr'><strong>deberent</strong></span> <span class='ocrx_word' id='word_1_79' title='bbox 1520 1056 1537 1083; x_wconf 92' lang='lat'><strong>,</strong></span> <span class='ocrx_word' id='word_1_80' title='bbox 1564 1032 1673 1077; x_wconf 82' lang='lat' dir='ltr'><strong>non</strong></span> <span class='ocrx_word' id='word_1_81' title='bbox 1713 1019 1889 1074; x_wconf 88' lang='lat' dir='ltr'><strong>dicam</strong></span> 
     </span>
    </p>
   </div>
   <div class='ocr_carea' id='block_1_12' title="bbox 305 1103 1885 1179">
    <p class='ocr_par' dir='ltr' id='par_1_12' title="bbox 305 1103 1885 1179">
     <span class='ocr_line' id='line_1_12' title="bbox 305 1103 1885 1179; baseline 0.002 -18"><span class='ocrx_word' id='word_1_82' title='bbox 305 1104 568 1175; x_wconf 65' lang='lat' dir='ltr'><strong>praeferre</strong></span> <span class='ocrx_word' id='word_1_83' title='bbox 589 1103 917 1172; x_wconf 73' lang='lat' dir='ltr'><strong>majoribus?</strong></span> <span class='ocrx_word' id='word_1_84' title='bbox 934 1103 999 1159; x_wconf 86' lang='lat' dir='ltr'><strong>Ut</strong></span> <span class='ocrx_word' id='word_1_85' title='bbox 1027 1115 1203 1163; x_wconf 86' lang='lat' dir='ltr'><strong>autem</strong></span> <span class='ocrx_word' id='word_1_86' title='bbox 1223 1122 1325 1161; x_wconf 88' lang='lat' dir='ltr'><strong>non</strong></span> <span class='ocrx_word' id='word_1_87' title='bbox 1347 1108 1612 1163; x_wconf 67' lang='lat' dir='ltr'><strong>existimer</strong></span> <span class='ocrx_word' id='word_1_88' title='bbox 1635 1118 1885 1179; x_wconf 74' lang='lat' dir='ltr'><strong>tanquam</strong></span> 
     </span>
    </p>
   </div>
   <div class='ocr_carea' id='block_1_13' title="bbox 306 1194 1889 1266">
    <p class='ocr_par' dir='ltr' id='par_1_13' title="bbox 306 1194 1889 1266">
     <span class='ocr_line' id='line_1_13' title="bbox 306 1194 1889 1266; baseline 0.003 -15"><span class='ocrx_word' id='word_1_89' title='bbox 306 1204 502 1251; x_wconf 81' lang='lat' dir='ltr'><strong>tmere</strong></span> <span class='ocrx_word' id='word_1_90' title='bbox 541 1210 627 1248; x_wconf 78' lang='lat' dir='ltr'><strong>ros</strong></span> <span class='ocrx_word' id='word_1_91' title='bbox 670 1210 763 1263; x_wconf 88' lang='lat' dir='ltr'><strong>per</strong></span> <span class='ocrx_word' id='word_1_92' title='bbox 796 1194 1062 1265; x_wconf 74' lang='lat' dir='ltr'><strong>epistolas.</strong></span> <span class='ocrx_word' id='word_1_93' title='bbox 1111 1195 1204 1250; x_wconf 88' lang='lat' dir='ltr'><strong>Ille</strong></span> <span class='ocrx_word' id='word_1_94' title='bbox 1246 1205 1424 1266; x_wconf 86' lang='lat' dir='ltr'><strong>potest</strong></span> <span class='ocrx_word' id='word_1_95' title='bbox 1455 1197 1626 1252; x_wconf 88' lang='lat' dir='ltr'><strong>videri</strong></span> <span class='ocrx_word' id='word_1_96' title='bbox 1684 1207 1889 1255; x_wconf 89' lang='lat' dir='ltr'><strong>terrere</strong></span> 
     </span>
    </p>
   </div>
   <div class='ocr_carea' id='block_1_14' title="bbox 302 1283 1885 1357">
    <p class='ocr_par' dir='ltr' id='par_1_14' title="bbox 302 1283 1885 1357">
     <span class='ocr_line' id='line_1_14' title="bbox 302 1283 1885 1357; baseline 0.003 -20"><span class='ocrx_word' id='word_1_97' title='bbox 302 1299 407 1357; x_wconf 86' lang='lat' dir='ltr'><strong>per</strong></span> <span class='ocrx_word' id='word_1_98' title='bbox 442 1283 696 1355; x_wconf 78' lang='lat' dir='ltr'><strong>epistolas</strong></span> <span class='ocrx_word' id='word_1_99' title='bbox 718 1324 734 1348; x_wconf 91' lang='lat'><strong>,</strong></span> <span class='ocrx_word' id='word_1_100' title='bbox 763 1286 855 1354; x_wconf 86' lang='lat' dir='ltr'><strong>qui</strong></span> <span class='ocrx_word' id='word_1_101' title='bbox 894 1300 1074 1355; x_wconf 87' lang='lat' dir='ltr'><strong>neque</strong></span> <span class='ocrx_word' id='word_1_102' title='bbox 1114 1287 1452 1342; x_wconf 83' lang='lat' dir='ltr'><strong>auctoritatis</strong></span> <span class='ocrx_word' id='word_1_103' title='bbox 1502 1286 1731 1356; x_wconf 78' lang='lat' dir='ltr'><strong>alicujus</strong></span> <span class='ocrx_word' id='word_1_104' title='bbox 1764 1296 1847 1344; x_wconf 89' lang='lat' dir='ltr'><strong>est</strong></span> <span class='ocrx_word' id='word_1_105' title='bbox 1869 1329 1885 1355; x_wconf 92' lang='lat'><strong>,</strong></span> 
     </span>
    </p>
   </div>
   <div class='ocr_carea' id='block_1_15' title="bbox 302 1374 1890 1446">
    <p class='ocr_par' dir='ltr' id='par_1_15' title="bbox 302 1374 1890 1446">
     <span class='ocr_line' id='line_1_15' title="bbox 302 1374 1890 1446; baseline 0.003 -18"><span class='ocrx_word' id='word_1_106' title='bbox 302 1388 483 1443; x_wconf 89' lang='lat' dir='ltr'><strong>neque</strong></span> <span class='ocrx_word' id='word_1_107' title='bbox 510 1387 749 1444; x_wconf 61' lang='lat' dir='ltr'><strong>praesens</strong></span> <span class='ocrx_word' id='word_1_108' title='bbox 785 1374 1035 1430; x_wconf 90' lang='lat' dir='ltr'><strong>ﬁduciam</strong></span> <span class='ocrx_word' id='word_1_109' title='bbox 1061 1375 1225 1430; x_wconf 85' lang='lat' dir='ltr'><strong>habet</strong></span> <span class='ocrx_word' id='word_1_110' title='bbox 1250 1376 1531 1446; x_wconf 80' lang='lat' dir='ltr'><strong>argttendi,</strong></span> <span class='ocrx_word' id='word_1_111' title='bbox 1572 1377 1768 1437; x_wconf 80' lang='lat' dir='ltr'><strong>absens</strong></span> <span class='ocrx_word' id='word_1_112' title='bbox 1795 1394 1890 1433; x_wconf 90' lang='lat' dir='ltr'><strong>au-</strong></span> 
     </span>
    </p>
   </div>
   <div class='ocr_carea' id='block_1_16' title="bbox 303 1465 1885 1540">
    <p class='ocr_par' dir='ltr' id='par_1_16' title="bbox 303 1465 1885 1540">
     <span class='ocr_line' id='line_1_16' title="bbox 303 1465 1885 1540; baseline 0.003 -21"><span class='ocrx_word' id='word_1_113' title='bbox 303 1474 416 1525; x_wconf 84' lang='lat' dir='ltr'><strong>tem</strong></span> <span class='ocrx_word' id='word_1_114' title='bbox 430 1465 552 1523; x_wconf 86' lang='lat' dir='ltr'><strong>ideo</strong></span> <span class='ocrx_word' id='word_1_115' title='bbox 562 1467 742 1532; x_wconf 89' lang='lat' dir='ltr'><strong>audet,</strong></span> <span class='ocrx_word' id='word_1_116' title='bbox 757 1467 881 1537; x_wconf 87' lang='lat' dir='ltr'><strong>quia</strong></span> <span class='ocrx_word' id='word_1_117' title='bbox 893 1482 1132 1537; x_wconf 67' lang='lat' dir='ltr'><strong>praesens</strong></span> <span class='ocrx_word' id='word_1_118' title='bbox 1153 1467 1324 1523; x_wconf 92' lang='lat' dir='ltr'><strong>timet.</strong></span> <span class='ocrx_word' id='word_1_119' title='bbox 1341 1467 1611 1538; x_wconf 73' lang='lat' dir='ltr'><strong>Epistolw,</strong></span> <span class='ocrx_word' id='word_1_120' title='bbox 1624 1471 1885 1540; x_wconf 78' lang='lat' dir='ltr'><strong>inquiunt,</strong></span> 
     </span>
    </p>
   </div>
   <div class='ocr_carea' id='block_1_17' title="bbox 296 1557 1889 1629">
    <p class='ocr_par' dir='ltr' id='par_1_17' title="bbox 296 1557 1889 1629">
     <span class='ocr_line' id='line_1_17' title="bbox 296 1557 1889 1629; baseline 0.004 -22"><span class='ocrx_word' id='word_1_121' title='bbox 296 1571 487 1626; x_wconf 69' lang='lat' dir='ltr'><strong>graves</strong></span> <span class='ocrx_word' id='word_1_122' title='bbox 508 1564 701 1611; x_wconf 85' lang='lat' dir='ltr'><strong>suntet</strong></span> <span class='ocrx_word' id='word_1_123' title='bbox 721 1557 902 1627; x_wconf 81' lang='lat' dir='ltr'><strong>fortes,</strong></span> <span class='ocrx_word' id='word_1_124' title='bbox 925 1558 1201 1627; x_wconf 67' lang='lat' dir='ltr'><strong>praesentia</strong></span> <span class='ocrx_word' id='word_1_125' title='bbox 1221 1565 1396 1616; x_wconf 80' lang='lat' dir='ltr'><strong>autem</strong></span> <span class='ocrx_word' id='word_1_126' title='bbox 1423 1561 1654 1628; x_wconf 81' lang='lat' dir='ltr'><strong>corporis</strong></span> <span class='ocrx_word' id='word_1_127' title='bbox 1676 1559 1889 1629; x_wconf 78' lang='lat' dir='ltr'><strong>inﬁrma</strong></span> 
     </span>
    </p>
   </div>
   <div class='ocr_carea' id='block_1_18' title="bbox 298 1647 1885 1719">
    <p class='ocr_par' dir='ltr' id='par_1_18' title="bbox 298 1647 1885 1719">
     <span class='ocr_line' id='line_1_18' title="bbox 298 1647 1885 1719; baseline 0.001 -14"><span class='ocrx_word' id='word_1_128' title='bbox 298 1656 351 1705; x_wconf 83' lang='lat' dir='ltr'><strong>et</strong></span> <span class='ocrx_word' id='word_1_129' title='bbox 382 1663 553 1701; x_wconf 80' lang='lat' dir='ltr'><strong>sermo</strong></span> <span class='ocrx_word' id='word_1_130' title='bbox 581 1647 981 1719; x_wconf 83' lang='lat' dir='ltr'><strong>contemptibilis</strong></span> <span class='ocrx_word' id='word_1_131' title='bbox 1002 1687 1018 1714; x_wconf 92' lang='lat'><strong>,</strong></span> <span class='ocrx_word' id='word_1_132' title='bbox 1049 1648 1146 1705; x_wconf 73' lang='lat' dir='ltr'><strong>hoc</strong></span> <span class='ocrx_word' id='word_1_133' title='bbox 1175 1648 1356 1718; x_wconf 75' lang='lat' dir='ltr'><strong>cogitet</strong></span> <span class='ocrx_word' id='word_1_134' title='bbox 1389 1649 1478 1719; x_wconf 83' lang='lat' dir='ltr'><strong>qui</strong></span> <span class='ocrx_word' id='word_1_135' title='bbox 1500 1648 1758 1718; x_wconf 74' lang='lat' dir='ltr'><strong>ejusmodi</strong></span> <span class='ocrx_word' id='word_1_136' title='bbox 1789 1659 1885 1715; x_wconf 75' lang='lat' dir='ltr'><strong>est,</strong></span> 
     </span>
    </p>
   </div>
   <div class='ocr_carea' id='block_1_19' title="bbox 296 1738 1887 1809">
    <p class='ocr_par' dir='ltr' id='par_1_19' title="bbox 296 1738 1887 1809">
     <span class='ocr_line' id='line_1_19' title="bbox 296 1738 1887 1809; baseline 0.002 -18"><span class='ocrx_word' id='word_1_137' title='bbox 296 1738 427 1808; x_wconf 72' lang='lat' dir='ltr'><strong>quia</strong></span> <span class='ocrx_word' id='word_1_138' title='bbox 453 1745 634 1809; x_wconf 82' lang='lat' dir='ltr'><strong>quales</strong></span> <span class='ocrx_word' id='word_1_139' title='bbox 663 1755 844 1794; x_wconf 87' lang='lat' dir='ltr'><strong>sumus</strong></span> <span class='ocrx_word' id='word_1_140' title='bbox 879 1739 1034 1797; x_wconf 79' lang='lat' dir='ltr'><strong>verba</strong></span> <span class='ocrx_word' id='word_1_141' title='bbox 1064 1755 1160 1809; x_wconf 78' lang='lat' dir='ltr'><strong>per</strong></span> <span class='ocrx_word' id='word_1_142' title='bbox 1189 1738 1434 1809; x_wconf 73' lang='lat' dir='ltr'><strong>epistolas</strong></span> <span class='ocrx_word' id='word_1_143' title='bbox 1462 1740 1726 1807; x_wconf 74' lang='lat' dir='ltr'><strong>absentes,</strong></span> <span class='ocrx_word' id='word_1_144' title='bbox 1757 1741 1887 1796; x_wconf 84' lang='lat' dir='ltr'><strong>tales</strong></span> 
     </span>
    </p>
   </div>
   <div class='ocr_carea' id='block_1_20' title="bbox 1996 567 3562 643">
    <p class='ocr_par' dir='ltr' id='par_1_20' title="bbox 1996 567 3562 643">
     <span class='ocr_line' id='line_1_20' title="bbox 1996 567 3562 643; baseline 0.004 -23"><span class='ocrx_word' id='word_1_145' title='bbox 1996 580 2304 621; x_wconf 88' lang='lat' dir='ltr'><strong>mensuram</strong></span> <span class='ocrx_word' id='word_1_146' title='bbox 2330 568 2510 638; x_wconf 87' lang='lat' dir='ltr'><strong>egredi</strong></span> <span class='ocrx_word' id='word_1_147' title='bbox 2534 567 2674 633; x_wconf 83' lang='lat' dir='ltr'><strong>vult;</strong></span> <span class='ocrx_word' id='word_1_148' title='bbox 2702 567 2905 623; x_wconf 90' lang='lat' dir='ltr'><strong>idcirco</strong></span> <span class='ocrx_word' id='word_1_149' title='bbox 2946 583 3053 624; x_wconf 88' lang='lat' dir='ltr'><strong>non</strong></span> <span class='ocrx_word' id='word_1_150' title='bbox 3085 570 3333 639; x_wconf 85' lang='lat' dir='ltr'><strong>superba,</strong></span> <span class='ocrx_word' id='word_1_151' title='bbox 3363 572 3562 643; x_wconf 76' lang='lat' dir='ltr'><strong>inquit,</strong></span> 
     </span>
    </p>
   </div>
   <div class='ocr_carea' id='block_1_21' title="bbox 1994 654 3571 727">
    <p class='ocr_par' dir='ltr' id='par_1_21' title="bbox 1994 654 3571 727">
     <span class='ocr_line' id='line_1_21' title="bbox 1994 654 3571 727; baseline 0.003 -17"><span class='ocrx_word' id='word_1_152' title='bbox 1994 655 2099 710; x_wconf 89' lang='lat' dir='ltr'><strong>erit</strong></span> <span class='ocrx_word' id='word_1_153' title='bbox 2118 654 2287 725; x_wconf 90' lang='lat' dir='ltr'><strong>gloria</strong></span> <span class='ocrx_word' id='word_1_154' title='bbox 2318 663 2525 720; x_wconf 88' lang='lat' dir='ltr'><strong>nostra,</strong></span> <span class='ocrx_word' id='word_1_155' title='bbox 2556 656 2771 726; x_wconf 87' lang='lat' dir='ltr'><strong>quando</strong></span> <span class='ocrx_word' id='word_1_156' title='bbox 2799 671 2907 713; x_wconf 91' lang='lat' dir='ltr'><strong>non</strong></span> <span class='ocrx_word' id='word_1_157' title='bbox 2956 658 3230 727; x_wconf 89' lang='lat' dir='ltr'><strong>egreditur</strong></span> <span class='ocrx_word' id='word_1_158' title='bbox 3271 660 3571 723; x_wconf 55' lang='lat' dir='ltr'><strong>terminum,</strong></span> 
     </span>
    </p>
   </div>
   <div class='ocr_carea' id='block_1_22' title="bbox 1995 744 3561 820">
    <p class='ocr_par' dir='ltr' id='par_1_22' title="bbox 1995 744 3561 820">
     <span class='ocr_line' id='line_1_22' title="bbox 1995 744 3561 820; baseline 0.004 -19"><span class='ocrx_word' id='word_1_159' title='bbox 1995 744 2133 801; x_wconf 74' lang='lat' dir='ltr'><strong>datae</strong></span> <span class='ocrx_word' id='word_1_160' title='bbox 2153 746 2453 815; x_wconf 88' lang='lat' dir='ltr'><strong>potestatis.</strong></span> <span class='ocrx_word' id='word_1_161' title='bbox 2482 745 2720 800; x_wconf 86' lang='lat' dir='ltr'><strong>Gloriam</strong></span> <span class='ocrx_word' id='word_1_162' title='bbox 2756 761 2856 816; x_wconf 90' lang='lat' dir='ltr'><strong>pro</strong></span> <span class='ocrx_word' id='word_1_163' title='bbox 2889 747 3213 803; x_wconf 85' lang='lat' dir='ltr'><strong>auctoritate</strong></span> <span class='ocrx_word' id='word_1_164' title='bbox 3232 750 3428 818; x_wconf 86' lang='lat' dir='ltr'><strong>posuit,</strong></span> <span class='ocrx_word' id='word_1_165' title='bbox 3454 766 3561 820; x_wconf 83' lang='lat' dir='ltr'><strong>qua</strong></span> 
     </span>
    </p>
   </div>
   <div class='ocr_carea' id='block_1_23' title="bbox 1994 833 3575 906">
    <p class='ocr_par' dir='ltr' id='par_1_23' title="bbox 1994 833 3575 906">
     <span class='ocr_line' id='line_1_23' title="bbox 1994 833 3575 906; baseline 0.003 -19"><span class='ocrx_word' id='word_1_166' title='bbox 1994 833 2248 888; x_wconf 85' lang='lat' dir='ltr'><strong>utebatur</strong></span> <span class='ocrx_word' id='word_1_167' title='bbox 2309 834 2365 888; x_wconf 90' lang='lat' dir='ltr'><strong>in</strong></span> <span class='ocrx_word' id='word_1_168' title='bbox 2414 834 2844 905; x_wconf 88' lang='lat' dir='ltr'><strong>corrcptionibus</strong></span> <span class='ocrx_word' id='word_1_169' title='bbox 2884 844 3252 906; x_wconf 87' lang='lat' dir='ltr'><strong>peccatorum,</strong></span> <span class='ocrx_word' id='word_1_170' title='bbox 3281 845 3339 893; x_wconf 90' lang='lat' dir='ltr'><strong>ut</strong></span> <span class='ocrx_word' id='word_1_171' title='bbox 3384 840 3575 899; x_wconf 71' lang='lat' dir='ltr'><strong>salvus,</strong></span> 
     </span>
    </p>
   </div>
   <div class='ocr_carea' id='block_1_24' title="bbox 1993 922 3560 995">
    <p class='ocr_par' dir='ltr' id='par_1_24' title="bbox 1993 922 3560 995">
     <span class='ocr_line' id='line_1_24' title="bbox 1993 922 3560 995; baseline 0.002 -16"><span class='ocrx_word' id='word_1_172' title='bbox 1993 937 2089 979; x_wconf 90' lang='lat' dir='ltr'><strong>eos</strong></span> <span class='ocrx_word' id='word_1_173' title='bbox 2117 922 2338 989; x_wconf 79' lang='lat' dir='ltr'><strong>faceret,</strong></span> <span class='ocrx_word' id='word_1_174' title='bbox 2372 939 2471 979; x_wconf 91' lang='lat' dir='ltr'><strong>nec</strong></span> <span class='ocrx_word' id='word_1_175' title='bbox 2501 925 2676 979; x_wconf 77' lang='lat' dir='ltr'><strong>tamen</strong></span> <span class='ocrx_word' id='word_1_176' title='bbox 2704 940 2763 979; x_wconf 90' lang='lat' dir='ltr'><strong>se</strong></span> <span class='ocrx_word' id='word_1_177' title='bbox 2792 925 3013 995; x_wconf 86' lang='lat' dir='ltr'><strong>gloriari</strong></span> <span class='ocrx_word' id='word_1_178' title='bbox 3047 926 3178 982; x_wconf 91' lang='lat' dir='ltr'><strong>dicit</strong></span> <span class='ocrx_word' id='word_1_179' title='bbox 3210 927 3265 982; x_wconf 91' lang='lat' dir='ltr'><strong>in</strong></span> <span class='ocrx_word' id='word_1_180' title='bbox 3297 927 3560 983; x_wconf 84' lang='lat' dir='ltr'><strong>extollen-</strong></span> 
     </span>
    </p>
   </div>
   <div class='ocr_carea' id='block_1_25' title="bbox 1996 1012 3572 1084">
    <p class='ocr_par' dir='ltr' id='par_1_25' title="bbox 1996 1012 3572 1084">
     <span class='ocr_line' id='line_1_25' title="bbox 1996 1012 3572 1084; baseline 0.001 -18"><span class='ocrx_word' id='word_1_181' title='bbox 1996 1012 2069 1066; x_wconf 88' lang='lat' dir='ltr'><strong>tia</strong></span> <span class='ocrx_word' id='word_1_182' title='bbox 2091 1013 2397 1084; x_wconf 83' lang='lat' dir='ltr'><strong>potestatis,</strong></span> <span class='ocrx_word' id='word_1_183' title='bbox 2433 1014 2528 1069; x_wconf 89' lang='lat' dir='ltr'><strong>sed</strong></span> <span class='ocrx_word' id='word_1_184' title='bbox 2555 1013 2624 1068; x_wconf 92' lang='lat' dir='ltr'><strong>ad</strong></span> <span class='ocrx_word' id='word_1_185' title='bbox 2654 1012 3069 1071; x_wconf 69' lang='lat' dir='ltr'><strong>aediﬁcationem</strong></span> <span class='ocrx_word' id='word_1_186' title='bbox 3095 1015 3306 1071; x_wconf 88' lang='lat' dir='ltr'><strong>illorum</strong></span> <span class='ocrx_word' id='word_1_187' title='bbox 3331 1031 3346 1069; x_wconf 93' lang='lat'><strong>:</strong></span> <span class='ocrx_word' id='word_1_188' title='bbox 3374 1027 3572 1072; x_wconf 45' lang='lat' dir='ltr'><strong>ostenq</strong></span> 
     </span>
    </p>
   </div>
   <div class='ocr_carea' id='block_1_26' title="bbox 1994 1100 3558 1176">
    <p class='ocr_par' dir='ltr' id='par_1_26' title="bbox 1994 1100 3558 1176">
     <span class='ocr_line' id='line_1_26' title="bbox 1994 1100 3558 1176; baseline 0.001 -17"><span class='ocrx_word' id='word_1_189' title='bbox 1994 1100 2074 1159; x_wconf 91' lang='lat' dir='ltr'><strong>dit</strong></span> <span class='ocrx_word' id='word_1_190' title='bbox 2096 1103 2238 1157; x_wconf 88' lang='lat' dir='ltr'><strong>enim</strong></span> <span class='ocrx_word' id='word_1_191' title='bbox 2278 1111 2620 1172; x_wconf 85' lang='lat' dir='ltr'><strong>potestatem,</strong></span> <span class='ocrx_word' id='word_1_192' title='bbox 2651 1103 2718 1159; x_wconf 90' lang='lat' dir='ltr'><strong>de</strong></span> <span class='ocrx_word' id='word_1_193' title='bbox 2745 1120 2850 1175; x_wconf 91' lang='lat' dir='ltr'><strong>qua</strong></span> <span class='ocrx_word' id='word_1_194' title='bbox 2898 1105 2945 1161; x_wconf 91' lang='lat' dir='ltr'><strong>si</strong></span> <span class='ocrx_word' id='word_1_195' title='bbox 2982 1106 3204 1176; x_wconf 88' lang='lat' dir='ltr'><strong>g.oriari</strong></span> <span class='ocrx_word' id='word_1_196' title='bbox 3246 1106 3426 1174; x_wconf 79' lang='lat' dir='ltr'><strong>vellet,</strong></span> <span class='ocrx_word' id='word_1_197' title='bbox 3452 1123 3558 1161; x_wconf 90' lang='lat' dir='ltr'><strong>non</strong></span> 
     </span>
    </p>
   </div>
   <div class='ocr_carea' id='block_1_27' title="bbox 1993 1194 3558 1266">
    <p class='ocr_par' dir='ltr' id='par_1_27' title="bbox 1993 1194 3558 1266">
     <span class='ocr_line' id='line_1_27' title="bbox 1993 1194 3558 1266; baseline 0.003 -17"><span class='ocrx_word' id='word_1_198' title='bbox 1993 1195 2143 1250; x_wconf 89' lang='lat' dir='ltr'><strong>illum</strong></span> <span class='ocrx_word' id='word_1_199' title='bbox 2188 1194 2435 1265; x_wconf 87' lang='lat' dir='ltr'><strong>puderet,</strong></span> <span class='ocrx_word' id='word_1_200' title='bbox 2479 1197 2606 1266; x_wconf 86' lang='lat' dir='ltr'><strong>quia</strong></span> <span class='ocrx_word' id='word_1_201' title='bbox 2650 1197 2783 1254; x_wconf 81' lang='lat' dir='ltr'><strong>data</strong></span> <span class='ocrx_word' id='word_1_202' title='bbox 2831 1206 2916 1257; x_wconf 83' lang='lat' dir='ltr'><strong>est</strong></span> <span class='ocrx_word' id='word_1_203' title='bbox 2962 1198 3039 1253; x_wconf 89' lang='lat' dir='ltr'><strong>illi</strong></span> <span class='ocrx_word' id='word_1_204' title='bbox 3092 1214 3123 1253; x_wconf 92' lang='lat' dir='ltr'><strong>a</strong></span> <span class='ocrx_word' id='word_1_205' title='bbox 3161 1199 3404 1254; x_wconf 90' lang='lat' dir='ltr'><strong>Domino.</strong></span> <span class='ocrx_word' id='word_1_206' title='bbox 3453 1198 3558 1253; x_wconf 89' lang='lat' dir='ltr'><strong>Sed</strong></span> 
     </span>
    </p>
   </div>
   <div class='ocr_carea' id='block_1_28' title="bbox 1993 1286 3560 1360">
    <p class='ocr_par' dir='ltr' id='par_1_28' title="bbox 1993 1286 3560 1360">
     <span class='ocr_line' id='line_1_28' title="bbox 1993 1286 3560 1360; baseline 0.001 -18"><span class='ocrx_word' id='word_1_207' title='bbox 1993 1287 2083 1343; x_wconf 87' lang='lat' dir='ltr'><strong>hic</strong></span> <span class='ocrx_word' id='word_1_208' title='bbox 2116 1287 2200 1343; x_wconf 91' lang='lat' dir='ltr'><strong>sic</strong></span> <span class='ocrx_word' id='word_1_209' title='bbox 2226 1286 2317 1341; x_wconf 89' lang='lat' dir='ltr'><strong>illa</strong></span> <span class='ocrx_word' id='word_1_210' title='bbox 2343 1287 2534 1351; x_wconf 86' lang='lat' dir='ltr'><strong>utitur,</strong></span> <span class='ocrx_word' id='word_1_211' title='bbox 2564 1295 2622 1342; x_wconf 91' lang='lat' dir='ltr'><strong>ut</strong></span> <span class='ocrx_word' id='word_1_212' title='bbox 2648 1303 2753 1347; x_wconf 86' lang='lat' dir='ltr'><strong>non</strong></span> <span class='ocrx_word' id='word_1_213' title='bbox 2793 1288 3055 1359; x_wconf 75' lang='lat' dir='ltr'><strong>glorietur</strong></span> <span class='ocrx_word' id='word_1_214' title='bbox 3085 1290 3188 1344; x_wconf 90' lang='lat' dir='ltr'><strong>nisi</strong></span> <span class='ocrx_word' id='word_1_215' title='bbox 3235 1289 3288 1345; x_wconf 91' lang='lat' dir='ltr'><strong>in</strong></span> <span class='ocrx_word' id='word_1_216' title='bbox 3314 1289 3560 1360; x_wconf 88' lang='lat' dir='ltr'><strong>profectu</strong></span> 
     </span>
    </p>
   </div>
   <div class='ocr_carea' id='block_1_29' title="bbox 1992 1376 3556 1450">
    <p class='ocr_par' dir='ltr' id='par_1_29' title="bbox 1992 1376 3556 1450">
     <span class='ocr_line' id='line_1_29' title="bbox 1992 1376 3556 1450; baseline 0.002 -19"><span class='ocrx_word' id='word_1_217' title='bbox 1992 1376 2345 1439; x_wconf 80' lang='lat' dir='ltr'><strong>credentium,</strong></span> <span class='ocrx_word' id='word_1_218' title='bbox 2374 1376 2675 1448; x_wconf 87' lang='lat' dir='ltr'><strong>corripiens</strong></span> <span class='ocrx_word' id='word_1_219' title='bbox 2692 1386 3001 1436; x_wconf 85' lang='lat' dir='ltr'><strong>constanter</strong></span> <span class='ocrx_word' id='word_1_220' title='bbox 3017 1379 3258 1445; x_wconf 87' lang='lat' dir='ltr'><strong>vitiosos,</strong></span> <span class='ocrx_word' id='word_1_221' title='bbox 3282 1387 3343 1433; x_wconf 93' lang='lat' dir='ltr'><strong>ut</strong></span> <span class='ocrx_word' id='word_1_222' title='bbox 3363 1379 3556 1450; x_wconf 79' lang='lat' dir='ltr'><strong>glorie-</strong></span> 
     </span>
    </p>
   </div>
   <div class='ocr_carea' id='block_1_30' title="bbox 1993 1463 3557 1541">
    <p class='ocr_par' dir='ltr' id='par_1_30' title="bbox 1993 1463 3557 1541">
     <span class='ocr_line' id='line_1_30' title="bbox 1993 1463 3557 1541; baseline 0.001 -21"><span class='ocrx_word' id='word_1_223' title='bbox 1993 1472 2082 1521; x_wconf 86' lang='lat' dir='ltr'><strong>tur</strong></span> <span class='ocrx_word' id='word_1_224' title='bbox 2097 1463 2341 1523; x_wconf 84' lang='lat' dir='ltr'><strong>insalute</strong></span> <span class='ocrx_word' id='word_1_225' title='bbox 2361 1464 2594 1529; x_wconf 85' lang='lat' dir='ltr'><strong>illorum,</strong></span> <span class='ocrx_word' id='word_1_226' title='bbox 2616 1474 2675 1520; x_wconf 93' lang='lat' dir='ltr'><strong>ut</strong></span> <span class='ocrx_word' id='word_1_227' title='bbox 2696 1475 2936 1537; x_wconf 87' lang='lat' dir='ltr'><strong>potestas</strong></span> <span class='ocrx_word' id='word_1_228' title='bbox 2954 1467 3079 1524; x_wconf 85' lang='lat' dir='ltr'><strong>data</strong></span> <span class='ocrx_word' id='word_1_229' title='bbox 3099 1468 3257 1524; x_wconf 90' lang='lat' dir='ltr'><strong>saluti</strong></span> <span class='ocrx_word' id='word_1_230' title='bbox 3284 1467 3557 1541; x_wconf 88' lang='lat' dir='ltr'><strong>proﬁciat,</strong></span> 
     </span>
    </p>
   </div>
   <div class='ocr_carea' id='block_1_31' title="bbox 1989 1554 3557 1629">
    <p class='ocr_par' dir='ltr' id='par_1_31' title="bbox 1989 1554 3557 1629">
     <span class='ocr_line' id='line_1_31' title="bbox 1989 1554 3557 1629; baseline -0.001 -17"><span class='ocrx_word' id='word_1_231' title='bbox 1989 1571 2097 1612; x_wconf 88' lang='lat' dir='ltr'><strong>non</strong></span> <span class='ocrx_word' id='word_1_232' title='bbox 2127 1554 2367 1611; x_wconf 90' lang='lat' dir='ltr'><strong>elationi.</strong></span> <span class='ocrx_word' id='word_1_233' title='bbox 2398 1555 2613 1625; x_wconf 63' lang='lat' dir='ltr'><strong>Duplici,</strong></span> <span class='ocrx_word' id='word_1_234' title='bbox 2629 1556 2793 1625; x_wconf 87' lang='lat' dir='ltr'><strong>igitur</strong></span> <span class='ocrx_word' id='word_1_235' title='bbox 2816 1572 3014 1628; x_wconf 89' lang='lat' dir='ltr'><strong>genere</strong></span> <span class='ocrx_word' id='word_1_236' title='bbox 3040 1572 3149 1612; x_wconf 91' lang='lat' dir='ltr'><strong>non</strong></span> <span class='ocrx_word' id='word_1_237' title='bbox 3171 1572 3237 1629; x_wconf 86' lang='lat' dir='ltr'><strong>se</strong></span> <span class='ocrx_word' id='word_1_238' title='bbox 3256 1558 3309 1612; x_wconf 92' lang='lat' dir='ltr'><strong>in</strong></span> <span class='ocrx_word' id='word_1_239' title='bbox 3332 1558 3557 1613; x_wconf 87' lang='lat' dir='ltr'><strong>immen-</strong></span> 
     </span>
    </p>
   </div>
   <div class='ocr_carea' id='block_1_32' title="bbox 1990 1646 3561 1719">
    <p class='ocr_par' dir='ltr' id='par_1_32' title="bbox 1990 1646 3561 1719">
     <span class='ocr_line' id='line_1_32' title="bbox 1990 1646 3561 1719; baseline -0.003 -12"><span class='ocrx_word' id='word_1_240' title='bbox 1990 1663 2110 1708; x_wconf 82' lang='lat' dir='ltr'><strong>sum</strong></span> <span class='ocrx_word' id='word_1_241' title='bbox 2136 1646 2356 1718; x_wconf 81' lang='lat' dir='ltr'><strong>gloriari</strong></span> <span class='ocrx_word' id='word_1_242' title='bbox 2390 1654 2637 1712; x_wconf 85' lang='lat' dir='ltr'><strong>testatur,</strong></span> <span class='ocrx_word' id='word_1_243' title='bbox 2662 1656 2721 1703; x_wconf 90' lang='lat' dir='ltr'><strong>et</strong></span> <span class='ocrx_word' id='word_1_244' title='bbox 2739 1648 2863 1716; x_wconf 88' lang='lat' dir='ltr'><strong>quia</strong></span> <span class='ocrx_word' id='word_1_245' title='bbox 2902 1649 3200 1703; x_wconf 91' lang='lat' dir='ltr'><strong>secundum</strong></span> <span class='ocrx_word' id='word_1_246' title='bbox 3238 1649 3415 1704; x_wconf 89' lang='lat' dir='ltr'><strong>datam</strong></span> <span class='ocrx_word' id='word_1_247' title='bbox 3465 1663 3561 1719; x_wconf 84' lang='lat' dir='ltr'><strong>po-</strong></span> 
     </span>
    </p>
   </div>
   <div class='ocr_carea' id='block_1_33' title="bbox 1993 1738 3569 1810">
    <p class='ocr_par' dir='ltr' id='par_1_33' title="bbox 1993 1738 3569 1810">
     <span class='ocr_line' id='line_1_33' title="bbox 1993 1738 3569 1810; baseline 0.001 -15"><span class='ocrx_word' id='word_1_248' title='bbox 1993 1747 2263 1803; x_wconf 85' lang='lat' dir='ltr'><strong>testatem,</strong></span> <span class='ocrx_word' id='word_1_249' title='bbox 2279 1738 2418 1794; x_wconf 86' lang='lat' dir='ltr'><strong>sicut</strong></span> <span class='ocrx_word' id='word_1_250' title='bbox 2429 1738 2583 1804; x_wconf 75' lang='lat' dir='ltr'><strong>dixit,</strong></span> <span class='ocrx_word' id='word_1_251' title='bbox 2597 1747 2652 1794; x_wconf 88' lang='lat' dir='ltr'><strong>et</strong></span> <span class='ocrx_word' id='word_1_252' title='bbox 2666 1738 2790 1808; x_wconf 92' lang='lat' dir='ltr'><strong>quia</strong></span> <span class='ocrx_word' id='word_1_253' title='bbox 2806 1742 2911 1794; x_wconf 76' lang='lat' dir='ltr'><strong>neu</strong></span> <span class='ocrx_word' id='word_1_254' title='bbox 2924 1738 3061 1797; x_wconf 88' lang='lat' dir='ltr'><strong>ultra</strong></span> <span class='ocrx_word' id='word_1_255' title='bbox 3073 1756 3234 1810; x_wconf 90' lang='lat' dir='ltr'><strong>quam</strong></span> <span class='ocrx_word' id='word_1_256' title='bbox 3250 1740 3569 1810; x_wconf 66' lang='lat' dir='ltr'><strong>praedicatio.</strong></span> 
     </span>
    </p>
   </div>
   <div class='ocr_carea' id='block_1_34' title="bbox 297 1815 3559 1901">
    <p class='ocr_par' dir='ltr' id='par_1_34' title="bbox 297 1815 3559 1901">
     <span class='ocr_line' id='line_1_34' title="bbox 297 1815 3559 1901; baseline 0 -16"><span class='ocrx_word' id='word_1_257' title='bbox 297 1838 352 1885; x_wconf 88' lang='lat' dir='ltr'><strong>et</strong></span> <span class='ocrx_word' id='word_1_258' title='bbox 376 1840 656 1900; x_wconf 64' lang='lat' dir='ltr'><strong>prrsentes</strong></span> <span class='ocrx_word' id='word_1_259' title='bbox 680 1832 738 1888; x_wconf 86' lang='lat' dir='ltr'><strong>in</strong></span> <span class='ocrx_word' id='word_1_260' title='bbox 762 1830 929 1901; x_wconf 87' lang='lat' dir='ltr'><strong>facta.</strong></span> <span class='ocrx_word' id='word_1_261' title='bbox 966 1831 1091 1891; x_wconf 84' lang='lat' dir='ltr'><strong>Ideo</strong></span> <span class='ocrx_word' id='word_1_262' title='bbox 1125 1846 1233 1891; x_wconf 86' lang='lat' dir='ltr'><strong>non</strong></span> <span class='ocrx_word' id='word_1_263' title='bbox 1263 1844 1324 1887; x_wconf 86' lang='lat' dir='ltr'><strong>se</strong></span> <span class='ocrx_word' id='word_1_264' title='bbox 1358 1831 1524 1885; x_wconf 86' lang='lat' dir='ltr'><strong>alium</strong></span> <span class='ocrx_word' id='word_1_265' title='bbox 1552 1846 1673 1888; x_wconf 87' lang='lat' dir='ltr'><strong>esse</strong></span> <span class='ocrx_word' id='word_1_266' title='bbox 1697 1831 1891 1888; x_wconf 86' lang='lat' dir='ltr'><strong>absen-</strong></span> <span class='ocrx_word' id='word_1_267' title='bbox 1917 1815 1964 1874; x_wconf 80' lang='grc' dir='ltr'>Β</span> <span class='ocrx_word' id='word_1_268' title='bbox 1989 1828 2110 1898; x_wconf 85' lang='lat' dir='ltr'><strong>ejus</strong></span> <span class='ocrx_word' id='word_1_269' title='bbox 2140 1830 2484 1899; x_wconf 83' lang='lat' dir='ltr'><strong>personabat,</strong></span> <span class='ocrx_word' id='word_1_270' title='bbox 2519 1829 2826 1887; x_wconf 85' lang='lat' dir='ltr'><strong>vindicabat</strong></span> <span class='ocrx_word' id='word_1_271' title='bbox 2871 1830 2975 1887; x_wconf 87' lang='lat' dir='ltr'><strong>sibi</strong></span> <span class='ocrx_word' id='word_1_272' title='bbox 3026 1832 3424 1886; x_wconf 87' lang='lat' dir='ltr'><strong>auctoritatem.</strong></span> <span class='ocrx_word' id='word_1_273' title='bbox 3482 1830 3559 1885; x_wconf 89' lang='lat' dir='ltr'><strong>De</strong></span> 
     </span>
    </p>
   </div>
   <div class='ocr_carea' id='block_1_35' title="bbox 299 1921 1890 1995">
    <p class='ocr_par' dir='ltr' id='par_1_35' title="bbox 299 1921 1890 1995">
     <span class='ocr_line' id='line_1_35' title="bbox 299 1921 1890 1995; baseline 0.001 -18"><span class='ocrx_word' id='word_1_274' title='bbox 299 1930 439 1987; x_wconf 84' lang='lat' dir='ltr'><strong>tem,</strong></span> <span class='ocrx_word' id='word_1_275' title='bbox 465 1936 633 1990; x_wconf 79' lang='lat' dir='ltr'><strong>quam</strong></span> <span class='ocrx_word' id='word_1_276' title='bbox 660 1936 897 1993; x_wconf 73' lang='lat' dir='ltr'><strong>pmsens</strong></span> <span class='ocrx_word' id='word_1_277' title='bbox 925 1930 1029 1987; x_wconf 88' lang='lat' dir='ltr'><strong>est,</strong></span> <span class='ocrx_word' id='word_1_278' title='bbox 1057 1921 1271 1993; x_wconf 85' lang='lat' dir='ltr'><strong>probat,</strong></span> <span class='ocrx_word' id='word_1_279' title='bbox 1311 1921 1438 1991; x_wconf 84' lang='lat' dir='ltr'><strong>quia</strong></span> <span class='ocrx_word' id='word_1_280' title='bbox 1468 1938 1573 1980; x_wconf 91' lang='lat' dir='ltr'><strong>non</strong></span> <span class='ocrx_word' id='word_1_281' title='bbox 1599 1931 1716 1977; x_wconf 87' lang='lat' dir='ltr'><strong>erat</strong></span> <span class='ocrx_word' id='word_1_282' title='bbox 1751 1934 1890 1995; x_wconf 66' lang='lat' dir='ltr'><strong>prae-</strong></span> 
     </span>
    </p>
   </div>
   <div class='ocr_carea' id='block_1_36' title="bbox 299 2012 1888 2083">
    <p class='ocr_par' dir='ltr' id='par_1_36' title="bbox 299 2012 1888 2083">
     <span class='ocr_line' id='line_1_36' title="bbox 299 2012 1888 2083; baseline 0 -17"><span class='ocrx_word' id='word_1_283' title='bbox 299 2019 568 2081; x_wconf 85' lang='lat' dir='ltr'><strong>sumptor,</strong></span> <span class='ocrx_word' id='word_1_284' title='bbox 606 2027 638 2065; x_wconf 90' lang='lat' dir='ltr'><strong>a</strong></span> <span class='ocrx_word' id='word_1_285' title='bbox 664 2013 891 2067; x_wconf 90' lang='lat' dir='ltr'><strong>Domino</strong></span> <span class='ocrx_word' id='word_1_286' title='bbox 921 2012 1068 2067; x_wconf 89' lang='lat' dir='ltr'><strong>enim</strong></span> <span class='ocrx_word' id='word_1_287' title='bbox 1096 2020 1381 2083; x_wconf 88' lang='lat' dir='ltr'><strong>acceperat</strong></span> <span class='ocrx_word' id='word_1_288' title='bbox 1406 2019 1730 2081; x_wconf 85' lang='lat' dir='ltr'><strong>potestatem</strong></span> <span class='ocrx_word' id='word_1_289' title='bbox 1759 2029 1772 2065; x_wconf 92' lang='lat'>:</span> <span class='ocrx_word' id='word_1_290' title='bbox 1800 2012 1888 2067; x_wconf 89' lang='lat' dir='ltr'><strong>cui</strong></span> 
     </span>
    </p>
   </div>
   <div class='ocr_carea' id='block_1_37' title="bbox 300 2102 1884 2173">
    <p class='ocr_par' dir='ltr' id='par_1_37' title="bbox 300 2102 1884 2173">
     <span class='ocr_line' id='line_1_37' title="bbox 300 2102 1884 2173; baseline -0.001 -16"><span class='ocrx_word' id='word_1_291' title='bbox 300 2103 453 2158; x_wconf 86' lang='lat' dir='ltr'><strong>enim</strong></span> <span class='ocrx_word' id='word_1_292' title='bbox 484 2117 591 2157; x_wconf 91' lang='lat' dir='ltr'><strong>non</strong></span> <span class='ocrx_word' id='word_1_293' title='bbox 635 2111 720 2157; x_wconf 89' lang='lat' dir='ltr'><strong>est</strong></span> <span class='ocrx_word' id='word_1_294' title='bbox 760 2102 883 2157; x_wconf 87' lang='lat' dir='ltr'><strong>data</strong></span> <span class='ocrx_word' id='word_1_295' title='bbox 927 2110 1170 2173; x_wconf 88' lang='lat' dir='ltr'><strong>potestas</strong></span> <span class='ocrx_word' id='word_1_296' title='bbox 1208 2102 1403 2158; x_wconf 86' lang='lat' dir='ltr'><strong>absens</strong></span> <span class='ocrx_word' id='word_1_297' title='bbox 1446 2110 1623 2172; x_wconf 87' lang='lat' dir='ltr'><strong>potest</strong></span> <span class='ocrx_word' id='word_1_298' title='bbox 1664 2103 1884 2165; x_wconf 87' lang='lat' dir='ltr'><strong>audere,</strong></span> 
     </span>
    </p>
   </div>
   <div class='ocr_carea' id='block_1_38' title="bbox 301 2190 1886 2266">
    <p class='ocr_par' dir='ltr' id='par_1_38' title="bbox 301 2190 1886 2266">
     <span class='ocr_line' id='line_1_38' title="bbox 301 2190 1886 2266; baseline -0.001 -20"><span class='ocrx_word' id='word_1_299' title='bbox 301 2206 548 2266; x_wconf 54' lang='lat' dir='ltr'><strong>praeeris</strong></span> <span class='ocrx_word' id='word_1_300' title='bbox 566 2201 749 2251; x_wconf 87' lang='lat' dir='ltr'><strong>autem</strong></span> <span class='ocrx_word' id='word_1_301' title='bbox 772 2193 1031 2263; x_wconf 89' lang='lat' dir='ltr'><strong>pudorem</strong></span> <span class='ocrx_word' id='word_1_302' title='bbox 1061 2192 1285 2261; x_wconf 83' lang='lat' dir='ltr'><strong>patitur.</strong></span> <span class='ocrx_word' id='word_1_303' title='bbox 1316 2190 1442 2250; x_wconf 85' lang='lat' dir='ltr'><strong>Ideo</strong></span> <span class='ocrx_word' id='word_1_304' title='bbox 1464 2191 1757 2261; x_wconf 82' lang='lat' dir='ltr'><strong>Apostolus</strong></span> <span class='ocrx_word' id='word_1_305' title='bbox 1779 2208 1886 2247; x_wconf 82' lang='lat' dir='ltr'><strong>non</strong></span> 
     </span>
    </p>
   </div>
   <div class='ocr_carea' id='block_1_39' title="bbox 298 2280 1887 2353">
    <p class='ocr_par' dir='ltr' id='par_1_39' title="bbox 298 2280 1887 2353">
     <span class='ocr_line' id='line_1_39' title="bbox 298 2280 1887 2353; baseline 0.001 -17"><span class='ocrx_word' id='word_1_306' title='bbox 298 2282 582 2337; x_wconf 83' lang='lat' dir='ltr'><strong>erubescit</strong></span> <span class='ocrx_word' id='word_1_307' title='bbox 621 2282 747 2337; x_wconf 89' lang='lat' dir='ltr'><strong>dum</strong></span> <span class='ocrx_word' id='word_1_308' title='bbox 777 2282 1039 2353; x_wconf 89' lang='lat' dir='ltr'><strong>corripit,</strong></span> <span class='ocrx_word' id='word_1_309' title='bbox 1079 2282 1205 2351; x_wconf 88' lang='lat' dir='ltr'><strong>quia</strong></span> <span class='ocrx_word' id='word_1_310' title='bbox 1236 2280 1429 2337; x_wconf 88' lang='lat' dir='ltr'><strong>ﬁducia</strong></span> <span class='ocrx_word' id='word_1_311' title='bbox 1467 2282 1748 2353; x_wconf 88' lang='lat' dir='ltr'><strong>potestatis</strong></span> <span class='ocrx_word' id='word_1_312' title='bbox 1782 2282 1887 2343; x_wconf 81' lang='lat' dir='ltr'><strong>huc</strong></span> 
     </span>
    </p>
   </div>
   <div class='ocr_carea' id='block_1_40' title="bbox 301 2371 1889 2444">
    <p class='ocr_par' dir='ltr' id='par_1_40' title="bbox 301 2371 1889 2444">
     <span class='ocr_line' id='line_1_40' title="bbox 301 2371 1889 2444; baseline 0.002 -17"><span class='ocrx_word' id='word_1_313' title='bbox 301 2373 437 2443; x_wconf 82' lang='lat' dir='ltr'><strong>agit.</strong></span> <span class='ocrx_word' id='word_1_314' title='bbox 462 2371 587 2428; x_wconf 55' lang='lat' dir='ltr'><strong>Haec</strong></span> <span class='ocrx_word' id='word_1_315' title='bbox 614 2381 832 2444; x_wconf 87' lang='lat' dir='ltr'><strong>propter</strong></span> <span class='ocrx_word' id='word_1_316' title='bbox 860 2374 961 2433; x_wconf 87' lang='lat' dir='ltr'><strong>bos</strong></span> <span class='ocrx_word' id='word_1_317' title='bbox 989 2373 1226 2442; x_wconf 86' lang='lat' dir='ltr'><strong>loquitur</strong></span> <span class='ocrx_word' id='word_1_318' title='bbox 1252 2374 1343 2442; x_wconf 86' lang='lat' dir='ltr'><strong>qui</strong></span> <span class='ocrx_word' id='word_1_319' title='bbox 1371 2388 1479 2431; x_wconf 90' lang='lat' dir='ltr'><strong>non</strong></span> <span class='ocrx_word' id='word_1_320' title='bbox 1515 2373 1666 2429; x_wconf 89' lang='lat' dir='ltr'><strong>missi</strong></span> <span class='ocrx_word' id='word_1_321' title='bbox 1697 2374 1889 2444; x_wconf 70' lang='lat' dir='ltr'><strong>praedi-</strong></span> 
     </span>
    </p>
   </div>
   <div class='ocr_carea' id='block_1_41' title="bbox 299 2450 1882 2539">
    <p class='ocr_par' dir='ltr' id='par_1_41' title="bbox 299 2450 1882 2539">
     <span class='ocr_line' id='line_1_41' title="bbox 299 2450 1882 2539; baseline -0.002 -20"><span class='ocrx_word' id='word_1_322' title='bbox 299 2462 499 2519; x_wconf 85' lang='lat' dir='ltr'><strong>cabant</strong></span> <span class='ocrx_word' id='word_1_323' title='bbox 525 2462 803 2519; x_wconf 84' lang='lat' dir='ltr'><strong>adulantes</strong></span> <span class='ocrx_word' id='word_1_324' title='bbox 824 2462 950 2539; x_wconf 89' lang='lat' dir='ltr'><strong>quia</strong></span> <span class='ocrx_word' id='word_1_325' title='bbox 979 2464 1188 2537; x_wconf 83' lang='lat' dir='ltr'><strong>seipsos</strong></span> <span class='ocrx_word' id='word_1_326' title='bbox 1210 2463 1592 2521; x_wconf 88' lang='lat' dir='ltr'><strong>commendare</strong></span> <span class='ocrx_word' id='word_1_327' title='bbox 1619 2450 1882 2521; x_wconf 79' lang='lat' dir='ltr'><strong>volebant.</strong></span> 
     </span>
    </p>
   </div>
   <div class='ocr_carea' id='block_1_42' title="bbox 302 2547 1882 2624">
    <p class='ocr_par' dir='ltr' id='par_1_42' title="bbox 302 2547 1882 2624">
     <span class='ocr_line' id='line_1_42' title="bbox 302 2547 1882 2624; baseline 0.004 -20"><span class='ocrx_word' id='word_1_328' title='bbox 302 2547 369 2623; x_wconf 78' lang='lat'><strong>(6</strong></span> <span class='ocrx_word' id='word_1_329' title='bbox 377 2550 509 2621; x_wconf 82' lang='lat' dir='ltr'><strong>reg.)</strong></span> <span class='ocrx_word' id='word_1_330' title='bbox 532 2551 638 2606; x_wconf 90' lang='lat' dir='ltr'><strong>Sed</strong></span> <span class='ocrx_word' id='word_1_331' title='bbox 655 2551 972 2624; x_wconf 85' lang='lat' dir='ltr'><strong>plerumque</strong></span> <span class='ocrx_word' id='word_1_332' title='bbox 991 2553 1373 2623; x_wconf 66' lang='lat' dir='ltr'><strong>praedicatores</strong></span> <span class='ocrx_word' id='word_1_333' title='bbox 1393 2555 1565 2609; x_wconf 87' lang='lat' dir='ltr'><strong>sancti</strong></span> <span class='ocrx_word' id='word_1_334' title='bbox 1596 2554 1882 2610; x_wconf 84' lang='lat' dir='ltr'><strong>ostendere</strong></span> 
     </span>
    </p>
   </div>
   <div class='ocr_carea' id='block_1_43' title="bbox 300 2645 1884 2717">
    <p class='ocr_par' dir='ltr' id='par_1_43' title="bbox 300 2645 1884 2717">
     <span class='ocr_line' id='line_1_43' title="bbox 300 2645 1884 2717; baseline 0 -16"><span class='ocrx_word' id='word_1_335' title='bbox 300 2645 642 2715; x_wconf 73' lang='lat' dir='ltr'><strong>semetipsos,</strong></span> <span class='ocrx_word' id='word_1_336' title='bbox 681 2654 741 2700; x_wconf 90' lang='lat' dir='ltr'><strong>ut</strong></span> <span class='ocrx_word' id='word_1_337' title='bbox 771 2647 998 2717; x_wconf 89' lang='lat' dir='ltr'><strong>prosint,</strong></span> <span class='ocrx_word' id='word_1_338' title='bbox 1020 2646 1264 2716; x_wconf 89' lang='lat' dir='ltr'><strong>cupiunt,</strong></span> <span class='ocrx_word' id='word_1_339' title='bbox 1304 2661 1403 2702; x_wconf 90' lang='lat' dir='ltr'><strong>nec</strong></span> <span class='ocrx_word' id='word_1_340' title='bbox 1431 2655 1609 2702; x_wconf 89' lang='lat' dir='ltr'><strong>tamen</strong></span> <span class='ocrx_word' id='word_1_341' title='bbox 1637 2656 1884 2716; x_wconf 87' lang='lat' dir='ltr'><strong>possunt,</strong></span> 
     </span>
    </p>
   </div>
   <div class='ocr_carea' id='block_1_44' title="bbox 296 2734 1887 2807">
    <p class='ocr_par' dir='ltr' id='par_1_44' title="bbox 296 2734 1887 2807">
     <span class='ocr_line' id='line_1_44' title="bbox 296 2734 1887 2807; baseline 0.003 -19"><span class='ocrx_word' id='word_1_342' title='bbox 296 2734 623 2806; x_wconf 87' lang='lat' dir='ltr'><strong>plerumque</strong></span> <span class='ocrx_word' id='word_1_343' title='bbox 656 2743 717 2790; x_wconf 91' lang='lat' dir='ltr'><strong>ut</strong></span> <span class='ocrx_word' id='word_1_344' title='bbox 755 2736 926 2807; x_wconf 89' lang='lat' dir='ltr'><strong>quieti</strong></span> <span class='ocrx_word' id='word_1_345' title='bbox 960 2737 1068 2791; x_wconf 89' lang='lat' dir='ltr'><strong>sint</strong></span> <span class='ocrx_word' id='word_1_346' title='bbox 1095 2744 1394 2806; x_wconf 91' lang='lat' dir='ltr'><strong>appetunt,</strong></span> <span class='ocrx_word' id='word_1_347' title='bbox 1425 2752 1525 2792; x_wconf 90' lang='lat' dir='ltr'><strong>nec</strong></span> <span class='ocrx_word' id='word_1_348' title='bbox 1556 2745 1734 2792; x_wconf 86' lang='lat' dir='ltr'><strong>tamen</strong></span> <span class='ocrx_word' id='word_1_349' title='bbox 1770 2751 1887 2807; x_wconf 88' lang='lat' dir='ltr'><strong>per-</strong></span> 
     </span>
    </p>
   </div>
   <div class='ocr_carea' id='block_1_45' title="bbox 300 2824 1882 2899">
    <p class='ocr_par' dir='ltr' id='par_1_45' title="bbox 300 2824 1882 2899">
     <span class='ocr_line' id='line_1_45' title="bbox 300 2824 1882 2899; baseline 0.003 -22"><span class='ocrx_word' id='word_1_350' title='bbox 300 2824 610 2880; x_wconf 86' lang='lat' dir='ltr'><strong>mittuntur.</strong></span> <span class='ocrx_word' id='word_1_351' title='bbox 652 2825 821 2882; x_wconf 83' lang='lat' dir='ltr'><strong>Nemo</strong></span> <span class='ocrx_word' id='word_1_352' title='bbox 858 2826 1025 2899; x_wconf 79' lang='lat' dir='ltr'><strong>igitur</strong></span> <span class='ocrx_word' id='word_1_353' title='bbox 1062 2828 1166 2882; x_wconf 89' lang='lat' dir='ltr'><strong>scit</strong></span> <span class='ocrx_word' id='word_1_354' title='bbox 1208 2827 1422 2897; x_wconf 86' lang='lat' dir='ltr'><strong>quando</strong></span> <span class='ocrx_word' id='word_1_355' title='bbox 1462 2826 1637 2884; x_wconf 88' lang='lat' dir='ltr'><strong>lucem</strong></span> <span class='ocrx_word' id='word_1_356' title='bbox 1664 2829 1882 2885; x_wconf 91' lang='lat' dir='ltr'><strong>nubium</strong></span> 
     </span>
    </p>
   </div>
   <div class='ocr_carea' id='block_1_46' title="bbox 297 2915 1886 2992">
    <p class='ocr_par' dir='ltr' id='par_1_46' title="bbox 297 2915 1886 2992">
     <span class='ocr_line' id='line_1_46' title="bbox 297 2915 1886 2992; baseline 0.008 -23"><span class='ocrx_word' id='word_1_357' title='bbox 297 2915 500 2989; x_wconf 78' lang='lat' dir='ltr'><strong>pluviae</strong></span> <span class='ocrx_word' id='word_1_358' title='bbox 532 2918 840 2984; x_wconf 86' lang='lat' dir='ltr'><strong>ostendant,</strong></span> <span class='ocrx_word' id='word_1_359' title='bbox 868 2920 991 2989; x_wconf 90' lang='lat' dir='ltr'><strong>quia</strong></span> <span class='ocrx_word' id='word_1_360' title='bbox 1022 2930 1184 2974; x_wconf 90' lang='lat' dir='ltr'><strong>nemo</strong></span> <span class='ocrx_word' id='word_1_361' title='bbox 1205 2919 1626 2989; x_wconf 89' lang='lat' dir='ltr'><strong>comprehendet</strong></span> <span class='ocrx_word' id='word_1_362' title='bbox 1667 2925 1886 2992; x_wconf 90' lang='lat' dir='ltr'><strong>quando</strong></span> 
     </span>
    </p>
   </div>
   <div class='ocr_carea' id='block_1_47' title="bbox 300 3002 1884 3082">
    <p class='ocr_par' dir='ltr' id='par_1_47' title="bbox 300 3002 1884 3082">
     <span class='ocr_line' id='line_1_47' title="bbox 300 3002 1884 3082; baseline 0.004 -18"><span class='ocrx_word' id='word_1_363' title='bbox 300 3008 449 3064; x_wconf 71' lang='lat' dir='ltr'><strong>Dous</strong></span> <span class='ocrx_word' id='word_1_364' title='bbox 493 3010 751 3070; x_wconf 72' lang='lat' dir='ltr'><strong>virtutem</strong></span> <span class='ocrx_word' id='word_1_365' title='bbox 782 3010 1180 3082; x_wconf 66' lang='lat' dir='ltr'><strong>praedicationis</strong></span> <span class='ocrx_word' id='word_1_366' title='bbox 1216 3010 1337 3077; x_wconf 92' lang='lat' dir='ltr'><strong>dat,</strong></span> <span class='ocrx_word' id='word_1_367' title='bbox 1383 3002 1445 3067; x_wconf 79' lang='lat' dir='ltr'><strong>ut</strong></span> <span class='ocrx_word' id='word_1_368' title='bbox 1479 3013 1884 3082; x_wconf 76' lang='lat' dir='ltr'><strong>prtedicantium</strong></span> 
     </span>
    </p>
   </div>
   <div class='ocr_carea' id='block_1_48' title="bbox 298 3099 1886 3174">
    <p class='ocr_par' dir='ltr' id='par_1_48' title="bbox 298 3099 1886 3174">
     <span class='ocr_line' id='line_1_48' title="bbox 298 3099 1886 3174; baseline 0.004 -21"><span class='ocrx_word' id='word_1_369' title='bbox 298 3099 477 3174; x_wconf 84' lang='lat' dir='ltr'><strong>gloria</strong></span> <span class='ocrx_word' id='word_1_370' title='bbox 516 3100 804 3163; x_wconf 80' lang='lat' dir='ltr'><strong>clarescat.</strong></span> <span class='ocrx_word' id='word_1_371' title='bbox 840 3101 995 3161; x_wconf 88' lang='lat' dir='ltr'><strong>Unde</strong></span> <span class='ocrx_word' id='word_1_372' title='bbox 1034 3101 1293 3161; x_wconf 88' lang='lat' dir='ltr'><strong>Dominus</strong></span> <span class='ocrx_word' id='word_1_373' title='bbox 1326 3103 1393 3158; x_wconf 93' lang='lat' dir='ltr'><strong>ad</strong></span> <span class='ocrx_word' id='word_1_374' title='bbox 1429 3102 1530 3160; x_wconf 85' lang='lat' dir='ltr'><strong>Job</strong></span> <span class='ocrx_word' id='word_1_375' title='bbox 1559 3105 1637 3160; x_wconf 91' lang='lat' dir='ltr'><strong>ait</strong></span> <span class='ocrx_word' id='word_1_376' title='bbox 1674 3123 1688 3162; x_wconf 88' lang='lat'><strong>:</strong></span> <span class='ocrx_word' id='word_1_377' title='bbox 1731 3105 1886 3161; x_wconf 84' lang='lat' dir='ltr'><strong>Nun-</strong></span> 
     </span>
    </p>
   </div>
   <div class='ocr_carea' id='block_1_49' title="bbox 299 3192 1885 3265">
    <p class='ocr_par' dir='ltr' id='par_1_49' title="bbox 299 3192 1885 3265">
     <span class='ocr_line' id='line_1_49' title="bbox 299 3192 1885 3265; baseline 0.003 -19"><span class='ocrx_word' id='word_1_378' title='bbox 299 3192 432 3263; x_wconf 82' lang='lat' dir='ltr'><strong>quid</strong></span> <span class='ocrx_word' id='word_1_379' title='bbox 452 3194 557 3247; x_wconf 86' lang='lat' dir='ltr'><strong>scis</strong></span> <span class='ocrx_word' id='word_1_380' title='bbox 582 3195 792 3250; x_wconf 87' lang='lat' dir='ltr'><strong>auando</strong></span> <span class='ocrx_word' id='word_1_381' title='bbox 816 3194 1115 3265; x_wconf 69' lang='lat' dir='ltr'><strong>prmceperit</strong></span> <span class='ocrx_word' id='word_1_382' title='bbox 1152 3192 1290 3248; x_wconf 85' lang='lat' dir='ltr'><strong>Deus</strong></span> <span class='ocrx_word' id='word_1_383' title='bbox 1312 3193 1519 3265; x_wconf 83' lang='lat' dir='ltr'><strong>pluuiis,</strong></span> <span class='ocrx_word' id='word_1_384' title='bbox 1553 3204 1611 3250; x_wconf 88' lang='lat' dir='ltr'><strong>ut</strong></span> <span class='ocrx_word' id='word_1_385' title='bbox 1647 3196 1885 3251; x_wconf 86' lang='lat' dir='ltr'><strong>ostende-</strong></span> 
     </span>
    </p>
   </div>
   <div class='ocr_carea' id='block_1_50' title="bbox 301 3282 1886 3356">
    <p class='ocr_par' dir='ltr' id='par_1_50' title="bbox 301 3282 1886 3356">
     <span class='ocr_line' id='line_1_50' title="bbox 301 3282 1886 3356; baseline 0.003 -19"><span class='ocrx_word' id='word_1_386' title='bbox 301 3292 419 3337; x_wconf 87' lang='lat' dir='ltr'><strong>rent</strong></span> <span class='ocrx_word' id='word_1_387' title='bbox 444 3282 612 3337; x_wconf 82' lang='lat' dir='ltr'><strong>lucem</strong></span> <span class='ocrx_word' id='word_1_388' title='bbox 653 3284 869 3339; x_wconf 87' lang='lat' dir='ltr'><strong>nubium</strong></span> <span class='ocrx_word' id='word_1_389' title='bbox 896 3284 1051 3355; x_wconf 82' lang='lat' dir='ltr'><strong>ejus?</strong></span> <span class='ocrx_word' id='word_1_390' title='bbox 1083 3283 1227 3355; x_wconf 84' lang='lat' dir='ltr'><strong>(Job.</strong></span> <span class='ocrx_word' id='word_1_391' title='bbox 1263 3285 1494 3356; x_wconf 80' lang='lat' dir='ltr'><strong>xxxvu.)</strong></span> <span class='ocrx_word' id='word_1_392' title='bbox 1520 3288 1599 3342; x_wconf 84' lang='lat' dir='ltr'><strong>Ac</strong></span> <span class='ocrx_word' id='word_1_393' title='bbox 1631 3287 1675 3342; x_wconf 88' lang='lat' dir='ltr'><strong>si</strong></span> <span class='ocrx_word' id='word_1_394' title='bbox 1702 3295 1886 3356; x_wconf 85' lang='lat' dir='ltr'><strong>aperte</strong></span> 
     </span>
    </p>
   </div>
   <div class='ocr_carea' id='block_1_51' title="bbox 301 3372 1886 3447">
    <p class='ocr_par' dir='ltr' id='par_1_51' title="bbox 301 3372 1886 3447">
     <span class='ocr_line' id='line_1_51' title="bbox 301 3372 1886 3447; baseline 0.003 -18"><span class='ocrx_word' id='word_1_395' title='bbox 301 3372 468 3439; x_wconf 87' lang='lat' dir='ltr'><strong>dicat,</strong></span> <span class='ocrx_word' id='word_1_396' title='bbox 514 3375 754 3444; x_wconf 88' lang='lat' dir='ltr'><strong>nunquid</strong></span> <span class='ocrx_word' id='word_1_397' title='bbox 802 3374 848 3430; x_wconf 90' lang='lat' dir='ltr'><strong>si</strong></span> <span class='ocrx_word' id='word_1_398' title='bbox 885 3384 1143 3431; x_wconf 90' lang='lat' dir='ltr'><strong>venturos</strong></span> <span class='ocrx_word' id='word_1_399' title='bbox 1171 3375 1223 3430; x_wconf 91' lang='lat' dir='ltr'><strong>in</strong></span> <span class='ocrx_word' id='word_1_400' title='bbox 1268 3377 1468 3432; x_wconf 89' lang='lat' dir='ltr'><strong>mundo</strong></span> <span class='ocrx_word' id='word_1_401' title='bbox 1505 3377 1886 3447; x_wconf 80' lang='lat' dir='ltr'><strong>praedicatores</strong></span> 
     </span>
    </p>
   </div>
   <div class='ocr_carea' id='block_1_52' title="bbox 292 3465 1887 3537">
    <p class='ocr_par' dir='ltr' id='par_1_52' title="bbox 292 3465 1887 3537">
     <span class='ocr_line' id='line_1_52' title="bbox 292 3465 1887 3537; baseline 0.003 -18"><span class='ocrx_word' id='word_1_402' title='bbox 292 3465 412 3537; x_wconf 87' lang='lat' dir='ltr'><strong>jam</strong></span> <span class='ocrx_word' id='word_1_403' title='bbox 439 3466 727 3535; x_wconf 84' lang='lat' dir='ltr'><strong>conspicis,</strong></span> <span class='ocrx_word' id='word_1_404' title='bbox 750 3467 965 3536; x_wconf 89' lang='lat' dir='ltr'><strong>quando</strong></span> <span class='ocrx_word' id='word_1_405' title='bbox 992 3482 1086 3522; x_wconf 90' lang='lat' dir='ltr'><strong>eos</strong></span> <span class='ocrx_word' id='word_1_406' title='bbox 1104 3468 1170 3523; x_wconf 89' lang='lat' dir='ltr'><strong>ad</strong></span> <span class='ocrx_word' id='word_1_407' title='bbox 1196 3466 1598 3537; x_wconf 67' lang='lat' dir='ltr'><strong>medicandum</strong></span> <span class='ocrx_word' id='word_1_408' title='bbox 1628 3468 1887 3525; x_wconf 87' lang='lat' dir='ltr'><strong>Dominus</strong></span> 
     </span>
    </p>
   </div>
   <div class='ocr_carea' id='block_1_53' title="bbox 301 3555 1885 3630">
    <p class='ocr_par' dir='ltr' id='par_1_53' title="bbox 301 3555 1885 3630">
     <span class='ocr_line' id='line_1_53' title="bbox 301 3555 1885 3630; baseline 0.001 -16"><span class='ocrx_word' id='word_1_409' title='bbox 301 3555 603 3627; x_wconf 85' lang='lat' dir='ltr'><strong>repletione</strong></span> <span class='ocrx_word' id='word_1_410' title='bbox 638 3558 860 3628; x_wconf 89' lang='lat' dir='ltr'><strong>spiritus</strong></span> <span class='ocrx_word' id='word_1_411' title='bbox 888 3557 1146 3630; x_wconf 87' lang='lat' dir='ltr'><strong>impellat,</strong></span> <span class='ocrx_word' id='word_1_412' title='bbox 1188 3559 1451 3629; x_wconf 88' lang='lat' dir='ltr'><strong>quibusve</strong></span> <span class='ocrx_word' id='word_1_413' title='bbox 1487 3560 1661 3615; x_wconf 90' lang='lat' dir='ltr'><strong>modis</strong></span> <span class='ocrx_word' id='word_1_414' title='bbox 1697 3575 1885 3615; x_wconf 88' lang='lat' dir='ltr'><strong>eorum</strong></span> 
     </span>
    </p>
   </div>
   <div class='ocr_carea' id='block_1_54' title="bbox 297 3648 1886 3721">
    <p class='ocr_par' dir='ltr' id='par_1_54' title="bbox 297 3648 1886 3721">
     <span class='ocr_line' id='line_1_54' title="bbox 297 3648 1886 3721; baseline 0.002 -20"><span class='ocrx_word' id='word_1_415' title='bbox 297 3649 432 3704; x_wconf 72' lang='lat' dir='ltr'><strong>vita:</strong></span> <span class='ocrx_word' id='word_1_416' title='bbox 457 3648 758 3704; x_wconf 85' lang='lat' dir='ltr'><strong>claritatem</strong></span> <span class='ocrx_word' id='word_1_417' title='bbox 784 3650 945 3706; x_wconf 91' lang='lat' dir='ltr'><strong>modo</strong></span> <span class='ocrx_word' id='word_1_418' title='bbox 977 3651 1304 3717; x_wconf 88' lang='lat' dir='ltr'><strong>innotescat,</strong></span> <span class='ocrx_word' id='word_1_419' title='bbox 1331 3650 1720 3721; x_wconf 86' lang='lat' dir='ltr'><strong>apprehendis?</strong></span> <span class='ocrx_word' id='word_1_420' title='bbox 1748 3650 1886 3705; x_wconf 91' lang='lat' dir='ltr'><strong>unde</strong></span> 
     </span>
    </p>
   </div>
   <div class='ocr_carea' id='block_1_55' title="bbox 300 3739 1887 3811">
    <p class='ocr_par' dir='ltr' id='par_1_55' title="bbox 300 3739 1887 3811">
     <span class='ocr_line' id='line_1_55' title="bbox 300 3739 1887 3811; baseline 0.001 -19"><span class='ocrx_word' id='word_1_421' title='bbox 300 3739 481 3795; x_wconf 81' lang='lat' dir='ltr'><strong>adhuc</strong></span> <span class='ocrx_word' id='word_1_422' title='bbox 502 3747 627 3809; x_wconf 86' lang='lat' dir='ltr'><strong>apte</strong></span> <span class='ocrx_word' id='word_1_423' title='bbox 661 3739 1002 3810; x_wconf 72' lang='lat' dir='ltr'><strong>subiungitur</strong></span> <span class='ocrx_word' id='word_1_424' title='bbox 1032 3758 1045 3794; x_wconf 87' lang='lat'><strong>:</strong></span> <span class='ocrx_word' id='word_1_425' title='bbox 1079 3740 1335 3811; x_wconf 83' lang='lat' dir='ltr'><strong>Nunquid</strong></span> <span class='ocrx_word' id='word_1_426' title='bbox 1362 3741 1501 3794; x_wconf 86' lang='lat' dir='ltr'><strong>nosti</strong></span> <span class='ocrx_word' id='word_1_427' title='bbox 1539 3742 1752 3796; x_wconf 85' lang='lat' dir='ltr'><strong>semitas</strong></span> <span class='ocrx_word' id='word_1_428' title='bbox 1793 3757 1887 3794; x_wconf 86' lang='lat' dir='ltr'><strong>nu-</strong></span> 
     </span>
    </p>
   </div>
   <div class='ocr_carea' id='block_1_56' title="bbox 301 3830 1886 3904">
    <p class='ocr_par' dir='ltr' id='par_1_56' title="bbox 301 3830 1886 3904">
     <span class='ocr_line' id='line_1_56' title="bbox 301 3830 1886 3904; baseline -0.003 -13"><span class='ocrx_word' id='word_1_429' title='bbox 301 3830 447 3891; x_wconf 60' lang='lat' dir='ltr'><strong>bium</strong></span> <span class='ocrx_word' id='word_1_430' title='bbox 475 3847 694 3903; x_wconf 70' lang='lat' dir='ltr'><strong>Magnas</strong></span> <span class='ocrx_word' id='word_1_431' title='bbox 720 3872 735 3898; x_wconf 92' lang='lat'><strong>,</strong></span> <span class='ocrx_word' id='word_1_432' title='bbox 780 3840 829 3885; x_wconf 86' lang='lat' dir='ltr'><strong>et</strong></span> <span class='ocrx_word' id='word_1_433' title='bbox 854 3831 1113 3903; x_wconf 79' lang='lat' dir='ltr'><strong>perfectas</strong></span> <span class='ocrx_word' id='word_1_434' title='bbox 1136 3833 1419 3886; x_wconf 83' lang='lat' dir='ltr'><strong>scientias?</strong></span> <span class='ocrx_word' id='word_1_435' title='bbox 1445 3831 1632 3904; x_wconf 90' lang='lat' dir='ltr'><strong>(Ibid.)</strong></span> <span class='ocrx_word' id='word_1_436' title='bbox 1678 3832 1886 3888; x_wconf 85' lang='lat' dir='ltr'><strong>Habent</strong></span> 
     </span>
    </p>
   </div>
   <div class='ocr_carea' id='block_1_57' title="bbox 301 3921 1887 3992">
    <p class='ocr_par' dir='ltr' id='par_1_57' title="bbox 301 3921 1887 3992">
     <span class='ocr_line' id='line_1_57' title="bbox 301 3921 1887 3992; baseline 0.001 -14"><span class='ocrx_word' id='word_1_437' title='bbox 301 3921 424 3981; x_wconf 74' lang='lat' dir='ltr'><strong>istze</strong></span> <span class='ocrx_word' id='word_1_438' title='bbox 445 3923 619 3981; x_wconf 82' lang='lat' dir='ltr'><strong>nubes</strong></span> <span class='ocrx_word' id='word_1_439' title='bbox 639 3923 858 3981; x_wconf 89' lang='lat' dir='ltr'><strong>semitas</strong></span> <span class='ocrx_word' id='word_1_440' title='bbox 876 3922 1275 3987; x_wconf 83' lang='lat' dir='ltr'><strong>subtilissimas,</strong></span> <span class='ocrx_word' id='word_1_441' title='bbox 1298 3922 1505 3978; x_wconf 88' lang='lat' dir='ltr'><strong>scilicet</strong></span> <span class='ocrx_word' id='word_1_442' title='bbox 1529 3931 1729 3978; x_wconf 69' lang='lat' dir='ltr'><strong>sancta:</strong></span> <span class='ocrx_word' id='word_1_443' title='bbox 1750 3937 1887 3992; x_wconf 67' lang='lat' dir='ltr'><strong>pra:-</strong></span> 
     </span>
    </p>
   </div>
   <div class='ocr_carea' id='block_1_58' title="bbox 298 4011 1887 4091">
    <p class='ocr_par' dir='ltr' id='par_1_58' title="bbox 298 4011 1887 4091">
     <span class='ocr_line' id='line_1_58' title="bbox 298 4011 1887 4091; baseline 0.001 -22"><span class='ocrx_word' id='word_1_444' title='bbox 298 4011 591 4071; x_wconf 87' lang='lat' dir='ltr'><strong>dicationis</strong></span> <span class='ocrx_word' id='word_1_445' title='bbox 617 4015 732 4070; x_wconf 89' lang='lat' dir='ltr'><strong>vias</strong></span> <span class='ocrx_word' id='word_1_446' title='bbox 753 4057 769 4082; x_wconf 93' lang='lat'><strong>,</strong></span> <span class='ocrx_word' id='word_1_447' title='bbox 796 4024 1020 4087; x_wconf 85' lang='lat' dir='ltr'><strong>angusta</strong></span> <span class='ocrx_word' id='word_1_448' title='bbox 1045 4015 1240 4091; x_wconf 88' lang='lat' dir='ltr'><strong>quippe</strong></span> <span class='ocrx_word' id='word_1_449' title='bbox 1281 4024 1438 4085; x_wconf 86' lang='lat' dir='ltr'><strong>porta</strong></span> <span class='ocrx_word' id='word_1_450' title='bbox 1475 4024 1560 4071; x_wconf 90' lang='lat' dir='ltr'><strong>est</strong></span> <span class='ocrx_word' id='word_1_451' title='bbox 1591 4032 1713 4087; x_wconf 69' lang='lat' dir='ltr'><strong>qum</strong></span> <span class='ocrx_word' id='word_1_452' title='bbox 1740 4016 1887 4071; x_wconf 90' lang='lat' dir='ltr'><strong>ducit</strong></span> 
     </span>
    </p>
   </div>
   <div class='ocr_carea' id='block_1_59' title="bbox 300 4105 1886 4179">
    <p class='ocr_par' dir='ltr' id='par_1_59' title="bbox 300 4105 1886 4179">
     <span class='ocr_line' id='line_1_59' title="bbox 300 4105 1886 4179; baseline 0.002 -20"><span class='ocrx_word' id='word_1_453' title='bbox 300 4105 370 4161; x_wconf 84' lang='lat' dir='ltr'><strong>ad</strong></span> <span class='ocrx_word' id='word_1_454' title='bbox 412 4105 598 4163; x_wconf 90' lang='lat' dir='ltr'><strong>vitam.</strong></span> <span class='ocrx_word' id='word_1_455' title='bbox 636 4106 743 4161; x_wconf 88' lang='lat' dir='ltr'><strong>Eos</strong></span> <span class='ocrx_word' id='word_1_456' title='bbox 774 4122 904 4179; x_wconf 86' lang='lat' dir='ltr'><strong>ergo</strong></span> <span class='ocrx_word' id='word_1_457' title='bbox 940 4122 1038 4177; x_wconf 89' lang='lat' dir='ltr'><strong>per</strong></span> <span class='ocrx_word' id='word_1_458' title='bbox 1065 4107 1286 4162; x_wconf 88' lang='lat' dir='ltr'><strong>semitas</strong></span> <span class='ocrx_word' id='word_1_459' title='bbox 1322 4107 1649 4178; x_wconf 87' lang='lat' dir='ltr'><strong>astringunt,</strong></span> <span class='ocrx_word' id='word_1_460' title='bbox 1688 4107 1779 4177; x_wconf 92' lang='lat' dir='ltr'><strong>qui</strong></span> <span class='ocrx_word' id='word_1_461' title='bbox 1817 4106 1886 4165; x_wconf 81' lang='lat' dir='ltr'><strong>ab</strong></span> 
     </span>
    </p>
   </div>
   <div class='ocr_carea' id='block_1_60' title="bbox 299 4195 1885 4271">
    <p class='ocr_par' dir='ltr' id='par_1_60' title="bbox 299 4195 1885 4271">
     <span class='ocr_line' id='line_1_60' title="bbox 299 4195 1885 4271; baseline -0.001 -20"><span class='ocrx_word' id='word_1_462' title='bbox 299 4195 620 4255; x_wconf 86' lang='lat' dir='ltr'><strong>intentionis</strong></span> <span class='ocrx_word' id='word_1_463' title='bbox 652 4211 839 4252; x_wconf 91' lang='lat' dir='ltr'><strong>eorum</strong></span> <span class='ocrx_word' id='word_1_464' title='bbox 873 4196 1091 4252; x_wconf 87' lang='lat' dir='ltr'><strong>tramite</strong></span> <span class='ocrx_word' id='word_1_465' title='bbox 1122 4211 1222 4271; x_wconf 90' lang='lat' dir='ltr'><strong>per</strong></span> <span class='ocrx_word' id='word_1_466' title='bbox 1254 4195 1363 4250; x_wconf 88' lang='lat' dir='ltr'><strong>lata</strong></span> <span class='ocrx_word' id='word_1_467' title='bbox 1397 4196 1583 4251; x_wconf 90' lang='lat' dir='ltr'><strong>mundi</strong></span> <span class='ocrx_word' id='word_1_468' title='bbox 1620 4195 1885 4251; x_wconf 80' lang='lat' dir='ltr'><strong>desideria</strong></span> 
     </span>
    </p>
   </div>
   <div class='ocr_carea' id='block_1_61' title="bbox 299 4285 1888 4359">
    <p class='ocr_par' dir='ltr' id='par_1_61' title="bbox 299 4285 1888 4359">
     <span class='ocr_line' id='line_1_61' title="bbox 299 4285 1888 4359; baseline -0.003 -15"><span class='ocrx_word' id='word_1_469' title='bbox 299 4287 581 4359; x_wconf 87' lang='lat' dir='ltr'><strong>evagando</strong></span> <span class='ocrx_word' id='word_1_470' title='bbox 609 4304 714 4344; x_wconf 93' lang='lat' dir='ltr'><strong>non</strong></span> <span class='ocrx_word' id='word_1_471' title='bbox 741 4296 941 4349; x_wconf 75' lang='lat' dir='ltr'><strong>exeunt</strong></span> <span class='ocrx_word' id='word_1_472' title='bbox 967 4307 981 4343; x_wconf 90' lang='lat'><strong>:</strong></span> <span class='ocrx_word' id='word_1_473' title='bbox 1014 4297 1163 4347; x_wconf 89' lang='lat' dir='ltr'><strong>arcta</strong></span> <span class='ocrx_word' id='word_1_474' title='bbox 1191 4287 1337 4344; x_wconf 90' lang='lat' dir='ltr'><strong>enim</strong></span> <span class='ocrx_word' id='word_1_475' title='bbox 1364 4288 1505 4343; x_wconf 85' lang='lat' dir='ltr'><strong>bene</strong></span> <span class='ocrx_word' id='word_1_476' title='bbox 1530 4285 1742 4341; x_wconf 90' lang='lat' dir='ltr'><strong>vivendi</strong></span> <span class='ocrx_word' id='word_1_477' title='bbox 1765 4301 1888 4341; x_wconf 88' lang='lat' dir='ltr'><strong>cen-</strong></span> 
     </span>
    </p>
   </div>
   <div class='ocr_carea' id='block_1_62' title="bbox 296 4377 1886 4453">
    <p class='ocr_par' dir='ltr' id='par_1_62' title="bbox 296 4377 1886 4453">
     <span class='ocr_line' id='line_1_62' title="bbox 296 4377 1886 4453; baseline -0.003 -18"><span class='ocrx_word' id='word_1_478' title='bbox 296 4396 429 4435; x_wconf 87' lang='lat' dir='ltr'><strong>sura</strong></span> <span class='ocrx_word' id='word_1_479' title='bbox 456 4395 561 4436; x_wconf 90' lang='lat' dir='ltr'><strong>non</strong></span> <span class='ocrx_word' id='word_1_480' title='bbox 584 4390 667 4436; x_wconf 91' lang='lat' dir='ltr'><strong>est</strong></span> <span class='ocrx_word' id='word_1_481' title='bbox 687 4381 863 4453; x_wconf 89' lang='lat' dir='ltr'><strong>ampla</strong></span> <span class='ocrx_word' id='word_1_482' title='bbox 884 4381 1100 4447; x_wconf 88' lang='lat' dir='ltr'><strong>via,sed</strong></span> <span class='ocrx_word' id='word_1_483' title='bbox 1125 4379 1338 4445; x_wconf 87' lang='lat' dir='ltr'><strong>semita,</strong></span> <span class='ocrx_word' id='word_1_484' title='bbox 1363 4379 1416 4433; x_wconf 93' lang='lat' dir='ltr'><strong>in</strong></span> <span class='ocrx_word' id='word_1_485' title='bbox 1440 4394 1545 4448; x_wconf 89' lang='lat' dir='ltr'><strong>qua</strong></span> <span class='ocrx_word' id='word_1_486' title='bbox 1565 4377 1886 4449; x_wconf 65' lang='lat' dir='ltr'><strong>praedicator</strong></span> 
     </span>
    </p>
   </div>
   <div class='ocr_carea' id='block_1_63' title="bbox 300 4468 1883 4541">
    <p class='ocr_par' dir='ltr' id='par_1_63' title="bbox 300 4468 1883 4541">
     <span class='ocr_line' id='line_1_63' title="bbox 300 4468 1883 4541; baseline -0.002 -16"><span class='ocrx_word' id='word_1_487' title='bbox 300 4471 531 4541; x_wconf 88' lang='lat' dir='ltr'><strong>quisque</strong></span> <span class='ocrx_word' id='word_1_488' title='bbox 555 4472 792 4529; x_wconf 86' lang='lat' dir='ltr'><strong>studiose</strong></span> <span class='ocrx_word' id='word_1_489' title='bbox 827 4470 1232 4541; x_wconf 77' lang='lat' dir='ltr'><strong>constringitur,</strong></span> <span class='ocrx_word' id='word_1_490' title='bbox 1259 4469 1349 4541; x_wconf 89' lang='lat' dir='ltr'><strong>qui</strong></span> <span class='ocrx_word' id='word_1_491' title='bbox 1376 4482 1435 4524; x_wconf 89' lang='lat' dir='ltr'><strong>se</strong></span> <span class='ocrx_word' id='word_1_492' title='bbox 1458 4468 1560 4525; x_wconf 91' lang='lat' dir='ltr'><strong>sub</strong></span> <span class='ocrx_word' id='word_1_493' title='bbox 1583 4475 1883 4541; x_wconf 83' lang='lat' dir='ltr'><strong>praecepto-</strong></span> 
     </span>
    </p>
   </div>
   <div class='ocr_carea' id='block_1_64' title="bbox 302 4563 1392 4633">
    <p class='ocr_par' dir='ltr' id='par_1_64' title="bbox 302 4563 1392 4633">
     <span class='ocr_line' id='line_1_64' title="bbox 302 4563 1392 4633; baseline -0.002 -15"><span class='ocrx_word' id='word_1_494' title='bbox 302 4578 424 4618; x_wconf 89' lang='lat' dir='ltr'><strong>rum</strong></span> <span class='ocrx_word' id='word_1_495' title='bbox 453 4563 697 4624; x_wconf 83' lang='lat' dir='ltr'><strong>custodia</strong></span> <span class='ocrx_word' id='word_1_496' title='bbox 732 4563 959 4621; x_wconf 85' lang='lat' dir='ltr'><strong>sollicite</strong></span> <span class='ocrx_word' id='word_1_497' title='bbox 987 4569 1392 4633; x_wconf 74' lang='lat' dir='ltr'><strong>coangustetur.</strong></span> 
     </span>
    </p>
   </div>
   <div class='ocr_carea' id='block_1_65' title="bbox 374 4649 1885 4722">
    <p class='ocr_par' dir='ltr' id='par_1_65' title="bbox 374 4649 1885 4722">
     <span class='ocr_line' id='line_1_65' title="bbox 374 4649 1885 4722; baseline -0.003 -13"><span class='ocrx_word' id='word_1_498' title='bbox 374 4653 500 4710; x_wconf 86' lang='lat' dir='ltr'><strong>Non</strong></span> <span class='ocrx_word' id='word_1_499' title='bbox 518 4655 655 4713; x_wconf 86' lang='lat' dir='ltr'><strong>enim</strong></span> <span class='ocrx_word' id='word_1_500' title='bbox 676 4656 931 4711; x_wconf 84' lang='lat' dir='ltr'><strong>audemus</strong></span> <span class='ocrx_word' id='word_1_501' title='bbox 944 4656 1188 4720; x_wconf 84' lang='lat' dir='ltr'><strong>inserere,</strong></span> <span class='ocrx_word' id='word_1_502' title='bbox 1201 4663 1292 4709; x_wconf 89' lang='lat' dir='ltr'><strong>aut</strong></span> <span class='ocrx_word' id='word_1_503' title='bbox 1321 4668 1628 4722; x_wconf 85' lang='lat' dir='ltr'><strong>comparare</strong></span> <span class='ocrx_word' id='word_1_504' title='bbox 1648 4667 1742 4706; x_wconf 88' lang='lat' dir='ltr'><strong>nos</strong></span> <span class='ocrx_word' id='word_1_505' title='bbox 1770 4649 1885 4722; x_wconf 85' lang='lat' dir='ltr'><strong>qui-</strong></span> 
     </span>
    </p>
   </div>
   <div class='ocr_carea' id='block_1_66' title="bbox 303 4741 1881 4818">
    <p class='ocr_par' dir='ltr' id='par_1_66' title="bbox 303 4741 1881 4818">
     <span class='ocr_line' id='line_1_66' title="bbox 303 4741 1881 4818; baseline -0.004 -16"><span class='ocrx_word' id='word_1_506' title='bbox 303 4746 546 4812; x_wconf 82' lang='lat' dir='ltr'><strong>busdam,</strong></span> <span class='ocrx_word' id='word_1_507' title='bbox 567 4748 657 4817; x_wconf 86' lang='lat' dir='ltr'><strong>qui</strong></span> <span class='ocrx_word' id='word_1_508' title='bbox 676 4747 871 4818; x_wconf 85' lang='lat' dir='ltr'><strong>seipsos</strong></span> <span class='ocrx_word' id='word_1_509' title='bbox 895 4745 1279 4801; x_wconf 87' lang='lat' dir='ltr'><strong>commendant.</strong></span> <span class='ocrx_word' id='word_1_510' title='bbox 1311 4742 1512 4815; x_wconf 74' lang='grc' dir='ltr'><strong>(Δηὼ.)</strong></span> <span class='ocrx_word' id='word_1_511' title='bbox 1543 4742 1608 4797; x_wconf 82' lang='lat' dir='ltr'><strong>Hi</strong></span> <span class='ocrx_word' id='word_1_512' title='bbox 1639 4753 1763 4799; x_wconf 89' lang='lat' dir='ltr'><strong>sunt</strong></span> <span class='ocrx_word' id='word_1_513' title='bbox 1788 4741 1881 4813; x_wconf 91' lang='lat' dir='ltr'><strong>qui</strong></span> 
     </span>
    </p>
   </div>
   <div class='ocr_carea' id='block_1_67' title="bbox 303 4837 1882 4910">
    <p class='ocr_par' dir='ltr' id='par_1_67' title="bbox 303 4837 1882 4910">
     <span class='ocr_line' id='line_1_67' title="bbox 303 4837 1882 4910; baseline -0.003 -16"><span class='ocrx_word' id='word_1_514' title='bbox 303 4839 625 4910; x_wconf 87' lang='lat' dir='ltr'><strong>semetipsos</strong></span> <span class='ocrx_word' id='word_1_515' title='bbox 651 4839 1051 4904; x_wconf 81' lang='lat' dir='ltr'><strong>commendant,</strong></span> <span class='ocrx_word' id='word_1_516' title='bbox 1076 4837 1169 4908; x_wconf 90' lang='lat' dir='ltr'><strong>qui</strong></span> <span class='ocrx_word' id='word_1_517' title='bbox 1197 4851 1305 4893; x_wconf 86' lang='lat' dir='ltr'><strong>non</strong></span> <span class='ocrx_word' id='word_1_518' title='bbox 1354 4844 1575 4907; x_wconf 89' lang='lat' dir='ltr'><strong>accepta</strong></span> <span class='ocrx_word' id='word_1_519' title='bbox 1618 4843 1882 4906; x_wconf 89' lang='lat' dir='ltr'><strong>potestate</strong></span> 
     </span>
    </p>
   </div>
   <div class='ocr_carea' id='block_1_68' title="bbox 302 4916 1878 4995">
    <p class='ocr_par' dir='ltr' id='par_1_68' title="bbox 302 4916 1878 4995">
     <span class='ocr_line' id='line_1_68' title="bbox 302 4916 1878 4995; baseline -0.002 -9"><span class='ocrx_word' id='word_1_520' title='bbox 302 4930 572 4986; x_wconf 88' lang='lat' dir='ltr'><strong>dominari</strong></span> <span class='ocrx_word' id='word_1_521' title='bbox 590 4926 1001 4995; x_wconf 79' lang='lat' dir='ltr'><strong>volunt,nomini</strong></span> <span class='ocrx_word' id='word_1_522' title='bbox 1017 4916 1115 4984; x_wconf 87' lang='lat' dir='ltr'><strong>suo</strong></span> <span class='ocrx_word' id='word_1_523' title='bbox 1129 4928 1465 4984; x_wconf 87' lang='lat' dir='ltr'><strong>vindicantes</strong></span> <span class='ocrx_word' id='word_1_524' title='bbox 1479 4928 1878 4992; x_wconf 90' lang='lat' dir='ltr'><strong>auctoritatem;</strong></span> 
     </span>
    </p>
   </div>
   <div class='ocr_carea' id='block_1_69' title="bbox 303 5019 1881 5090">
    <p class='ocr_par' dir='ltr' id='par_1_69' title="bbox 303 5019 1881 5090">
     <span class='ocr_line' id='line_1_69' title="bbox 303 5019 1881 5090; baseline -0.001 -17"><span class='ocrx_word' id='word_1_525' title='bbox 303 5020 399 5090; x_wconf 90' lang='lat' dir='ltr'><strong>qui</strong></span> <span class='ocrx_word' id='word_1_526' title='bbox 428 5035 473 5074; x_wconf 91' lang='lat' dir='ltr'><strong>e.</strong></span> <span class='ocrx_word' id='word_1_527' title='bbox 500 5020 571 5075; x_wconf 92' lang='lat' dir='ltr'><strong>im</strong></span> <span class='ocrx_word' id='word_1_528' title='bbox 623 5020 858 5075; x_wconf 89' lang='lat' dir='ltr'><strong>mittitur</strong></span> <span class='ocrx_word' id='word_1_529' title='bbox 901 5034 1010 5075; x_wconf 92' lang='lat' dir='ltr'><strong>non</strong></span> <span class='ocrx_word' id='word_1_530' title='bbox 1041 5020 1164 5084; x_wconf 89' lang='lat' dir='ltr'><strong>sibi,</strong></span> <span class='ocrx_word' id='word_1_531' title='bbox 1196 5019 1290 5075; x_wconf 89' lang='lat' dir='ltr'><strong>sed</strong></span> <span class='ocrx_word' id='word_1_532' title='bbox 1317 5019 1367 5076; x_wconf 89' lang='lat' dir='ltr'><strong>ei</strong></span> <span class='ocrx_word' id='word_1_533' title='bbox 1410 5034 1445 5073; x_wconf 86' lang='lat' dir='ltr'><strong>a</strong></span> <span class='ocrx_word' id='word_1_534' title='bbox 1493 5034 1601 5089; x_wconf 85' lang='lat' dir='ltr'><strong>quo</strong></span> <span class='ocrx_word' id='word_1_535' title='bbox 1648 5019 1881 5075; x_wconf 89' lang='lat' dir='ltr'><strong>mittitur</strong></span> 
     </span>
    </p>
   </div>
   <div class='ocr_carea' id='block_1_70' title="bbox 301 5111 1879 5186">
    <p class='ocr_par' dir='ltr' id='par_1_70' title="bbox 301 5111 1879 5186">
     <span class='ocr_line' id='line_1_70' title="bbox 301 5111 1879 5186; baseline -0.004 -16"><span class='ocrx_word' id='word_1_536' title='bbox 301 5115 544 5170; x_wconf 89' lang='lat' dir='ltr'><strong>vindicat</strong></span> <span class='ocrx_word' id='word_1_537' title='bbox 579 5123 926 5185; x_wconf 85' lang='lat' dir='ltr'><strong>potestatem,</strong></span> <span class='ocrx_word' id='word_1_538' title='bbox 959 5129 1057 5186; x_wconf 89' lang='lat' dir='ltr'><strong>per</strong></span> <span class='ocrx_word' id='word_1_539' title='bbox 1080 5114 1223 5183; x_wconf 89' lang='lat' dir='ltr'><strong>quod</strong></span> <span class='ocrx_word' id='word_1_540' title='bbox 1261 5113 1426 5168; x_wconf 88' lang='lat' dir='ltr'><strong>etiam</strong></span> <span class='ocrx_word' id='word_1_541' title='bbox 1468 5111 1704 5167; x_wconf 88' lang='lat' dir='ltr'><strong>ostendit</strong></span> <span class='ocrx_word' id='word_1_542' title='bbox 1741 5125 1801 5165; x_wconf 91' lang='lat' dir='ltr'><strong>se</strong></span> <span class='ocrx_word' id='word_1_543' title='bbox 1847 5124 1879 5164; x_wconf 91' lang='lat' dir='ltr'><strong>a</strong></span> 
     </span>
    </p>
   </div>
   <div class='ocr_carea' id='block_1_71' title="bbox 303 5201 1881 5279">
    <p class='ocr_par' dir='ltr' id='par_1_71' title="bbox 303 5201 1881 5279">
     <span class='ocr_line' id='line_1_71' title="bbox 303 5201 1881 5279; baseline -0.003 -19"><span class='ocrx_word' id='word_1_544' title='bbox 303 5205 531 5261; x_wconf 89' lang='lat' dir='ltr'><strong>Domino</strong></span> <span class='ocrx_word' id='word_1_545' title='bbox 557 5205 980 5276; x_wconf 86' lang='lat' dir='ltr'><strong>dispensatorem</strong></span> <span class='ocrx_word' id='word_1_546' title='bbox 1002 5204 1250 5260; x_wconf 90' lang='lat' dir='ltr'><strong>electum.</strong></span> <span class='ocrx_word' id='word_1_547' title='bbox 1278 5201 1370 5259; x_wconf 88' lang='lat' dir='ltr'><strong>Sic</strong></span> <span class='ocrx_word' id='word_1_548' title='bbox 1389 5218 1518 5279; x_wconf 88' lang='lat' dir='ltr'><strong>ergo</strong></span> <span class='ocrx_word' id='word_1_549' title='bbox 1540 5217 1646 5261; x_wconf 88' lang='lat' dir='ltr'><strong>non</strong></span> <span class='ocrx_word' id='word_1_550' title='bbox 1674 5217 1732 5256; x_wconf 89' lang='lat' dir='ltr'><strong>se</strong></span> <span class='ocrx_word' id='word_1_551' title='bbox 1752 5216 1881 5256; x_wconf 87' lang='lat' dir='ltr'><strong>eon-</strong></span> 
     </span>
    </p>
   </div>
   <div class='ocr_carea' id='block_1_72' title="bbox 292 5296 1877 5372">
    <p class='ocr_par' dir='ltr' id='par_1_72' title="bbox 292 5296 1877 5372">
     <span class='ocr_line' id='line_1_72' title="bbox 292 5296 1877 5372; baseline -0.004 -18"><span class='ocrx_word' id='word_1_552' title='bbox 292 5299 495 5372; x_wconf 90' lang='lat' dir='ltr'><strong>jungit,</strong></span> <span class='ocrx_word' id='word_1_553' title='bbox 528 5307 622 5352; x_wconf 91' lang='lat' dir='ltr'><strong>aut</strong></span> <span class='ocrx_word' id='word_1_554' title='bbox 650 5304 931 5368; x_wconf 85' lang='lat' dir='ltr'><strong>comparat</strong></span> <span class='ocrx_word' id='word_1_555' title='bbox 958 5298 1044 5353; x_wconf 89' lang='lat' dir='ltr'><strong>his</strong></span> <span class='ocrx_word' id='word_1_556' title='bbox 1094 5298 1187 5369; x_wconf 87' lang='lat' dir='ltr'><strong>qui</strong></span> <span class='ocrx_word' id='word_1_557' title='bbox 1214 5313 1322 5352; x_wconf 88' lang='lat' dir='ltr'><strong>non</strong></span> <span class='ocrx_word' id='word_1_558' title='bbox 1362 5296 1513 5352; x_wconf 90' lang='lat' dir='ltr'><strong>missi</strong></span> <span class='ocrx_word' id='word_1_559' title='bbox 1560 5296 1877 5367; x_wconf 57' lang='lat' dir='ltr'><strong>pradicant,</strong></span> 
     </span>
    </p>
   </div>
   <div class='ocr_carea' id='block_1_73' title="bbox 300 5383 1882 5456">
    <p class='ocr_par' dir='ltr' id='par_1_73' title="bbox 300 5383 1882 5456">
     <span class='ocr_line' id='line_1_73' title="bbox 300 5383 1882 5456; baseline -0.006 -10"><span class='ocrx_word' id='word_1_560' title='bbox 300 5391 431 5446; x_wconf 88' lang='lat' dir='ltr'><strong>dum</strong></span> <span class='ocrx_word' id='word_1_561' title='bbox 457 5389 590 5444; x_wconf 88' lang='lat' dir='ltr'><strong>nihil</strong></span> <span class='ocrx_word' id='word_1_562' title='bbox 618 5389 759 5443; x_wconf 88' lang='lat' dir='ltr'><strong>ultra</strong></span> <span class='ocrx_word' id='word_1_563' title='bbox 811 5402 1128 5444; x_wconf 88' lang='lat' dir='ltr'><strong>concessum</strong></span> <span class='ocrx_word' id='word_1_564' title='bbox 1177 5388 1472 5456; x_wconf 76' lang='lat' dir='ltr'><strong>prmsnmit.</strong></span> <span class='ocrx_word' id='word_1_565' title='bbox 1531 5384 1635 5441; x_wconf 88' lang='lat' dir='ltr'><strong>Sed</strong></span> <span class='ocrx_word' id='word_1_566' title='bbox 1687 5385 1785 5455; x_wconf 87' lang='lat' dir='ltr'><strong>ipsi</strong></span> <span class='ocrx_word' id='word_1_567' title='bbox 1826 5383 1882 5439; x_wconf 87' lang='lat' dir='ltr'><strong>in</strong></span> 
     </span>
    </p>
   </div>
   <div class='ocr_carea' id='block_1_74' title="bbox 299 5480 1885 5550">
    <p class='ocr_par' dir='ltr' id='par_1_74' title="bbox 299 5480 1885 5550">
     <span class='ocr_line' id='line_1_74' title="bbox 299 5480 1885 5550; baseline -0.003 -14"><span class='ocrx_word' id='word_1_568' title='bbox 299 5481 450 5537; x_wconf 81' lang='lat' dir='ltr'><strong>uobis</strong></span> <span class='ocrx_word' id='word_1_569' title='bbox 487 5480 822 5550; x_wconf 67' lang='lat' dir='ltr'><strong>nosmetipsos</strong></span> <span class='ocrx_word' id='word_1_570' title='bbox 877 5480 1162 5541; x_wconf 87' lang='lat' dir='ltr'><strong>metientes,</strong></span> <span class='ocrx_word' id='word_1_571' title='bbox 1194 5486 1241 5531; x_wconf 88' lang='lat' dir='ltr'><strong>et</strong></span> <span class='ocrx_word' id='word_1_572' title='bbox 1268 5485 1627 5546; x_wconf 79' lang='lat' dir='ltr'><strong>comparantes</strong></span> <span class='ocrx_word' id='word_1_573' title='bbox 1655 5482 1885 5531; x_wconf 82' lang='lat' dir='ltr'><strong>nosmet-</strong></span> 
     </span>
    </p>
   </div>
   <div class='ocr_carea' id='block_1_75' title="bbox 298 5564 1885 5644">
    <p class='ocr_par' dir='ltr' id='par_1_75' title="bbox 298 5564 1885 5644">
     <span class='ocr_line' id='line_1_75' title="bbox 298 5564 1885 5644; baseline -0.007 -15"><span class='ocrx_word' id='word_1_574' title='bbox 298 5573 441 5644; x_wconf 82' lang='lat' dir='ltr'><strong>ipsos</strong></span> <span class='ocrx_word' id='word_1_575' title='bbox 463 5572 630 5626; x_wconf 86' lang='lat' dir='ltr'><strong>nobis.</strong></span> <span class='ocrx_word' id='word_1_576' title='bbox 662 5570 777 5628; x_wconf 87' lang='lat' dir='ltr'><strong>Nos</strong></span> <span class='ocrx_word' id='word_1_577' title='bbox 797 5580 970 5627; x_wconf 86' lang='lat' dir='ltr'><strong>autem</strong></span> <span class='ocrx_word' id='word_1_578' title='bbox 992 5570 1049 5623; x_wconf 85' lang='lat' dir='ltr'><strong>in</strong></span> <span class='ocrx_word' id='word_1_579' title='bbox 1069 5569 1376 5622; x_wconf 84' lang='lat' dir='ltr'><strong>immensum</strong></span> <span class='ocrx_word' id='word_1_580' title='bbox 1395 5565 1760 5637; x_wconf 84' lang='lat' dir='ltr'><strong>gloriabimur,</strong></span> <span class='ocrx_word' id='word_1_581' title='bbox 1794 5564 1885 5619; x_wconf 86' lang='lat' dir='ltr'><strong>sed</strong></span> 
     </span>
    </p>
   </div>
   <div class='ocr_carea' id='block_1_76' title="bbox 296 5654 1885 5731">
    <p class='ocr_par' dir='ltr' id='par_1_76' title="bbox 296 5654 1885 5731">
     <span class='ocr_line' id='line_1_76' title="bbox 296 5654 1885 5731; baseline -0.008 -11"><span class='ocrx_word' id='word_1_582' title='bbox 296 5664 590 5720; x_wconf 80' lang='lat' dir='ltr'><strong>secundum</strong></span> <span class='ocrx_word' id='word_1_583' title='bbox 615 5676 916 5718; x_wconf 86' lang='lat' dir='ltr'><strong>mensuram</strong></span> <span class='ocrx_word' id='word_1_584' title='bbox 954 5658 1167 5731; x_wconf 61' lang='lat' dir='ltr'><strong>regula,</strong></span> <span class='ocrx_word' id='word_1_585' title='bbox 1194 5674 1349 5730; x_wconf 83' lang='lat' dir='ltr'><strong>quam</strong></span> <span class='ocrx_word' id='word_1_586' title='bbox 1388 5672 1595 5710; x_wconf 86' lang='lat' dir='ltr'><strong>mensus</strong></span> <span class='ocrx_word' id='word_1_587' title='bbox 1631 5664 1706 5710; x_wconf 86' lang='lat' dir='ltr'><strong>est</strong></span> <span class='ocrx_word' id='word_1_588' title='bbox 1739 5654 1885 5709; x_wconf 88' lang='lat' dir='ltr'><strong>nobis</strong></span> 
     </span>
    </p>
   </div>
   <div class='ocr_carea' id='block_1_77' title="bbox 304 5746 1884 5820">
    <p class='ocr_par' dir='ltr' id='par_1_77' title="bbox 304 5746 1884 5820">
     <span class='ocr_line' id='line_1_77' title="bbox 304 5746 1884 5820; baseline -0.009 -3"><span class='ocrx_word' id='word_1_589' title='bbox 304 5758 467 5819; x_wconf 79' lang='lat' dir='ltr'><strong>Deus.</strong></span> <span class='ocrx_word' id='word_1_590' title='bbox 489 5772 787 5814; x_wconf 80' lang='lat' dir='ltr'><strong>mensuram</strong></span> <span class='ocrx_word' id='word_1_591' title='bbox 802 5753 1123 5820; x_wconf 84' lang='lat' dir='ltr'><strong>oertinqendi</strong></span> <span class='ocrx_word' id='word_1_592' title='bbox 1145 5768 1303 5809; x_wconf 76' lang='lat' dir='ltr'><strong>usque</strong></span> <span class='ocrx_word' id='word_1_593' title='bbox 1320 5750 1390 5806; x_wconf 85' lang='lat' dir='ltr'><strong>ad</strong></span> <span class='ocrx_word' id='word_1_594' title='bbox 1414 5767 1520 5807; x_wconf 74' lang='lat' dir='ltr'><strong>eos.</strong></span> <span class='ocrx_word' id='word_1_595' title='bbox 1538 5749 1708 5807; x_wconf 80' lang='lat' dir='ltr'><strong>Tanta</strong></span> <span class='ocrx_word' id='word_1_596' title='bbox 1733 5765 1790 5807; x_wconf 89' lang='lat' dir='ltr'><strong>se</strong></span> <span class='ocrx_word' id='word_1_597' title='bbox 1804 5746 1884 5804; x_wconf 91' lang='lat' dir='ltr'><strong>uti</strong></span> 
     </span>
    </p>
   </div>
   <div class='ocr_carea' id='block_1_78' title="bbox 1988 1919 3559 1992">
    <p class='ocr_par' dir='ltr' id='par_1_78' title="bbox 1988 1919 3559 1992">
     <span class='ocr_line' id='line_1_78' title="bbox 1988 1919 3559 1992; baseline -0.001 -16"><span class='ocrx_word' id='word_1_598' title='bbox 1988 1920 2075 1977; x_wconf 86' lang='lat' dir='ltr'><strong>his</strong></span> <span class='ocrx_word' id='word_1_599' title='bbox 2097 1921 2240 1979; x_wconf 85' lang='lat' dir='ltr'><strong>enim</strong></span> <span class='ocrx_word' id='word_1_600' title='bbox 2278 1920 2584 1977; x_wconf 87' lang='lat' dir='ltr'><strong>conﬁdebat</strong></span> <span class='ocrx_word' id='word_1_601' title='bbox 2626 1935 2763 1991; x_wconf 90' lang='lat' dir='ltr'><strong>quos</strong></span> <span class='ocrx_word' id='word_1_602' title='bbox 2823 1920 2939 1992; x_wconf 90' lang='lat' dir='ltr'><strong>ipse</strong></span> <span class='ocrx_word' id='word_1_603' title='bbox 2985 1919 3308 1976; x_wconf 81' lang='lat' dir='ltr'><strong>fundaverat</strong></span> <span class='ocrx_word' id='word_1_604' title='bbox 3356 1921 3408 1975; x_wconf 92' lang='lat' dir='ltr'><strong>in</strong></span> <span class='ocrx_word' id='word_1_605' title='bbox 3451 1920 3559 1975; x_wconf 88' lang='lat' dir='ltr'><strong>ﬁde</strong></span> 
     </span>
    </p>
   </div>
   <div class='ocr_carea' id='block_1_79' title="bbox 1987 2008 3559 2081">
    <p class='ocr_par' dir='ltr' id='par_1_79' title="bbox 1987 2008 3559 2081">
     <span class='ocr_line' id='line_1_79' title="bbox 1987 2008 3559 2081; baseline -0.002 -14"><span class='ocrx_word' id='word_1_606' title='bbox 1987 2008 2228 2078; x_wconf 88' lang='lat' dir='ltr'><strong>Christi;</strong></span> <span class='ocrx_word' id='word_1_607' title='bbox 2276 2012 2529 2081; x_wconf 90' lang='lat' dir='ltr'><strong>partitum</strong></span> <span class='ocrx_word' id='word_1_608' title='bbox 2553 2011 2697 2066; x_wconf 88' lang='lat' dir='ltr'><strong>enim</strong></span> <span class='ocrx_word' id='word_1_609' title='bbox 2738 2011 2868 2066; x_wconf 88' lang='lat' dir='ltr'><strong>dicit</strong></span> <span class='ocrx_word' id='word_1_610' title='bbox 2900 2011 3188 2081; x_wconf 89' lang='lat' dir='ltr'><strong>unicuique</strong></span> <span class='ocrx_word' id='word_1_611' title='bbox 3213 2011 3278 2066; x_wconf 85' lang='lat' dir='ltr'><strong>ad</strong></span> <span class='ocrx_word' id='word_1_612' title='bbox 3321 2025 3458 2081; x_wconf 89' lang='lat' dir='ltr'><strong>quos</strong></span> <span class='ocrx_word' id='word_1_613' title='bbox 3503 2010 3559 2064; x_wconf 90' lang='lat' dir='ltr'><strong>in</strong></span> 
     </span>
    </p>
   </div>
   <div class='ocr_carea' id='block_1_80' title="bbox 1986 2103 3556 2176">
    <p class='ocr_par' dir='ltr' id='par_1_80' title="bbox 1986 2103 3556 2176">
     <span class='ocr_line' id='line_1_80' title="bbox 1986 2103 3556 2176; baseline -0.002 -16"><span class='ocrx_word' id='word_1_614' title='bbox 1986 2104 2370 2175; x_wconf 70' lang='lat' dir='ltr'><strong>prmdicatione</strong></span> <span class='ocrx_word' id='word_1_615' title='bbox 2391 2105 2735 2176; x_wconf 86' lang='lat' dir='ltr'><strong>dirigeretur,</strong></span> <span class='ocrx_word' id='word_1_616' title='bbox 2764 2112 2825 2159; x_wconf 89' lang='lat' dir='ltr'><strong>ut</strong></span> <span class='ocrx_word' id='word_1_617' title='bbox 2850 2103 3047 2172; x_wconf 78' lang='lat' dir='ltr'><strong>singuli</strong></span> <span class='ocrx_word' id='word_1_618' title='bbox 3072 2103 3279 2173; x_wconf 90' lang='lat' dir='ltr'><strong>aliquas</strong></span> <span class='ocrx_word' id='word_1_619' title='bbox 3306 2103 3556 2161; x_wconf 84' lang='lat' dir='ltr'><strong>civitates</strong></span> 
     </span>
    </p>
   </div>
   <div class='ocr_carea' id='block_1_81' title="bbox 1986 2194 3556 2270">
    <p class='ocr_par' dir='ltr' id='par_1_81' title="bbox 1986 2194 3556 2270">
     <span class='ocr_line' id='line_1_81' title="bbox 1986 2194 3556 2270; baseline -0.003 -17"><span class='ocrx_word' id='word_1_620' title='bbox 1986 2199 2234 2270; x_wconf 86' lang='lat' dir='ltr'><strong>proprias</strong></span> <span class='ocrx_word' id='word_1_621' title='bbox 2261 2199 2544 2263; x_wconf 88' lang='lat' dir='ltr'><strong>haberent,</strong></span> <span class='ocrx_word' id='word_1_622' title='bbox 2574 2197 2639 2252; x_wconf 91' lang='lat' dir='ltr'><strong>de</strong></span> <span class='ocrx_word' id='word_1_623' title='bbox 2670 2211 2899 2267; x_wconf 88' lang='lat' dir='ltr'><strong>quorum</strong></span> <span class='ocrx_word' id='word_1_624' title='bbox 2926 2196 3031 2251; x_wconf 87' lang='lat' dir='ltr'><strong>ﬁde</strong></span> <span class='ocrx_word' id='word_1_625' title='bbox 3054 2195 3433 2267; x_wconf 73' lang='lat' dir='ltr'><strong>gloriarentur.</strong></span> <span class='ocrx_word' id='word_1_626' title='bbox 3458 2194 3556 2255; x_wconf 86' lang='lat' dir='ltr'><strong>Dei</strong></span> 
     </span>
    </p>
   </div>
   <div class='ocr_carea' id='block_1_82' title="bbox 1986 2283 3561 2356">
    <p class='ocr_par' dir='ltr' id='par_1_82' title="bbox 1986 2283 3561 2356">
     <span class='ocr_line' id='line_1_82' title="bbox 1986 2283 3561 2356; baseline -0.003 -13"><span class='ocrx_word' id='word_1_627' title='bbox 1986 2289 2131 2344; x_wconf 89' lang='lat' dir='ltr'><strong>enim</strong></span> <span class='ocrx_word' id='word_1_628' title='bbox 2161 2299 2294 2342; x_wconf 88' lang='lat' dir='ltr'><strong>nutu</strong></span> <span class='ocrx_word' id='word_1_629' title='bbox 2325 2286 2701 2342; x_wconf 76' lang='lat' dir='ltr'><strong>Macedonibus</strong></span> <span class='ocrx_word' id='word_1_630' title='bbox 2728 2285 3025 2356; x_wconf 73' lang='lat' dir='ltr'><strong>praedicare</strong></span> <span class='ocrx_word' id='word_1_631' title='bbox 3051 2284 3341 2340; x_wconf 86' lang='lat' dir='ltr'><strong>advocatus</strong></span> <span class='ocrx_word' id='word_1_632' title='bbox 3366 2291 3450 2339; x_wconf 87' lang='lat' dir='ltr'><strong>est</strong></span> <span class='ocrx_word' id='word_1_633' title='bbox 3468 2283 3561 2339; x_wconf 87' lang='lat' dir='ltr'><strong>hic</strong></span> 
     </span>
    </p>
   </div>
   <div class='ocr_carea' id='block_1_83' title="bbox 1984 2366 3558 2451">
    <p class='ocr_par' dir='ltr' id='par_1_83' title="bbox 1984 2366 3558 2451">
     <span class='ocr_line' id='line_1_83' title="bbox 1984 2366 3558 2451; baseline -0.005 -15"><span class='ocrx_word' id='word_1_634' title='bbox 1984 2366 2297 2451; x_wconf 66' lang='lat' dir='ltr'><strong>Apostolus,</strong></span> <span class='ocrx_word' id='word_1_635' title='bbox 2322 2386 2379 2433; x_wconf 92' lang='lat' dir='ltr'><strong>et</strong></span> <span class='ocrx_word' id='word_1_636' title='bbox 2405 2387 2466 2433; x_wconf 91' lang='lat' dir='ltr'><strong>ut</strong></span> <span class='ocrx_word' id='word_1_637' title='bbox 2491 2377 2784 2437; x_wconf 85' lang='lat' dir='ltr'><strong>Corinthiis</strong></span> <span class='ocrx_word' id='word_1_638' title='bbox 2802 2376 3208 2447; x_wconf 78' lang='lat' dir='ltr'><strong>evangelizaret</strong></span> <span class='ocrx_word' id='word_1_639' title='bbox 3250 2391 3281 2430; x_wconf 92' lang='lat' dir='ltr'><strong>a</strong></span> <span class='ocrx_word' id='word_1_640' title='bbox 3328 2375 3558 2430; x_wconf 89' lang='lat' dir='ltr'><strong>Domino</strong></span> 
     </span>
    </p>
   </div>
   <div class='ocr_carea' id='block_1_84' title="bbox 1985 2465 3559 2540">
    <p class='ocr_par' dir='ltr' id='par_1_84' title="bbox 1985 2465 3559 2540">
     <span class='ocr_line' id='line_1_84' title="bbox 1985 2465 3559 2540; baseline -0.005 -13"><span class='ocrx_word' id='word_1_641' title='bbox 1985 2472 2222 2533; x_wconf 86' lang='lat' dir='ltr'><strong>monitus</strong></span> <span class='ocrx_word' id='word_1_642' title='bbox 2246 2480 2349 2526; x_wconf 88' lang='lat' dir='ltr'><strong>est.</strong></span> <span class='ocrx_word' id='word_1_643' title='bbox 2395 2468 2491 2525; x_wconf 85' lang='lat' dir='ltr'><strong>His</strong></span> <span class='ocrx_word' id='word_1_644' title='bbox 2524 2484 2652 2540; x_wconf 88' lang='lat' dir='ltr'><strong>ergo</strong></span> <span class='ocrx_word' id='word_1_645' title='bbox 2681 2467 2943 2523; x_wconf 89' lang='lat' dir='ltr'><strong>audenter</strong></span> <span class='ocrx_word' id='word_1_646' title='bbox 2984 2465 3240 2536; x_wconf 90' lang='lat' dir='ltr'><strong>loquitur.</strong></span> <span class='ocrx_word' id='word_1_647' title='bbox 3269 2481 3404 2536; x_wconf 91' lang='lat' dir='ltr'><strong>quos</strong></span> <span class='ocrx_word' id='word_1_648' title='bbox 3442 2465 3559 2535; x_wconf 80' lang='lat' dir='ltr'><strong>ipse</strong></span> 
     </span>
    </p>
   </div>
   <div class='ocr_carea' id='block_1_85' title="bbox 1985 2556 3556 2632">
    <p class='ocr_par' dir='ltr' id='par_1_85' title="bbox 1985 2556 3556 2632">
     <span class='ocr_line' id='line_1_85' title="bbox 1985 2556 3556 2632; baseline -0.004 -15"><span class='ocrx_word' id='word_1_649' title='bbox 1985 2562 2255 2627; x_wconf 80' lang='lat' dir='ltr'><strong>fundavit,</strong></span> <span class='ocrx_word' id='word_1_650' title='bbox 2278 2572 2333 2617; x_wconf 92' lang='lat' dir='ltr'><strong>et</strong></span> <span class='ocrx_word' id='word_1_651' title='bbox 2356 2562 2425 2622; x_wconf 85' lang='lat' dir='ltr'><strong>ad</strong></span> <span class='ocrx_word' id='word_1_652' title='bbox 2453 2575 2589 2632; x_wconf 90' lang='lat' dir='ltr'><strong>quos</strong></span> <span class='ocrx_word' id='word_1_653' title='bbox 2614 2559 2709 2614; x_wconf 88' lang='lat' dir='ltr'><strong>Dei</strong></span> <span class='ocrx_word' id='word_1_654' title='bbox 2738 2566 2871 2614; x_wconf 91' lang='lat' dir='ltr'><strong>nutu</strong></span> <span class='ocrx_word' id='word_1_655' title='bbox 2896 2556 3143 2629; x_wconf 90' lang='lat' dir='ltr'><strong>pervenit</strong></span> <span class='ocrx_word' id='word_1_656' title='bbox 3175 2575 3188 2611; x_wconf 88' lang='lat'><strong>:</strong></span> <span class='ocrx_word' id='word_1_657' title='bbox 3213 2556 3423 2617; x_wconf 66' lang='lat' dir='ltr'><strong>caneris</strong></span> <span class='ocrx_word' id='word_1_658' title='bbox 3447 2570 3556 2610; x_wconf 89' lang='lat' dir='ltr'><strong>non</strong></span> 
     </span>
    </p>
   </div>
   <div class='ocr_carea' id='block_1_86' title="bbox 1984 2646 3557 2724">
    <p class='ocr_par' dir='ltr' id='par_1_86' title="bbox 1984 2646 3557 2724">
     <span class='ocr_line' id='line_1_86' title="bbox 1984 2646 3557 2724; baseline -0.006 -14"><span class='ocrx_word' id='word_1_659' title='bbox 1984 2655 2079 2710; x_wconf 88' lang='lat' dir='ltr'><strong>tali</strong></span> <span class='ocrx_word' id='word_1_660' title='bbox 2104 2654 2320 2720; x_wconf 90' lang='lat' dir='ltr'><strong>ﬁducia,</strong></span> <span class='ocrx_word' id='word_1_661' title='bbox 2344 2654 2472 2724; x_wconf 86' lang='lat' dir='ltr'><strong>quia</strong></span> <span class='ocrx_word' id='word_1_662' title='bbox 2503 2653 2556 2707; x_wconf 90' lang='lat' dir='ltr'><strong>in</strong></span> <span class='ocrx_word' id='word_1_663' title='bbox 2603 2650 2777 2706; x_wconf 89' lang='lat' dir='ltr'><strong>aliena</strong></span> <span class='ocrx_word' id='word_1_664' title='bbox 2807 2648 2989 2719; x_wconf 85' lang='lat' dir='ltr'><strong>regula</strong></span> <span class='ocrx_word' id='word_1_665' title='bbox 3020 2657 3196 2712; x_wconf 89' lang='lat' dir='ltr'><strong>erant,</strong></span> <span class='ocrx_word' id='word_1_666' title='bbox 3227 2648 3327 2703; x_wconf 89' lang='lat' dir='ltr'><strong>hoc</strong></span> <span class='ocrx_word' id='word_1_667' title='bbox 3369 2653 3452 2702; x_wconf 88' lang='lat' dir='ltr'><strong>est</strong></span> <span class='ocrx_word' id='word_1_668' title='bbox 3498 2646 3557 2701; x_wconf 83' lang='lat' dir='ltr'><strong>in</strong></span> 
     </span>
    </p>
   </div>
   <div class='ocr_carea' id='block_1_87' title="bbox 1984 2735 3559 2815">
    <p class='ocr_par' dir='ltr' id='par_1_87' title="bbox 1984 2735 3559 2815">
     <span class='ocr_line' id='line_1_87' title="bbox 1984 2735 3559 2815; baseline -0.007 -16"><span class='ocrx_word' id='word_1_669' title='bbox 1984 2751 2139 2815; x_wconf 85' lang='lat' dir='ltr'><strong>parte</strong></span> <span class='ocrx_word' id='word_1_670' title='bbox 2153 2743 2375 2799; x_wconf 88' lang='lat' dir='ltr'><strong>alterius</strong></span> <span class='ocrx_word' id='word_1_671' title='bbox 2392 2740 2753 2809; x_wconf 74' lang='lat' dir='ltr'><strong>evangelistze.</strong></span> <span class='ocrx_word' id='word_1_672' title='bbox 2774 2738 2900 2793; x_wconf 88' lang='lat' dir='ltr'><strong>Non</strong></span> <span class='ocrx_word' id='word_1_673' title='bbox 2909 2739 3045 2793; x_wconf 90' lang='lat' dir='ltr'><strong>enim</strong></span> <span class='ocrx_word' id='word_1_674' title='bbox 3066 2737 3215 2808; x_wconf 84' lang='lat' dir='ltr'><strong>quasi</strong></span> <span class='ocrx_word' id='word_1_675' title='bbox 3241 2752 3342 2790; x_wconf 88' lang='lat' dir='ltr'><strong>non</strong></span> <span class='ocrx_word' id='word_1_676' title='bbox 3366 2735 3559 2806; x_wconf 82' lang='lat' dir='ltr'><strong>pertin-</strong></span> 
     </span>
    </p>
   </div>
   <div class='ocr_carea' id='block_1_88' title="bbox 1983 2821 3557 2905">
    <p class='ocr_par' dir='ltr' id='par_1_88' title="bbox 1983 2821 3557 2905">
     <span class='ocr_line' id='line_1_88' title="bbox 1983 2821 3557 2905; baseline -0.008 -16"><span class='ocrx_word' id='word_1_677' title='bbox 1983 2842 2159 2905; x_wconf 80' lang='lat' dir='ltr'><strong>gentes</strong></span> <span class='ocrx_word' id='word_1_678' title='bbox 2181 2832 2251 2887; x_wconf 88' lang='lat' dir='ltr'><strong>ad</strong></span> <span class='ocrx_word' id='word_1_679' title='bbox 2274 2848 2362 2886; x_wconf 87' lang='lat' dir='ltr'><strong>vos</strong></span> <span class='ocrx_word' id='word_1_680' title='bbox 2382 2828 2859 2901; x_wconf 76' lang='lat' dir='ltr'><strong>superextendimus</strong></span> <span class='ocrx_word' id='word_1_681' title='bbox 2883 2843 3000 2881; x_wconf 87' lang='lat' dir='ltr'><strong>nos.</strong></span> <span class='ocrx_word' id='word_1_682' title='bbox 3018 2825 3129 2880; x_wconf 87' lang='lat' dir='ltr'><strong>Hoc</strong></span> <span class='ocrx_word' id='word_1_683' title='bbox 3157 2833 3260 2889; x_wconf 75' lang='lat' dir='ltr'><strong>est,</strong></span> <span class='ocrx_word' id='word_1_684' title='bbox 3278 2838 3384 2878; x_wconf 90' lang='lat' dir='ltr'><strong>non</strong></span> <span class='ocrx_word' id='word_1_685' title='bbox 3403 2821 3557 2891; x_wconf 86' lang='lat' dir='ltr'><strong>quasi</strong></span> 
     </span>
    </p>
   </div>
   <div class='ocr_carea' id='block_1_89' title="bbox 1985 2914 3559 2993">
    <p class='ocr_par' dir='ltr' id='par_1_89' title="bbox 1985 2914 3559 2993">
     <span class='ocr_line' id='line_1_89' title="bbox 1985 2914 3559 2993; baseline -0.008 -14"><span class='ocrx_word' id='word_1_686' title='bbox 1985 2940 2091 2985; x_wconf 84' lang='lat' dir='ltr'><strong>non</strong></span> <span class='ocrx_word' id='word_1_687' title='bbox 2105 2923 2254 2978; x_wconf 91' lang='lat' dir='ltr'><strong>missi</strong></span> <span class='ocrx_word' id='word_1_688' title='bbox 2268 2921 2619 2993; x_wconf 83' lang='lat' dir='ltr'><strong>pervenimus</strong></span> <span class='ocrx_word' id='word_1_689' title='bbox 2637 2918 2705 2973; x_wconf 87' lang='lat' dir='ltr'><strong>ad</strong></span> <span class='ocrx_word' id='word_1_690' title='bbox 2727 2933 2825 2975; x_wconf 81' lang='lat' dir='ltr'><strong>vos</strong></span> <span class='ocrx_word' id='word_1_691' title='bbox 2838 2917 2893 2977; x_wconf 86' lang='lat' dir='ltr'><strong>in</strong></span> <span class='ocrx_word' id='word_1_692' title='bbox 2918 2914 3424 2986; x_wconf 74' lang='lat' dir='ltr'><strong>praedicatione,sed</strong></span> <span class='ocrx_word' id='word_1_693' title='bbox 3436 2914 3559 2968; x_wconf 89' lang='lat' dir='ltr'><strong>des-</strong></span> 
     </span>
    </p>
   </div>
   <div class='ocr_carea' id='block_1_90' title="bbox 1985 3005 3555 3076">
    <p class='ocr_par' dir='ltr' id='par_1_90' title="bbox 1985 3005 3555 3076">
     <span class='ocr_line' id='line_1_90' title="bbox 1985 3005 3555 3076; baseline -0.009 -5"><span class='ocrx_word' id='word_1_694' title='bbox 1985 3014 2143 3071; x_wconf 88' lang='lat' dir='ltr'><strong>tinati</strong></span> <span class='ocrx_word' id='word_1_695' title='bbox 2169 3012 2277 3067; x_wconf 89' lang='lat' dir='ltr'><strong>Deo</strong></span> <span class='ocrx_word' id='word_1_696' title='bbox 2302 3011 2548 3066; x_wconf 91' lang='lat' dir='ltr'><strong>mittente</strong></span> <span class='ocrx_word' id='word_1_697' title='bbox 2571 3023 2668 3063; x_wconf 89' lang='lat' dir='ltr'><strong>nos</strong></span> <span class='ocrx_word' id='word_1_698' title='bbox 2697 3008 2766 3062; x_wconf 91' lang='lat' dir='ltr'><strong>ad</strong></span> <span class='ocrx_word' id='word_1_699' title='bbox 2794 3021 2910 3061; x_wconf 89' lang='lat' dir='ltr'><strong>vos.</strong></span> <span class='ocrx_word' id='word_1_700' title='bbox 2937 3005 3335 3076; x_wconf 41' lang='lat' dir='ltr'><strong>Superextendi.</strong></span> <span class='ocrx_word' id='word_1_701' title='bbox 3377 3010 3555 3059; x_wconf 87' lang='lat' dir='ltr'><strong>autem</strong></span> 
     </span>
    </p>
   </div>
   <div class='ocr_carea' id='block_1_91' title="bbox 1987 3092 3579 3177">
    <p class='ocr_par' dir='ltr' id='par_1_91' title="bbox 1987 3092 3579 3177">
     <span class='ocr_line' id='line_1_91' title="bbox 1987 3092 3579 3177; baseline -0.008 -18"><span class='ocrx_word' id='word_1_702' title='bbox 1987 3111 2073 3160; x_wconf 90' lang='lat' dir='ltr'><strong>est</strong></span> <span class='ocrx_word' id='word_1_703' title='bbox 2097 3102 2239 3157; x_wconf 90' lang='lat' dir='ltr'><strong>ultra</strong></span> <span class='ocrx_word' id='word_1_704' title='bbox 2280 3099 2520 3165; x_wconf 81' lang='lat' dir='ltr'><strong>extendi,</strong></span> <span class='ocrx_word' id='word_1_705' title='bbox 2546 3113 2707 3168; x_wconf 91' lang='lat' dir='ltr'><strong>quam</strong></span> <span class='ocrx_word' id='word_1_706' title='bbox 2752 3096 3097 3162; x_wconf 81' lang='lat' dir='ltr'><strong>conceditur,</strong></span> <span class='ocrx_word' id='word_1_707' title='bbox 3142 3095 3236 3149; x_wconf 90' lang='lat' dir='ltr'><strong>sed</strong></span> <span class='ocrx_word' id='word_1_708' title='bbox 3263 3109 3367 3148; x_wconf 91' lang='lat' dir='ltr'><strong>non</strong></span> <span class='ocrx_word' id='word_1_709' title='bbox 3392 3092 3579 3177; x_wconf 39' lang='lat' dir='ltr'><strong>ultra,‘</strong></span> 
     </span>
    </p>
   </div>
   <div class='ocr_carea' id='block_1_92' title="bbox 1911 3168 3557 3267">
    <p class='ocr_par' dir='ltr' id='par_1_92' title="bbox 1911 3168 3557 3267">
     <span class='ocr_line' id='line_1_92' title="bbox 1911 3168 3557 3267; baseline -0.008 -16"><span class='ocrx_word' id='word_1_710' title='bbox 1911 3168 1956 3230; x_wconf 68' lang='grc' dir='ltr'>Ο</span> <span class='ocrx_word' id='word_1_711' title='bbox 1987 3195 2113 3267; x_wconf 89' lang='lat' dir='ltr'><strong>quia</strong></span> <span class='ocrx_word' id='word_1_712' title='bbox 2143 3208 2450 3249; x_wconf 90' lang='lat' dir='ltr'><strong>mensuram</strong></span> <span class='ocrx_word' id='word_1_713' title='bbox 2472 3191 2624 3246; x_wconf 89' lang='lat' dir='ltr'><strong>dedit</strong></span> <span class='ocrx_word' id='word_1_714' title='bbox 2658 3191 2815 3253; x_wconf 87' lang='lat' dir='ltr'><strong>Deus,</strong></span> <span class='ocrx_word' id='word_1_715' title='bbox 2843 3204 3005 3257; x_wconf 82' lang='lat' dir='ltr'><strong>quam</strong></span> <span class='ocrx_word' id='word_1_716' title='bbox 3031 3194 3311 3242; x_wconf 82' lang='lat' dir='ltr'><strong>servarent</strong></span> <span class='ocrx_word' id='word_1_717' title='bbox 3333 3199 3557 3257; x_wconf 64' lang='lat' dir='ltr'><strong>evangeo</strong></span> 
     </span>
    </p>
   </div>
   <div class='ocr_carea' id='block_1_93' title="bbox 1984 3275 3555 3357">
    <p class='ocr_par' dir='ltr' id='par_1_93' title="bbox 1984 3275 3555 3357">
     <span class='ocr_line' id='line_1_93' title="bbox 1984 3275 3555 3357; baseline -0.01 -12"><span class='ocrx_word' id='word_1_718' title='bbox 1984 3289 2123 3345; x_wconf 77' lang='lat' dir='ltr'><strong>listm</strong></span> <span class='ocrx_word' id='word_1_719' title='bbox 2144 3286 2281 3356; x_wconf 88' lang='lat' dir='ltr'><strong>ejus,</strong></span> <span class='ocrx_word' id='word_1_720' title='bbox 2302 3299 2464 3357; x_wconf 89' lang='lat' dir='ltr'><strong>quam</strong></span> <span class='ocrx_word' id='word_1_721' title='bbox 2485 3284 2572 3339; x_wconf 91' lang='lat' dir='ltr'><strong>hic</strong></span> <span class='ocrx_word' id='word_1_722' title='bbox 2592 3296 2651 3337; x_wconf 88' lang='lat' dir='ltr'><strong>se</strong></span> <span class='ocrx_word' id='word_1_723' title='bbox 2669 3280 2973 3337; x_wconf 90' lang='lat' dir='ltr'><strong>custodisse</strong></span> <span class='ocrx_word' id='word_1_724' title='bbox 2996 3285 3240 3334; x_wconf 86' lang='lat' dir='ltr'><strong>testatur.</strong></span> <span class='ocrx_word' id='word_1_725' title='bbox 3266 3276 3388 3331; x_wconf 88' lang='lat' dir='ltr'><strong>Ideo</strong></span> <span class='ocrx_word' id='word_1_726' title='bbox 3411 3275 3555 3330; x_wconf 83' lang='lat' dir='ltr'><strong>enim</strong></span> 
     </span>
    </p>
   </div>
   <div class='ocr_carea' id='block_1_94' title="bbox 1983 3365 3555 3441">
    <p class='ocr_par' dir='ltr' id='par_1_94' title="bbox 1983 3365 3555 3441">
     <span class='ocr_line' id='line_1_94' title="bbox 1983 3365 3555 3441; baseline -0.01 -8"><span class='ocrx_word' id='word_1_727' title='bbox 1983 3374 2089 3434; x_wconf 87' lang='lat' dir='ltr'><strong>hoc</strong></span> <span class='ocrx_word' id='word_1_728' title='bbox 2112 3376 2370 3441; x_wconf 85' lang='lat' dir='ltr'><strong>ostendit,</strong></span> <span class='ocrx_word' id='word_1_729' title='bbox 2397 3381 2456 3428; x_wconf 92' lang='lat' dir='ltr'><strong>ut</strong></span> <span class='ocrx_word' id='word_1_730' title='bbox 2482 3373 2659 3428; x_wconf 91' lang='lat' dir='ltr'><strong>sciant</strong></span> <span class='ocrx_word' id='word_1_731' title='bbox 2683 3370 2935 3441; x_wconf 89' lang='lat' dir='ltr'><strong>quoniam</strong></span> <span class='ocrx_word' id='word_1_732' title='bbox 2964 3384 2996 3422; x_wconf 89' lang='lat' dir='ltr'><strong>a</strong></span> <span class='ocrx_word' id='word_1_733' title='bbox 3042 3367 3153 3422; x_wconf 92' lang='lat' dir='ltr'><strong>Deo</strong></span> <span class='ocrx_word' id='word_1_734' title='bbox 3178 3368 3243 3421; x_wconf 90' lang='lat' dir='ltr'><strong>ad</strong></span> <span class='ocrx_word' id='word_1_735' title='bbox 3282 3366 3381 3425; x_wconf 85' lang='lat' dir='ltr'><strong>hos</strong></span> <span class='ocrx_word' id='word_1_736' title='bbox 3408 3365 3555 3423; x_wconf 88' lang='lat' dir='ltr'><strong>dire-</strong></span> 
     </span>
    </p>
   </div>
   <div class='ocr_carea' id='block_1_95' title="bbox 1985 3455 3552 3535">
    <p class='ocr_par' dir='ltr' id='par_1_95' title="bbox 1985 3455 3552 3535">
     <span class='ocr_line' id='line_1_95' title="bbox 1985 3455 3552 3535; baseline -0.009 -10"><span class='ocrx_word' id='word_1_737' title='bbox 1985 3478 2103 3527; x_wconf 89' lang='lat' dir='ltr'><strong>ctus</strong></span> <span class='ocrx_word' id='word_1_738' title='bbox 2130 3475 2232 3533; x_wconf 88' lang='lat' dir='ltr'><strong>est,</strong></span> <span class='ocrx_word' id='word_1_739' title='bbox 2262 3482 2325 3522; x_wconf 89' lang='lat' dir='ltr'><strong>ac</strong></span> <span class='ocrx_word' id='word_1_740' title='bbox 2370 3481 2467 3535; x_wconf 89' lang='lat' dir='ltr'><strong>per</strong></span> <span class='ocrx_word' id='word_1_741' title='bbox 2499 3466 2602 3519; x_wconf 91' lang='lat' dir='ltr'><strong>hoc</strong></span> <span class='ocrx_word' id='word_1_742' title='bbox 2629 3462 2891 3521; x_wconf 89' lang='lat' dir='ltr'><strong>obaudire</strong></span> <span class='ocrx_word' id='word_1_743' title='bbox 2943 3460 3063 3517; x_wconf 92' lang='lat' dir='ltr'><strong>illos</strong></span> <span class='ocrx_word' id='word_1_744' title='bbox 3110 3459 3305 3515; x_wconf 87' lang='lat' dir='ltr'><strong>debere</strong></span> <span class='ocrx_word' id='word_1_745' title='bbox 3353 3455 3552 3511; x_wconf 86' lang='lat' dir='ltr'><strong>monita</strong></span> 
     </span>
    </p>
   </div>
   <div class='ocr_carea' id='block_1_96' title="bbox 1983 3545 3555 3628">
    <p class='ocr_par' dir='ltr' id='par_1_96' title="bbox 1983 3545 3555 3628">
     <span class='ocr_line' id='line_1_96' title="bbox 1983 3545 3555 3628; baseline -0.008 -15"><span class='ocrx_word' id='word_1_746' title='bbox 1983 3557 2120 3628; x_wconf 91' lang='lat' dir='ltr'><strong>ejus,</strong></span> <span class='ocrx_word' id='word_1_747' title='bbox 2149 3572 2216 3611; x_wconf 91' lang='lat' dir='ltr'><strong>ne</strong></span> <span class='ocrx_word' id='word_1_748' title='bbox 2235 3561 2637 3612; x_wconf 89' lang='lat' dir='ltr'><strong>contemnentes</strong></span> <span class='ocrx_word' id='word_1_749' title='bbox 2660 3551 2771 3607; x_wconf 89' lang='lat' dir='ltr'><strong>Deo</strong></span> <span class='ocrx_word' id='word_1_750' title='bbox 2792 3567 2821 3604; x_wconf 91' lang='lat' dir='ltr'><strong>a</strong></span> <span class='ocrx_word' id='word_1_751' title='bbox 2845 3565 2953 3622; x_wconf 88' lang='lat' dir='ltr'><strong>quo</strong></span> <span class='ocrx_word' id='word_1_752' title='bbox 2975 3549 3171 3604; x_wconf 87' lang='lat' dir='ltr'><strong>missus</strong></span> <span class='ocrx_word' id='word_1_753' title='bbox 3200 3555 3283 3602; x_wconf 92' lang='lat' dir='ltr'><strong>est</strong></span> <span class='ocrx_word' id='word_1_754' title='bbox 3304 3545 3555 3603; x_wconf 81' lang='lat' dir='ltr'><strong>resistere</strong></span> 
     </span>
    </p>
   </div>
   <div class='ocr_carea' id='block_1_97' title="bbox 1983 3635 3558 3717">
    <p class='ocr_par' dir='ltr' id='par_1_97' title="bbox 1983 3635 3558 3717">
     <span class='ocr_line' id='line_1_97' title="bbox 1983 3635 3558 3717; baseline -0.01 -13"><span class='ocrx_word' id='word_1_755' title='bbox 1983 3650 2310 3705; x_wconf 87' lang='lat' dir='ltr'><strong>viderentur.</strong></span> <span class='ocrx_word' id='word_1_756' title='bbox 2338 3644 2514 3717; x_wconf 87' lang='lat' dir='ltr'><strong>Usque</strong></span> <span class='ocrx_word' id='word_1_757' title='bbox 2541 3642 2610 3697; x_wconf 86' lang='lat' dir='ltr'><strong>ad</strong></span> <span class='ocrx_word' id='word_1_758' title='bbox 2633 3660 2715 3697; x_wconf 88' lang='lat' dir='ltr'><strong>vos</strong></span> <span class='ocrx_word' id='word_1_759' title='bbox 2740 3643 2876 3696; x_wconf 88' lang='lat' dir='ltr'><strong>enim</strong></span> <span class='ocrx_word' id='word_1_760' title='bbox 2895 3638 3215 3711; x_wconf 83' lang='lat' dir='ltr'><strong>pervenimus</strong></span> <span class='ocrx_word' id='word_1_761' title='bbox 3241 3637 3297 3691; x_wconf 87' lang='lat' dir='ltr'><strong>in</strong></span> <span class='ocrx_word' id='word_1_762' title='bbox 3320 3635 3558 3705; x_wconf 84' lang='lat' dir='ltr'><strong>Evange-</strong></span> 
     </span>
    </p>
   </div>
   <div class='ocr_carea' id='block_1_98' title="bbox 1985 3724 3555 3803">
    <p class='ocr_par' dir='ltr' id='par_1_98' title="bbox 1985 3724 3555 3803">
     <span class='ocr_line' id='line_1_98' title="bbox 1985 3724 3555 3803; baseline -0.011 -8"><span class='ocrx_word' id='word_1_763' title='bbox 1985 3740 2054 3795; x_wconf 88' lang='lat' dir='ltr'><strong>lio</strong></span> <span class='ocrx_word' id='word_1_764' title='bbox 2085 3740 2295 3801; x_wconf 79' lang='lat' dir='ltr'><strong>Christi,</strong></span> <span class='ocrx_word' id='word_1_765' title='bbox 2328 3738 2508 3793; x_wconf 85' lang='lat' dir='ltr'><strong>nonin</strong></span> <span class='ocrx_word' id='word_1_766' title='bbox 2528 3737 2832 3790; x_wconf 88' lang='lat' dir='ltr'><strong>immensum</strong></span> <span class='ocrx_word' id='word_1_767' title='bbox 2856 3730 3138 3803; x_wconf 83' lang='lat' dir='ltr'><strong>gloriantes</strong></span> <span class='ocrx_word' id='word_1_768' title='bbox 3170 3728 3223 3780; x_wconf 91' lang='lat' dir='ltr'><strong>in</strong></span> <span class='ocrx_word' id='word_1_769' title='bbox 3254 3726 3436 3780; x_wconf 84' lang='lat' dir='ltr'><strong>alienis</strong></span> <span class='ocrx_word' id='word_1_770' title='bbox 3469 3724 3555 3778; x_wconf 87' lang='lat' dir='ltr'><strong>la-</strong></span> 
     </span>
    </p>
   </div>
   <div class='ocr_carea' id='block_1_99' title="bbox 1986 3813 3556 3892">
    <p class='ocr_par' dir='ltr' id='par_1_99' title="bbox 1986 3813 3556 3892">
     <span class='ocr_line' id='line_1_99' title="bbox 1986 3813 3556 3892; baseline -0.011 -7"><span class='ocrx_word' id='word_1_771' title='bbox 1986 3830 2210 3885; x_wconf 83' lang='lat' dir='ltr'><strong>boribus.</strong></span> <span class='ocrx_word' id='word_1_772' title='bbox 2244 3827 2344 3883; x_wconf 83' lang='lat' dir='ltr'><strong>llic</strong></span> <span class='ocrx_word' id='word_1_773' title='bbox 2396 3825 2736 3880; x_wconf 88' lang='lat' dir='ltr'><strong>manifestius</strong></span> <span class='ocrx_word' id='word_1_774' title='bbox 2783 3828 3007 3892; x_wconf 88' lang='lat' dir='ltr'><strong>apparet</strong></span> <span class='ocrx_word' id='word_1_775' title='bbox 3059 3818 3202 3889; x_wconf 87' lang='lat' dir='ltr'><strong>quod</strong></span> <span class='ocrx_word' id='word_1_776' title='bbox 3249 3815 3399 3878; x_wconf 90' lang='lat' dir='ltr'><strong>dicit,</strong></span> <span class='ocrx_word' id='word_1_777' title='bbox 3428 3813 3556 3884; x_wconf 88' lang='lat' dir='ltr'><strong>quia</strong></span> 
     </span>
    </p>
   </div>
   <div class='ocr_carea' id='block_1_100' title="bbox 1986 3905 3555 3993">
    <p class='ocr_par' dir='ltr' id='par_1_100' title="bbox 1986 3905 3555 3993">
     <span class='ocr_line' id='line_1_100' title="bbox 1986 3905 3555 3993; baseline -0.013 -15"><span class='ocrx_word' id='word_1_778' title='bbox 1986 3924 2101 3993; x_wconf 90' lang='lat' dir='ltr'><strong>ipse</strong></span> <span class='ocrx_word' id='word_1_779' title='bbox 2120 3922 2241 3976; x_wconf 86' lang='lat' dir='ltr'><strong>illos</strong></span> <span class='ocrx_word' id='word_1_780' title='bbox 2264 3919 2603 3982; x_wconf 84' lang='lat' dir='ltr'><strong>fundaverat,</strong></span> <span class='ocrx_word' id='word_1_781' title='bbox 2634 3916 2754 3970; x_wconf 81' lang='lat' dir='ltr'><strong>ideo</strong></span> <span class='ocrx_word' id='word_1_782' title='bbox 2782 3920 2931 3967; x_wconf 88' lang='lat' dir='ltr'><strong>tanta</strong></span> <span class='ocrx_word' id='word_1_783' title='bbox 2955 3909 3146 3967; x_wconf 88' lang='lat' dir='ltr'><strong>liducia</strong></span> <span class='ocrx_word' id='word_1_784' title='bbox 3170 3908 3239 3964; x_wconf 90' lang='lat' dir='ltr'><strong>ad</strong></span> <span class='ocrx_word' id='word_1_785' title='bbox 3260 3907 3358 3962; x_wconf 90' lang='lat' dir='ltr'><strong>hos</strong></span> <span class='ocrx_word' id='word_1_786' title='bbox 3378 3905 3555 3975; x_wconf 82' lang='lat' dir='ltr'><strong>loqui-</strong></span> 
     </span>
    </p>
   </div>
   <div class='ocr_carea' id='block_1_101' title="bbox 1988 3995 3556 4069">
    <p class='ocr_par' dir='ltr' id='par_1_101' title="bbox 1988 3995 3556 4069">
     <span class='ocr_line' id='line_1_101' title="bbox 1988 3995 3556 4069; baseline -0.011 -1"><span class='ocrx_word' id='word_1_787' title='bbox 1988 4022 2076 4069; x_wconf 88' lang='lat' dir='ltr'><strong>tur</strong></span> <span class='ocrx_word' id='word_1_788' title='bbox 2106 4031 2120 4067; x_wconf 87' lang='lat'><strong>:</strong></span> <span class='ocrx_word' id='word_1_789' title='bbox 2149 4027 2250 4067; x_wconf 88' lang='lat' dir='ltr'><strong>nec</strong></span> <span class='ocrx_word' id='word_1_790' title='bbox 2275 4011 2422 4065; x_wconf 90' lang='lat' dir='ltr'><strong>enim</strong></span> <span class='ocrx_word' id='word_1_791' title='bbox 2454 4008 2637 4063; x_wconf 89' lang='lat' dir='ltr'><strong>labore</strong></span> <span class='ocrx_word' id='word_1_792' title='bbox 2684 4004 2909 4059; x_wconf 87' lang='lat' dir='ltr'><strong>alterius</strong></span> <span class='ocrx_word' id='word_1_793' title='bbox 2950 4000 3202 4067; x_wconf 90' lang='lat' dir='ltr'><strong>acquisiti</strong></span> <span class='ocrx_word' id='word_1_794' title='bbox 3233 3998 3445 4053; x_wconf 88' lang='lat' dir='ltr'><strong>fuerant</strong></span> <span class='ocrx_word' id='word_1_795' title='bbox 3487 3995 3556 4051; x_wconf 89' lang='lat' dir='ltr'><strong>ad</strong></span> 
     </span>
    </p>
   </div>
   <div class='ocr_carea' id='block_1_102' title="bbox 1984 4084 3557 4166">
    <p class='ocr_par' dir='ltr' id='par_1_102' title="bbox 1984 4084 3557 4166">
     <span class='ocr_line' id='line_1_102' title="bbox 1984 4084 3557 4166; baseline -0.017 -5"><span class='ocrx_word' id='word_1_796' title='bbox 1984 4104 2168 4166; x_wconf 85' lang='lat' dir='ltr'><strong>ﬁdem,</strong></span> <span class='ocrx_word' id='word_1_797' title='bbox 2189 4101 2330 4159; x_wconf 86' lang='lat' dir='ltr'><strong>sicut</strong></span> <span class='ocrx_word' id='word_1_798' title='bbox 2356 4099 2411 4153; x_wconf 91' lang='lat' dir='ltr'><strong>in</strong></span> <span class='ocrx_word' id='word_1_799' title='bbox 2438 4096 2540 4153; x_wconf 85' lang='lat' dir='ltr'><strong>alia</strong></span> <span class='ocrx_word' id='word_1_800' title='bbox 2567 4093 2804 4166; x_wconf 75' lang='lat' dir='ltr'><strong>Epistula</strong></span> <span class='ocrx_word' id='word_1_801' title='bbox 2835 4092 2910 4153; x_wconf 85' lang='lat' dir='ltr'><strong>ait</strong></span> <span class='ocrx_word' id='word_1_802' title='bbox 2937 4089 2990 4161; x_wconf 89' lang='grc'><strong>(1</strong></span> <span class='ocrx_word' id='word_1_803' title='bbox 3017 4087 3139 4145; x_wconf 89' lang='lat' dir='ltr'><strong>Cor.</strong></span> <span class='ocrx_word' id='word_1_804' title='bbox 3171 4088 3245 4160; x_wconf 81' lang='lat' dir='ltr'><strong>tv)</strong></span> <span class='ocrx_word' id='word_1_805' title='bbox 3278 4105 3291 4141; x_wconf 88' lang='lat'><strong>:</strong></span> <span class='ocrx_word' id='word_1_806' title='bbox 3322 4084 3390 4139; x_wconf 85' lang='lat' dir='ltr'><strong>In</strong></span> <span class='ocrx_word' id='word_1_807' title='bbox 3405 4084 3557 4139; x_wconf 83' lang='lat' dir='ltr'><strong>Chri-</strong></span> 
     </span>
    </p>
   </div>
   <div class='ocr_carea' id='block_1_103' title="bbox 1985 4179 3555 4264">
    <p class='ocr_par' dir='ltr' id='par_1_103' title="bbox 1985 4179 3555 4264">
     <span class='ocr_line' id='line_1_103' title="bbox 1985 4179 3555 4264; baseline -0.014 -11"><span class='ocrx_word' id='word_1_808' title='bbox 1985 4205 2064 4253; x_wconf 81' lang='lat' dir='ltr'><strong>sto</strong></span> <span class='ocrx_word' id='word_1_809' title='bbox 2084 4195 2222 4253; x_wconf 81' lang='lat' dir='ltr'><strong>enim</strong></span> <span class='ocrx_word' id='word_1_810' title='bbox 2242 4208 2335 4264; x_wconf 85' lang='lat' dir='ltr'><strong>per</strong></span> <span class='ocrx_word' id='word_1_811' title='bbox 2352 4188 2693 4260; x_wconf 81' lang='lat' dir='ltr'><strong>Evangelium</strong></span> <span class='ocrx_word' id='word_1_812' title='bbox 2705 4202 2798 4256; x_wconf 84' lang='lat' dir='ltr'><strong>ego</strong></span> <span class='ocrx_word' id='word_1_813' title='bbox 2814 4201 2902 4245; x_wconf 80' lang='lat' dir='ltr'><strong>vos</strong></span> <span class='ocrx_word' id='word_1_814' title='bbox 2922 4182 3100 4256; x_wconf 72' lang='lat' dir='ltr'><strong>genui.</strong></span> <span class='ocrx_word' id='word_1_815' title='bbox 3113 4179 3228 4237; x_wconf 87' lang='lat' dir='ltr'><strong>Non</strong></span> <span class='ocrx_word' id='word_1_816' title='bbox 3250 4195 3378 4251; x_wconf 86' lang='lat' dir='ltr'><strong>ergo</strong></span> <span class='ocrx_word' id='word_1_817' title='bbox 3400 4185 3555 4243; x_wconf 70' lang='lat' dir='ltr'><strong>extra</strong></span> 
     </span>
    </p>
   </div>
   <div class='ocr_carea' id='block_1_104' title="bbox 1986 4270 3552 4355">
    <p class='ocr_par' dir='ltr' id='par_1_104' title="bbox 1986 4270 3552 4355">
     <span class='ocr_line' id='line_1_104' title="bbox 1986 4270 3552 4355; baseline -0.013 -13"><span class='ocrx_word' id='word_1_818' title='bbox 1986 4300 2294 4347; x_wconf 86' lang='lat' dir='ltr'><strong>mensuram</strong></span> <span class='ocrx_word' id='word_1_819' title='bbox 2332 4282 2610 4355; x_wconf 84' lang='lat' dir='ltr'><strong>gloriatur,</strong></span> <span class='ocrx_word' id='word_1_820' title='bbox 2650 4278 2741 4349; x_wconf 91' lang='lat' dir='ltr'><strong>qui</strong></span> <span class='ocrx_word' id='word_1_821' title='bbox 2794 4277 2848 4332; x_wconf 93' lang='lat' dir='ltr'><strong>in</strong></span> <span class='ocrx_word' id='word_1_822' title='bbox 2897 4275 3081 4332; x_wconf 89' lang='lat' dir='ltr'><strong>labore</strong></span> <span class='ocrx_word' id='word_1_823' title='bbox 3130 4287 3232 4333; x_wconf 84' lang='lat' dir='ltr'><strong>suo</strong></span> <span class='ocrx_word' id='word_1_824' title='bbox 3272 4270 3552 4345; x_wconf 86' lang='lat' dir='ltr'><strong>gloriatur.</strong></span> 
     </span>
    </p>
   </div>
   <div class='ocr_carea' id='block_1_105' title="bbox 1987 4364 3557 4449">
    <p class='ocr_par' dir='ltr' id='par_1_105' title="bbox 1987 4364 3557 4449">
     <span class='ocr_line' id='line_1_105' title="bbox 1987 4364 3557 4449; baseline -0.014 -14"><span class='ocrx_word' id='word_1_825' title='bbox 1987 4378 2144 4449; x_wconf 85' lang='lat' dir='ltr'><strong>Spem</strong></span> <span class='ocrx_word' id='word_1_826' title='bbox 2170 4385 2342 4431; x_wconf 82' lang='lat' dir='ltr'><strong>autem</strong></span> <span class='ocrx_word' id='word_1_827' title='bbox 2371 4373 2611 4428; x_wconf 85' lang='lat' dir='ltr'><strong>habentes</strong></span> <span class='ocrx_word' id='word_1_828' title='bbox 2652 4368 2927 4425; x_wconf 82' lang='lat' dir='ltr'><strong>crescentis</strong></span> <span class='ocrx_word' id='word_1_829' title='bbox 2955 4366 3079 4437; x_wconf 84' lang='lat' dir='ltr'><strong>ﬁdei</strong></span> <span class='ocrx_word' id='word_1_830' title='bbox 3114 4372 3295 4426; x_wconf 66' lang='lat' dir='ltr'><strong>vestrm</strong></span> <span class='ocrx_word' id='word_1_831' title='bbox 3323 4364 3377 4417; x_wconf 86' lang='lat' dir='ltr'><strong>in</strong></span> <span class='ocrx_word' id='word_1_832' title='bbox 3417 4367 3557 4423; x_wconf 67' lang='lat' dir='ltr'><strong>vobis</strong></span> 
     </span>
    </p>
   </div>
   <div class='ocr_carea' id='block_1_106' title="bbox 1985 4454 3559 4540">
    <p class='ocr_par' dir='ltr' id='par_1_106' title="bbox 1985 4454 3559 4540">
     <span class='ocr_line' id='line_1_106' title="bbox 1985 4454 3559 4540; baseline -0.014 -12"><span class='ocrx_word' id='word_1_833' title='bbox 1985 4468 2332 4540; x_wconf 79' lang='lat' dir='ltr'><strong>magniﬁcari.</strong></span> <span class='ocrx_word' id='word_1_834' title='bbox 2382 4465 2515 4534; x_wconf 82' lang='lat' dir='ltr'><strong>Quia</strong></span> <span class='ocrx_word' id='word_1_835' title='bbox 2561 4464 2795 4521; x_wconf 89' lang='lat' dir='ltr'><strong>fructum</strong></span> <span class='ocrx_word' id='word_1_836' title='bbox 2841 4458 3040 4515; x_wconf 89' lang='lat' dir='ltr'><strong>laboris</strong></span> <span class='ocrx_word' id='word_1_837' title='bbox 3091 4461 3274 4528; x_wconf 88' lang='lat' dir='ltr'><strong>sperat</strong></span> <span class='ocrx_word' id='word_1_838' title='bbox 3322 4454 3559 4527; x_wconf 73' lang='lat' dir='ltr'><strong>qnmsitac</strong></span> 
     </span>
    </p>
   </div>
   <div class='ocr_carea' id='block_1_107' title="bbox 1986 4549 3558 4627">
    <p class='ocr_par' dir='ltr' id='par_1_107' title="bbox 1986 4549 3558 4627">
     <span class='ocr_line' id='line_1_107' title="bbox 1986 4549 3558 4627; baseline -0.011 -9"><span class='ocrx_word' id='word_1_839' title='bbox 1986 4562 2107 4618; x_wconf 83' lang='lat' dir='ltr'><strong>ﬁdei</strong></span> <span class='ocrx_word' id='word_1_840' title='bbox 2154 4575 2365 4627; x_wconf 87' lang='lat' dir='ltr'><strong>eorum,</strong></span> <span class='ocrx_word' id='word_1_841' title='bbox 2396 4559 2597 4617; x_wconf 83' lang='lat' dir='ltr'><strong>idcirco</strong></span> <span class='ocrx_word' id='word_1_842' title='bbox 2630 4572 2740 4617; x_wconf 83' lang='lat' dir='ltr'><strong>non</strong></span> <span class='ocrx_word' id='word_1_843' title='bbox 2774 4552 3106 4625; x_wconf 82' lang='lat' dir='ltr'><strong>negligenter</strong></span> <span class='ocrx_word' id='word_1_844' title='bbox 3150 4549 3254 4603; x_wconf 81' lang='lat' dir='ltr'><strong>hoc</strong></span> <span class='ocrx_word' id='word_1_845' title='bbox 3293 4559 3453 4619; x_wconf 87' lang='lat' dir='ltr'><strong>agere</strong></span> <span class='ocrx_word' id='word_1_846' title='bbox 3498 4558 3558 4600; x_wconf 86' lang='lat' dir='ltr'><strong>se</strong></span> 
     </span>
    </p>
   </div>
   <div class='ocr_carea' id='block_1_108' title="bbox 1980 4641 3552 4727">
    <p class='ocr_par' dir='ltr' id='par_1_108' title="bbox 1980 4641 3552 4727">
     <span class='ocr_line' id='line_1_108' title="bbox 1980 4641 3552 4727; baseline -0.013 -16"><span class='ocrx_word' id='word_1_847' title='bbox 1980 4655 2265 4727; x_wconf 88' lang='lat' dir='ltr'><strong>proﬁtetur</strong></span> <span class='ocrx_word' id='word_1_848' title='bbox 2314 4668 2383 4708; x_wconf 87' lang='lat' dir='ltr'><strong>ne</strong></span> <span class='ocrx_word' id='word_1_849' title='bbox 2419 4652 2592 4708; x_wconf 66' lang='lat' dir='ltr'><strong>taediis</strong></span> <span class='ocrx_word' id='word_1_850' title='bbox 2625 4659 2681 4705; x_wconf 84' lang='lat' dir='ltr'><strong>et</strong></span> <span class='ocrx_word' id='word_1_851' title='bbox 2709 4647 2966 4707; x_wconf 87' lang='lat' dir='ltr'><strong>molestiis</strong></span> <span class='ocrx_word' id='word_1_852' title='bbox 2989 4644 3231 4708; x_wconf 89' lang='lat' dir='ltr'><strong>cederet,</strong></span> <span class='ocrx_word' id='word_1_853' title='bbox 3259 4641 3385 4710; x_wconf 89' lang='lat' dir='ltr'><strong>quia</strong></span> <span class='ocrx_word' id='word_1_854' title='bbox 3429 4654 3552 4693; x_wconf 82' lang='lat' dir='ltr'><strong>ma-</strong></span> 
     </span>
    </p>
   </div>
   <div class='ocr_carea' id='block_1_109' title="bbox 1968 4727 3558 4817">
    <p class='ocr_par' dir='ltr' id='par_1_109' title="bbox 1968 4727 3558 4817">
     <span class='ocr_line' id='line_1_109' title="bbox 1968 4727 3558 4817; baseline -0.013 -16"><span class='ocrx_word' id='word_1_855' title='bbox 1968 4744 2227 4817; x_wconf 87' lang='lat' dir='ltr'><strong>.gniﬁcari</strong></span> <span class='ocrx_word' id='word_1_856' title='bbox 2256 4759 2314 4798; x_wconf 89' lang='lat' dir='ltr'><strong>se</strong></span> <span class='ocrx_word' id='word_1_857' title='bbox 2337 4743 2515 4799; x_wconf 88' lang='lat' dir='ltr'><strong>credit</strong></span> <span class='ocrx_word' id='word_1_858' title='bbox 2542 4740 2682 4810; x_wconf 90' lang='lat' dir='ltr'><strong>apud</strong></span> <span class='ocrx_word' id='word_1_859' title='bbox 2713 4740 2901 4800; x_wconf 87' lang='lat' dir='ltr'><strong>Deum,</strong></span> <span class='ocrx_word' id='word_1_860' title='bbox 2934 4734 2979 4790; x_wconf 91' lang='lat' dir='ltr'><strong>si</strong></span> <span class='ocrx_word' id='word_1_861' title='bbox 3021 4739 3316 4802; x_wconf 81' lang='lat' dir='ltr'><strong>augeantur</strong></span> <span class='ocrx_word' id='word_1_862' title='bbox 3344 4729 3397 4783; x_wconf 92' lang='lat' dir='ltr'><strong>in</strong></span> <span class='ocrx_word' id='word_1_863' title='bbox 3452 4727 3558 4782; x_wconf 89' lang='lat' dir='ltr'><strong>ﬁde</strong></span> 
     </span>
    </p>
   </div>
   <div class='ocr_carea' id='block_1_110' title="bbox 1984 4818 3561 4906">
    <p class='ocr_par' dir='ltr' id='par_1_110' title="bbox 1984 4818 3561 4906">
     <span class='ocr_line' id='line_1_110' title="bbox 1984 4818 3561 4906; baseline -0.018 -9"><span class='ocrx_word' id='word_1_864' title='bbox 1984 4837 2257 4897; x_wconf 87' lang='lat' dir='ltr'><strong>auditores</strong></span> <span class='ocrx_word' id='word_1_865' title='bbox 2279 4835 2416 4906; x_wconf 87' lang='lat' dir='ltr'><strong>ejus,</strong></span> <span class='ocrx_word' id='word_1_866' title='bbox 2444 4834 2584 4889; x_wconf 88' lang='lat' dir='ltr'><strong>sicut</strong></span> <span class='ocrx_word' id='word_1_867' title='bbox 2610 4832 2741 4886; x_wconf 91' lang='lat' dir='ltr'><strong>dicit</strong></span> <span class='ocrx_word' id='word_1_868' title='bbox 2764 4827 3048 4883; x_wconf 83' lang='lat' dir='ltr'><strong>Dominus:</strong></span> <span class='ocrx_word' id='word_1_869' title='bbox 3080 4823 3265 4887; x_wconf 78' lang='lat' dir='ltr'><strong>Pater,</strong></span> <span class='ocrx_word' id='word_1_870' title='bbox 3294 4822 3425 4875; x_wconf 83' lang='lat' dir='ltr'><strong>sicut</strong></span> <span class='ocrx_word' id='word_1_871' title='bbox 3462 4818 3561 4871; x_wconf 84' lang='lat' dir='ltr'><strong>mi-</strong></span> 
     </span>
    </p>
   </div>
   <div class='ocr_carea' id='block_1_111' title="bbox 1981 4908 3558 4986">
    <p class='ocr_par' dir='ltr' id='par_1_111' title="bbox 1981 4908 3558 4986">
     <span class='ocr_line' id='line_1_111' title="bbox 1981 4908 3558 4986; baseline -0.015 -1"><span class='ocrx_word' id='word_1_872' title='bbox 1981 4928 2097 4985; x_wconf 70' lang='lat' dir='ltr'><strong>sisti</strong></span> <span class='ocrx_word' id='word_1_873' title='bbox 2120 4943 2200 4983; x_wconf 89' lang='lat' dir='ltr'><strong>me</strong></span> <span class='ocrx_word' id='word_1_874' title='bbox 2224 4927 2277 4979; x_wconf 90' lang='lat' dir='ltr'><strong>in</strong></span> <span class='ocrx_word' id='word_1_875' title='bbox 2309 4926 2447 4981; x_wconf 78' lang='lat' dir='ltr'><strong>hunc</strong></span> <span class='ocrx_word' id='word_1_876' title='bbox 2493 4920 2840 4983; x_wconf 86' lang='lat' dir='ltr'><strong>mundum,ct</strong></span> <span class='ocrx_word' id='word_1_877' title='bbox 2888 4932 2978 4986; x_wconf 74' lang='lat' dir='ltr'><strong>ego</strong></span> <span class='ocrx_word' id='word_1_878' title='bbox 3024 4914 3142 4974; x_wconf 84' lang='lat' dir='ltr'><strong>misi</strong></span> <span class='ocrx_word' id='word_1_879' title='bbox 3187 4928 3274 4967; x_wconf 87' lang='lat' dir='ltr'><strong>eos</strong></span> <span class='ocrx_word' id='word_1_880' title='bbox 3318 4911 3374 4969; x_wconf 81' lang='lat' dir='ltr'><strong>in</strong></span> <span class='ocrx_word' id='word_1_881' title='bbox 3420 4908 3558 4967; x_wconf 82' lang='lat' dir='ltr'><strong>hunc</strong></span> 
     </span>
    </p>
   </div>
   <div class='ocr_carea' id='block_1_112' title="bbox 1985 5000 3559 5084">
    <p class='ocr_par' dir='ltr' id='par_1_112' title="bbox 1985 5000 3559 5084">
     <span class='ocr_line' id='line_1_112' title="bbox 1985 5000 3559 5084; baseline -0.012 -11"><span class='ocrx_word' id='word_1_882' title='bbox 1985 5016 2258 5079; x_wconf 84' lang='lat' dir='ltr'><strong>mundum,</strong></span> <span class='ocrx_word' id='word_1_883' title='bbox 2272 5023 2319 5071; x_wconf 84' lang='lat' dir='ltr'><strong>et</strong></span> <span class='ocrx_word' id='word_1_884' title='bbox 2333 5030 2425 5084; x_wconf 87' lang='lat' dir='ltr'><strong>pro</strong></span> <span class='ocrx_word' id='word_1_885' title='bbox 2439 5013 2513 5066; x_wconf 86' lang='lat' dir='ltr'><strong>eis</strong></span> <span class='ocrx_word' id='word_1_886' title='bbox 2534 5008 2801 5078; x_wconf 77' lang='lat' dir='ltr'><strong>sanctiﬁco</strong></span> <span class='ocrx_word' id='word_1_887' title='bbox 2816 5007 3063 5083; x_wconf 82' lang='lat' dir='ltr'><strong>mcipsum</strong></span> <span class='ocrx_word' id='word_1_888' title='bbox 3081 5002 3261 5077; x_wconf 80' lang='lat' dir='ltr'><strong>(Joan.</strong></span> <span class='ocrx_word' id='word_1_889' title='bbox 3279 5000 3431 5069; x_wconf 83' lang='lat' dir='ltr'><strong>xvu):</strong></span> <span class='ocrx_word' id='word_1_890' title='bbox 3454 5000 3559 5054; x_wconf 87' lang='lat' dir='ltr'><strong>hoc</strong></span> 
     </span>
    </p>
   </div>
   <div class='ocr_carea' id='block_1_113' title="bbox 1986 5087 3558 5175">
    <p class='ocr_par' dir='ltr' id='par_1_113' title="bbox 1986 5087 3558 5175">
     <span class='ocr_line' id='line_1_113' title="bbox 1986 5087 3558 5175; baseline -0.01 -14"><span class='ocrx_word' id='word_1_891' title='bbox 1986 5106 2137 5171; x_wconf 90' lang='lat' dir='ltr'><strong>dicit,</strong></span> <span class='ocrx_word' id='word_1_892' title='bbox 2185 5105 2311 5175; x_wconf 88' lang='lat' dir='ltr'><strong>quia</strong></span> <span class='ocrx_word' id='word_1_893' title='bbox 2369 5100 2732 5165; x_wconf 82' lang='lat' dir='ltr'><strong>testimonium</strong></span> <span class='ocrx_word' id='word_1_894' title='bbox 2776 5095 3022 5167; x_wconf 89' lang='lat' dir='ltr'><strong>magistri</strong></span> <span class='ocrx_word' id='word_1_895' title='bbox 3066 5102 3151 5150; x_wconf 91' lang='lat' dir='ltr'><strong>est</strong></span> <span class='ocrx_word' id='word_1_896' title='bbox 3189 5093 3241 5147; x_wconf 90' lang='lat' dir='ltr'><strong>in</strong></span> <span class='ocrx_word' id='word_1_897' title='bbox 3283 5087 3558 5159; x_wconf 84' lang='lat' dir='ltr'><strong>discipulis</strong></span> 
     </span>
    </p>
   </div>
   <div class='ocr_carea' id='block_1_114' title="bbox 1986 5183 3562 5259">
    <p class='ocr_par' dir='ltr' id='par_1_114' title="bbox 1986 5183 3562 5259">
     <span class='ocr_line' id='line_1_114' title="bbox 1986 5183 3562 5259; baseline -0.016 -2"><span class='ocrx_word' id='word_1_898' title='bbox 1986 5197 2415 5259; x_wconf 84' lang='lat' dir='ltr'><strong>obaudicntibus.</strong></span> <span class='ocrx_word' id='word_1_899' title='bbox 2442 5194 2593 5256; x_wconf 87' lang='lat' dir='ltr'><strong>Unde</strong></span> <span class='ocrx_word' id='word_1_900' title='bbox 2615 5194 2708 5251; x_wconf 90' lang='lat' dir='ltr'><strong>ait.</strong></span> <span class='ocrx_word' id='word_1_901' title='bbox 2735 5191 2805 5246; x_wconf 89' lang='lat' dir='ltr'><strong>In</strong></span> <span class='ocrx_word' id='word_1_902' title='bbox 2830 5190 2968 5246; x_wconf 78' lang='lat' dir='ltr'><strong>vobis</strong></span> <span class='ocrx_word' id='word_1_903' title='bbox 2999 5183 3347 5256; x_wconf 83' lang='lat' dir='ltr'><strong>magniﬁcari,</strong></span> <span class='ocrx_word' id='word_1_904' title='bbox 3375 5193 3562 5235; x_wconf 83' lang='lat' dir='ltr'><strong>secun-</strong></span> 
     </span>
    </p>
   </div>
   <div class='ocr_carea' id='block_1_115' title="bbox 1985 5265 3562 5357">
    <p class='ocr_par' dir='ltr' id='par_1_115' title="bbox 1985 5265 3562 5357">
     <span class='ocr_line' id='line_1_115' title="bbox 1985 5265 3562 5357; baseline -0.014 -15"><span class='ocrx_word' id='word_1_905' title='bbox 1985 5288 2111 5342; x_wconf 86' lang='lat' dir='ltr'><strong>dum</strong></span> <span class='ocrx_word' id='word_1_906' title='bbox 2138 5285 2367 5357; x_wconf 83' lang='lat' dir='ltr'><strong>regulam</strong></span> <span class='ocrx_word' id='word_1_907' title='bbox 2395 5294 2625 5339; x_wconf 88' lang='lat' dir='ltr'><strong>nostram</strong></span> <span class='ocrx_word' id='word_1_908' title='bbox 2665 5282 2722 5336; x_wconf 83' lang='lat' dir='ltr'><strong>in</strong></span> <span class='ocrx_word' id='word_1_909' title='bbox 2761 5277 3159 5341; x_wconf 82' lang='lat' dir='ltr'><strong>abundantiam,</strong></span> <span class='ocrx_word' id='word_1_910' title='bbox 3181 5273 3337 5328; x_wconf 84' lang='lat' dir='ltr'><strong>etiam</strong></span> <span class='ocrx_word' id='word_1_911' title='bbox 3382 5270 3437 5322; x_wconf 90' lang='lat' dir='ltr'><strong>in</strong></span> <span class='ocrx_word' id='word_1_912' title='bbox 3465 5265 3562 5321; x_wconf 82' lang='lat' dir='ltr'><strong>illa</strong></span> 
     </span>
    </p>
   </div>
   <div class='ocr_carea' id='block_1_116' title="bbox 1984 5361 3559 5453">
    <p class='ocr_par' dir='ltr' id='par_1_116' title="bbox 1984 5361 3559 5453">
     <span class='ocr_line' id='line_1_116' title="bbox 1984 5361 3559 5453; baseline -0.012 -17"><span class='ocrx_word' id='word_1_913' title='bbox 1984 5397 2100 5453; x_wconf 74' lang='lat' dir='ltr'><strong>qua:</strong></span> <span class='ocrx_word' id='word_1_914' title='bbox 2126 5379 2265 5434; x_wconf 87' lang='lat' dir='ltr'><strong>ultra</strong></span> <span class='ocrx_word' id='word_1_915' title='bbox 2291 5395 2378 5435; x_wconf 73' lang='lat' dir='ltr'><strong>vos</strong></span> <span class='ocrx_word' id='word_1_916' title='bbox 2418 5385 2539 5433; x_wconf 84' lang='lat' dir='ltr'><strong>sunt</strong></span> <span class='ocrx_word' id='word_1_917' title='bbox 2575 5373 2947 5444; x_wconf 76' lang='lat' dir='ltr'><strong>euangelizare.</strong></span> <span class='ocrx_word' id='word_1_918' title='bbox 2994 5367 3192 5427; x_wconf 65' lang='grc' dir='ltr'><strong>ιωιίοτ</strong></span> <span class='ocrx_word' id='word_1_919' title='bbox 3221 5364 3287 5418; x_wconf 90' lang='lat' dir='ltr'><strong>de</strong></span> <span class='ocrx_word' id='word_1_920' title='bbox 3315 5361 3419 5415; x_wconf 85' lang='lat' dir='ltr'><strong>ﬁde</strong></span> <span class='ocrx_word' id='word_1_921' title='bbox 3461 5372 3559 5417; x_wconf 87' lang='lat' dir='ltr'><strong>co-</strong></span> 
     </span>
    </p>
   </div>
   <div class='ocr_carea' id='block_1_117' title="bbox 1984 5453 3558 5538">
    <p class='ocr_par' dir='ltr' id='par_1_117' title="bbox 1984 5453 3558 5538">
     <span class='ocr_line' id='line_1_117' title="bbox 1984 5453 3558 5538; baseline -0.017 -9"><span class='ocrx_word' id='word_1_922' title='bbox 1984 5486 2126 5535; x_wconf 88' lang='lat' dir='ltr'><strong>rum,</strong></span> <span class='ocrx_word' id='word_1_923' title='bbox 2142 5470 2283 5524; x_wconf 90' lang='lat' dir='ltr'><strong>ultra</strong></span> <span class='ocrx_word' id='word_1_924' title='bbox 2303 5483 2397 5525; x_wconf 90' lang='lat' dir='ltr'><strong>eos</strong></span> <span class='ocrx_word' id='word_1_925' title='bbox 2420 5467 2833 5538; x_wconf 73' lang='lat' dir='ltr'><strong>prxedieaturum</strong></span> <span class='ocrx_word' id='word_1_926' title='bbox 2862 5478 2920 5519; x_wconf 90' lang='lat' dir='ltr'><strong>se</strong></span> <span class='ocrx_word' id='word_1_927' title='bbox 2939 5458 3243 5517; x_wconf 88' lang='lat' dir='ltr'><strong>necessario</strong></span> <span class='ocrx_word' id='word_1_928' title='bbox 3254 5453 3558 5526; x_wconf 86' lang='lat' dir='ltr'><strong>proﬁtetur,</strong></span> 
     </span>
    </p>
   </div>
   <div class='ocr_carea' id='block_1_118' title="bbox 1986 5540 3560 5631">
    <p class='ocr_par' dir='ltr' id='par_1_118' title="bbox 1986 5540 3560 5631">
     <span class='ocr_line' id='line_1_118' title="bbox 1986 5540 3560 5631; baseline -0.015 -15"><span class='ocrx_word' id='word_1_929' title='bbox 1986 5559 2054 5617; x_wconf 90' lang='lat' dir='ltr'><strong>ad</strong></span> <span class='ocrx_word' id='word_1_930' title='bbox 2079 5559 2377 5631; x_wconf 85' lang='lat' dir='ltr'><strong>augendam</strong></span> <span class='ocrx_word' id='word_1_931' title='bbox 2405 5556 2629 5629; x_wconf 86' lang='lat' dir='ltr'><strong>gloriam</strong></span> <span class='ocrx_word' id='word_1_932' title='bbox 2680 5551 3100 5626; x_wconf 60' lang='lat' dir='ltr'><strong>prwdieationis,</strong></span> <span class='ocrx_word' id='word_1_933' title='bbox 3130 5547 3219 5603; x_wconf 90' lang='lat' dir='ltr'><strong>ubi</strong></span> <span class='ocrx_word' id='word_1_934' title='bbox 3248 5560 3354 5603; x_wconf 88' lang='lat' dir='ltr'><strong>non</strong></span> <span class='ocrx_word' id='word_1_935' title='bbox 3383 5540 3560 5599; x_wconf 85' lang='lat' dir='ltr'><strong>adhuc</strong></span> 
     </span>
    </p>
   </div>
   <div class='ocr_carea' id='block_1_119' title="bbox 1987 5635 3559 5721">
    <p class='ocr_par' dir='ltr' id='par_1_119' title="bbox 1987 5635 3559 5721">
     <span class='ocr_line' id='line_1_119' title="bbox 1987 5635 3559 5721; baseline -0.016 -13"><span class='ocrx_word' id='word_1_936' title='bbox 1987 5650 2166 5708; x_wconf 83' lang='lat' dir='ltr'><strong>fuerat</strong></span> <span class='ocrx_word' id='word_1_937' title='bbox 2188 5650 2557 5721; x_wconf 75' lang='lat' dir='ltr'><strong>przedicatum.</strong></span> <span class='ocrx_word' id='word_1_938' title='bbox 2599 5646 2723 5701; x_wconf 87' lang='lat' dir='ltr'><strong>Non</strong></span> <span class='ocrx_word' id='word_1_939' title='bbox 2751 5648 2807 5701; x_wconf 87' lang='lat' dir='ltr'><strong>in</strong></span> <span class='ocrx_word' id='word_1_940' title='bbox 2828 5644 3002 5699; x_wconf 85' lang='lat' dir='ltr'><strong>aliena</strong></span> <span class='ocrx_word' id='word_1_941' title='bbox 3027 5639 3207 5712; x_wconf 83' lang='lat' dir='ltr'><strong>regula</strong></span> <span class='ocrx_word' id='word_1_942' title='bbox 3232 5638 3284 5692; x_wconf 86' lang='lat' dir='ltr'><strong>in</strong></span> <span class='ocrx_word' id='word_1_943' title='bbox 3314 5635 3414 5689; x_wconf 87' lang='lat' dir='ltr'><strong>his.</strong></span> <span class='ocrx_word' id='word_1_944' title='bbox 3442 5646 3559 5686; x_wconf 70' lang='lat' dir='ltr'><strong>aute</strong></span> 
     </span>
    </p>
   </div>
   <div class='ocr_carea' id='block_1_120' title="bbox 1983 5724 3559 5816">
    <p class='ocr_par' dir='ltr' id='par_1_120' title="bbox 1983 5724 3559 5816">
     <span class='ocr_line' id='line_1_120' title="bbox 1983 5724 3559 5816; baseline -0.017 -16"><span class='ocrx_word' id='word_1_945' title='bbox 1983 5752 2282 5816; x_wconf 80' lang='lat' dir='ltr'><strong>prteparata</strong></span> <span class='ocrx_word' id='word_1_946' title='bbox 2304 5750 2423 5798; x_wconf 81' lang='lat' dir='ltr'><strong>sunt</strong></span> <span class='ocrx_word' id='word_1_947' title='bbox 2448 5740 2687 5815; x_wconf 73' lang='lat' dir='ltr'><strong>gloriari.</strong></span> <span class='ocrx_word' id='word_1_948' title='bbox 2719 5734 3057 5803; x_wconf 79' lang='lat' dir='ltr'><strong>Manifestum</strong></span> <span class='ocrx_word' id='word_1_949' title='bbox 3082 5738 3166 5789; x_wconf 86' lang='lat' dir='ltr'><strong>est</strong></span> <span class='ocrx_word' id='word_1_950' title='bbox 3184 5727 3310 5802; x_wconf 89' lang='lat' dir='ltr'><strong>quia</strong></span> <span class='ocrx_word' id='word_1_951' title='bbox 3331 5724 3413 5779; x_wconf 80' lang='lat' dir='ltr'><strong>vir</strong></span> <span class='ocrx_word' id='word_1_952' title='bbox 3433 5736 3559 5796; x_wconf 76' lang='lat' dir='ltr'><strong>pru-</strong></span> 
     </span>
    </p>
   </div>
  </div>
