4022 6338
470 392 579 449 919

1104 388 1165 443 Β.
1206 387 1456 443 RABA'NI
1492 386 1711 443 MAURI
1744 382 2062 440 ARCHIEP.
2100 382 2407 441 DIOCUNT.
2449 385 2733 443 OPERUM
2771 384 2949 443 PARS
2985 386 3073 443 lli.

3613 387 3723 442 220

470 502 629 566 dens,
652 513 760 554 non
786 458 844 553 in
860 497 947 553 his
970 496 1212 561 conlidit,
1240 510 1418 567 neque
1446 494 1675 566 gloriam
1696 501 1897 564 sperat,
1920 506 2040 561 qua:
2065 503 2115 561 Α
2141 505 2201 551 ut
2225 512 2290 553 ex
2313 499 2445 570 ipsis
2466 499 2765 571 virginibus
2792 507 3003 557 constet
3029 488 3116 565 ea,
3138 512 3259 570 qua:
3277 497 3475 555 dicitur
3498 515 3719 572 sponsa,

474 591 533 649 in
555 588 782 646 aliorum
800 585 1081 643 laboribus
1107 593 1380 642 constant.
1407 585 1532 641 ldeo
1559 592 1614 640 et
1632 582 1919 654 Apostolus
1937 596 2048 637 non
2145 598 2400 659 tauquam
2448 590 2496 645 si
2542 590 2794 646 omnibus
2819 589 3141 646 Christianis
3166 590 3219 643 in
3250 588 3548 644 Ecclesiam
3585 607 3723 647 con-

475 682 638 739 audet
686 680 742 736 in
778 679 878 736 hos
912 679 1006 749 qui
1056 676 1178 732 aliis
1221 676 1640 747 praedicantibus
1682 672 2047 738 crediderunt,

474 791 547 833 ne
574 776 629 831 in
658 774 849 831 alienis
890 771 1166 828 laboribus
1193 770 1414 843 gloriari
1451 771 1727 826 videretur
1755 786 1769 823 :
1801 767 1897 824 sed
1942 766 2050 823 hoc

476 867 688 933 nititur,
724 874 786 920 ut
815 866 896 920 eis
928 863 1182 935 praedicet
1214 863 1411 932 quibus
1439 876 1546 916 non
1593 867 1714 915 erat
1760 857 2048 912 annuntia-

476 967 617 1023 tum,
653 966 714 1012 ut
740 956 963 1028 gloriam
990 953 1176 1009 labore
1203 967 1303 1008 suo
1331 960 1559 1023 quaerat.
1589 948 1693 1016 Qui
1737 958 1910 1003 autem
1948 946 2054 1018 glo—

478 1050 648 1104 riatur
679 1049 735 1102 in
790 1046 1017 1100 Domino
1061 1042 1332 1115 glorietur.
1380 1040 1494 1096 Hoc
1540 1040 1687 1095 dicto
1731 1036 2054 1109 signiﬁcavit

477 1140 649 1209 ipsam
673 1135 1077 1197 conﬁdentiam,
1103 1140 1158 1189 et
1181 1132 1404 1203 gloriam
1432 1129 1661 1186 Domino
1684 1130 1938 1194 dandam,
1959 1143 2054 1183 cu-

472 1228 565 1299 jus
584 1229 756 1300 gratia
781 1234 886 1292 est,
911 1231 974 1280 ut
994 1225 1086 1295 qui
1105 1223 1161 1278 in
1182 1230 1453 1294 potestate
1477 1220 1785 1291 evangelica
1808 1218 2050 1283 conlidit,

478 1317 589 1372 Deo
617 1325 837 1372 auctore
874 1313 1129 1379 conﬁdat,
1160 1321 1223 1368 ut
1254 1320 1491 1382 quaestus
1517 1311 1693 1365 omnis
1738 1308 1935 1380 negotii
1965 1307 2053 1361 di-

477 1408 589 1463 vini
617 1407 846 1462 Domino
868 1405 925 1461 in
952 1404 1160 1460 lucrum
1199 1403 1403 1458 veniat.
1470 1400 1576 1457 Sed
1623 1401 1716 1470 qni
1744 1414 1850 1454 non
1902 1412 2056 1453 acce-

478 1500 559 1571 pit
583 1506 906 1570 potestatem
929 1512 959 1551 a
995 1497 1106 1552 Deo
1124 1510 1232 1551 non
1257 1501 1439 1565 potest
1464 1493 1518 1548 in
1550 1492 1786 1546 Domino
1810 1488 2051 1560 gloriari,

477 1590 604 1659 quia
634 1604 785 1644 suam
836 1587 1063 1659 gloriam
1105 1584 1320 1655 quaerit.
1375 1583 1496 1637 Non
1525 1582 1663 1637 enim
1710 1582 1801 1651 qui
1827 1581 2053 1649 seipsum

476 1678 827 1743 commendat,
857 1676 946 1731 ille
998 1675 1245 1746 probatus
1273 1682 1371 1740 est,
1404 1671 1496 1727 sed
1541 1688 1693 1743 quem
1720 1669 1860 1724 Deus
1916 1684 2056 1722 com-

479 1768 708 1823 mendat.
734 1766 932 1823 Verum
961 1773 1066 1831 est,
1089 1763 1214 1833 quia
1238 1761 1385 1816 illum
1408 1760 1669 1815 Dominus
1688 1772 1917 1815 comma:
1939 1756 2053 1817 dat,

2145 681 2508 747 currentibus,
2561 680 2656 735 illii
2712 681 2782 736 ad
2828 688 3060 736 matrem
3088 693 3413 735 concurrere
3451 679 3723 746 dicantur,

2150 784 2272 826 cum
2301 784 2371 825 ex
2404 770 2536 840 ipsis
2583 769 2710 825 ﬁliis
2734 777 2942 826 constet
2986 784 3073 834 ea,
3115 781 3238 838 quae
3281 768 3480 823 dicitur
3502 778 3723 829 mater:

2148 876 2292 916 nunc
2322 860 2467 917 enim
2503 860 2823 930 desponsata
2873 867 2958 915 est
2985 858 3229 915 Ecclesia
3277 867 3334 914 et
3359 859 3513 930 virgo
3542 867 3629 914 est
3655 860 3728 913 ad

2149 952 2361 1023 nuptias
2384 950 2743 1022 perducenda,
2788 950 2842 1004 id
2875 956 2979 1012 est,
3014 965 3137 1005 cum
3183 964 3244 1004 se
3289 949 3530 1004 continet
3552 964 3581 1003 a
3607 964 3731 1004 cor-

2150 1043 2397 1112 ruptione
2431 1040 2716 1107 saeculari;
2755 1040 2845 1095 illo
2876 1047 3055 1095 autem
3110 1048 3351 1109 tempore
3403 1038 3592 1104 nubet,
3619 1052 3733 1107 quo

2149 1134 2398 1189 universa
2426 1132 2752 1188 mortalitate
2790 1140 3146 1201 praetereunte
3192 1130 3481 1186 immortali
3531 1145 3735 1185 conce-

2151 1226 2332 1297 ptione
2361 1224 2560 1280 letatur
2586 1244 2599 1279 :
2630 1224 2970 1293 Desponsavi,
3017 1223 3212 1293 inquit,
3245 1238 3332 1278 eos
3370 1222 3465 1275 uni
3491 1222 3599 1276 viro
3624 1221 3733 1274 νῖν-
3788 1218 3795 1223 ’

2150 1316 2320 1386 ginem
2367 1322 2564 1369 castam
2610 1314 2849 1368 exhibere
2900 1312 3130 1368 Christo.
3165 1312 3293 1373 Vos,
3341 1312 3532 1382 inquit,
3563 1310 3734 1380 virgi-

2152 1422 2276 1463 nem
2322 1422 2353 1462 a
2390 1406 2582 1477 plurali
2629 1406 2695 1460 ad
2742 1406 3069 1476 singularem
3114 1404 3474 1460 concludens:
3509 1403 3631 1457 ideo
3675 1411 3735 1463 et

2151 1499 2387 1571 virgines
2414 1499 2519 1555 dici
2547 1507 2790 1571 possunt,
2820 1506 2877 1554 et
2902 1498 3075 1569 virgo.
3107 1498 3283 1554 Timeo
3309 1506 3483 1553 autem
3514 1512 3577 1550 ne
3595 1495 3733 1550 sicut

2152 1607 2359 1661 serpens
2388 1590 2558 1646 Evam
2596 1589 2802 1645 seduxit
2829 1591 3026 1645 astutia
3060 1607 3183 1653 sua,
3223 1592 3298 1644 ita
3327 1596 3735 1656 corrumpantur

2152 1698 2337 1737 sensus
2365 1682 2540 1746 vestri,
2586 1690 2634 1736 et
2681 1681 2925 1736 excidant
2951 1699 2984 1736 a
3019 1679 3366 1751 simplicitate,
3413 1693 3531 1749 qua:
3570 1686 3648 1731 est
3674 1676 3735 1730 in

2154 1771 2380 1827 Christo.
2437 1770 2671 1844 (Ambr.)
2703 1770 2948 1828 Ostendit
2998 1788 3102 1842 qua
3142 1786 3303 1827 causa
3357 1770 3569 1840 cogitur
3605 1784 3736 1823 vera

478 1863 535 1912 et
566 1854 655 1910 ille
694 1854 952 1924 probatus
976 1861 1091 1919 est,
1127 1865 1291 1921 quem
1324 1849 1545 1920 dignum
1570 1847 1753 1912 habet,
1784 1860 1849 1901 ac
1888 1843 2053 1899 mittit

2164 1862 2303 1917 dese
2351 1842 2658 1931 protestari,
2706 1861 2771 1915 ad
2816 1861 2920 1916 hoc
2964 1860 3106 1916 enim
3153 1860 3378 1931 gloriam
3408 1859 3512 1915 sibi
3550 1857 3737 1913 datam

478 1955 539 2002 ut
562 1946 817 2018 praedicet
867 1945 1068 2000 donum
1098 1941 1235 2012 eius.
1271 1940 1444 2009 Quem
1493 1948 1673 1994 autem
1705 1951 1811 1991 non
1867 1934 2052 1999 mittit,

480 2055 589 2096 non
626 2037 776 2093 illum
818 2035 1163 2093 commendat
1195 2053 1208 2088 :
1238 2035 1353 2105 ipse
1376 2041 1559 2089 autem
1613 2047 1672 2087 se
1716 2028 2057 2086 commodat

476 2128 572 2199 qui
614 2138 728 2182 non
756 2126 955 2182 missus
982 2124 1258 2195 praedicat,
1289 2138 1352 2177 ac
1402 2137 1500 2192 per
1538 2123 1640 2177 hoc
1684 2121 1906 2176 idoneus
1951 2132 2055 2175 non

476 2229 580 2287 est,
616 2219 707 2276 sed
732 2225 1090 2290 praesumptor
1118 2224 1173 2272 et
1206 2214 1493 2285 reprobus.

1090 2390 1320 2447 CAPUT
1356 2389 1449 2445 XI.

481 2522 856 2579 Pra’mittendo
906 2524 1159 2577 rationem
1190 2537 1342 2592 suam
1387 2518 1530 2592 ponit
1561 2518 2063 2592 commendationem

555 2592 863 2663 Apostolus,
895 2606 961 2648 ea:
1010 2592 1121 2647 suis
1157 2589 1414 2662 operibus,
1456 2599 1505 2644 et
1543 2589 1697 2644 malis
1725 2590 1997 2661 perpessis.

557 2767 771 2825 Utinam
791 2769 1112 2825 sustineretis
1140 2767 1400 2825 modicum
1427 2765 1555 2838 quid
1581 2763 1890 2836 insipientia
1913 2776 2062 2827 mete,

482 2863 574 2918 sed
628 2872 677 2917 et
734 2872 1033 2934 supportate
1076 2878 1176 2917 me.
1231 2860 1468 2932 (Ambr.)
1512 2857 1781 2929 incipiens
1816 2870 1943 2909 vera
1997 2852 2065 2908 de

481 2952 771 3023 semetipso
824 2967 1074 3018 narrare,
1138 2950 1478 3022 insipientem
1535 2964 1594 3005 se
1645 2947 1798 3011 dicit,
1845 2944 1971 3016 quia
1994 2942 2063 2999 ad

482 3045 695 3101 laudem
719 3045 834 3114 ejus
863 3040 1393 3116 videtur'pertinere.
1428 3043 1659 3113 Propter
1685 3039 1830 3110 quod
1853 3038 2062 3093 dictum

479 3144 581 3203 est,
612 3152 758 3191 «non
786 3144 840 3192 te
865 3136 1084 3191 laudent
1104 3135 1244 3190 labia
1261 3143 1372 3201 tua,
1394 3134 1486 3190 sed
1514 3131 1743 3204 proximi
1775 3130 1850 3185 tui
1877 3148 1890 3183 :
1918 3149 1937 3182 ι
1969 3128 2063 3183 sed

482 3231 573 3287 hic
596 3230 779 3286 dolore
810 3229 1150 3300 compellitur
1178 3238 1398 3299 propter
1447 3226 1566 3291 hos,
1590 3224 1682 3295 qui
1737 3238 1859 3278 cum
1901 3222 1965 3278 de
1993 3235 2061 3276 eo

482 3337 596 3393 pra:
632 3321 844 3377 cteteris
870 3320 1008 3376 bene
1056 3320 1261 3375 sentire
1286 3320 1562 3380 deberent,
1598 3315 1814 3387 indigne
1864 3312 2064 3368 sentie-

483 3414 634 3468 bant.
690 3409 941 3466 JEmulor
973 3411 1110 3465 enim
1148 3426 1235 3465 vos
1281 3409 1376 3464 Dei
1401 3407 1734 3463 aemulatione
1757 3422 1776 3460 :
1811 3404 2065 3475 despondi

482 3505 621 3561 enim
640 3522 728 3560 vos
747 3505 839 3560 uni
867 3505 975 3560 uiro
1008 3504 1256 3574 virginem
1304 3510 1503 3556 castam
1544 3499 1783 3556 exhibere
1812 3495 2063 3553 .Christo.

481 3594 614 3663 Quae
642 3594 917 3650 locuturus
942 3601 1027 3650 est
1065 3608 1249 3649 amore
1270 3607 1459 3648 eorum
1501 3592 1769 3647 dicturum
1796 3605 1854 3646 se
1878 3598 2065 3645 osten-

483 3683 581 3750 dit,
609 3692 672 3739 ut
712 3699 819 3741 non
869 3683 1043 3756 magis
1090 3684 1159 3739 ad
1196 3682 1409 3739 laudem
1436 3680 1552 3750 ejus
1579 3679 1847 3752 proﬁciat,
1878 3680 1972 3734 sed
1996 3680 2062 3735 ad

485 3772 679 3827 horum
720 3771 1043 3843 profectum,
1088 3780 1149 3827 ut
1204 3772 1438 3837 discant,
1484 3770 1935 3841 quemadmodum
1964 3784 2053 3840 pa«

484 3864 624 3921 renti
654 3878 754 3920 suo
780 3865 834 3920 in
861 3865 1149 3936 Evangelio
1178 3863 1395 3921 faveant
1420 3883 1433 3919 :
1462 3865 1588 3936 quia
1623 3863 1948 3935 vituperatio
1972 3878 2068 3934 pa-

489 3953 613 4019 tris,
662 3953 930 4009 detractio
959 3952 1190 4009 tlliorum
1237 3961 1344 4018 est,
1390 3960 1446 4007 et
1491 3952 1609 4007 laus
1637 3952 1867 4008 ﬁliorum
1893 3952 2067 4025 gloria

485 4043 656 4112 patris
699 4050 803 4099 est.
860 4041 1109 4115 Virgines
1150 4058 1279 4114 ergo
1316 4057 1411 4100 eos
1463 4058 1584 4101 esse
1628 4043 1682 4098 in
1716 4042 1819 4098 (ide
1844 4084 1859 4109 ,
1924 4041 2067 4099 unde

486 4140 543 4187 et
570 4142 914 4204 corruptores
944 4132 1069 4188 iidei
1118 4133 1323 4189 zelatur
1352 4134 1420 4189 ab
1445 4134 1548 4199 his,
1576 4144 1636 4188 ut
1672 4134 1725 4189 in
1753 4132 1841 4190 die
1878 4131 2066 4203 judicii

486 4225 935 4283 incontaminatos
959 4239 1056 4280 eos
1083 4224 1323 4296 assignet
1350 4225 1525 4294 judici
1555 4224 1792 4280 Christo.
1823 4224 1957 4281 Hinc
1983 4233 2069 4281 est

487 4324 628 4377 unde
653 4330 709 4377 et
741 4322 796 4375 in
823 4321 1142 4391 Apocalypsi
1188 4320 1412 4376 Joannis
1441 4321 1635 4392 legitur
1666 4339 1679 4374 :
1716 4320 1787 4374 lli
1810 4331 1955 4387 sunt,
1986 4322 2068 4377 in-

486 4411 624 4481 quit,
653 4411 741 4481 qui
771 4427 889 4464 cum
916 4410 1222 4465 mulieribus
1243 4428 1296 4465 se
1322 4428 1422 4465 non
1445 4412 1933 4482 coinquinaverunt,
1957 4412 2065 4467 uir-

2156 1952 2459 2024 prolitetur,
2510 1966 2617 2005 non
2662 1958 2723 2006 ut
2758 1965 2816 2006 se
2843 1950 3043 2017 laudet,
3097 1951 3188 2006 sed
3218 1959 3276 2006 ut
3323 1949 3444 2005 illos
3471 1949 3739 2005 deformet

2158 2045 2253 2117 qui
2282 2044 2382 2099 sub
2409 2043 2627 2098 nomine
2665 2040 2870 2098 Christi
2922 2052 3110 2098 contra
3160 2043 3433 2098 Christum
3473 2041 3743 2113 praedica-

2159 2134 2310 2198 bant,
2337 2148 2367 2186 a
2396 2131 2594 2203 quibus
2649 2131 2917 2187 Corinthii
2962 2131 3377 2198 seducebantur,
3437 2142 3491 2188 et
3534 2133 3742 2188 veritas

2160 2222 2276 2277 haec
2322 2222 2407 2276 bis
2438 2221 2611 2292 magis
2652 2236 2814 2291 quam
2850 2221 2899 2276 ei
2929 2220 3234 2291 proficeret.
3271 2221 3385 2278 Hoc
3430 2222 3572 2277 enim
3604 2223 3740 2294 agit,

2161 2327 2229 2367 ne
2255 2311 2544 2367 audiantur
2570 2312 2905 2379 seductores,
2958 2327 3094 2382 quos
3146 2313 3359 2367 diabolo
3405 2315 3745 2384 comparavit

2149 2410 2378 2476 propter
2404 2402 2659 2457 astutiam
2698 2402 2918 2459 malitim
2956 2418 3169 2470 eorum,
3217 2405 3343 2475 quia
3391 2419 3743 2474 corrumpere

2162 2491 2398 2546 fidelium
2428 2493 2589 2547 corda
2618 2508 2650 2547 a
2676 2487 2902 2548 verita'te
2934 2492 3132 2549 Christi
3158 2502 3440 2549 conantur.
3470 2490 3582 2549 Hoc
3607 2509 3742 2563 ergo

2162 2582 2361 2638 timens
2396 2598 2611 2653 semper
2667 2582 2926 2639 sollicitus
2984 2583 3052 2639 de
3096 2584 3175 2639 eis
3224 2591 3403 2638 estne
3448 2582 3742 2637 violentur.

2164 2672 2347 2745 (Δίῳ.)
2392 2672 2761 2745 Virginitatem
2792 2673 3036 2744 corporis
3080 2689 3263 2745 pauca:
3300 2672 3514 2728 femina:
3540 2673 3749 2728 habent

2164 2767 2219 2822 in
2246 2766 2508 2832 Ecclesia,
2566 2767 2659 2822 sed
2713 2765 3078 2837 virginitatem
3109 2765 3287 2820 cordis
3329 2778 3517 2820 omnes
3558 2762 3748 2818 ﬁdeles

2167 2860 2366 2915 habent
2412 2858 2469 2915 in
2523 2859 2638 2928 ipsa
2676 2858 2800 2914 fide.
2856 2854 3236 2928 Virginitatem
3289 2855 3467 2912 cordis
3519 2856 3751 2910 timebat

2165 2952 2455 3023 Apostolus
2507 2951 2779 3021 corrumpi
2806 2966 2836 3004 a
2867 2949 3099 3014 diabolo,
3153 2964 3316 3020 quam
3372 2948 3463 3018 qui
3498 2947 3751 3019 perdide-

2170 3044 2302 3108 rint,
2335 3043 2454 3097 sine
2498 3056 2661 3099 causa
2710 3050 2837 3097 sunt
2872 3041 3111 3111 virgines
3155 3054 3402 3110 corpore.
3447 3038 3639 3094 Mulier
3660 3055 3753 3095 ca-

2169 3134 2367 3190 tholica
2392 3134 2649 3205 praecedit
2676 3136 2937 3205 virginem
2963 3135 3312 3198 hmreticam;
3348 3133 3436 3187 illa
3462 3133 3605 3187 enim
3641 3148 3753 3189 non

2167 3233 2252 3281 est
2278 3226 2428 3296 virgo
2456 3226 2510 3280 in
2541 3240 2792 3296 corpore,
2822 3225 2911 3279 illa
2932 3225 3126 3280 mulier
3160 3223 3301 3279 facta
3345 3233 3430 3280 est
3460 3223 3515 3278 in
3561 3224 3745 3287 corde,

2168 3324 2223 3371 et
2250 3315 2466 3381 mulier,
2518 3331 2625 3370 non
2655 3332 2684 3370 a
2716 3316 2933 3381 marito,
2970 3316 3063 3372 sed
3091 3331 3122 3370 a
3153 3322 3425 3385 serpente.
3467 3314 3609 3382 Quid
3649 3330 3750 3369 au-

2168 3416 2273 3465 tem
2303 3408 2598 3464 Ecclesia?
2626 3408 2797 3477 Super
2839 3408 3092 3479 aspidem,
3134 3407 3331 3478 inquit,
3374 3416 3422 3462 et
3451 3406 3751 3462 basiliscum

2166 3498 2458 3553 ambulabis
2488 3499 2605 3572 (rex
2642 3508 2725 3554 est
2751 3499 3078 3569 serpentium
3110 3498 3412 3564 basiliscos,
3441 3500 3520 3555 sic
3565 3496 3755 3553 diabo-

2166 3586 2249 3641 lus
2286 3603 2383 3641 rex
2413 3595 2499 3641 est
2545 3586 2980 3658 daemoniorum),
3025 3597 3073 3643 et
3117 3587 3446 3644 conculcabis
3480 3586 3679 3643 leonem
3706 3597 3753 3643 et

2165 3678 2445 3733 draconem
2479 3676 2653 3749 (Psal.
2687 3676 2798 3749 xc).

2240 3786 2383 3842 Nam
2432 3788 2478 3842 si
2519 3786 2566 3841 is
2608 3787 2699 3857 qui
2748 3785 2906 3851 venit,
2965 3785 3132 3840 alium
3178 3784 3451 3840 Christum
3494 3784 3750 3856 pra'dicot

2167 3895 2317 3947 quem
2362 3894 2465 3932 non
2494 3875 2916 3949 prtvdicavimus,
2944 3886 3037 3929 aut
3076 3874 3241 3929 alium
3270 3875 3513 3945 spiritum
3558 3873 3754 3943 accipi-

2168 3970 2273 4036 tis,
2324 3986 2476 4041 quem
2537 3984 2640 4022 non
2689 3965 2993 4038 accepistis,
3040 3975 3132 4020 aut
3181 3964 3331 4019 aliud
3386 3963 3750 4034 Eoungelium,

2167 4058 2307 4130 quod
2367 4075 2473 4112 non
2532 4056 2840 4127 recepistis,
2894 4065 3030 4110 recte
3082 4055 3410 4126 patercmini.
3472 4054 3493 4127 (
3517 4053 3751 4124 Ambr.)

2169 4148 2347 4216 Quare
2371 4148 2447 4203 ait
2478 4166 2491 4202 :
2542 4146 2697 4202 Recte
2729 4146 3052 4219 paleremini,
3091 4146 3136 4201 si
3164 4145 3299 4203 alius
3324 4146 3478 4201 vobis
3505 4146 3755 4201 Christus

2168 4238 2491 4311 praedicatus
2528 4236 2745 4304 fuisset,
2792 4244 2887 4293 aut
2924 4237 2973 4293 si
3020 4236 3157 4293 alius
3194 4238 3435 4309 spiritus,
3474 4236 3559 4293 vel
3607 4236 3754 4292 aliud

2176 4328 2527 4400 Evangelium
2585 4316 2841 4382 traditum
2918 4328 3072 4384 vobis
3150 4327 3376 4395 fuisset,
3423 4344 3547 4383 cum
3602 4327 3755 4383 dicat

2168 4419 2374 4476 Calatis
2429 4417 2540 4475 :Si
2594 4419 2712 4481 quis
2763 4417 2903 4472 vobis
2959 4417 3344 4472 annuntiavcrit
3402 4428 3751 4489 prceterquam

488 4503 631 4572 gines
660 4503 1231 4602 enim-permanserunt
1255 4501 1349 4602 ε.ἡὶ
1377 4506 1665 4602 sequuntur
1703 4502 1908 4574 Agnum
1939 4520 2067 4602 quq-
2095 4542 2144 4602 Β
2167 4511 2308 4583 quod
2354 4511 2647 4581 accepistis,
2688 4510 2970 4564 anathema
3003 4510 3118 4564 sit?
3157 4508 3301 4582 (Cal.
3329 4508 3393 4581 ι.)
3444 4510 3501 4565 Si
3546 4508 3754 4566 Calatis

488 4608 689 4663 cunque
720 4592 859 4647 vadit
890 4590 1073 4664 (Apoc.
1116 4590 1330 4663 x1v).ln
1359 4592 1676 4649 mulieribus
1717 4607 1957 4649 errorem
1994 4593 2068 4650 si-

491 4681 784 4751 gniﬁcavit,
831 4682 957 4753 quia
1008 4696 1164 4737 error
1199 4696 1296 4753 per
1319 4681 1598 4737 mulierem
1634 4682 1820 4752 cmpit,
1849 4682 1989 4738 sicut
2010 4688 2066 4737 et

489 4770 704 4826 Jezabel
731 4773 1010 4827 mulierem
1050 4772 1183 4828 dicit
1208 4781 1429 4844 propter
1459 4787 1684 4828 uxorem
1710 4772 1919 4838 Achab,
1945 4787 2066 4843 quae

493 4861 607 4917 zelo
635 4861 761 4916 Baal
816 4862 909 4917 Dei
953 4864 1247 4933 prophetas
1289 4864 1491 4920 occidit
1543 4864 1661 4938 (III
1712 4865 1841 4936 Reg.
1882 4865 2064 4939 XVIII),

490 4970 614 5010 cum
642 4955 970 5027 intelligatur
1005 4956 1327 5023 idololatria,
1363 4973 1470 5028 qua
1504 4965 1922 5028 corrumpuntur
1951 4972 2066 5012 mo-

494 5063 598 5109 res,
641 5054 696 5102 et
753 5047 874 5103 ildei
911 5048 1132 5105 veritas.
1187 5049 1319 5105 Nam
1381 5053 1425 5105 si
1474 5051 1728 5106 mulieres
1776 5050 2067 5122 intelligas,

493 5144 553 5192 ut
604 5137 727 5193 ideo
777 5148 933 5209 putes
978 5139 1214 5208 virgines
1269 5141 1463 5205 dictas,
1503 5141 1629 5209 quia
1687 5156 1914 5209 corpora
1970 5157 2069 5197 sua

501 5230 929 5286 incontaminata
986 5242 1357 5296 servaverunt,
1413 5232 1654 5288 excludis
1701 5233 1769 5289 ab
1815 5234 1917 5288 hac
1962 5233 2072 5303 glo-

494 5320 574 5374 ria
597 5328 833 5385 sanctos,
869 5321 999 5391 quia
1047 5337 1235 5376 omnes
1266 5322 1489 5392 apostoli
1520 5323 1761 5393 exceptis
1785 5320 1991 5378 Joanne
2017 5330 2074 5380 ct

495 5410 661 5467 Paulo
724 5427 922 5467 uxores
981 5412 1322 5477 habuerunt,
1380 5420 1437 5466 et
1489 5413 1611 5468 vide
1675 5429 1743 5467 an
1785 5414 2070 5469 conveniat

496 5511 754 5555 accusare
792 5500 1091 5572 apostolum
1129 5500 1370 5564 Petrum,
1401 5501 1494 5571 qui
1536 5502 1744 5571 primus
1773 5502 1915 5557 inter
1941 5517 2071 5571 apo-

495 5587 665 5646 stolos
689 5597 795 5657 est,
822 5598 1024 5660 quanto
1053 5589 1226 5661 magis
1249 5590 1391 5645 inter
1418 5592 1673 5645 czeteros!
1706 5590 1890 5662 (Aug)
1917 5589 2068 5657 Quod

494 5696 627 5737 vero
655 5681 709 5736 in
734 5680 1040 5752 evangelica
1068 5680 1321 5753 parabola
1349 5679 1564 5752 (Matth.
1599 5680 1728 5752 xxv)
1761 5695 1960 5751 sponso
1991 5680 2071 5735 di-

486 5760 583 5827 uit
624 5774 837 5831 obviam
881 5773 1065 5831 venire
1096 5772 1350 5844 virgines,
1373 5771 1452 5828 sic
1482 5772 1886 5844 intelligendum
1918 5779 2068 5845 puto,

2172 4615 2487 4671 perversum
2543 4607 2664 4655 erat
2723 4599 2869 4655 aliud
2927 4600 3211 4669 accipere,
3275 4615 3440 4670 quam
3502 4601 3572 4656 ab
3624 4617 3756 4674 apo-

2171 4688 2323 4745 stolis
2360 4688 2537 4744 i‘uerat
2570 4687 2852 4753 traditum,
2891 4690 3162 4757 quomodo
3206 4688 3504 4746 Corinthiis
3545 4698 3755 4747 rectum

2171 4786 2307 4844 erat,
2344 4779 2390 4834 si
2428 4778 2567 4833 alius
2594 4777 2841 4833 Christus
2879 4778 3201 4847 przcdieatus
3248 4779 3353 4835 illis
3380 4779 3605 4835 inisset?
3646 4779 3756 4836 Sed

2172 4872 2350 4926 sciens
2385 4869 2672 4942 Apostolus
2724 4883 3000 4938 nunquam
3055 4868 3218 4925 alium
3262 4869 3555 4934 Christum,
3587 4884 3753 4938 quam

2172 4960 2317 5017 hunc
2343 4959 2435 5030 qui
2473 4957 2766 5015 cruciﬁxus
2787 4966 2871 5012 cst
2901 4958 3208 5028 praedicari,
3240 4959 3439 5014 idcirco
3468 4958 3565 5021 ait,
3597 4956 3755 5013 Recte

2169 5052 2498 5122 pateremini,
2536 5051 2581 5105 si
2610 5050 2766 5105 vobis
2792 5049 2934 5104 alius
2970 5050 3149 5119 potior
3174 5049 3421 5105 Christus
3449 5049 3518 5105 ab
3544 5048 3630 5104 bis
3658 5050 3753 5119 qui

2171 5144 2392 5198 veniunt
2411 5142 2735 5212 praedicatus
2764 5140 2953 5197 fuisset
2978 5159 2993 5208 ;
3026 5141 3231 5197 Calatis
3254 5150 3434 5196 autem
3462 5141 3754 5197 anathema

2172 5233 2327 5297 dixit,
2356 5232 2401 5287 si
2436 5230 2581 5286 aliud
2605 5232 2858 5287 audirent
2883 5234 3024 5303 quod
3046 5249 3154 5289 non
3181 5235 3367 5304 utique
3388 5233 3562 5303 majus
3582 5240 3753 5297 esset,

2173 5320 2266 5376 scd
2300 5319 2651 5374 contrarium.
2688 5319 2858 5376 Porro
2887 5330 3090 5387 autem,
3126 5321 3323 5392 inquit,
3365 5323 3478 5393 ipse
3503 5320 3756 5377 Christus

2174 5409 2500 5480 praedicatur
2526 5408 2595 5463 ab
2619 5408 2721 5471 bis,
2774 5411 2865 5480 qui
2897 5427 2926 5465 a
2956 5410 3111 5466 nobis
3155 5413 3529 5477 aununtiatur,
3563 5419 3619 5465 et
3650 5412 3757 5467 hoc

2174 5496 2549 5568 Evangelium,
2580 5496 2707 5566 quid
2743 5511 2919 5553 causa:
2945 5508 3051 5563 est,
3094 5508 3157 5554 ut
3180 5516 3280 5556 nos
3320 5501 3606 5556 inferiores
3651 5500 3755 5555 ha-

2174 5590 2416 5653 beamur,
2450 5604 2571 5643 cum
2597 5588 2729 5643 nihil
2757 5588 2985 5659 amplius
3027 5590 3094 5644 ab
3123 5590 3229 5648 illis
3275 5592 3628 5648 addiscatur?
3653 5591 3761 5647 Su-

2174 5681 2358 5753 perius
2383 5681 2449 5735 de
2471 5680 2936 5750 pseudoapostolis
2959 5680 3220 5751 loquitur,
3262 5682 3386 5739 iidei
3412 5683 3757 5754 corruptori-

2175 5772 2298 5839 bus,
2326 5771 2432 5828 hoc
2458 5771 2581 5828 loco
2631 5781 2810 5827 autem
2854 5772 2921 5827 de
2949 5773 3092 5828 veris
3119 5775 3583 5849 praedicatoribus,
3627 5776 3755 5847 quia
