4022 6338
299 390 402 446 ill

762 386 1311 446 ENARRATIONUM
1344 390 1413 446 IN
1452 391 1598 451 EPP.
1636 393 1859 454 PAULI.
1898 397 2030 455 LIB.
2069 398 2208 457 XIII.
2244 432 2317 444 —
2353 398 2424 456 1N
2457 397 2676 457 EPIST.
2714 398 2762 455 ll
2792 396 2887 454 AD
2919 394 3078 455 COR.

299 503 457 577 plebs
500 498 901 556 Corinthiorum
939 500 1109 556 variis
1149 502 1424 561 erroribus
1456 502 1789 572 ﬂuctuabat,‘
1814 515 1876 563 ut
1900 513 1949 570 Α
1974 515 2155 569 causis
2194 512 2402 570 oblatos
2429 519 2677 583 sumptus
2717 509 2991 575 refutavit,
3030 522 3102 563 ne
3127 513 3183 562 et
3206 507 3549 578 pseudoapo-

302 589 474 660 a‘iiqni
496 587 740 644 faverent
764 587 1247 658 pseudoapustolis,
1273 590 1493 659 quidam
1514 591 1597 647 eis
1623 606 1653 647 a
1679 593 1876 662 quibus

302 679 620 750 compositis
664 678 844 734 verbis
888 676 1078 733 eadem
1119 678 1408 734 audiebant
1455 694 1576 749 quae
1625 680 1694 735 ab
1736 681 1878 753 Apo—

302 771 447 828 stoio
496 770 780 827 audierant
806 809 823 834 ,
875 768 967 823 alii
1027 775 1206 823 autem
1267 768 1522 838 apostolis
1581 764 1833 825 favebant
1860 810 1876 837 ,

306 864 436 934 quia
486 876 609 917 cum
652 859 878 915 Domino
925 857 1165 924 fuerant,
1198 859 1496 929 apostolum
1542 875 1696 914 suum
1738 859 1880 914 Pau-

304 947 419 1001 lum
467 945 863 1010 delormantes,
896 940 1025 1014 quia
1073 943 1129 998 in
1182 957 1348 999 carne
1402 958 1510 998 non
1544 943 1740 999 viderit
1773 944 1879 1000 Do-

307 1052 534 1094 mtuum.

376 1125 638 1182 Existimo
690 1126 828 1180 enim
872 1140 954 1178 me
1001 1122 1133 1179 nihil
1176 1124 1350 1177 minus
1401 1121 1584 1191 fecisse
1608 1139 1641 1176 α
1676 1123 1881 1193 magnis

305 1219 577 1291 apostolis.
608 1218 728 1275 Non
755 1217 870 1273 vult
891 1218 1123 1289 gratiam
1158 1215 1253 1272 Dei
1285 1215 1598 1272 inferiorem
1624 1217 1680 1272 in
1716 1232 1776 1273 se
1802 1217 1879 1271 vi-

303 1313 447 1378 deri,
473 1311 605 1383 quia
653 1308 903 1366 similiter
945 1306 1128 1363 docuit
1153 1315 1212 1362 et
1239 1306 1427 1362 eadem
1462 1306 1609 1372 fecit,
1644 1321 1765 1376 quae
1794 1306 1879 1361 ia-

305 1407 525 1462 ciebant
567 1402 796 1476 apostoli
847 1401 940 1473 qui
973 1401 1354 1472 propensiores
1383 1399 1722 1464 videbantur,
1753 1399 1877 1468 quia

301 1501 516 1572 priores
553 1503 831 1567 cmperaut
878 1495 1073 1549 docere
1125 1501 1180 1548 et
1226 1491 1440 1547 fuerant
1474 1506 1597 1548 cum
1628 1491 1875 1546 Domino.

306 1590 464 1646 Unde
487 1586 708 1656 majoris
735 1583 1071 1641 auctoritatis
1095 1597 1216 1637 esse
1248 1580 1596 1653 putabantur,
1625 1595 1749 1635 cum
1775 1581 1877 1634 hu-

299 1681 389 1751 ius
413 1678 655 1750 Apostoli
702 1676 895 1732 electio
941 1690 1064 1730 cum
1118 1674 1425 1730 testimonio
1448 1672 1540 1737 sit,
1570 1681 1624 1726 et
1651 1671 1880 1742 amplius

303 1771 523 1827 czeteris
572 1766 910 1831 laboraverit,
967 1774 1018 1821 et
1051 1765 1335 1821 Dominum
1386 1765 1441 1820 in
1487 1763 1685 1833 templo
1711 1779 1876 1819 orans

302 1864 527 1929 viderit,
577 1871 632 1919 et
675 1862 887 1917 locutus
932 1858 1005 1914 sit
1027 1857 1098 1914 ei.
1134 1857 1201 1912 Et
1230 1858 1277 1913 si
1301 1859 1568 1922 imperitus
1618 1871 1876 1920 sermone,
1906 1852 1952 1913 B

302 1953 398 2009 sed
421 1969 525 2008 non
554 1951 791 2005 scientia.
815 1948 925 2004 Hoc
946 1963 1051 2003 non
1076 1946 1145 2002 ad
1171 1946 1442 2017 apostolos
1469 1944 1723 2015 pertinet,
1750 1945 1873 2014 quia

305 2058 415 2099 non
443 2050 599 2097 erant
625 2038 959 2110 eloquentes,
988 2046 1045 2091 ut
1067 2045 1195 2107 puta
1233 2036 1351 2090 sine
1377 2035 1591 2100 littEris,
1624 2035 1767 2105 pleni
1798 2043 1878 2090 ta-

302 2146 431 2186 men
460 2139 650 2186 sancto
675 2127 904 2200 Spiritu,
953 2127 1046 2182 sed
1076 2127 1177 2182 hos
1201 2126 1390 2196 tangit,
1436 2140 1574 2196 quos
1615 2125 1873 2196 prtefere-

304 2220 440 2277 bant
465 2220 727 2276 Corinthii
755 2233 919 2275 causa
962 2217 1211 2275 accurati
1233 2218 1518 2284 sermonis,
1554 2233 1677 2273 cum
1708 2217 1761 2273 in
1787 2233 1874 2274 re-

304 2309 506 2381 ligione
532 2310 615 2366 vis
640 2309 902 2365 sermonis
931 2309 1238 2364 necessaria
1291 2309 1381 2373 sit,
1422 2323 1526 2363 non
1558 2323 1724 2364 sonus
1754 2308 1874 2364 dul-

305 2400 408 2454 cis.
460 2398 738 2467 Quomodo
771 2406 950 2453 tamen
1001 2412 1059 2452 se
1090 2397 1337 2452 humiliat
1366 2405 1426 2451 ut
1478 2397 1784 2466 imperitum
1818 2413 1877 2453 se

302 2505 430 2546 esse
455 2491 601 2547 dicat
630 2491 683 2545 in
713 2506 980 2554 sermone,
1010 2496 1065 2545 et
1096 2491 1188 2545 ubi
1212 2498 1294 2546 est
1332 2489 1484 2554 illud,
1512 2490 1653 2560 quod
1685 2489 1878 2546 Festus

303 2583 384 2637 ait
413 2600 429 2637 :
458 2579 649 2646 Paule,
702 2580 899 2650 inquit,
950 2578 1142 2647 Paule,
1170 2580 1347 2634 multa:
1384 2579 1568 2634 littera:
1593 2590 1640 2634 te
1677 2579 1878 2649 faciunt

304 2683 567 2729 extorrem
602 2671 955 2746 [excordem]?
983 2670 1121 2744 (Act.
1153 2672 1326 2745 xxvr.)
1357 2671 1470 2727 Hoc
1519 2686 1650 2743 ergo
1694 2672 1878 2727 dicens

307 2780 415 2820 non
443 2779 502 2819 se
522 2764 666 2833 loqui
688 2763 898 2819 nescire
928 2764 1097 2818 voluit
1119 2762 1339 2833 intelligi
1369 2778 1384 2827 ;
1418 2762 1512 2816 sed
1538 2770 1757 2831 propter
1785 2775 1878 2817 eos

306 2856 402 2925 qui
434 2870 543 2910 non
590 2870 687 2926 per
712 2854 892 2920 ﬁdem,
937 2854 1031 2910 sed
1068 2870 1169 2926 per
1198 2853 1559 2924 eloquentiam
1608 2866 1881 2907 commen-

306 2947 428 3003 dari
473 2946 743 3013 volebant,
776 2954 831 3003 et
859 2946 914 3002 in
956 2962 1022 3003 eo
1061 2955 1241 3001 tamen
1271 2946 1405 3001 dixit
1443 2960 1501 3001 se
1549 2944 1875 3015 imperitum,

306 3038 452 3108 quod
495 3035 603 3093 non
651 3038 816 3094 habet
834 3037 1061 3094 crimen.
1105 3036 1162 3091 In
1195 3051 1261 3093 eo
1287 3043 1463 3091 autem
1490 3035 1631 3106 quod
1658 3050 1763 3090 non
1791 3050 1880 3091 ca-

308 3139 395 3185 ret
425 3130 671 3195 crimine,
710 3138 766 3185 et
790 3130 1021 3200 acquirit
1048 3128 1299 3195 salutem,
1343 3143 1450 3183 non
1489 3142 1547 3183 se
1571 3127 1873 3197 imperitum

308 3222 699 3292 pronuntiavit,
750 3221 877 3290 quia
920 3220 1012 3290 qui
1046 3219 1327 3290 imperitus
1370 3226 1458 3274 est
1504 3217 1559 3272 in
1609 3232 1879 3284 sermone,
1906 3201 1951 3262 Ο

309 3326 439 3367 reus
464 3325 570 3365 non
595 3318 681 3366 est
721 3310 862 3379 apud
898 3309 1088 3373 Deum,
1131 3309 1224 3378 qui
1258 3315 1434 3362 autem
1470 3306 1752 3363 scientiam
1787 3307 1882 3361 Dei

310 3418 422 3458 non
449 3403 631 3467 habet,
662 3417 788 3456 reus
812 3410 895 3456 est
920 3400 1262 3471 ignorantiae,
1290 3399 1415 3470 quia
1442 3413 1549 3453 non
1576 3392 1704 3453 licet
1732 3398 1884 3469 igno-

310 3508 455 3559 rare,
503 3492 734 3547 maxime
778 3491 922 3562 quod
966 3489 1201 3561 pertinet
1226 3489 1294 3545 ad
1339 3488 1586 3543 salutem.
1614 3487 1885 3554 Quamob-

312 3602 429 3642 rem
449 3582 758 3655 Apostolus,
786 3593 965 3653 spreta
989 3582 1317 3653 eloquentia,
1342 3581 1396 3636 id
1420 3581 1633 3651 agebat,
1661 3586 1724 3635 ut
1750 3578 1885 3635 ﬁdes

313 3688 451 3735 teste
483 3678 683 3732 virtute
736 3675 1081 3746 acceptabilis
1114 3681 1280 3739 esset,
1328 3680 1389 3728 ιιι
1423 3687 1530 3727 non
1577 3671 1737 3727 ﬁdem
1768 3669 1885 3726 eio-

311 3769 532 3841 quentia
578 3767 1001 3833 commendaret,
1051 3765 1145 3822 sed
1194 3766 1397 3830 virtus,
1450 3764 1539 3820 cui
1589 3763 1735 3820 cedit
1774 3762 1887 3818 elo-

311 3858 554 3929 quentia.
599 3857 668 3912 In
698 3856 934 3911 omnibus
985 3866 1159 3911 autem
1206 3855 1515 3925 manifestus
1558 3870 1676 3909 sum
1722 3853 1883 3909 vobis.

314 3949 658 4006 Manifestum
688 3964 745 4005 se
766 3949 896 4004 dicit
917 3964 1037 4005 esse
1063 3948 1359 4004 Corinthiis
1384 3947 1438 4002 in
1465 3945 1738 4012 omnibus,
1759 3946 1884 4016 quia

312 4057 425 4097 non
454 4040 772 4112 ignorabant
799 4039 961 4094 etiam
1014 4037 1268 4109 loquendi
1320 4037 1519 4093 habere
1566 4035 1712 4091 illam
1736 4036 1886 4106 peri-

313 4134 487 4199 tiam,
546 4140 603 4187 et
645 4131 749 4187 hoc
794 4132 1028 4186 scientes
1073 4129 1163 4185 alii
1213 4126 1468 4184 favebant
1516 4127 1573 4182 in
1621 4140 1727 4193 eo,
1779 4142 1888 4197 quo

314 4222 481 4278 istum
516 4220 826 4277 inferiorem
864 4219 1198 4284 nesciebant,
1223 4219 1450 4290 ideoque
1483 4226 1786 4273 commotus
1810 4216 1889 4272 lo-

313 4314 522 4386 quitur,
548 4315 674 4384 quia
701 4314 803 4369 hoc
831 4311 983 4383 pejus
1004 4321 1146 4378 erat,
1173 4319 1234 4366 ut
1256 4325 1380 4374 cum
1414 4310 1618 4366 scirent
1649 4308 1798 4363 illum
1824 4309 1880 4363 in

314 4405 465 4462 nullo
496 4405 705 4468 deesse,
748 4402 1097 4459 humiliarent
1140 4401 1290 4456 illum
1318 4399 1548 4466 caeteris,
1579 4414 1703 4455 cum
1726 4397 1891 4453 vidis-

315 4503 440 4552 sent
487 4508 587 4553 per
631 4507 756 4547 eum
803 4507 911 4546 non
955 4490 1131 4546 solum
1180 4489 1390 4561 impleri
1424 4488 1884 4562 praedicationem,

315 4543 604 4656 ξὲἒίἐίξίζε
631 4543 977 4654 aisais
996 4543 1135 4638 iis
1162 4543 1477 4653 amans.
1496 4543 1631 4634 ιω
1655 4543 1887 4650 nunquid
1919 4543 1964 4603 υ

314 4686 585 4746 peceatum
611 4673 710 4744 feci
756 4676 1007 4744 meipsum
1046 4671 1352 4737 humilium,
1378 4680 1435 4726 ut
1457 4687 1543 4727 vos
1567 4667 1886 4726 exaltemini.

317 4765 582 4831 Quoniam
621 4764 783 4835 gratis
815 4758 1153 4833 Euangelium
1193 4761 1293 4818 Dei
1321 4760 1670 4832 evangelisavi
1702 4759 1843 4814 vobis
1865 4758 1893 4812 I

315 4857 584 4924 Quoniam
632 4856 802 4911 inﬂati
848 4863 1004 4911 erant
1026 4869 1092 4910 eo
1120 4854 1262 4926 quod
1289 4861 1534 4923 sumptus
1559 4851 1628 4906 ab
1646 4851 1727 4906 eis
1748 4849 1892 4906 acci-

316 4964 450 5019 pere
507 4947 701 5015 noluit,
740 4956 795 5004 et
843 4956 1064 5019 propter
1104 4948 1209 5002 hoc
1233 4945 1369 5001 alios
1408 4945 1458 5000 ei
1486 4943 1889 5015 pmponebant,

318 5040 543 5104 idcirco,
576 5038 817 5109 nunquid
845 5038 1084 5109 peccavi,
1117 5037 1214 5103 ait,
1238 5037 1365 5109 quia
1388 5052 1472 5092 me
1498 5035 1799 5099 humiliavi,
1825 5042 1886 5089 nt

316 5145 407 5185 me
442 5130 719 5201 indignum
751 5130 819 5187 ad
845 5129 1213 5200 accipiendum
1244 5128 1586 5200 iudicarem?
1615 5127 1740 5197 quia
1765 5126 1889 5183 inde

316 5220 451 5276 mihi
484 5220 799 5287 irascimini,
841 5236 966 5276 cum
992 5222 1095 5276 hoc
1142 5236 1247 5276 non
1292 5220 1496 5291 peccati
1529 5219 1621 5283 sit,
1649 5217 1743 5273 sed
1773 5216 1889 5288 glo-

316 5314 434 5369 riae.
466 5313 653 5384 Itaque
682 5312 765 5369 sic
787 5328 847 5368 se
875 5313 1197 5378 humiliavit‘,
1247 5328 1369 5368 cum
1422 5310 1474 5368 id
1501 5310 1645 5382 quod
1672 5309 1775 5365 sibi
1800 5309 1893 5364 de-

317 5401 572 5468 bebatur,
622 5417 729 5458 non
757 5403 936 5474 exegit
966 5419 980 5457 :
1012 5402 1249 5458 debitum
1298 5401 1444 5457 enim
1488 5408 1627 5465 erat,
1656 5407 1716 5454 ut
1742 5414 1892 5453 sum-

318 5501 444 5564 ptus
462 5492 533 5549 ab
552 5494 638 5550 his
661 5495 950 5566 acciperet,
979 5494 1174 5565 quibus
1198 5493 1523 5564 praedicabat
1542 5490 1890 5563 Evangelium

318 5585 439 5652 Dei,
479 5586 619 5642 sicut
666 5586 924 5642 Dominus
968 5585 1248 5643 constituit
1300 5585 1487 5642 dicens
1522 5603 1536 5640 :
1568 5584 1772 5657 Dignus
1817 5590 1893 5638 est

317 5680 593 5747 aperarius
620 5681 854 5737 mercede
887 5681 986 5736 su’a
1021 5680 1173 5753 (Luc.
1223 5679 1319 5750 x);
1367 5680 1463 5736 sed
1491 5686 1552 5734 ut
1594 5680 1661 5735 ad
1690 5679 1894 5735 utilita-

321 5779 432 5828 tcm
472 5788 663 5831 eorum
704 5775 1010 5847 proliceret,
1059 5773 1349 5831 refutavit:
1379 5773 1586 5831 duabus
1635 5773 1779 5829 enim
1822 5788 1891 5830 ex

1980 608 2134 663 stolis
2144 606 2336 663 similis
2360 607 2711 670 inveniretur,
2739 605 2832 676 qui
2856 618 2965 660 non
2982 602 3050 658 ad
3074 600 3298 674 gloriam
3311 601 3427 664 Dei,
3451 601 3549 658 sed

1979 700 2047 755 ad
2080 713 2234 754 suam
2262 697 2546 752 utilitatem
2566 695 2953 768 praedicabant,
2982 700 3043 748 ut
3069 707 3179 748 non
3201 692 3557 748 occasionem

1979 786 2289 856 acciperent
2328 783 2701 854 depraedandi;
2734 783 2840 838 alio
2878 781 3025 837 enim
3072 795 3183 835 non
3232 774 3552 849 accipiente;

1978 892 2086 933 non
2133 885 2310 948 potest
2351 875 2489 930 alter
2540 875 2768 929 multum
2837 880 3130 945 expetere,
3175 881 3231 927 et
3272 885 3343 926 ne
3390 870 3561 942 vigor

1977 967 2298 1037 evangelicae
2339 966 2623 1036 potestatis
2672 971 3038 1035 torpesceret;
3067 962 3159 1033 qui
3191 961 3336 1017 enim
3366 975 3397 1015 a
3420 974 3551 1032 pec-

1979 1057 2226 1114 cantibus
2249 1055 2464 1126 accipit,
2495 1056 2749 1127 arguendi
2796 1054 3173 1110 auctoritatem
3211 1051 3428 1106 amittit.
3457 1050 3550 1108 Sic

1976 1161 2107 1217 ergo
2134 1145 2458 1209 exaltantur,
2493 1159 2614 1199 cum
2645 1144 2767 1199 ideo
2802 1145 2871 1199 ab
2904 1143 2986 1199 eis
3032 1157 3138 1199 non
3178 1140 3462 1210 accipitur,
3492 1146 3553 1196 ut

1978 1235 2215 1304 correpti
2276 1234 2650 1298 emendentur,
2700 1248 2730 1287 a
2784 1241 2958 1288 morte
2999 1232 3193 1289 elevati
3247 1232 3313 1287 ad
3361 1232 3548 1287 vitam.

1981 1326 2131 1380 Alias
2166 1325 2417 1380 ecclesias
2458 1323 2742 1395 exspoliavi
2779 1326 3036 1396 accipiens
3063 1325 3322 1395 stipendia
3349 1323 3419 1377 ad
3450 1324 3553 1378 mi-

1981 1417 2250 1471 nisterium
2274 1427 2515 1479 vestrum,
2549 1424 2597 1470 et
2622 1432 2739 1469 cum
2761 1433 2920 1471 essem
2948 1417 3088 1487 apud
3119 1432 3207 1471 vos
3246 1424 3296 1470 et
3324 1432 3545 1486 egerem,

1982 1507 2115 1562 nulli
2139 1523 2388 1561 onerosus
2418 1506 2516 1576 fui.
2544 1504 2793 1561 Ostendit
2814 1507 2956 1561 enim
2982 1523 3089 1563 non
3109 1507 3281 1562 solum
3310 1506 3551 1562 noluisse

1980 1613 2043 1653 se
2076 1596 2146 1651 ab
2180 1597 2260 1651 eis
2306 1597 2568 1667 accipere,
2620 1596 2712 1651 sed
2736 1604 2791 1651 et
2831 1596 2899 1651 ab
2928 1596 3048 1652 aliis
3072 1596 3365 1667 accepisse,
3388 1604 3443 1650 et
3471 1596 3555 1651 eis

1980 1684 2338 1749 ministrasse,
2364 1692 2419 1739 et
2455 1693 2515 1739 ut
2545 1685 2770 1739 multum
2811 1685 2915 1740 hoc
2957 1687 3202 1741 ostendat
3230 1686 3410 1749 fuisse,
3440 1701 3548 1741 non

1981 1788 2200 1843 parum,
2249 1774 2326 1828 ait
2359 1791 2374 1829 :
2410 1773 2557 1828 Alias
2591 1774 2874 1845 σπεροιίαυὶ
2913 1775 3157 1832 ecclesias
3204 1777 3272 1831 ad
3315 1779 3552 1833 ministe-

1981 1868 2118 1920 rium
2156 1876 2400 1922 vestrum.
2452 1865 2569 1922 Non
2616 1882 2780 1936 parva
2809 1882 2939 1939 ergo
2983 1868 3252 1940 signiﬁcat
3278 1884 3338 1925 se
3376 1869 3430 1923 in
3456 1883 3553 1924 eos

1980 1957 2342 2027 impendisse:
2372 1971 2496 2012 cum
2549 1957 2691 2012 enim
2724 1958 2875 2025 dicit,
2926 1958 3230 2030 exspoliari,
3271 1959 3435 2015 multa
3461 1974 3553 2015 ac-

1979 2056 2135 2117 cepta
2162 2054 2218 2102 et
2244 2046 2368 2102 data
2400 2046 2823 2119 signiﬁcatmon
2846 2058 3055 2104 extorta
3081 2065 3096 2116 ;
3131 2050 3273 2105 unde
3313 2048 3553 2119 subiicit,

1977 2147 2201 2211 accepto
2244 2139 2530 2210 stipendio,
2583 2140 2907 2210 stipendium
2955 2142 3100 2197 enim
3131 2143 3379 2213 estquod
3406 2142 3553 2197 mili-

1979 2238 2099 2285 tans
2146 2228 2343 2300 accipit
2387 2229 2455 2284 ad
2503 2238 2748 2301 sumptus
2778 2231 2895 2287 Vice
2940 2232 3226 2288 mercedis.
3280 2232 3550 2288 Ruborem

1976 2335 2106 2389 ergo
2152 2319 2380 2375 incussit
2428 2319 2529 2385 eis,
2577 2321 2700 2389 quia
2731 2328 2839 2376 non
2888 2321 3074 2391 utique
3122 2321 3244 2377 dolo
3275 2321 3550 2387 relutavit,

1975 2411 2192 2481 quando
2220 2411 2334 2482 ipse
2366 2411 2446 2466 eis
2476 2411 2820 2477 ministravit,
2853 2420 2908 2466 et
2937 2419 2997 2467 ut
3021 2428 3120 2482 per
3159 2413 3262 2468 hoc
3308 2412 3551 2467 ministe-

1977 2503 2138 2569 rium,
2168 2502 2310 2574 quod
2353 2502 2710 2572 promiserant
2738 2501 2947 2559 facilius
2986 2502 3288 2572 implerent,
3320 2502 3555 2558 scientes

1977 2608 2038 2649 se
2066 2609 2187 2650 esse
2227 2594 2522 2660 debitores,
2556 2601 2618 2649 ιιι
2649 2609 2756 2650 non
2810 2594 2965 2649 valde
3011 2594 3126 2665 jam
3161 2593 3453 2664 gloriosum
3482 2590 3556 2646 sit

1978 2686 2337 2740 ministerium
2365 2700 2574 2751 eorum,
2610 2686 2703 2741 sed
2741 2685 3000 2750 debitum,
3031 2698 3100 2740 ne
3122 2685 3207 2740 vel
3237 2684 3359 2739 inde
3390 2697 3448 2738 se
3467 2681 3555 2752 ja-

1979 2785 2210 2831 ctarent.
2265 2774 2333 2830 Et
2388 2792 2504 2830 cum
2534 2793 2720 2841 essem,
2771 2776 2964 2847 inquit,
3004 2774 3146 2846 apud
3194 2791 3301 2837 vos,
3353 2781 3551 2828 etcum

1979 2880 2178 2934 egerem
2202 2862 2334 2918 nulli
2362 2880 2613 2918 onerosus
2637 2864 2740 2935 fui,
2774 2865 2826 2918 in
2857 2872 3062 2919 tantum
3085 2865 3164 2919 eis
3186 2856 3448 2933 prolicere
3470 2876 3560 2916 vo-

1978 2954 2101 3021 luit,
2124 2964 2183 3010 ut
2206 2962 2501 3025 egestatem
2536 2970 2688 3010 suam
2719 2955 3093 3011 consolaretur
3118 2964 3340 3025 propter
3367 2970 3557 3010 eorum

1980 3045 2207 3102 salutem
2227 3063 2238 3100 :
2263 3061 2457 3117 passus
2477 3045 2620 3101 enim
2636 3053 2929 3117 egestatem
2952 3053 3240 3101 contentus
3261 3046 3381 3112 fuit,
3397 3061 3464 3100 ne
3482 3044 3557 3100 illi

1981 3135 2197 3208 aliquod
2231 3136 2543 3192 scandalum
2594 3142 2909 3208 paterentur
2936 3153 2951 3202 ;
2983 3136 3075 3207 qui
3108 3136 3251 3191 enim
3282 3137 3375 3192 dat
3399 3145 3553 3208 putat

1984 3243 2044 3284 se
2068 3227 2313 3293 exaltari,
2349 3236 2404 3283 et
2434 3226 2546 3297 jam
2577 3242 2683 3283 non
2713 3241 2772 3283 se
2799 3227 3001 3299 patitur
3027 3228 3200 3298 argui.
3240 3227 3381 3281 Nam
3409 3225 3551 3297 quod

1982 3319 2113 3375 mihi
2132 3319 2311 3374 deerat
2349 3317 2713 3390 suppleverunt
2742 3319 2955 3390 fratres,
2987 3319 3076 3391 qui
3102 3327 3346 3374 venerunt
3379 3336 3413 3373 a
3436 3317 3557 3373 Ma-

1984 3409 2224 3464 cedonia.
2249 3407 2295 3462 A
2324 3407 2706 3464 Macedonibus
2749 3423 2965 3478 semper
2992 3408 3224 3478 accepit,
3250 3406 3375 3477 quia
3405 3407 3556 3476 prius

1981 3500 2112 3556 vitia
2143 3515 2238 3556 sua
2285 3506 2640 3556 correxerunt
2679 3517 2694 3566 ;
2749 3508 2805 3557 et
2838 3500 2983 3556 sicut
3008 3516 3038 3553 a
3068 3497 3364 3555 Corinthiis
3409 3498 3556 3553 acci-

1982 3593 2236 3665 piendum
2272 3608 2377 3648 non
2402 3601 2542 3659 erat,
2569 3608 2639 3647 ne
2677 3591 2864 3647 illisin
2888 3591 3202 3647 scandalum
3228 3589 3552 3652 proliceret:

1983 3684 2064 3739 sic
2090 3683 2284 3739 iterum
2310 3697 2341 3737 a
2373 3682 2752 3738 Macedonibus
2776 3683 3149 3752 accipiendum
3168 3690 3308 3746 erat,
3334 3696 3400 3735 ne
3424 3681 3562 3735 bene

1983 3772 2312 3828 seminantes
2359 3770 2594 3828 fructum
2625 3772 2957 3827 amitterent.
3009 3771 3077 3824 Et
3103 3771 3159 3824 in
3184 3769 3426 3824 omnibus
3446 3769 3560 3823 sine

1985 3879 2140 3917 onere
2168 3878 2249 3917 me
2284 3861 2427 3916 vobis
2456 3861 2655 3917 servavi
2700 3870 2747 3916 et
2773 3860 3010 3915 servabo.
3041 3860 3100 3916 In
3128 3873 3193 3915 eo
3220 3873 3278 3915 se
3309 3874 3562 3929 perman-

1986 3968 2172 4008 surum
2210 3953 2363 4018 dicit,
2409 3960 2467 4007 ιιι
2495 3952 2541 4007 si
2570 3967 2630 4008 se
2656 3951 2951 4021 corrigam,
2974 3959 3195 4021 propter
3220 3950 3560 4020 pseudoapo-

1986 4043 2173 4109 stolos,
2211 4042 2301 4112 qui
2326 4041 2666 4097 occasionem
2702 4039 3017 4110 quaerebant
3054 4038 3396 4108 deprxedandi
3442 4051 3557 4093 eos.

1987 4134 2195 4207 (Greg.)
2211 4134 2503 4189 Pensemus
2517 4147 2645 4204 ergo
2657 4132 2700 4188 si
2728 4146 3037 4203 possumus,
3052 4129 3248 4186 Paulus
3262 4128 3561 4201 apostolus,
3630 4180 3635 4187 .

1987 4226 2079 4297 qui
2139 4232 2348 4280 tantum
2398 4223 2611 4293 patiens
2662 4221 2805 4277 inter
2849 4227 3248 4292 persecutores,
3295 4225 3557 4289 quantum

1987 4323 2301 4370 mansuetus
2330 4312 2470 4367 inter
2502 4310 2789 4382 discipulos
2832 4308 3015 4375 fuerit,
3059 4317 3208 4365 certe
3242 4305 3562 4362 Corinthum

1988 4407 2211 4462 veniens
2268 4406 2336 4461 ab
2369 4403 2633 4460 idolorum
2689 4401 2909 4458 servitio
2940 4400 3266 4458 Corinthios
3312 4398 3565 4463 retraxit,

1989 4498 2112 4569 quis
2145 4507 2290 4555 esset
2347 4511 2507 4553 verus
2555 4496 2699 4551 Deus
2750 4495 3002 4559 innotuit,
3056 4505 3273 4548 aeterna:
3307 4492 3387 4547 eis
3437 4490 3564 4548 vita)

1990 4588 2184 4660 gaudia
2238 4586 2570 4659 praedicavit,
2605 4595 2662 4642 et
2706 4601 2830 4642 cum
2866 4599 3113 4657 magnam
3164 4581 3566 4647 multitudinem

1989 4679 2171 4751 populi
2200 4695 2258 4734 Ill
2283 4678 2386 4734 lide
2427 4677 2749 4750 collegisset,
2800 4684 3004 4732 tantam
3050 4673 3158 4729 illic
3181 4674 3414 4744 inopiam
3442 4686 3567 4743 per-

1992 4772 2135 4835 tulit,
2166 4779 2226 4825 ut
2264 4771 2441 4826 victus
2491 4769 2575 4826 sui
2627 4768 2777 4842 gravi
2825 4766 3149 4823 necessitate
3183 4765 3475 4830 laboraret,
3510 4773 3567 4819 et

1990 4879 2185 4936 panem
2233 4873 2446 4920 terrasa
2475 4863 2749 4933 discipulis
2800 4877 2908 4917 non
2954 4860 3182 4931 accepit,
3229 4860 3424 4930 quibus
3470 4873 3568 4932 pa-

1991 4970 2117 5009 nem
2163 4954 2284 5010 caeli
2330 4954 2662 5025 praedicavit,
2715 4952 2955 5008 instabat
2978 4952 3145 5007 verbo
3188 4966 3289 5022 pro
3320 4950 3430 5004 vita
3462 4964 3562 5005 au-

1990 5044 2274 5109 dientium,
2310 5045 2549 5100 instabat
2569 5042 2740 5099 labori
2766 5058 3023 5098 manuum
3055 5057 3153 5112 pro
3186 5041 3296 5095 vita
3322 5038 3567 5109 corporis

1980 5130 2094 5200 sui,
2120 5135 2189 5190 de
2238 5136 2398 5191 terris
2427 5149 2640 5205 quoque
2694 5134 2813 5190 aliis
2844 5134 2895 5189 ei
2947 5133 3209 5203 stipendia
3234 5147 3266 5186 a
3291 5129 3568 5202 discipulis

1992 5228 2367 5292 mittebantur,
2433 5236 2491 5282 ut
2549 5227 2843 5283 Corinthiis
2900 5226 3194 5296 prmdicare
3248 5222 3563 5288 sufﬁceret;

1996 5322 2108 5391 ipse
2136 5320 2331 5390 quippe
2358 5320 2425 5374 ad
2472 5320 2693 5375 eosdem
2743 5319 3051 5375 Corinthios
3083 5324 3203 5388 post
3228 5330 3327 5387 per
3350 5314 3567 5386 Episto-

1993 5411 2102 5466 lam
2128 5409 2382 5479 loquitur,
2415 5409 2599 5464 dicens
2640 5428 2653 5464 :
2686 5409 2817 5464 Cum
2865 5426 3026 5464 essem
3065 5407 3204 5477 apud
3228 5422 3314 5461 vos
3342 5413 3388 5460 et
3417 5418 3570 5473 egue-

1996 5504 2118 5568 rim,
2158 5500 2290 5556 nulli
2323 5516 2570 5555 onerosus
2602 5501 2721 5571 fui:
2756 5517 2877 5554 nam
2900 5499 3041 5571 quod
3071 5497 3199 5552 milii
3236 5497 3412 5552 deerat
3442 5509 3567 5562 sup.

1995 5592 2261 5663 pleverunt
2308 5590 2496 5661 fratres
2528 5592 2621 5663 qui
2669 5599 2917 5647 venerunt
2944 5608 2976 5645 a
3006 5588 3341 5652 Macedonia,
3370 5583 3569 5655 quibus

1998 5681 2065 5737 ad
2102 5697 2353 5753 magnum
2378 5697 2592 5753 quoque
2622 5680 3009 5752 improperium
3046 5676 3327 5748 praemisit,
3349 5673 3566 5729 dicens:

1998 5773 2147 5830 Alias
2187 5771 2448 5829 Ecclesias
2494 5770 2795 5845 exspoliari.
2847 5770 3104 5826 accipiens
3151 5763 3464 5835 stipendium
3486 5761 3565 5827 ad
