  <div class='ocr_page' id='page_1' title='image "/cluster/home/n/w/nwhite01/storage/ocr_20150623/112/hvd.32044015685407/117.png"; bbox 0 0 4022 6338; ppageno 0'>
   <div class='ocr_carea' id='block_1_1' title="bbox 489 369 599 432">
    <p class='ocr_par' dir='ltr' id='par_1_1' title="bbox 489 369 599 432">
     <span class='ocr_line' id='line_1_1' title="bbox 489 369 599 432; baseline 0 -7"><span class='ocrx_word' id='word_1_1' title='bbox 489 369 599 432; x_wconf 65' lang='lat'><strong>223</strong></span> 
     </span>
    </p>
   </div>
   <div class='ocr_carea' id='block_1_2' title="bbox 1128 366 3101 430">
    <p class='ocr_par' dir='ltr' id='par_1_2' title="bbox 1128 366 3101 430">
     <span class='ocr_line' id='line_1_2' title="bbox 1128 366 3101 430; baseline 0 -4"><span class='ocrx_word' id='word_1_2' title='bbox 1128 372 1187 426; x_wconf 77' lang='grc' dir='ltr'><strong>Β.</strong></span> <span class='ocrx_word' id='word_1_3' title='bbox 1231 369 1481 429; x_wconf 73' lang='lat' dir='ltr'><strong>BABANI</strong></span> <span class='ocrx_word' id='word_1_4' title='bbox 1518 369 1736 426; x_wconf 73' lang='lat' dir='ltr'><strong>MAURI</strong></span> <span class='ocrx_word' id='word_1_5' title='bbox 1773 366 2091 426; x_wconf 68' lang='lat' dir='ltr'><strong>ARCl-HEP.</strong></span> <span class='ocrx_word' id='word_1_6' title='bbox 2137 366 2442 426; x_wconf 72' lang='lat' dir='ltr'><strong>MOGUNT.</strong></span> <span class='ocrx_word' id='word_1_7' title='bbox 2476 370 2763 430; x_wconf 67' lang='lat' dir='ltr'><strong>OPERUM</strong></span> <span class='ocrx_word' id='word_1_8' title='bbox 2802 372 2979 427; x_wconf 66' lang='lat' dir='ltr'><strong>PARS</strong></span> <span class='ocrx_word' id='word_1_9' title='bbox 3015 370 3101 427; x_wconf 77' lang='lat' dir='ltr'><strong>Ill.</strong></span> 
     </span>
    </p>
   </div>
   <div class='ocr_carea' id='block_1_3' title="bbox 3633 366 3747 427">
    <p class='ocr_par' dir='ltr' id='par_1_3' title="bbox 3633 366 3747 427">
     <span class='ocr_line' id='line_1_3' title="bbox 3633 366 3747 427; baseline 0 0"><span class='ocrx_word' id='word_1_10' title='bbox 3633 366 3747 427; x_wconf 56' lang='grc' dir='ltr'><strong>’ξι</strong></span> 
     </span>
    </p>
   </div>
   <div class='ocr_carea' id='block_1_4' title="bbox 490 466 3751 562">
    <p class='ocr_par' dir='ltr' id='par_1_4' title="bbox 490 466 3751 562">
     <span class='ocr_line' id='line_1_4' title="bbox 490 466 3751 562; baseline 0 -19"><span class='ocrx_word' id='word_1_11' title='bbox 490 489 836 544; x_wconf 55' lang='lat' dir='ltr'><strong>ministerium</strong></span> <span class='ocrx_word' id='word_1_12' title='bbox 870 501 1113 546; x_wconf 75' lang='lat' dir='ltr'><strong>vestrum.</strong></span> <span class='ocrx_word' id='word_1_13' title='bbox 1165 491 1460 547; x_wconf 83' lang='lat' dir='ltr'><strong>Pensemus</strong></span> <span class='ocrx_word' id='word_1_14' title='bbox 1514 506 1644 562; x_wconf 88' lang='lat' dir='ltr'><strong>ergo</strong></span> <span class='ocrx_word' id='word_1_15' title='bbox 1675 466 1743 546; x_wconf 14' lang='lat' dir='ltr'><strong>si.</strong></span> <span class='ocrx_word' id='word_1_16' title='bbox 1775 489 2064 560; x_wconf 87' lang='lat' dir='ltr'><strong>possimus,</strong></span> <span class='ocrx_word' id='word_1_17' title='bbox 2094 489 2143 546; x_wconf 78' lang='grc' dir='ltr'>Α</span> <span class='ocrx_word' id='word_1_18' title='bbox 2169 487 2343 542; x_wconf 79' lang='lat' dir='ltr'><strong>uolunt</strong></span> <span class='ocrx_word' id='word_1_19' title='bbox 2372 491 2716 555; x_wconf 71' lang='lat' dir='ltr'><strong>occasionem,</strong></span> <span class='ocrx_word' id='word_1_20' title='bbox 2740 499 2797 543; x_wconf 84' lang='lat' dir='ltr'><strong>ut</strong></span> <span class='ocrx_word' id='word_1_21' title='bbox 2822 490 2877 542; x_wconf 87' lang='lat' dir='ltr'><strong>in</strong></span> <span class='ocrx_word' id='word_1_22' title='bbox 2917 505 3023 559; x_wconf 77' lang='lat' dir='ltr'><strong>quo</strong></span> <span class='ocrx_word' id='word_1_23' title='bbox 3049 486 3366 558; x_wconf 76' lang='lat' dir='ltr'><strong>gloriantur,</strong></span> <span class='ocrx_word' id='word_1_24' title='bbox 3408 486 3751 543; x_wconf 66' lang='lat' dir='ltr'><strong>inveniantur</strong></span> 
     </span>
    </p>
   </div>
   <div class='ocr_carea' id='block_1_5' title="bbox 491 578 2066 650">
    <p class='ocr_par' dir='ltr' id='par_1_5' title="bbox 491 578 2066 650">
     <span class='ocr_line' id='line_1_5' title="bbox 491 578 2066 650; baseline 0.002 -20"><span class='ocrx_word' id='word_1_25' title='bbox 491 578 646 647; x_wconf 81' lang='lat' dir='ltr'><strong>cujus</strong></span> <span class='ocrx_word' id='word_1_26' title='bbox 664 578 769 635; x_wconf 90' lang='lat' dir='ltr'><strong>hoc</strong></span> <span class='ocrx_word' id='word_1_27' title='bbox 790 578 1220 635; x_wconf 72' lang='lat' dir='ltr'><strong>mansuetudinis</strong></span> <span class='ocrx_word' id='word_1_28' title='bbox 1246 578 1430 646; x_wconf 85' lang='lat' dir='ltr'><strong>fuerit,</strong></span> <span class='ocrx_word' id='word_1_29' title='bbox 1454 594 1652 650; x_wconf 90' lang='lat' dir='ltr'><strong>panem</strong></span> <span class='ocrx_word' id='word_1_30' title='bbox 1670 579 1895 650; x_wconf 73' lang='lat' dir='ltr'><strong>spiritus</strong></span> <span class='ocrx_word' id='word_1_31' title='bbox 1926 594 2066 650; x_wconf 81' lang='lat' dir='ltr'><strong>prae-</strong></span> 
     </span>
    </p>
   </div>
   <div class='ocr_carea' id='block_1_6' title="bbox 490 666 2068 737">
    <p class='ocr_par' dir='ltr' id='par_1_6' title="bbox 490 666 2068 737">
     <span class='ocr_line' id='line_1_6' title="bbox 490 666 2068 737; baseline -0.001 -16"><span class='ocrx_word' id='word_1_32' title='bbox 490 666 693 731; x_wconf 86' lang='lat' dir='ltr'><strong>dicare,</strong></span> <span class='ocrx_word' id='word_1_33' title='bbox 720 675 776 722; x_wconf 88' lang='lat' dir='ltr'><strong>et</strong></span> <span class='ocrx_word' id='word_1_34' title='bbox 824 681 1017 736; x_wconf 89' lang='lat' dir='ltr'><strong>panem</strong></span> <span class='ocrx_word' id='word_1_35' title='bbox 1073 668 1254 723; x_wconf 85' lang='lat' dir='ltr'><strong>carnis</strong></span> <span class='ocrx_word' id='word_1_36' title='bbox 1306 683 1413 723; x_wconf 91' lang='lat' dir='ltr'><strong>non</strong></span> <span class='ocrx_word' id='word_1_37' title='bbox 1470 668 1735 737; x_wconf 87' lang='lat' dir='ltr'><strong>accipere,</strong></span> <span class='ocrx_word' id='word_1_38' title='bbox 1781 668 1942 722; x_wconf 91' lang='lat' dir='ltr'><strong>corda</strong></span> <span class='ocrx_word' id='word_1_39' title='bbox 1973 682 2068 720; x_wconf 91' lang='lat' dir='ltr'><strong>au-</strong></span> 
     </span>
    </p>
   </div>
   <div class='ocr_carea' id='block_1_7' title="bbox 492 757 2067 822">
    <p class='ocr_par' dir='ltr' id='par_1_7' title="bbox 492 757 2067 822">
     <span class='ocr_line' id='line_1_7' title="bbox 492 757 2067 822; baseline 0 -10"><span class='ocrx_word' id='word_1_40' title='bbox 492 757 757 813; x_wconf 85' lang='lat' dir='ltr'><strong>dientium</strong></span> <span class='ocrx_word' id='word_1_41' title='bbox 791 757 858 813; x_wconf 92' lang='lat' dir='ltr'><strong>de</strong></span> <span class='ocrx_word' id='word_1_42' title='bbox 887 758 1088 815; x_wconf 73' lang='lat' dir='ltr'><strong><em>divitiis</em></strong></span> <span class='ocrx_word' id='word_1_43' title='bbox 1112 759 1331 814; x_wconf 65' lang='lat' dir='ltr'><strong>aeternis</strong></span> <span class='ocrx_word' id='word_1_44' title='bbox 1372 759 1659 822; x_wconf 90' lang='lat' dir='ltr'><strong>instruere,</strong></span> <span class='ocrx_word' id='word_1_45' title='bbox 1698 766 1754 812; x_wconf 90' lang='lat' dir='ltr'><strong>et</strong></span> <span class='ocrx_word' id='word_1_46' title='bbox 1776 758 1916 813; x_wconf 90' lang='lat' dir='ltr'><strong>inter</strong></span> <span class='ocrx_word' id='word_1_47' title='bbox 1946 771 2067 812; x_wconf 86' lang='lat' dir='ltr'><strong>eos-</strong></span> 
     </span>
    </p>
   </div>
   <div class='ocr_carea' id='block_1_8' title="bbox 489 846 2062 918">
    <p class='ocr_par' dir='ltr' id='par_1_8' title="bbox 489 846 2062 918">
     <span class='ocr_line' id='line_1_8' title="bbox 489 846 2062 918; baseline -0.001 -15"><span class='ocrx_word' id='word_1_48' title='bbox 489 846 616 903; x_wconf 85' lang='lat' dir='ltr'><strong>dem</strong></span> <span class='ocrx_word' id='word_1_49' title='bbox 644 847 934 918; x_wconf 84' lang='lat' dir='ltr'><strong>discipulos</strong></span> <span class='ocrx_word' id='word_1_50' title='bbox 962 848 1146 903; x_wconf 86' lang='lat' dir='ltr'><strong>tideles</strong></span> <span class='ocrx_word' id='word_1_51' title='bbox 1171 859 1226 903; x_wconf 89' lang='lat' dir='ltr'><strong>et</strong></span> <span class='ocrx_word' id='word_1_52' title='bbox 1248 849 1582 903; x_wconf 71' lang='lat' dir='ltr'><strong>abundantes</strong></span> <span class='ocrx_word' id='word_1_53' title='bbox 1608 847 1750 903; x_wconf 88' lang='lat' dir='ltr'><strong>fame</strong></span> <span class='ocrx_word' id='word_1_54' title='bbox 1777 847 2062 912; x_wconf 83' lang='lat' dir='ltr'><strong>laborare;</strong></span> 
     </span>
    </p>
   </div>
   <div class='ocr_carea' id='block_1_9' title="bbox 488 936 2067 1011">
    <p class='ocr_par' dir='ltr' id='par_1_9' title="bbox 488 936 2067 1011">
     <span class='ocr_line' id='line_1_9' title="bbox 488 936 2067 1011; baseline 0.001 -20"><span class='ocrx_word' id='word_1_55' title='bbox 488 937 634 991; x_wconf 84' lang='lat' dir='ltr'><strong>inter</strong></span> <span class='ocrx_word' id='word_1_56' title='bbox 660 936 884 992; x_wconf 89' lang='lat' dir='ltr'><strong>satiatos</strong></span> <span class='ocrx_word' id='word_1_57' title='bbox 911 938 1021 1007; x_wconf 89' lang='lat' dir='ltr'><strong>pati</strong></span> <span class='ocrx_word' id='word_1_58' title='bbox 1068 937 1333 1007; x_wconf 85' lang='lat' dir='ltr'><strong>inopiam,</strong></span> <span class='ocrx_word' id='word_1_59' title='bbox 1378 952 1479 991; x_wconf 91' lang='lat' dir='ltr'><strong>nec</strong></span> <span class='ocrx_word' id='word_1_60' title='bbox 1510 944 1689 992; x_wconf 87' lang='lat' dir='ltr'><strong>tamen</strong></span> <span class='ocrx_word' id='word_1_61' title='bbox 1726 938 1871 1011; x_wconf 88' lang='lat' dir='ltr'><strong>quod</strong></span> <span class='ocrx_word' id='word_1_62' title='bbox 1896 937 2067 1008; x_wconf 84' lang='lat' dir='ltr'><strong>patie-</strong></span> 
     </span>
    </p>
   </div>
   <div class='ocr_carea' id='block_1_10' title="bbox 489 1027 2067 1098">
    <p class='ocr_par' dir='ltr' id='par_1_10' title="bbox 489 1027 2067 1098">
     <span class='ocr_line' id='line_1_10' title="bbox 489 1027 2067 1098; baseline -0.002 -15"><span class='ocrx_word' id='word_1_63' title='bbox 489 1027 651 1083; x_wconf 85' lang='lat' dir='ltr'><strong>batur</strong></span> <span class='ocrx_word' id='word_1_64' title='bbox 678 1029 890 1095; x_wconf 86' lang='lat' dir='ltr'><strong>dicere;</strong></span> <span class='ocrx_word' id='word_1_65' title='bbox 921 1044 1042 1098; x_wconf 64' lang='lat' dir='ltr'><strong>quae</strong></span> <span class='ocrx_word' id='word_1_66' title='bbox 1090 1029 1395 1098; x_wconf 89' lang='lat' dir='ltr'><strong>patiebatur</strong></span> <span class='ocrx_word' id='word_1_67' title='bbox 1445 1043 1552 1083; x_wconf 89' lang='lat' dir='ltr'><strong>non</strong></span> <span class='ocrx_word' id='word_1_68' title='bbox 1583 1029 1783 1092; x_wconf 89' lang='lat' dir='ltr'><strong>dicere,</strong></span> <span class='ocrx_word' id='word_1_69' title='bbox 1835 1043 1938 1084; x_wconf 88' lang='lat' dir='ltr'><strong>nec</strong></span> <span class='ocrx_word' id='word_1_70' title='bbox 1985 1036 2067 1083; x_wconf 69' lang='lat' dir='ltr'><strong>ta..-</strong></span> 
     </span>
    </p>
   </div>
   <div class='ocr_carea' id='block_1_11' title="bbox 488 1117 2065 1190">
    <p class='ocr_par' dir='ltr' id='par_1_11' title="bbox 488 1117 2065 1190">
     <span class='ocr_line' id='line_1_11' title="bbox 488 1117 2065 1190; baseline 0.001 -15"><span class='ocrx_word' id='word_1_71' title='bbox 488 1133 619 1175; x_wconf 84' lang='lat' dir='ltr'><strong>men</strong></span> <span class='ocrx_word' id='word_1_72' title='bbox 671 1117 893 1185; x_wconf 85' lang='lat' dir='ltr'><strong>dolere;</strong></span> <span class='ocrx_word' id='word_1_73' title='bbox 923 1120 1109 1175; x_wconf 89' lang='lat' dir='ltr'><strong>videre</strong></span> <span class='ocrx_word' id='word_1_74' title='bbox 1150 1119 1286 1174; x_wconf 92' lang='lat' dir='ltr'><strong>dura</strong></span> <span class='ocrx_word' id='word_1_75' title='bbox 1312 1133 1441 1190; x_wconf 86' lang='lat' dir='ltr'><strong>erga</strong></span> <span class='ocrx_word' id='word_1_76' title='bbox 1471 1134 1530 1174; x_wconf 87' lang='lat' dir='ltr'><strong>se</strong></span> <span class='ocrx_word' id='word_1_77' title='bbox 1564 1118 1726 1173; x_wconf 89' lang='lat' dir='ltr'><strong>corda</strong></span> <span class='ocrx_word' id='word_1_78' title='bbox 1757 1119 2065 1177; x_wconf 86' lang='lat' dir='ltr'><strong>auditorum</strong></span> 
     </span>
    </p>
   </div>
   <div class='ocr_carea' id='block_1_12' title="bbox 496 1206 2069 1279">
    <p class='ocr_par' dir='ltr' id='par_1_12' title="bbox 496 1206 2069 1279">
     <span class='ocr_line' id='line_1_12' title="bbox 496 1206 2069 1279; baseline -0.003 -12"><span class='ocrx_word' id='word_1_79' title='bbox 496 1208 784 1274; x_wconf 79' lang='lat' dir='ltr'><strong>tenacium,</strong></span> <span class='ocrx_word' id='word_1_80' title='bbox 836 1223 936 1264; x_wconf 91' lang='lat' dir='ltr'><strong>nec</strong></span> <span class='ocrx_word' id='word_1_81' title='bbox 962 1223 995 1262; x_wconf 89' lang='lat' dir='ltr'><strong>a</strong></span> <span class='ocrx_word' id='word_1_82' title='bbox 1022 1209 1402 1279; x_wconf 72' lang='lat' dir='ltr'><strong>praedicatione</strong></span> <span class='ocrx_word' id='word_1_83' title='bbox 1453 1208 1732 1264; x_wconf 84' lang='lat' dir='ltr'><strong>desistere.</strong></span> <span class='ocrx_word' id='word_1_84' title='bbox 1764 1206 1900 1267; x_wconf 86' lang='lat' dir='ltr'><strong>Nam</strong></span> <span class='ocrx_word' id='word_1_85' title='bbox 1927 1210 2069 1267; x_wconf 84' lang='lat' dir='ltr'><strong>sicut</strong></span> 
     </span>
    </p>
   </div>
   <div class='ocr_carea' id='block_1_13' title="bbox 488 1296 2067 1370">
    <p class='ocr_par' dir='ltr' id='par_1_13' title="bbox 488 1296 2067 1370">
     <span class='ocr_line' id='line_1_13' title="bbox 488 1296 2067 1370; baseline -0.001 -16"><span class='ocrx_word' id='word_1_86' title='bbox 488 1296 859 1370; x_wconf 79' lang='lat' dir='ltr'><strong>apostolorum</strong></span> <span class='ocrx_word' id='word_1_87' title='bbox 905 1297 1039 1353; x_wconf 84' lang='lat' dir='ltr'><strong>Acta</strong></span> <span class='ocrx_word' id='word_1_88' title='bbox 1067 1305 1353 1362; x_wconf 82' lang='lat' dir='ltr'><strong>testantur,</strong></span> <span class='ocrx_word' id='word_1_89' title='bbox 1392 1311 1536 1352; x_wconf 90' lang='lat' dir='ltr'><strong>anno</strong></span> <span class='ocrx_word' id='word_1_90' title='bbox 1561 1305 1618 1351; x_wconf 90' lang='lat' dir='ltr'><strong>et</strong></span> <span class='ocrx_word' id='word_1_91' title='bbox 1667 1312 1760 1354; x_wconf 82' lang='lat' dir='ltr'><strong>sex</strong></span> <span class='ocrx_word' id='word_1_92' title='bbox 1792 1298 2067 1353; x_wconf 89' lang='lat' dir='ltr'><strong>mensibus</strong></span> 
     </span>
    </p>
   </div>
   <div class='ocr_carea' id='block_1_14' title="bbox 494 1388 2062 1461">
    <p class='ocr_par' dir='ltr' id='par_1_14' title="bbox 494 1388 2062 1461">
     <span class='ocr_line' id='line_1_14' title="bbox 494 1388 2062 1461; baseline 0.001 -19"><span class='ocrx_word' id='word_1_93' title='bbox 494 1390 749 1451; x_wconf 78' lang='lat' dir='ltr'><strong>continue</strong></span> <span class='ocrx_word' id='word_1_94' title='bbox 774 1390 829 1445; x_wconf 91' lang='lat' dir='ltr'><strong>in</strong></span> <span class='ocrx_word' id='word_1_95' title='bbox 866 1389 1054 1445; x_wconf 88' lang='lat' dir='ltr'><strong>eadem</strong></span> <span class='ocrx_word' id='word_1_96' title='bbox 1083 1390 1305 1445; x_wconf 83' lang='lat' dir='ltr'><strong>civitate</strong></span> <span class='ocrx_word' id='word_1_97' title='bbox 1328 1388 1646 1459; x_wconf 79' lang='lat' dir='ltr'><strong>praedicavit</strong></span> <span class='ocrx_word' id='word_1_98' title='bbox 1694 1389 1832 1458; x_wconf 77' lang='lat' dir='ltr'><strong>(Act.</strong></span> <span class='ocrx_word' id='word_1_99' title='bbox 1882 1388 2062 1461; x_wconf 72' lang='lat' dir='ltr'><strong>xvtn);</strong></span> 
     </span>
    </p>
   </div>
   <div class='ocr_carea' id='block_1_15' title="bbox 492 1478 2067 1550">
    <p class='ocr_par' dir='ltr' id='par_1_15' title="bbox 492 1478 2067 1550">
     <span class='ocr_line' id='line_1_15' title="bbox 492 1478 2067 1550; baseline 0 -14"><span class='ocrx_word' id='word_1_100' title='bbox 492 1494 726 1550; x_wconf 86' lang='lat' dir='ltr'><strong>eumque</strong></span> <span class='ocrx_word' id='word_1_101' title='bbox 771 1481 841 1535; x_wconf 89' lang='lat' dir='ltr'><strong>ab</strong></span> <span class='ocrx_word' id='word_1_102' title='bbox 885 1480 1086 1535; x_wconf 86' lang='lat' dir='ltr'><strong>eisdem</strong></span> <span class='ocrx_word' id='word_1_103' title='bbox 1131 1479 1425 1535; x_wconf 87' lang='lat' dir='ltr'><strong>Corinthiis</strong></span> <span class='ocrx_word' id='word_1_104' title='bbox 1475 1478 1811 1544; x_wconf 86' lang='lat' dir='ltr'><strong>recessisset,</strong></span> <span class='ocrx_word' id='word_1_105' title='bbox 1858 1479 1926 1535; x_wconf 92' lang='lat' dir='ltr'><strong>ad</strong></span> <span class='ocrx_word' id='word_1_106' title='bbox 1972 1495 2067 1536; x_wconf 89' lang='lat' dir='ltr'><strong>eos</strong></span> 
     </span>
    </p>
   </div>
   <div class='ocr_carea' id='block_1_16' title="bbox 494 1567 2062 1640">
    <p class='ocr_par' dir='ltr' id='par_1_16' title="bbox 494 1567 2062 1640">
     <span class='ocr_line' id='line_1_16' title="bbox 494 1567 2062 1640; baseline 0.001 -17"><span class='ocrx_word' id='word_1_107' title='bbox 494 1567 835 1640; x_wconf 86' lang='lat' dir='ltr'><strong>postmodum</strong></span> <span class='ocrx_word' id='word_1_108' title='bbox 861 1568 1068 1632; x_wconf 79' lang='lat' dir='ltr'><strong>scribit,</strong></span> <span class='ocrx_word' id='word_1_109' title='bbox 1099 1568 1243 1640; x_wconf 88' lang='lat' dir='ltr'><strong>quod</strong></span> <span class='ocrx_word' id='word_1_110' title='bbox 1283 1569 1425 1637; x_wconf 90' lang='lat' dir='ltr'><strong>apud</strong></span> <span class='ocrx_word' id='word_1_111' title='bbox 1451 1583 1548 1624; x_wconf 91' lang='lat' dir='ltr'><strong>eos</strong></span> <span class='ocrx_word' id='word_1_112' title='bbox 1572 1568 1783 1639; x_wconf 85' lang='lat' dir='ltr'><strong>positus</strong></span> <span class='ocrx_word' id='word_1_113' title='bbox 1804 1569 2062 1640; x_wconf 80' lang='lat' dir='ltr'><strong>pertulit:</strong></span> 
     </span>
    </p>
   </div>
   <div class='ocr_carea' id='block_1_17' title="bbox 492 1657 2066 1727">
    <p class='ocr_par' dir='ltr' id='par_1_17' title="bbox 492 1657 2066 1727">
     <span class='ocr_line' id='line_1_17' title="bbox 492 1657 2066 1727; baseline 0.001 -15"><span class='ocrx_word' id='word_1_114' title='bbox 492 1671 664 1727; x_wconf 87' lang='lat' dir='ltr'><strong>quare</strong></span> <span class='ocrx_word' id='word_1_115' title='bbox 701 1664 882 1712; x_wconf 80' lang='lat' dir='ltr'><strong>autem</strong></span> <span class='ocrx_word' id='word_1_116' title='bbox 911 1657 1015 1713; x_wconf 88' lang='lat' dir='ltr'><strong>hoe</strong></span> <span class='ocrx_word' id='word_1_117' title='bbox 1041 1657 1124 1713; x_wconf 89' lang='lat' dir='ltr'><strong>eis</strong></span> <span class='ocrx_word' id='word_1_118' title='bbox 1167 1673 1290 1712; x_wconf 92' lang='lat' dir='ltr'><strong>cum</strong></span> <span class='ocrx_word' id='word_1_119' title='bbox 1336 1658 1479 1713; x_wconf 85' lang='lat' dir='ltr'><strong>inter</strong></span> <span class='ocrx_word' id='word_1_120' title='bbox 1531 1673 1629 1715; x_wconf 90' lang='lat' dir='ltr'><strong>eos</strong></span> <span class='ocrx_word' id='word_1_121' title='bbox 1673 1658 1881 1713; x_wconf 82' lang='lat' dir='ltr'><strong>viveret</strong></span> <span class='ocrx_word' id='word_1_122' title='bbox 1925 1675 2066 1715; x_wconf 89' lang='lat' dir='ltr'><strong>nun-</strong></span> 
     </span>
    </p>
   </div>
   <div class='ocr_carea' id='block_1_18' title="bbox 493 1751 2071 1823">
    <p class='ocr_par' dir='ltr' id='par_1_18' title="bbox 493 1751 2071 1823">
     <span class='ocr_line' id='line_1_18' title="bbox 493 1751 2071 1823; baseline 0.003 -17"><span class='ocrx_word' id='word_1_123' title='bbox 493 1767 661 1823; x_wconf 83' lang='lat' dir='ltr'><strong>quam</strong></span> <span class='ocrx_word' id='word_1_124' title='bbox 683 1751 860 1806; x_wconf 78' lang='lat' dir='ltr'><strong>dixit?</strong></span> <span class='ocrx_word' id='word_1_125' title='bbox 888 1767 958 1807; x_wconf 91' lang='lat' dir='ltr'><strong>ne</strong></span> <span class='ocrx_word' id='word_1_126' title='bbox 986 1752 1128 1822; x_wconf 90' lang='lat' dir='ltr'><strong>quod</strong></span> <span class='ocrx_word' id='word_1_127' title='bbox 1157 1767 1282 1823; x_wconf 87' lang='lat' dir='ltr'><strong>erga</strong></span> <span class='ocrx_word' id='word_1_128' title='bbox 1313 1768 1436 1808; x_wconf 87' lang='lat' dir='ltr'><strong>eum</strong></span> <span class='ocrx_word' id='word_1_129' title='bbox 1466 1752 1671 1808; x_wconf 83' lang='lat' dir='ltr'><strong>factum</strong></span> <span class='ocrx_word' id='word_1_130' title='bbox 1706 1768 1772 1815; x_wconf 76' lang='lat' dir='ltr'><strong>ex</strong></span> <span class='ocrx_word' id='word_1_131' title='bbox 1811 1755 1950 1811; x_wconf 90' lang='lat' dir='ltr'><strong>bona</strong></span> <span class='ocrx_word' id='word_1_132' title='bbox 1975 1770 2071 1811; x_wconf 92' lang='lat' dir='ltr'><strong>vo-</strong></span> 
     </span>
    </p>
   </div>
   <div class='ocr_carea' id='block_1_19' title="bbox 492 1839 2071 1924">
    <p class='ocr_par' dir='ltr' id='par_1_19' title="bbox 492 1839 2071 1924">
     <span class='ocr_line' id='line_1_19' title="bbox 492 1839 2071 1924; baseline 0.003 -30"><span class='ocrx_word' id='word_1_133' title='bbox 492 1841 703 1903; x_wconf 81' lang='lat' dir='ltr'><strong>luntate</strong></span> <span class='ocrx_word' id='word_1_134' title='bbox 729 1855 835 1896; x_wconf 90' lang='lat' dir='ltr'><strong>non</strong></span> <span class='ocrx_word' id='word_1_135' title='bbox 879 1839 1073 1906; x_wconf 88' lang='lat' dir='ltr'><strong>fuerat,</strong></span> <span class='ocrx_word' id='word_1_136' title='bbox 1103 1842 1269 1924; x_wconf 79' lang='lat' dir='ltr'><strong>ﬂeret_</strong></span> <span class='ocrx_word' id='word_1_137' title='bbox 1297 1855 1366 1895; x_wconf 80' lang='lat' dir='ltr'><strong>ex</strong></span> <span class='ocrx_word' id='word_1_138' title='bbox 1388 1840 1651 1910; x_wconf 90' lang='lat' dir='ltr'><strong>jussione,</strong></span> <span class='ocrx_word' id='word_1_139' title='bbox 1681 1850 1736 1901; x_wconf 87' lang='lat' dir='ltr'><strong>et</strong></span> <span class='ocrx_word' id='word_1_140' title='bbox 1761 1859 1884 1899; x_wconf 86' lang='lat' dir='ltr'><strong>eum</strong></span> <span class='ocrx_word' id='word_1_141' title='bbox 1914 1844 2071 1901; x_wconf 88' lang='lat' dir='ltr'><strong>inno-</strong></span> 
     </span>
    </p>
   </div>
   <div class='ocr_carea' id='block_1_20' title="bbox 490 1932 2070 1999">
    <p class='ocr_par' dir='ltr' id='par_1_20' title="bbox 490 1932 2070 1999">
     <span class='ocr_line' id='line_1_20' title="bbox 490 1932 2070 1999; baseline 0.002 -11"><span class='ocrx_word' id='word_1_142' title='bbox 490 1939 726 1989; x_wconf 84' lang='lat' dir='ltr'><strong>tesceret</strong></span> <span class='ocrx_word' id='word_1_143' title='bbox 784 1945 973 1986; x_wconf 89' lang='lat' dir='ltr'><strong>eorum</strong></span> <span class='ocrx_word' id='word_1_144' title='bbox 1023 1932 1413 1999; x_wconf 86' lang='lat' dir='ltr'><strong>misericordia,</strong></span> <span class='ocrx_word' id='word_1_145' title='bbox 1468 1942 1773 1990; x_wconf 85' lang='lat' dir='ltr'><strong>remaneret</strong></span> <span class='ocrx_word' id='word_1_146' title='bbox 1819 1935 2070 1991; x_wconf 86' lang='lat' dir='ltr'><strong>voluntas</strong></span> 
     </span>
    </p>
   </div>
   <div class='ocr_carea' id='block_1_21' title="bbox 490 2022 2071 2098">
    <p class='ocr_par' dir='ltr' id='par_1_21' title="bbox 490 2022 2071 2098">
     <span class='ocr_line' id='line_1_21' title="bbox 490 2022 2071 2098; baseline 0.003 -21"><span class='ocrx_word' id='word_1_147' title='bbox 490 2023 697 2095; x_wconf 63' lang='lat' dir='ltr'><strong>ignota.</strong></span> <span class='ocrx_word' id='word_1_148' title='bbox 729 2022 908 2089; x_wconf 85' lang='lat' dir='ltr'><strong>Quare</strong></span> <span class='ocrx_word' id='word_1_149' title='bbox 932 2032 1111 2079; x_wconf 91' lang='lat' dir='ltr'><strong>autem</strong></span> <span class='ocrx_word' id='word_1_150' title='bbox 1147 2026 1250 2079; x_wconf 91' lang='lat' dir='ltr'><strong>hoc</strong></span> <span class='ocrx_word' id='word_1_151' title='bbox 1293 2026 1634 2095; x_wconf 89' lang='lat' dir='ltr'><strong>postmodum</strong></span> <span class='ocrx_word' id='word_1_152' title='bbox 1677 2026 1835 2098; x_wconf 84' lang='lat' dir='ltr'><strong>longe</strong></span> <span class='ocrx_word' id='word_1_153' title='bbox 1863 2028 2071 2096; x_wconf 88' lang='lat' dir='ltr'><strong>positus</strong></span> 
     </span>
    </p>
   </div>
   <div class='ocr_carea' id='block_1_22' title="bbox 488 2111 2071 2184">
    <p class='ocr_par' dir='ltr' id='par_1_22' title="bbox 488 2111 2071 2184">
     <span class='ocr_line' id='line_1_22' title="bbox 488 2111 2071 2184; baseline 0.003 -17"><span class='ocrx_word' id='word_1_154' title='bbox 488 2111 717 2167; x_wconf 74' lang='lat' dir='ltr'><strong>scribit?</strong></span> <span class='ocrx_word' id='word_1_155' title='bbox 734 2126 803 2166; x_wconf 90' lang='lat' dir='ltr'><strong>ne</strong></span> <span class='ocrx_word' id='word_1_156' title='bbox 835 2112 1144 2168; x_wconf 89' lang='lat' dir='ltr'><strong>omnimodo</strong></span> <span class='ocrx_word' id='word_1_157' title='bbox 1179 2113 1428 2184; x_wconf 89' lang='lat' dir='ltr'><strong>discipuli</strong></span> <span class='ocrx_word' id='word_1_158' title='bbox 1480 2114 1771 2171; x_wconf 89' lang='lat' dir='ltr'><strong>incorrecti</strong></span> <span class='ocrx_word' id='word_1_159' title='bbox 1826 2131 2071 2171; x_wconf 89' lang='lat' dir='ltr'><strong>remane-</strong></span> 
     </span>
    </p>
   </div>
   <div class='ocr_carea' id='block_1_23' title="bbox 494 2201 2071 2273">
    <p class='ocr_par' dir='ltr' id='par_1_23' title="bbox 494 2201 2071 2273">
     <span class='ocr_line' id='line_1_23' title="bbox 494 2201 2071 2273; baseline 0.003 -16"><span class='ocrx_word' id='word_1_160' title='bbox 494 2209 638 2266; x_wconf 81' lang='lat' dir='ltr'><strong>rent,</strong></span> <span class='ocrx_word' id='word_1_161' title='bbox 690 2210 746 2256; x_wconf 92' lang='lat' dir='ltr'><strong>et</strong></span> <span class='ocrx_word' id='word_1_162' title='bbox 775 2201 961 2271; x_wconf 87' lang='lat' dir='ltr'><strong>quales</strong></span> <span class='ocrx_word' id='word_1_163' title='bbox 1010 2202 1270 2273; x_wconf 84' lang='lat' dir='ltr'><strong>magistro</strong></span> <span class='ocrx_word' id='word_1_164' title='bbox 1315 2203 1371 2258; x_wconf 93' lang='lat' dir='ltr'><strong>in</strong></span> <span class='ocrx_word' id='word_1_165' title='bbox 1424 2206 1633 2260; x_wconf 90' lang='lat' dir='ltr'><strong>tenacia</strong></span> <span class='ocrx_word' id='word_1_166' title='bbox 1684 2203 1917 2272; x_wconf 82' lang='lat' dir='ltr'><strong>fuerant,</strong></span> <span class='ocrx_word' id='word_1_167' title='bbox 1951 2206 2071 2263; x_wconf 90' lang='lat' dir='ltr'><strong>aliis</strong></span> 
     </span>
    </p>
   </div>
   <div class='ocr_carea' id='block_1_24' title="bbox 492 2294 2071 2363">
    <p class='ocr_par' dir='ltr' id='par_1_24' title="bbox 492 2294 2071 2363">
     <span class='ocr_line' id='line_1_24' title="bbox 492 2294 2071 2363; baseline 0.005 -17"><span class='ocrx_word' id='word_1_168' title='bbox 492 2308 708 2363; x_wconf 82' lang='lat' dir='ltr'><strong>quoque</strong></span> <span class='ocrx_word' id='word_1_169' title='bbox 737 2294 995 2351; x_wconf 81' lang='lat' dir='ltr'><strong>fratribus</strong></span> <span class='ocrx_word' id='word_1_170' title='bbox 1027 2296 1159 2353; x_wconf 83' lang='lat' dir='ltr'><strong>tales</strong></span> <span class='ocrx_word' id='word_1_171' title='bbox 1185 2304 1388 2353; x_wconf 84' lang='lat' dir='ltr'><strong>essent.</strong></span> <span class='ocrx_word' id='word_1_172' title='bbox 1416 2298 1559 2355; x_wconf 76' lang='lat' dir='ltr'><strong>Vere</strong></span> <span class='ocrx_word' id='word_1_173' title='bbox 1591 2306 1646 2354; x_wconf 93' lang='lat' dir='ltr'><strong>et</strong></span> <span class='ocrx_word' id='word_1_174' title='bbox 1695 2299 1748 2354; x_wconf 91' lang='lat' dir='ltr'><strong>in</strong></span> <span class='ocrx_word' id='word_1_175' title='bbox 1782 2299 1887 2355; x_wconf 90' lang='lat' dir='ltr'><strong>hoc</strong></span> <span class='ocrx_word' id='word_1_176' title='bbox 1929 2299 2071 2354; x_wconf 84' lang='lat' dir='ltr'><strong>Pau-</strong></span> 
     </span>
    </p>
   </div>
   <div class='ocr_carea' id='block_1_25' title="bbox 491 2383 2069 2460">
    <p class='ocr_par' dir='ltr' id='par_1_25' title="bbox 491 2383 2069 2460">
     <span class='ocr_line' id='line_1_25' title="bbox 491 2383 2069 2460; baseline 0.004 -21"><span class='ocrx_word' id='word_1_177' title='bbox 491 2383 601 2448; x_wconf 81' lang='lat' dir='ltr'><strong>lus,</strong></span> <span class='ocrx_word' id='word_1_178' title='bbox 648 2397 779 2438; x_wconf 82' lang='lat' dir='ltr'><strong>vere</strong></span> <span class='ocrx_word' id='word_1_179' title='bbox 821 2385 1079 2455; x_wconf 79' lang='lat' dir='ltr'><strong>magister</strong></span> <span class='ocrx_word' id='word_1_180' title='bbox 1111 2387 1349 2457; x_wconf 84' lang='lat' dir='ltr'><strong>gentium</strong></span> <span class='ocrx_word' id='word_1_181' title='bbox 1402 2403 1497 2442; x_wconf 89' lang='lat' dir='ltr'><strong>sua</strong></span> <span class='ocrx_word' id='word_1_182' title='bbox 1544 2388 1842 2460; x_wconf 76' lang='lat' dir='ltr'><strong>negligens,</strong></span> <span class='ocrx_word' id='word_1_183' title='bbox 1895 2389 2069 2445; x_wconf 87' lang='lat' dir='ltr'><strong>aliena</strong></span> 
     </span>
    </p>
   </div>
   <div class='ocr_carea' id='block_1_26' title="bbox 488 2476 2070 2554">
    <p class='ocr_par' dir='ltr' id='par_1_26' title="bbox 488 2476 2070 2554">
     <span class='ocr_line' id='line_1_26' title="bbox 488 2476 2070 2554; baseline 0.003 -19"><span class='ocrx_word' id='word_1_184' title='bbox 488 2491 724 2541; x_wconf 79' lang='lat' dir='ltr'><strong>curans,</strong></span> <span class='ocrx_word' id='word_1_185' title='bbox 781 2476 1020 2548; x_wconf 80' lang='lat' dir='ltr'><strong>implevit</strong></span> <span class='ocrx_word' id='word_1_186' title='bbox 1070 2482 1212 2549; x_wconf 88' lang='lat' dir='ltr'><strong>quod</strong></span> <span class='ocrx_word' id='word_1_187' title='bbox 1258 2481 1678 2550; x_wconf 65' lang='lat' dir='ltr'><strong>praedicarent,</strong></span> <span class='ocrx_word' id='word_1_188' title='bbox 1711 2480 1878 2537; x_wconf 84' lang='lat' dir='ltr'><strong>Nemo</strong></span> <span class='ocrx_word' id='word_1_189' title='bbox 1926 2483 2070 2554; x_wconf 88' lang='lat' dir='ltr'><strong>quod</strong></span> 
     </span>
    </p>
   </div>
   <div class='ocr_carea' id='block_1_27' title="bbox 492 2566 2069 2644">
    <p class='ocr_par' dir='ltr' id='par_1_27' title="bbox 492 2566 2069 2644">
     <span class='ocr_line' id='line_1_27' title="bbox 492 2566 2069 2644; baseline 0.004 -23"><span class='ocrx_word' id='word_1_190' title='bbox 492 2581 649 2621; x_wconf 86' lang='lat' dir='ltr'><strong>suum</strong></span> <span class='ocrx_word' id='word_1_191' title='bbox 677 2575 760 2623; x_wconf 89' lang='lat' dir='ltr'><strong>est</strong></span> <span class='ocrx_word' id='word_1_192' title='bbox 782 2577 1008 2639; x_wconf 66' lang='lat' dir='ltr'><strong>quaerat,</strong></span> <span class='ocrx_word' id='word_1_193' title='bbox 1040 2571 1137 2634; x_wconf 76' lang='lat' dir='ltr'><strong>sed</strong></span> <span class='ocrx_word' id='word_1_194' title='bbox 1158 2570 1300 2640; x_wconf 77' lang='lat' dir='ltr'><strong>quod</strong></span> <span class='ocrx_word' id='word_1_195' title='bbox 1339 2570 1585 2637; x_wconf 83' lang='lat' dir='ltr'><strong>alterius,</strong></span> <span class='ocrx_word' id='word_1_196' title='bbox 1614 2579 1671 2627; x_wconf 90' lang='lat' dir='ltr'><strong>et</strong></span> <span class='ocrx_word' id='word_1_197' title='bbox 1695 2587 1800 2627; x_wconf 92' lang='lat' dir='ltr'><strong>non</strong></span> <span class='ocrx_word' id='word_1_198' title='bbox 1827 2587 1947 2644; x_wconf 69' lang='lat' dir='ltr'><strong>quas</strong></span> <span class='ocrx_word' id='word_1_199' title='bbox 1971 2566 2069 2628; x_wconf 86' lang='lat' dir='ltr'><strong>sua</strong></span> 
     </span>
    </p>
   </div>
   <div class='ocr_carea' id='block_1_28' title="bbox 491 2647 2067 2733">
    <p class='ocr_par' dir='ltr' id='par_1_28' title="bbox 491 2647 2067 2733">
     <span class='ocr_line' id='line_1_28' title="bbox 491 2647 2067 2733; baseline 0.004 -21"><span class='ocrx_word' id='word_1_200' title='bbox 491 2667 621 2712; x_wconf 81' lang='lat' dir='ltr'><strong>sum</strong></span> <span class='ocrx_word' id='word_1_201' title='bbox 645 2658 840 2730; x_wconf 76' lang='lat' dir='ltr'><strong>singuli</strong></span> <span class='ocrx_word' id='word_1_202' title='bbox 865 2661 1185 2731; x_wconf 76' lang='lat' dir='ltr'><strong>cogitantes,</strong></span> <span class='ocrx_word' id='word_1_203' title='bbox 1214 2660 1310 2721; x_wconf 77' lang='lat' dir='ltr'><strong>sed</strong></span> <span class='ocrx_word' id='word_1_204' title='bbox 1338 2677 1402 2719; x_wconf 85' lang='lat' dir='ltr'><strong>ea</strong></span> <span class='ocrx_word' id='word_1_205' title='bbox 1427 2677 1549 2733; x_wconf 72' lang='lat' dir='ltr'><strong>qua:</strong></span> <span class='ocrx_word' id='word_1_206' title='bbox 1574 2661 1825 2718; x_wconf 89' lang='lat' dir='ltr'><strong>aliorum.</strong></span> <span class='ocrx_word' id='word_1_207' title='bbox 1856 2647 2067 2730; x_wconf 82' lang='lat' dir='ltr'><strong>Quanta</strong></span> 
     </span>
    </p>
   </div>
   <div class='ocr_carea' id='block_1_29' title="bbox 490 2747 2068 2823">
    <p class='ocr_par' dir='ltr' id='par_1_29' title="bbox 490 2747 2068 2823">
     <span class='ocr_line' id='line_1_29' title="bbox 490 2747 2068 2823; baseline 0.005 -23"><span class='ocrx_word' id='word_1_208' title='bbox 490 2747 678 2817; x_wconf 74' lang='lat' dir='ltr'><strong>itaque</strong></span> <span class='ocrx_word' id='word_1_209' title='bbox 727 2748 829 2807; x_wconf 86' lang='lat' dir='ltr'><strong>ista</strong></span> <span class='ocrx_word' id='word_1_210' title='bbox 878 2750 1307 2812; x_wconf 81' lang='lat' dir='ltr'><strong>mansuetudinis</strong></span> <span class='ocrx_word' id='word_1_211' title='bbox 1357 2753 1528 2813; x_wconf 79' lang='lat' dir='ltr'><strong>virtus</strong></span> <span class='ocrx_word' id='word_1_212' title='bbox 1555 2761 1660 2819; x_wconf 83' lang='lat' dir='ltr'><strong>est,</strong></span> <span class='ocrx_word' id='word_1_213' title='bbox 1688 2763 1887 2823; x_wconf 83' lang='lat' dir='ltr'><strong>quanta</strong></span> <span class='ocrx_word' id='word_1_214' title='bbox 1916 2761 2068 2808; x_wconf 83' lang='lat' dir='ltr'><strong>tran-</strong></span> 
     </span>
    </p>
   </div>
   <div class='ocr_carea' id='block_1_30' title="bbox 491 2836 2069 2910">
    <p class='ocr_par' dir='ltr' id='par_1_30' title="bbox 491 2836 2069 2910">
     <span class='ocr_line' id='line_1_30' title="bbox 491 2836 2069 2910; baseline 0.004 -19"><span class='ocrx_word' id='word_1_215' title='bbox 491 2836 728 2907; x_wconf 78' lang='lat' dir='ltr'><strong>quillitas</strong></span> <span class='ocrx_word' id='word_1_216' title='bbox 756 2840 1017 2908; x_wconf 83' lang='lat' dir='ltr'><strong>spiritus?</strong></span> <span class='ocrx_word' id='word_1_217' title='bbox 1041 2841 1163 2910; x_wconf 86' lang='lat' dir='ltr'><strong>quis</strong></span> <span class='ocrx_word' id='word_1_218' title='bbox 1185 2850 1365 2898; x_wconf 85' lang='lat' dir='ltr'><strong>autem</strong></span> <span class='ocrx_word' id='word_1_219' title='bbox 1405 2853 1670 2909; x_wconf 88' lang='lat' dir='ltr'><strong>nostrum,</strong></span> <span class='ocrx_word' id='word_1_220' title='bbox 1701 2843 1747 2898; x_wconf 92' lang='lat' dir='ltr'><strong><em>si</em></strong></span> <span class='ocrx_word' id='word_1_221' title='bbox 1772 2859 1939 2898; x_wconf 90' lang='lat' dir='ltr'><strong>unum</strong></span> <span class='ocrx_word' id='word_1_222' title='bbox 1970 2845 2069 2899; x_wconf 82' lang='lat' dir='ltr'><strong>hu-</strong></span> 
     </span>
    </p>
   </div>
   <div class='ocr_carea' id='block_1_31' title="bbox 481 2927 2065 3001">
    <p class='ocr_par' dir='ltr' id='par_1_31' title="bbox 481 2927 2065 3001">
     <span class='ocr_line' id='line_1_31' title="bbox 481 2927 2065 3001; baseline 0.006 -22"><span class='ocrx_word' id='word_1_223' title='bbox 481 2927 575 2999; x_wconf 88' lang='lat' dir='ltr'><strong>jus</strong></span> <span class='ocrx_word' id='word_1_224' title='bbox 605 2929 787 2984; x_wconf 89' lang='lat' dir='ltr'><strong>mundi</strong></span> <span class='ocrx_word' id='word_1_225' title='bbox 815 2931 935 2985; x_wconf 69' lang='lat' dir='ltr'><strong>vitae</strong></span> <span class='ocrx_word' id='word_1_226' title='bbox 972 2931 1039 2986; x_wconf 81' lang='lat' dir='ltr'><strong>ad</strong></span> <span class='ocrx_word' id='word_1_227' title='bbox 1065 2932 1448 3001; x_wconf 84' lang='lat' dir='ltr'><strong>omnipotentis</strong></span> <span class='ocrx_word' id='word_1_228' title='bbox 1486 2932 1582 2988; x_wconf 87' lang='lat' dir='ltr'><strong>Dei</strong></span> <span class='ocrx_word' id='word_1_229' title='bbox 1612 2932 1894 2989; x_wconf 88' lang='lat' dir='ltr'><strong>servitium</strong></span> <span class='ocrx_word' id='word_1_230' title='bbox 1934 2948 2065 2990; x_wconf 89' lang='lat' dir='ltr'><strong>con-</strong></span> 
     </span>
    </p>
   </div>
   <div class='ocr_carea' id='block_1_32' title="bbox 487 3016 2067 3099">
    <p class='ocr_par' dir='ltr' id='par_1_32' title="bbox 487 3016 2067 3099">
     <span class='ocr_line' id='line_1_32' title="bbox 487 3016 2067 3099; baseline -0.001 -20"><span class='ocrx_word' id='word_1_231' title='bbox 487 3016 765 3088; x_wconf 80' lang='lat' dir='ltr'><strong>vertisset,</strong></span> <span class='ocrx_word' id='word_1_232' title='bbox 792 3033 961 3095; x_wconf 59' lang='lat' dir='ltr'><strong>setius</strong></span> <span class='ocrx_word' id='word_1_233' title='bbox 981 3035 1141 3097; x_wconf 82' lang='lat' dir='ltr'><strong>egere</strong></span> <span class='ocrx_word' id='word_1_234' title='bbox 1172 3022 1528 3099; x_wconf 75' lang='lat' dir='ltr'><strong>conspiceret,</strong></span> <span class='ocrx_word' id='word_1_235' title='bbox 1556 3029 1613 3082; x_wconf 81' lang='lat' dir='ltr'><strong>et</strong></span> <span class='ocrx_word' id='word_1_236' title='bbox 1641 3020 1788 3081; x_wconf 82' lang='lat' dir='ltr'><strong>illum</strong></span> <span class='ocrx_word' id='word_1_237' title='bbox 1818 3022 1921 3077; x_wconf 91' lang='lat' dir='ltr'><strong>sibi</strong></span> <span class='ocrx_word' id='word_1_238' title='bbox 1948 3023 2067 3081; x_wconf 72' lang='lat' dir='ltr'><strong>vitae</strong></span> 
     </span>
    </p>
   </div>
   <div class='ocr_carea' id='block_1_33' title="bbox 484 3112 2131 3192">
    <p class='ocr_par' dir='ltr' id='par_1_33' title="bbox 484 3112 2131 3192">
     <span class='ocr_line' id='line_1_33' title="bbox 484 3112 2131 3192; baseline 0.002 -22"><span class='ocrx_word' id='word_1_239' title='bbox 484 3130 604 3171; x_wconf 63' lang='lat' dir='ltr'><strong>sum</strong></span> <span class='ocrx_word' id='word_1_240' title='bbox 654 3115 889 3171; x_wconf 87' lang='lat' dir='ltr'><strong>subsidia</strong></span> <span class='ocrx_word' id='word_1_241' title='bbox 943 3133 1051 3175; x_wconf 80' lang='lat' dir='ltr'><strong>non</strong></span> <span class='ocrx_word' id='word_1_242' title='bbox 1104 3119 1362 3187; x_wconf 75' lang='lat' dir='ltr'><strong>pnebere,</strong></span> <span class='ocrx_word' id='word_1_243' title='bbox 1405 3134 1515 3177; x_wconf 83' lang='lat' dir='ltr'><strong>non</strong></span> <span class='ocrx_word' id='word_1_244' title='bbox 1559 3120 1804 3188; x_wconf 87' lang='lat' dir='ltr'><strong>protinus</strong></span> <span class='ocrx_word' id='word_1_245' title='bbox 1832 3112 1899 3174; x_wconf 85' lang='lat' dir='ltr'><strong>de</strong></span> <span class='ocrx_word' id='word_1_246' title='bbox 1948 3112 2064 3190; x_wconf 79' lang='lat' dir='ltr'><strong>t‘jus</strong></span> <span class='ocrx_word' id='word_1_247' title='bbox 2096 3172 2131 3192; x_wconf 49' lang='grc' dir='ltr'><strong>η</strong></span> 
     </span>
    </p>
   </div>
   <div class='ocr_carea' id='block_1_34' title="bbox 2089 3192 3741 3278">
    <p class='ocr_par' dir='ltr' id='par_1_34' title="bbox 2089 3192 3741 3278">
     <span class='ocr_line' id='line_1_34' title="bbox 2089 3192 3741 3278; baseline 0.005 -19"><span class='ocrx_word' id='word_1_248' title='bbox 2089 3192 2132 3241; x_wconf 64' lang='grc' dir='ltr'><strong>ιι</strong></span> <span class='ocrx_word' id='word_1_249' title='bbox 2164 3215 2283 3261; x_wconf 87' lang='lat' dir='ltr'><strong>rutn</strong></span> <span class='ocrx_word' id='word_1_250' title='bbox 2311 3200 2462 3271; x_wconf 69' lang='lat' dir='ltr'><strong>dixit,</strong></span> <span class='ocrx_word' id='word_1_251' title='bbox 2491 3209 2549 3262; x_wconf 90' lang='lat' dir='ltr'><strong>ut</strong></span> <span class='ocrx_word' id='word_1_252' title='bbox 2586 3201 2725 3263; x_wconf 81' lang='lat' dir='ltr'><strong>sicut</strong></span> <span class='ocrx_word' id='word_1_253' title='bbox 2754 3215 2920 3278; x_wconf 77' lang='lat' dir='ltr'><strong>opera</strong></span> <span class='ocrx_word' id='word_1_254' title='bbox 2945 3210 3000 3264; x_wconf 88' lang='lat' dir='ltr'><strong>et</strong></span> <span class='ocrx_word' id='word_1_255' title='bbox 3034 3218 3166 3265; x_wconf 85' lang='lat' dir='ltr'><strong>cura</strong></span> <span class='ocrx_word' id='word_1_256' title='bbox 3197 3211 3402 3267; x_wconf 80' lang='lat' dir='ltr'><strong>ventris</strong></span> <span class='ocrx_word' id='word_1_257' title='bbox 3426 3212 3632 3276; x_wconf 88' lang='lat' dir='ltr'><strong>interit,</strong></span> <span class='ocrx_word' id='word_1_258' title='bbox 3665 3213 3741 3268; x_wconf 79' lang='lat' dir='ltr'><strong>ita</strong></span> 
     </span>
    </p>
   </div>
   <div class='ocr_carea' id='block_1_35' title="bbox 488 3206 2062 3277">
    <p class='ocr_par' dir='ltr' id='par_1_35' title="bbox 488 3206 2062 3277">
     <span class='ocr_line' id='line_1_35' title="bbox 488 3206 2062 3277; baseline 0.003 -16"><span class='ocrx_word' id='word_1_259' title='bbox 488 3207 601 3261; x_wconf 90' lang='lat' dir='ltr'><strong>vita</strong></span> <span class='ocrx_word' id='word_1_260' title='bbox 627 3206 969 3277; x_wconf 86' lang='lat' dir='ltr'><strong>desperasset</strong></span> <span class='ocrx_word' id='word_1_261' title='bbox 997 3208 1019 3260; x_wconf 92' lang='lat'><strong>?</strong></span> <span class='ocrx_word' id='word_1_262' title='bbox 1046 3208 1167 3277; x_wconf 87' lang='lat' dir='ltr'><strong>quis</strong></span> <span class='ocrx_word' id='word_1_263' title='bbox 1218 3223 1325 3265; x_wconf 82' lang='lat' dir='ltr'><strong>non</strong></span> <span class='ocrx_word' id='word_1_264' title='bbox 1373 3208 1645 3266; x_wconf 62' lang='lat' dir='ltr'><strong>incassum</strong></span> <span class='ocrx_word' id='word_1_265' title='bbox 1698 3209 1974 3265; x_wconf 86' lang='lat' dir='ltr'><strong>laborasse</strong></span> <span class='ocrx_word' id='word_1_266' title='bbox 2003 3225 2062 3265; x_wconf 92' lang='lat' dir='ltr'><strong>se</strong></span> 
     </span>
    </p>
   </div>
   <div class='ocr_carea' id='block_1_36' title="bbox 481 3300 2055 3373">
    <p class='ocr_par' dir='ltr' id='par_1_36' title="bbox 481 3300 2055 3373">
     <span class='ocr_line' id='line_1_36' title="bbox 481 3300 2055 3373; baseline 0.003 -17"><span class='ocrx_word' id='word_1_267' title='bbox 481 3300 735 3357; x_wconf 84' lang='lat' dir='ltr'><strong>diceret?</strong></span> <span class='ocrx_word' id='word_1_268' title='bbox 763 3301 884 3370; x_wconf 88' lang='lat' dir='ltr'><strong>quis</strong></span> <span class='ocrx_word' id='word_1_269' title='bbox 923 3317 1028 3356; x_wconf 92' lang='lat' dir='ltr'><strong>non</strong></span> <span class='ocrx_word' id='word_1_270' title='bbox 1073 3300 1142 3356; x_wconf 89' lang='lat' dir='ltr'><strong>ab</strong></span> <span class='ocrx_word' id='word_1_271' title='bbox 1168 3303 1283 3373; x_wconf 90' lang='lat' dir='ltr'><strong>ejus</strong></span> <span class='ocrx_word' id='word_1_272' title='bbox 1308 3303 1684 3360; x_wconf 79' lang='lat' dir='ltr'><strong>exhortatione</strong></span> <span class='ocrx_word' id='word_1_273' title='bbox 1712 3305 2055 3362; x_wconf 53' lang='lat' dir='ltr'><strong>obmutesce.-</strong></span> 
     </span>
    </p>
   </div>
   <div class='ocr_carea' id='block_1_37' title="bbox 486 3391 2059 3465">
    <p class='ocr_par' dir='ltr' id='par_1_37' title="bbox 486 3391 2059 3465">
     <span class='ocr_line' id='line_1_37' title="bbox 486 3391 2059 3465; baseline 0.003 -17"><span class='ocrx_word' id='word_1_274' title='bbox 486 3399 575 3448; x_wconf 80' lang='lat' dir='ltr'><strong>rct</strong></span> <span class='ocrx_word' id='word_1_275' title='bbox 601 3407 761 3461; x_wconf 87' lang='lat' dir='ltr'><strong>quem</strong></span> <span class='ocrx_word' id='word_1_276' title='bbox 788 3391 840 3446; x_wconf 93' lang='lat' dir='ltr'><strong>in</strong></span> <span class='ocrx_word' id='word_1_277' title='bbox 891 3393 1182 3462; x_wconf 90' lang='lat' dir='ltr'><strong>semetipso</strong></span> <span class='ocrx_word' id='word_1_278' title='bbox 1228 3393 1461 3465; x_wconf 88' lang='lat' dir='ltr'><strong>primum</strong></span> <span class='ocrx_word' id='word_1_279' title='bbox 1489 3393 1632 3449; x_wconf 87' lang='lat' dir='ltr'><strong>ferre</strong></span> <span class='ocrx_word' id='word_1_280' title='bbox 1672 3393 1911 3452; x_wconf 86' lang='lat' dir='ltr'><strong>fructum</strong></span> <span class='ocrx_word' id='word_1_281' title='bbox 1932 3397 2059 3453; x_wconf 84' lang='lat' dir='ltr'><strong>boni</strong></span> 
     </span>
    </p>
   </div>
   <div class='ocr_carea' id='block_1_38' title="bbox 484 3482 2056 3557">
    <p class='ocr_par' dir='ltr' id='par_1_38' title="bbox 484 3482 2056 3557">
     <span class='ocr_line' id='line_1_38' title="bbox 484 3482 2056 3557; baseline 0.003 -19"><span class='ocrx_word' id='word_1_282' title='bbox 484 3482 668 3552; x_wconf 89' lang='lat' dir='ltr'><strong>operis</strong></span> <span class='ocrx_word' id='word_1_283' title='bbox 696 3497 802 3537; x_wconf 91' lang='lat' dir='ltr'><strong>non</strong></span> <span class='ocrx_word' id='word_1_284' title='bbox 838 3483 1065 3539; x_wconf 81' lang='lat' dir='ltr'><strong>videret.</strong></span> <span class='ocrx_word' id='word_1_285' title='bbox 1098 3483 1204 3539; x_wconf 88' lang='lat' dir='ltr'><strong>Sed</strong></span> <span class='ocrx_word' id='word_1_286' title='bbox 1232 3484 1430 3542; x_wconf 84' lang='lat' dir='ltr'><strong>Paulus</strong></span> <span class='ocrx_word' id='word_1_287' title='bbox 1456 3501 1553 3557; x_wconf 83' lang='lat' dir='ltr'><strong>per</strong></span> <span class='ocrx_word' id='word_1_288' title='bbox 1588 3488 2056 3545; x_wconf 87' lang='lat' dir='ltr'><strong>mansuetudinem</strong></span> 
     </span>
    </p>
   </div>
   <div class='ocr_carea' id='block_1_39' title="bbox 486 3572 2052 3649">
    <p class='ocr_par' dir='ltr' id='par_1_39' title="bbox 486 3572 2052 3649">
     <span class='ocr_line' id='line_1_39' title="bbox 486 3572 2052 3649; baseline 0.006 -22"><span class='ocrx_word' id='word_1_289' title='bbox 486 3573 543 3627; x_wconf 90' lang='lat' dir='ltr'><strong><em>in</em></strong></span> <span class='ocrx_word' id='word_1_290' title='bbox 589 3572 850 3628; x_wconf 83' lang='lat' dir='ltr'><strong>virtutum</strong></span> <span class='ocrx_word' id='word_1_291' title='bbox 877 3575 1082 3630; x_wconf 90' lang='lat' dir='ltr'><strong>vertice</strong></span> <span class='ocrx_word' id='word_1_292' title='bbox 1131 3576 1391 3632; x_wconf 80' lang='lat' dir='ltr'><strong>solidatas</strong></span> <span class='ocrx_word' id='word_1_293' title='bbox 1438 3579 1694 3647; x_wconf 88' lang='lat' dir='ltr'><strong>perstitit,</strong></span> <span class='ocrx_word' id='word_1_294' title='bbox 1725 3581 2052 3649; x_wconf 60' lang='lat' dir='ltr'><strong>praedicavit,</strong></span> 
     </span>
    </p>
   </div>
   <div class='ocr_carea' id='block_1_40' title="bbox 484 3660 2056 3741">
    <p class='ocr_par' dir='ltr' id='par_1_40' title="bbox 484 3660 2056 3741">
     <span class='ocr_line' id='line_1_40' title="bbox 484 3660 2056 3741; baseline 0.006 -25"><span class='ocrx_word' id='word_1_295' title='bbox 484 3660 692 3725; x_wconf 79' lang='lat' dir='ltr'><strong>dilexit,</strong></span> <span class='ocrx_word' id='word_1_296' title='bbox 726 3671 781 3717; x_wconf 92' lang='lat' dir='ltr'><strong>et</strong></span> <span class='ocrx_word' id='word_1_297' title='bbox 803 3662 1004 3719; x_wconf 87' lang='lat' dir='ltr'><strong>bonum</strong></span> <span class='ocrx_word' id='word_1_298' title='bbox 1029 3664 1173 3733; x_wconf 88' lang='lat' dir='ltr'><strong>quod</strong></span> <span class='ocrx_word' id='word_1_299' title='bbox 1207 3675 1447 3735; x_wconf 75' lang='lat' dir='ltr'><strong>emperat</strong></span> <span class='ocrx_word' id='word_1_300' title='bbox 1470 3667 1723 3737; x_wconf 77' lang='lat' dir='ltr'><strong>explevit,</strong></span> <span class='ocrx_word' id='word_1_301' title='bbox 1747 3678 1909 3740; x_wconf 89' lang='lat' dir='ltr'><strong>atque</strong></span> <span class='ocrx_word' id='word_1_302' title='bbox 1926 3684 2056 3741; x_wconf 84' lang='lat' dir='ltr'><strong>por—</strong></span> 
     </span>
    </p>
   </div>
   <div class='ocr_carea' id='block_1_41' title="bbox 488 3754 2056 3826">
    <p class='ocr_par' dir='ltr' id='par_1_41' title="bbox 488 3754 2056 3826">
     <span class='ocr_line' id='line_1_41' title="bbox 488 3754 2056 3826; baseline 0.004 -16"><span class='ocrx_word' id='word_1_303' title='bbox 488 3754 650 3810; x_wconf 83' lang='lat' dir='ltr'><strong>tando</strong></span> <span class='ocrx_word' id='word_1_304' title='bbox 673 3762 729 3809; x_wconf 92' lang='lat' dir='ltr'><strong>et</strong></span> <span class='ocrx_word' id='word_1_305' title='bbox 752 3755 1089 3824; x_wconf 84' lang='lat' dir='ltr'><strong>persistendo</strong></span> <span class='ocrx_word' id='word_1_306' title='bbox 1114 3755 1497 3826; x_wconf 86' lang='lat' dir='ltr'><strong>discipulorum</strong></span> <span class='ocrx_word' id='word_1_307' title='bbox 1536 3760 1700 3814; x_wconf 88' lang='lat' dir='ltr'><strong>corda</strong></span> <span class='ocrx_word' id='word_1_308' title='bbox 1739 3761 1809 3815; x_wconf 89' lang='lat' dir='ltr'><strong>ad</strong></span> <span class='ocrx_word' id='word_1_309' title='bbox 1837 3761 2056 3817; x_wconf 89' lang='lat' dir='ltr'><strong>miseri-</strong></span> 
     </span>
    </p>
   </div>
   <div class='ocr_carea' id='block_1_42' title="bbox 479 3845 2057 3924">
    <p class='ocr_par' dir='ltr' id='par_1_42' title="bbox 479 3845 2057 3924">
     <span class='ocr_line' id='line_1_42' title="bbox 479 3845 2057 3924; baseline 0.004 -22"><span class='ocrx_word' id='word_1_310' title='bbox 479 3845 725 3915; x_wconf 81' lang='lat' dir='ltr'><strong>cordiam</strong></span> <span class='ocrx_word' id='word_1_311' title='bbox 776 3846 1044 3917; x_wconf 74' lang='lat' dir='ltr'><strong>perduxit.</strong></span> <span class='ocrx_word' id='word_1_312' title='bbox 1092 3846 1226 3902; x_wconf 85' lang='lat' dir='ltr'><strong>Nam</strong></span> <span class='ocrx_word' id='word_1_313' title='bbox 1262 3863 1447 3904; x_wconf 90' lang='lat' dir='ltr'><strong>eorum</strong></span> <span class='ocrx_word' id='word_1_314' title='bbox 1474 3850 1775 3920; x_wconf 87' lang='lat' dir='ltr'><strong>profectum</strong></span> <span class='ocrx_word' id='word_1_315' title='bbox 1820 3863 2057 3924; x_wconf 90' lang='lat' dir='ltr'><strong>postmo-</strong></span> 
     </span>
    </p>
   </div>
   <div class='ocr_carea' id='block_1_43' title="bbox 480 3937 2058 4014">
    <p class='ocr_par' dir='ltr' id='par_1_43' title="bbox 480 3937 2058 4014">
     <span class='ocr_line' id='line_1_43' title="bbox 480 3937 2058 4014; baseline 0.005 -21"><span class='ocrx_word' id='word_1_316' title='bbox 480 3937 612 3993; x_wconf 90' lang='lat' dir='ltr'><strong>dum</strong></span> <span class='ocrx_word' id='word_1_317' title='bbox 662 3938 802 3994; x_wconf 89' lang='lat' dir='ltr'><strong>scire</strong></span> <span class='ocrx_word' id='word_1_318' title='bbox 856 3954 916 3996; x_wconf 90' lang='lat' dir='ltr'><strong>se</strong></span> <span class='ocrx_word' id='word_1_319' title='bbox 964 3940 1214 4003; x_wconf 87' lang='lat' dir='ltr'><strong>indicans</strong></span> <span class='ocrx_word' id='word_1_320' title='bbox 1244 3942 1297 3997; x_wconf 90' lang='lat' dir='ltr'><strong><em>in</em></strong></span> <span class='ocrx_word' id='word_1_321' title='bbox 1341 3943 1529 3998; x_wconf 86' lang='lat' dir='ltr'><strong>eadem</strong></span> <span class='ocrx_word' id='word_1_322' title='bbox 1578 3944 1818 4014; x_wconf 89' lang='lat' dir='ltr'><strong>Epistola</strong></span> <span class='ocrx_word' id='word_1_323' title='bbox 1868 3947 2058 4002; x_wconf 88' lang='lat' dir='ltr'><strong>scribit</strong></span> 
     </span>
    </p>
   </div>
   <div class='ocr_carea' id='block_1_44' title="bbox 476 4021 2057 4106">
    <p class='ocr_par' dir='ltr' id='par_1_44' title="bbox 476 4021 2057 4106">
     <span class='ocr_line' id='line_1_44' title="bbox 476 4021 2057 4106; baseline 0.008 -25"><span class='ocrx_word' id='word_1_324' title='bbox 476 4021 680 4099; x_wconf 76' lang='lat' dir='ltr'><strong>(Supra</strong></span> <span class='ocrx_word' id='word_1_325' title='bbox 702 4045 819 4101; x_wconf 91' lang='lat' dir='ltr'><strong>cap.</strong></span> <span class='ocrx_word' id='word_1_326' title='bbox 842 4028 923 4102; x_wconf 69' lang='grc' dir='ltr'><strong>ιχ)</strong></span> <span class='ocrx_word' id='word_1_327' title='bbox 949 4048 962 4084; x_wconf 92' lang='lat'>:</span> <span class='ocrx_word' id='word_1_328' title='bbox 992 4030 1071 4086; x_wconf 89' lang='lat' dir='ltr'><strong>De</strong></span> <span class='ocrx_word' id='word_1_329' title='bbox 1097 4033 1385 4088; x_wconf 84' lang='lat' dir='ltr'><strong>ministerio</strong></span> <span class='ocrx_word' id='word_1_330' title='bbox 1423 4034 1564 4106; x_wconf 85' lang='lat' dir='ltr'><strong>quod</strong></span> <span class='ocrx_word' id='word_1_331' title='bbox 1600 4035 1661 4105; x_wconf 82' lang='lat' dir='ltr'><strong>[it</strong></span> <span class='ocrx_word' id='word_1_332' title='bbox 1688 4036 1745 4091; x_wconf 89' lang='lat' dir='ltr'><strong>in</strong></span> <span class='ocrx_word' id='word_1_333' title='bbox 1771 4038 1966 4093; x_wconf 79' lang='lat' dir='ltr'><strong>sanctis</strong></span> <span class='ocrx_word' id='word_1_334' title='bbox 1991 4054 2057 4094; x_wconf 78' lang='lat' dir='ltr'><strong>ea:</strong></span> 
     </span>
    </p>
   </div>
   <div class='ocr_carea' id='block_1_45' title="bbox 476 4118 2055 4201">
    <p class='ocr_par' dir='ltr' id='par_1_45' title="bbox 476 4118 2055 4201">
     <span class='ocr_line' id='line_1_45' title="bbox 476 4118 2055 4201; baseline 0.009 -31"><span class='ocrx_word' id='word_1_335' title='bbox 476 4118 773 4175; x_wconf 82' lang='lat' dir='ltr'><strong>abundanti</strong></span> <span class='ocrx_word' id='word_1_336' title='bbox 800 4130 876 4175; x_wconf 86' lang='lat' dir='ltr'><strong>est</strong></span> <span class='ocrx_word' id='word_1_337' title='bbox 901 4122 1029 4176; x_wconf 88' lang='lat' dir='ltr'><strong>mihi</strong></span> <span class='ocrx_word' id='word_1_338' title='bbox 1075 4123 1299 4179; x_wconf 80' lang='lat' dir='ltr'><strong>scribere</strong></span> <span class='ocrx_word' id='word_1_339' title='bbox 1346 4126 1487 4181; x_wconf 79' lang='lat' dir='ltr'><strong>vobis</strong></span> <span class='ocrx_word' id='word_1_340' title='bbox 1514 4143 1533 4181; x_wconf 91' lang='lat'><strong><em>:</em></strong></span> <span class='ocrx_word' id='word_1_341' title='bbox 1558 4129 1666 4182; x_wconf 85' lang='lat' dir='ltr'><strong>scio</strong></span> <span class='ocrx_word' id='word_1_342' title='bbox 1708 4130 1846 4184; x_wconf 84' lang='lat' dir='ltr'><strong>enim</strong></span> <span class='ocrx_word' id='word_1_343' title='bbox 1876 4146 2055 4201; x_wconf 76' lang='lat' dir='ltr'><strong>prom-</strong></span> 
     </span>
    </p>
   </div>
   <div class='ocr_carea' id='block_1_46' title="bbox 481 4209 2055 4291">
    <p class='ocr_par' dir='ltr' id='par_1_46' title="bbox 481 4209 2055 4291">
     <span class='ocr_line' id='line_1_46' title="bbox 481 4209 2055 4291; baseline 0.01 -32"><span class='ocrx_word' id='word_1_344' title='bbox 481 4216 629 4277; x_wconf 85' lang='lat' dir='ltr'><strong>ptum</strong></span> <span class='ocrx_word' id='word_1_345' title='bbox 654 4209 888 4265; x_wconf 80' lang='lat' dir='ltr'><strong>animum</strong></span> <span class='ocrx_word' id='word_1_346' title='bbox 917 4222 1163 4277; x_wconf 84' lang='lat' dir='ltr'><strong>vestrum,</strong></span> <span class='ocrx_word' id='word_1_347' title='bbox 1184 4229 1278 4284; x_wconf 89' lang='lat' dir='ltr'><strong>pro</strong></span> <span class='ocrx_word' id='word_1_348' title='bbox 1296 4230 1400 4283; x_wconf 83' lang='lat' dir='ltr'><strong>quo</strong></span> <span class='ocrx_word' id='word_1_349' title='bbox 1431 4216 1497 4270; x_wconf 87' lang='lat' dir='ltr'><strong>de</strong></span> <span class='ocrx_word' id='word_1_350' title='bbox 1522 4216 1663 4271; x_wconf 80' lang='lat' dir='ltr'><strong>vobis</strong></span> <span class='ocrx_word' id='word_1_351' title='bbox 1691 4217 1888 4287; x_wconf 79' lang='lat' dir='ltr'><strong>glorior</strong></span> <span class='ocrx_word' id='word_1_352' title='bbox 1914 4222 2055 4291; x_wconf 82' lang='lat' dir='ltr'><strong>apud</strong></span> 
     </span>
    </p>
   </div>
   <div class='ocr_carea' id='block_1_47' title="bbox 485 4294 2054 4373">
    <p class='ocr_par' dir='ltr' id='par_1_47' title="bbox 485 4294 2054 4373">
     <span class='ocr_line' id='line_1_47' title="bbox 485 4294 2054 4373; baseline 0.011 -25"><span class='ocrx_word' id='word_1_353' title='bbox 485 4294 825 4361; x_wconf 73' lang='lat' dir='ltr'><strong>Macedones,</strong></span> <span class='ocrx_word' id='word_1_354' title='bbox 880 4301 1137 4369; x_wconf 84' lang='lat' dir='ltr'><strong>quomodo</strong></span> <span class='ocrx_word' id='word_1_355' title='bbox 1194 4300 1397 4357; x_wconf 82' lang='lat' dir='ltr'><strong>Achaia</strong></span> <span class='ocrx_word' id='word_1_356' title='bbox 1440 4315 1628 4373; x_wconf 88' lang='lat' dir='ltr'><strong>parata</strong></span> <span class='ocrx_word' id='word_1_357' title='bbox 1670 4316 1750 4360; x_wconf 86' lang='lat' dir='ltr'><strong>est</strong></span> <span class='ocrx_word' id='word_1_358' title='bbox 1804 4308 1869 4362; x_wconf 92' lang='lat' dir='ltr'><strong>ab</strong></span> <span class='ocrx_word' id='word_1_359' title='bbox 1915 4326 2054 4365; x_wconf 87' lang='lat' dir='ltr'><strong>anno</strong></span> 
     </span>
    </p>
   </div>
   <div class='ocr_carea' id='block_1_48' title="bbox 481 4386 2055 4465">
    <p class='ocr_par' dir='ltr' id='par_1_48' title="bbox 481 4386 2055 4465">
     <span class='ocr_line' id='line_1_48' title="bbox 481 4386 2055 4465; baseline 0.011 -28"><span class='ocrx_word' id='word_1_360' title='bbox 481 4386 674 4456; x_wconf 80' lang='lat' dir='ltr'><strong>priore,</strong></span> <span class='ocrx_word' id='word_1_361' title='bbox 702 4396 753 4440; x_wconf 88' lang='lat' dir='ltr'><strong>et</strong></span> <span class='ocrx_word' id='word_1_362' title='bbox 783 4398 950 4442; x_wconf 79' lang='lat' dir='ltr'><strong>vestra</strong></span> <span class='ocrx_word' id='word_1_363' title='bbox 973 4389 1238 4444; x_wconf 67' lang='lat' dir='ltr'><strong>aemulatio</strong></span> <span class='ocrx_word' id='word_1_364' title='bbox 1260 4396 1549 4463; x_wconf 83' lang='lat' dir='ltr'><strong>provocavit</strong></span> <span class='ocrx_word' id='word_1_365' title='bbox 1566 4395 1840 4465; x_wconf 82' lang='lat' dir='ltr'><strong>plurimos.</strong></span> <span class='ocrx_word' id='word_1_366' title='bbox 1863 4430 1934 4439; x_wconf 89' lang='lat'><strong><em>—</em></strong></span> <span class='ocrx_word' id='word_1_367' title='bbox 1961 4400 2055 4455; x_wconf 84' lang='lat' dir='ltr'><strong>Est</strong></span> 
     </span>
    </p>
   </div>
   <div class='ocr_carea' id='block_1_49' title="bbox 480 4474 2054 4560">
    <p class='ocr_par' dir='ltr' id='par_1_49' title="bbox 480 4474 2054 4560">
     <span class='ocr_line' id='line_1_49' title="bbox 480 4474 2054 4560; baseline 0.01 -31"><span class='ocrx_word' id='word_1_368' title='bbox 480 4477 672 4530; x_wconf 77' lang='lat' dir='ltr'><strong>ueritas</strong></span> <span class='ocrx_word' id='word_1_369' title='bbox 695 4474 888 4531; x_wconf 77' lang='lat' dir='ltr'><strong>Christi</strong></span> <span class='ocrx_word' id='word_1_370' title='bbox 921 4477 977 4533; x_wconf 85' lang='lat' dir='ltr'><strong>in</strong></span> <span class='ocrx_word' id='word_1_371' title='bbox 999 4495 1102 4546; x_wconf 79' lang='lat' dir='ltr'><strong>me,</strong></span> <span class='ocrx_word' id='word_1_372' title='bbox 1131 4483 1377 4551; x_wconf 77' lang='lat' dir='ltr'><strong>quoniam</strong></span> <span class='ocrx_word' id='word_1_373' title='bbox 1401 4484 1512 4539; x_wconf 60' lang='lat' dir='ltr'><strong>haec</strong></span> <span class='ocrx_word' id='word_1_374' title='bbox 1535 4486 1705 4556; x_wconf 84' lang='lat' dir='ltr'><strong>gloria</strong></span> <span class='ocrx_word' id='word_1_375' title='bbox 1738 4505 1840 4543; x_wconf 84' lang='lat' dir='ltr'><strong>non</strong></span> <span class='ocrx_word' id='word_1_376' title='bbox 1863 4489 2054 4560; x_wconf 71' lang='lat' dir='ltr'><strong>infrin-</strong></span> 
     </span>
    </p>
   </div>
   <div class='ocr_carea' id='block_1_50' title="bbox 477 4566 2052 4648">
    <p class='ocr_par' dir='ltr' id='par_1_50' title="bbox 477 4566 2052 4648">
     <span class='ocr_line' id='line_1_50' title="bbox 477 4566 2052 4648; baseline 0.011 -30"><span class='ocrx_word' id='word_1_377' title='bbox 477 4575 629 4635; x_wconf 83' lang='lat' dir='ltr'><strong>getur</strong></span> <span class='ocrx_word' id='word_1_378' title='bbox 649 4566 703 4623; x_wconf 90' lang='lat' dir='ltr'><strong>in</strong></span> <span class='ocrx_word' id='word_1_379' title='bbox 729 4583 810 4621; x_wconf 86' lang='lat' dir='ltr'><strong>me</strong></span> <span class='ocrx_word' id='word_1_380' title='bbox 857 4568 911 4622; x_wconf 89' lang='lat' dir='ltr'><strong>in</strong></span> <span class='ocrx_word' id='word_1_381' title='bbox 940 4570 1232 4641; x_wconf 85' lang='lat' dir='ltr'><strong>regionibus</strong></span> <span class='ocrx_word' id='word_1_382' title='bbox 1254 4572 1487 4631; x_wconf 74' lang='lat' dir='ltr'><strong>Achaitc.</strong></span> <span class='ocrx_word' id='word_1_383' title='bbox 1529 4576 2052 4648; x_wconf 30' lang='lat' dir='ltr'><strong>(Ambr.).llortatur</strong></span> 
     </span>
    </p>
   </div>
   <div class='ocr_carea' id='block_1_51' title="bbox 473 4656 2052 4741">
    <p class='ocr_par' dir='ltr' id='par_1_51' title="bbox 473 4656 2052 4741">
     <span class='ocr_line' id='line_1_51' title="bbox 473 4656 2052 4741; baseline 0.011 -32"><span class='ocrx_word' id='word_1_384' title='bbox 473 4670 698 4711; x_wconf 84' lang='lat' dir='ltr'><strong>omnem</strong></span> <span class='ocrx_word' id='word_1_385' title='bbox 745 4656 1005 4715; x_wconf 81' lang='lat' dir='ltr'><strong>Achaiam</strong></span> <span class='ocrx_word' id='word_1_386' title='bbox 1051 4670 1111 4716; x_wconf 88' lang='lat' dir='ltr'><strong>ut</strong></span> <span class='ocrx_word' id='word_1_387' title='bbox 1139 4660 1445 4719; x_wconf 88' lang='lat' dir='ltr'><strong>ministrent</strong></span> <span class='ocrx_word' id='word_1_388' title='bbox 1484 4667 1706 4734; x_wconf 90' lang='lat' dir='ltr'><strong>sanctis,</strong></span> <span class='ocrx_word' id='word_1_389' title='bbox 1737 4670 1839 4724; x_wconf 90' lang='lat' dir='ltr'><strong>sibi</strong></span> <span class='ocrx_word' id='word_1_390' title='bbox 1873 4681 2052 4741; x_wconf 81' lang='lat' dir='ltr'><strong>autem</strong></span> 
     </span>
    </p>
   </div>
   <div class='ocr_carea' id='block_1_52' title="bbox 478 4751 2047 4834">
    <p class='ocr_par' dir='ltr' id='par_1_52' title="bbox 478 4751 2047 4834">
     <span class='ocr_line' id='line_1_52' title="bbox 478 4751 2047 4834; baseline 0.01 -31"><span class='ocrx_word' id='word_1_391' title='bbox 478 4765 587 4804; x_wconf 85' lang='lat' dir='ltr'><strong>non</strong></span> <span class='ocrx_word' id='word_1_392' title='bbox 616 4751 948 4820; x_wconf 86' lang='lat' dir='ltr'><strong>permittere,</strong></span> <span class='ocrx_word' id='word_1_393' title='bbox 996 4767 1067 4809; x_wconf 89' lang='lat' dir='ltr'><strong>ne</strong></span> <span class='ocrx_word' id='word_1_394' title='bbox 1100 4765 1332 4825; x_wconf 73' lang='lat' dir='ltr'><strong>emptam</strong></span> <span class='ocrx_word' id='word_1_395' title='bbox 1363 4757 1590 4829; x_wconf 86' lang='lat' dir='ltr'><strong>gloriam</strong></span> <span class='ocrx_word' id='word_1_396' title='bbox 1617 4777 1725 4815; x_wconf 90' lang='lat' dir='ltr'><strong>non</strong></span> <span class='ocrx_word' id='word_1_397' title='bbox 1756 4762 2004 4834; x_wconf 89' lang='lat' dir='ltr'><strong>impleret</strong></span> <span class='ocrx_word' id='word_1_398' title='bbox 2033 4783 2047 4819; x_wconf 88' lang='lat'><strong>:</strong></span> 
     </span>
    </p>
   </div>
   <div class='ocr_carea' id='block_1_53' title="bbox 474 4837 2050 4914">
    <p class='ocr_par' dir='ltr' id='par_1_53' title="bbox 474 4837 2050 4914">
     <span class='ocr_line' id='line_1_53' title="bbox 474 4837 2050 4914; baseline 0.011 -23"><span class='ocrx_word' id='word_1_399' title='bbox 474 4837 649 4910; x_wconf 79' lang='lat' dir='ltr'><strong>gloria</strong></span> <span class='ocrx_word' id='word_1_400' title='bbox 679 4848 765 4894; x_wconf 90' lang='lat' dir='ltr'><strong>est</strong></span> <span class='ocrx_word' id='word_1_401' title='bbox 805 4841 948 4897; x_wconf 91' lang='lat' dir='ltr'><strong>enim</strong></span> <span class='ocrx_word' id='word_1_402' title='bbox 975 4858 1005 4896; x_wconf 90' lang='lat' dir='ltr'><strong>a</strong></span> <span class='ocrx_word' id='word_1_403' title='bbox 1032 4843 1194 4900; x_wconf 91' lang='lat' dir='ltr'><strong>licitis</strong></span> <span class='ocrx_word' id='word_1_404' title='bbox 1220 4847 1513 4914; x_wconf 88' lang='lat' dir='ltr'><strong>abstinere,</strong></span> <span class='ocrx_word' id='word_1_405' title='bbox 1563 4850 1799 4907; x_wconf 79' lang='lat' dir='ltr'><strong>maxime</strong></span> <span class='ocrx_word' id='word_1_406' title='bbox 1822 4853 1890 4907; x_wconf 87' lang='lat' dir='ltr'><strong>ad</strong></span> <span class='ocrx_word' id='word_1_407' title='bbox 1915 4853 2050 4909; x_wconf 89' lang='lat' dir='ltr'><strong>alio-</strong></span> 
     </span>
    </p>
   </div>
   <div class='ocr_carea' id='block_1_54' title="bbox 476 4929 2046 5010">
    <p class='ocr_par' dir='ltr' id='par_1_54' title="bbox 476 4929 2046 5010">
     <span class='ocr_line' id='line_1_54' title="bbox 476 4929 2046 5010; baseline 0.011 -29"><span class='ocrx_word' id='word_1_408' title='bbox 476 4943 600 4985; x_wconf 86' lang='lat' dir='ltr'><strong>rum</strong></span> <span class='ocrx_word' id='word_1_409' title='bbox 629 4929 872 4986; x_wconf 84' lang='lat' dir='ltr'><strong>salutem.</strong></span> <span class='ocrx_word' id='word_1_410' title='bbox 922 4930 979 4991; x_wconf 88' lang='lat' dir='ltr'><strong>ln</strong></span> <span class='ocrx_word' id='word_1_411' title='bbox 1008 4932 1224 4991; x_wconf 71' lang='lat' dir='ltr'><strong>Achaia:</strong></span> <span class='ocrx_word' id='word_1_412' title='bbox 1253 4951 1382 5008; x_wconf 80' lang='lat' dir='ltr'><strong>ergo</strong></span> <span class='ocrx_word' id='word_1_413' title='bbox 1414 4940 1725 5008; x_wconf 84' lang='lat' dir='ltr'><strong>regionibus</strong></span> <span class='ocrx_word' id='word_1_414' title='bbox 1750 4942 1924 4998; x_wconf 84' lang='lat' dir='ltr'><strong>noluit</strong></span> <span class='ocrx_word' id='word_1_415' title='bbox 1946 4943 2046 5010; x_wconf 86' lang='lat' dir='ltr'><strong>uti,</strong></span> 
     </span>
    </p>
   </div>
   <div class='ocr_carea' id='block_1_55' title="bbox 476 5022 2050 5105">
    <p class='ocr_par' dir='ltr' id='par_1_55' title="bbox 476 5022 2050 5105">
     <span class='ocr_line' id='line_1_55' title="bbox 476 5022 2050 5105; baseline 0.01 -27"><span class='ocrx_word' id='word_1_416' title='bbox 476 5022 535 5078; x_wconf 87' lang='lat' dir='ltr'><strong>in</strong></span> <span class='ocrx_word' id='word_1_417' title='bbox 562 5026 773 5081; x_wconf 81' lang='lat' dir='ltr'><strong>caeteris</strong></span> <span class='ocrx_word' id='word_1_418' title='bbox 807 5042 936 5081; x_wconf 85' lang='lat' dir='ltr'><strong>usus</strong></span> <span class='ocrx_word' id='word_1_419' title='bbox 961 5038 1067 5094; x_wconf 88' lang='lat' dir='ltr'><strong>est,</strong></span> <span class='ocrx_word' id='word_1_420' title='bbox 1115 5036 1171 5085; x_wconf 91' lang='lat' dir='ltr'><strong>et</strong></span> <span class='ocrx_word' id='word_1_421' title='bbox 1198 5032 1430 5101; x_wconf 88' lang='lat' dir='ltr'><strong>amplius</strong></span> <span class='ocrx_word' id='word_1_422' title='bbox 1477 5036 1743 5105; x_wconf 87' lang='lat' dir='ltr'><strong>promittit</strong></span> <span class='ocrx_word' id='word_1_423' title='bbox 1770 5038 1870 5092; x_wconf 91' lang='lat' dir='ltr'><strong>sub</strong></span> <span class='ocrx_word' id='word_1_424' title='bbox 1900 5039 2050 5093; x_wconf 50' lang='lat' dir='ltr'><strong>testi-</strong></span> 
     </span>
    </p>
   </div>
   <div class='ocr_carea' id='block_1_56' title="bbox 475 5114 2049 5199">
    <p class='ocr_par' dir='ltr' id='par_1_56' title="bbox 475 5114 2049 5199">
     <span class='ocr_line' id='line_1_56' title="bbox 475 5114 2049 5199; baseline 0.01 -31"><span class='ocrx_word' id='word_1_425' title='bbox 475 5114 661 5171; x_wconf 88' lang='lat' dir='ltr'><strong>monio</strong></span> <span class='ocrx_word' id='word_1_426' title='bbox 689 5114 916 5185; x_wconf 88' lang='lat' dir='ltr'><strong>Christi,</strong></span> <span class='ocrx_word' id='word_1_427' title='bbox 935 5118 1137 5183; x_wconf 89' lang='lat' dir='ltr'><strong>dicens,</strong></span> <span class='ocrx_word' id='word_1_428' title='bbox 1161 5120 1214 5175; x_wconf 92' lang='lat' dir='ltr'><strong>in</strong></span> <span class='ocrx_word' id='word_1_429' title='bbox 1235 5136 1650 5191; x_wconf 88' lang='lat' dir='ltr'><strong>eomansurum,</strong></span> <span class='ocrx_word' id='word_1_430' title='bbox 1670 5142 1739 5181; x_wconf 90' lang='lat' dir='ltr'><strong>ne</strong></span> <span class='ocrx_word' id='word_1_431' title='bbox 1759 5128 2049 5199; x_wconf 85' lang='lat' dir='ltr'><strong>aliquando</strong></span> 
     </span>
    </p>
   </div>
   <div class='ocr_carea' id='block_1_57' title="bbox 476 5204 2048 5289">
    <p class='ocr_par' dir='ltr' id='par_1_57' title="bbox 476 5204 2048 5289">
     <span class='ocr_line' id='line_1_57' title="bbox 476 5204 2048 5289; baseline 0.01 -31"><span class='ocrx_word' id='word_1_432' title='bbox 476 5204 548 5259; x_wconf 89' lang='lat' dir='ltr'><strong>ab</strong></span> <span class='ocrx_word' id='word_1_433' title='bbox 581 5205 798 5262; x_wconf 67' lang='lat' dir='ltr'><strong>Achaiae</strong></span> <span class='ocrx_word' id='word_1_434' title='bbox 854 5209 1162 5279; x_wconf 79' lang='lat' dir='ltr'><strong>regionibus</strong></span> <span class='ocrx_word' id='word_1_435' title='bbox 1209 5213 1477 5283; x_wconf 88' lang='lat' dir='ltr'><strong>acciperet</strong></span> <span class='ocrx_word' id='word_1_436' title='bbox 1506 5233 1520 5269; x_wconf 88' lang='lat'><strong>:</strong></span> <span class='ocrx_word' id='word_1_437' title='bbox 1552 5214 1729 5282; x_wconf 86' lang='lat' dir='ltr'><strong>Quare</strong></span> <span class='ocrx_word' id='word_1_438' title='bbox 1748 5217 1774 5271; x_wconf 83' lang='lat'><strong>?</strong></span> <span class='ocrx_word' id='word_1_439' title='bbox 1794 5220 1918 5289; x_wconf 83' lang='lat' dir='ltr'><strong>quia</strong></span> <span class='ocrx_word' id='word_1_440' title='bbox 1945 5235 2048 5274; x_wconf 89' lang='lat' dir='ltr'><strong>non</strong></span> 
     </span>
    </p>
   </div>
   <div class='ocr_carea' id='block_1_58' title="bbox 472 5290 2048 5363">
    <p class='ocr_par' dir='ltr' id='par_1_58' title="bbox 472 5290 2048 5363">
     <span class='ocr_line' id='line_1_58' title="bbox 472 5290 2048 5363; baseline 0.011 -18"><span class='ocrx_word' id='word_1_441' title='bbox 472 5290 639 5363; x_wconf 79' lang='lat' dir='ltr'><strong>diligo</strong></span> <span class='ocrx_word' id='word_1_442' title='bbox 684 5295 817 5350; x_wconf 75' lang='lat' dir='ltr'><strong>vos?</strong></span> <span class='ocrx_word' id='word_1_443' title='bbox 860 5294 1003 5352; x_wconf 85' lang='lat' dir='ltr'><strong>Deus</strong></span> <span class='ocrx_word' id='word_1_444' title='bbox 1052 5299 1169 5353; x_wconf 85' lang='lat' dir='ltr'><strong>scit.</strong></span> <span class='ocrx_word' id='word_1_445' title='bbox 1221 5299 1446 5357; x_wconf 81' lang='lat' dir='ltr'><strong>Reddita</strong></span> <span class='ocrx_word' id='word_1_446' title='bbox 1496 5304 1704 5359; x_wconf 83' lang='lat' dir='ltr'><strong>ratione</strong></span> <span class='ocrx_word' id='word_1_447' title='bbox 1745 5306 1906 5361; x_wconf 91' lang='lat' dir='ltr'><strong>etiam</strong></span> <span class='ocrx_word' id='word_1_448' title='bbox 1952 5307 2048 5363; x_wconf 89' lang='lat' dir='ltr'><strong>Dei</strong></span> 
     </span>
    </p>
   </div>
   <div class='ocr_carea' id='block_1_59' title="bbox 472 5385 2051 5467">
    <p class='ocr_par' dir='ltr' id='par_1_59' title="bbox 472 5385 2051 5467">
     <span class='ocr_line' id='line_1_59' title="bbox 472 5385 2051 5467; baseline 0.01 -27"><span class='ocrx_word' id='word_1_449' title='bbox 472 5385 760 5445; x_wconf 74' lang='lat' dir='ltr'><strong>scientiam</strong></span> <span class='ocrx_word' id='word_1_450' title='bbox 794 5396 985 5444; x_wconf 89' lang='lat' dir='ltr'><strong>testem</strong></span> <span class='ocrx_word' id='word_1_451' title='bbox 1015 5390 1106 5446; x_wconf 91' lang='lat' dir='ltr'><strong>dat</strong></span> <span class='ocrx_word' id='word_1_452' title='bbox 1132 5390 1436 5448; x_wconf 89' lang='lat' dir='ltr'><strong>dilectionis</strong></span> <span class='ocrx_word' id='word_1_453' title='bbox 1460 5410 1591 5458; x_wconf 68' lang='lat' dir='ltr'><strong>suae,</strong></span> <span class='ocrx_word' id='word_1_454' title='bbox 1623 5413 1785 5467; x_wconf 86' lang='lat' dir='ltr'><strong>quam</strong></span> <span class='ocrx_word' id='word_1_455' title='bbox 1814 5399 2051 5456; x_wconf 88' lang='lat' dir='ltr'><strong>habebat</strong></span> 
     </span>
    </p>
   </div>
   <div class='ocr_carea' id='block_1_60' title="bbox 470 5481 2050 5561">
    <p class='ocr_par' dir='ltr' id='par_1_60' title="bbox 470 5481 2050 5561">
     <span class='ocr_line' id='line_1_60' title="bbox 470 5481 2050 5561; baseline 0.009 -29"><span class='ocrx_word' id='word_1_456' title='bbox 470 5492 607 5549; x_wconf 81' lang='lat' dir='ltr'><strong>erga</strong></span> <span class='ocrx_word' id='word_1_457' title='bbox 633 5486 746 5545; x_wconf 85' lang='lat' dir='ltr'><strong>eos,</strong></span> <span class='ocrx_word' id='word_1_458' title='bbox 771 5481 896 5550; x_wconf 91' lang='lat' dir='ltr'><strong>quia</strong></span> <span class='ocrx_word' id='word_1_459' title='bbox 925 5497 1029 5536; x_wconf 93' lang='lat' dir='ltr'><strong>non</strong></span> <span class='ocrx_word' id='word_1_460' title='bbox 1063 5483 1184 5539; x_wconf 88' lang='lat' dir='ltr'><strong>ideo</strong></span> <span class='ocrx_word' id='word_1_461' title='bbox 1214 5483 1430 5541; x_wconf 88' lang='lat' dir='ltr'><strong>nolebat</strong></span> <span class='ocrx_word' id='word_1_462' title='bbox 1470 5489 1738 5559; x_wconf 86' lang='lat' dir='ltr'><strong>accipere,</strong></span> <span class='ocrx_word' id='word_1_463' title='bbox 1782 5492 1909 5561; x_wconf 89' lang='lat' dir='ltr'><strong>quia</strong></span> <span class='ocrx_word' id='word_1_464' title='bbox 1942 5507 2050 5547; x_wconf 90' lang='lat' dir='ltr'><strong>non</strong></span> 
     </span>
    </p>
   </div>
   <div class='ocr_carea' id='block_1_61' title="bbox 474 5567 2051 5647">
    <p class='ocr_par' dir='ltr' id='par_1_61' title="bbox 474 5567 2051 5647">
     <span class='ocr_line' id='line_1_61' title="bbox 474 5567 2051 5647; baseline 0.01 -25"><span class='ocrx_word' id='word_1_465' title='bbox 474 5567 599 5623; x_wconf 88' lang='lat' dir='ltr'><strong>illos</strong></span> <span class='ocrx_word' id='word_1_466' title='bbox 624 5568 898 5640; x_wconf 78' lang='lat' dir='ltr'><strong>diligebat,</strong></span> <span class='ocrx_word' id='word_1_467' title='bbox 940 5573 1034 5626; x_wconf 89' lang='lat' dir='ltr'><strong>sed</strong></span> <span class='ocrx_word' id='word_1_468' title='bbox 1076 5572 1196 5628; x_wconf 91' lang='lat' dir='ltr'><strong>ideo</strong></span> <span class='ocrx_word' id='word_1_469' title='bbox 1227 5576 1416 5647; x_wconf 84' lang='lat' dir='ltr'><strong>magis,</strong></span> <span class='ocrx_word' id='word_1_470' title='bbox 1449 5578 1573 5647; x_wconf 90' lang='lat' dir='ltr'><strong>quia</strong></span> <span class='ocrx_word' id='word_1_471' title='bbox 1601 5580 1818 5634; x_wconf 88' lang='lat' dir='ltr'><strong>amabat</strong></span> <span class='ocrx_word' id='word_1_472' title='bbox 1850 5595 1964 5647; x_wconf 91' lang='lat' dir='ltr'><strong>eos,</strong></span> <span class='ocrx_word' id='word_1_473' title='bbox 1992 5590 2051 5637; x_wconf 91' lang='lat' dir='ltr'><strong>ut</strong></span> 
     </span>
    </p>
   </div>
   <div class='ocr_carea' id='block_1_62' title="bbox 374 5658 2048 5736">
    <p class='ocr_par' dir='ltr' id='par_1_62' title="bbox 374 5658 2048 5736">
     <span class='ocr_line' id='line_1_62' title="bbox 374 5658 2048 5736; baseline 0.011 -25"><span class='ocrx_word' id='word_1_474' title='bbox 374 5682 379 5687; x_wconf 56' lang='grc' dir='ltr'><strong><em>α</em></strong></span> <span class='ocrx_word' id='word_1_475' title='bbox 475 5658 582 5713; x_wconf 81' lang='lat' dir='ltr'><strong>hoc</strong></span> <span class='ocrx_word' id='word_1_476' title='bbox 622 5658 797 5728; x_wconf 88' lang='lat' dir='ltr'><strong>ipsum</strong></span> <span class='ocrx_word' id='word_1_477' title='bbox 843 5661 1122 5732; x_wconf 87' lang='lat' dir='ltr'><strong>prodesset</strong></span> <span class='ocrx_word' id='word_1_478' title='bbox 1155 5664 1279 5732; x_wconf 90' lang='lat' dir='ltr'><strong>illis,</strong></span> <span class='ocrx_word' id='word_1_479' title='bbox 1310 5666 1452 5722; x_wconf 90' lang='lat' dir='ltr'><strong>sicut</strong></span> <span class='ocrx_word' id='word_1_480' title='bbox 1497 5669 1630 5725; x_wconf 81' lang='lat' dir='ltr'><strong>dixi.</strong></span> <span class='ocrx_word' id='word_1_481' title='bbox 1684 5669 1838 5736; x_wconf 72' lang='lat' dir='ltr'><strong>Quod</strong></span> <span class='ocrx_word' id='word_1_482' title='bbox 1873 5680 2048 5729; x_wconf 80' lang='lat' dir='ltr'><strong>autem</strong></span> 
     </span>
    </p>
   </div>
   <div class='ocr_carea' id='block_1_63' title="bbox 474 5748 2052 5839">
    <p class='ocr_par' dir='ltr' id='par_1_63' title="bbox 474 5748 2052 5839">
     <span class='ocr_line' id='line_1_63' title="bbox 474 5748 2052 5839; baseline 0.008 -31"><span class='ocrx_word' id='word_1_483' title='bbox 474 5748 639 5821; x_wconf 67' lang='lat' dir='ltr'><strong>facio,</strong></span> <span class='ocrx_word' id='word_1_484' title='bbox 682 5762 730 5808; x_wconf 85' lang='lat' dir='ltr'><strong>et</strong></span> <span class='ocrx_word' id='word_1_485' title='bbox 756 5753 973 5822; x_wconf 78' lang='lat' dir='ltr'><strong>faciam,</strong></span> <span class='ocrx_word' id='word_1_486' title='bbox 1008 5766 1062 5811; x_wconf 87' lang='lat' dir='ltr'><strong>ut</strong></span> <span class='ocrx_word' id='word_1_487' title='bbox 1101 5769 1362 5830; x_wconf 70' lang='lat' dir='ltr'><strong>amputem</strong></span> <span class='ocrx_word' id='word_1_488' title='bbox 1390 5763 1714 5824; x_wconf 81' lang='lat' dir='ltr'><strong>occasionem</strong></span> <span class='ocrx_word' id='word_1_489' title='bbox 1739 5780 1939 5833; x_wconf 81' lang='lat' dir='ltr'><strong>eorum,</strong></span> <span class='ocrx_word' id='word_1_490' title='bbox 1962 5766 2052 5839; x_wconf 78' lang='lat' dir='ltr'><strong>qui</strong></span> 
     </span>
    </p>
   </div>
   <div class='ocr_carea' id='block_1_64' title="bbox 2084 4535 2135 4596">
    <p class='ocr_par' dir='ltr' id='par_1_64' title="bbox 2084 4535 2135 4596">
     <span class='ocr_line' id='line_1_64' title="bbox 2084 4535 2135 4596; baseline 0 0"><span class='ocrx_word' id='word_1_491' title='bbox 2084 4535 2135 4596; x_wconf 90' lang='lat' dir='ltr'><strong>D</strong></span> 
     </span>
    </p>
   </div>
   <div class='ocr_carea' id='block_1_65' title="bbox 2164 573 3743 648">
    <p class='ocr_par' dir='ltr' id='par_1_65' title="bbox 2164 573 3743 648">
     <span class='ocr_line' id='line_1_65' title="bbox 2164 573 3743 648; baseline 0.003 -18"><span class='ocrx_word' id='word_1_492' title='bbox 2164 577 2297 632; x_wconf 81' lang='lat' dir='ltr'><strong>sicut</strong></span> <span class='ocrx_word' id='word_1_493' title='bbox 2329 587 2379 633; x_wconf 90' lang='lat' dir='ltr'><strong>et</strong></span> <span class='ocrx_word' id='word_1_494' title='bbox 2409 595 2523 633; x_wconf 90' lang='lat' dir='ltr'><strong>nos.</strong></span> <span class='ocrx_word' id='word_1_495' title='bbox 2569 576 2752 634; x_wconf 86' lang='lat' dir='ltr'><strong>Gloria</strong></span> <span class='ocrx_word' id='word_1_496' title='bbox 2782 573 3356 648; x_wconf 87' lang='lat' dir='ltr'><strong>pseudoapostolorum</strong></span> <span class='ocrx_word' id='word_1_497' title='bbox 3393 575 3450 630; x_wconf 92' lang='lat' dir='ltr'><strong>in</strong></span> <span class='ocrx_word' id='word_1_498' title='bbox 3493 578 3743 645; x_wconf 79' lang='lat' dir='ltr'><strong>pecuniis</strong></span> 
     </span>
    </p>
   </div>
   <div class='ocr_carea' id='block_1_66' title="bbox 2165 667 3743 744">
    <p class='ocr_par' dir='ltr' id='par_1_66' title="bbox 2165 667 3743 744">
     <span class='ocr_line' id='line_1_66' title="bbox 2165 667 3743 744; baseline 0.002 -20"><span class='ocrx_word' id='word_1_499' title='bbox 2165 677 2283 724; x_wconf 88' lang='lat' dir='ltr'><strong>erat</strong></span> <span class='ocrx_word' id='word_1_500' title='bbox 2328 670 2678 740; x_wconf 88' lang='lat' dir='ltr'><strong>accipiendis,</strong></span> <span class='ocrx_word' id='word_1_501' title='bbox 2720 670 2842 726; x_wconf 90' lang='lat' dir='ltr'><strong>ideo</strong></span> <span class='ocrx_word' id='word_1_502' title='bbox 2890 669 3179 744; x_wconf 74' lang='lat' dir='ltr'><strong>Apostolus</strong></span> <span class='ocrx_word' id='word_1_503' title='bbox 3202 668 3313 724; x_wconf 80' lang='lat' dir='ltr'><strong>hoc</strong></span> <span class='ocrx_word' id='word_1_504' title='bbox 3364 667 3641 735; x_wconf 90' lang='lat' dir='ltr'><strong>refutavit,</strong></span> <span class='ocrx_word' id='word_1_505' title='bbox 3668 687 3743 727; x_wconf 83' lang='lat' dir='ltr'><strong>ne</strong></span> 
     </span>
    </p>
   </div>
   <div class='ocr_carea' id='block_1_67' title="bbox 2168 756 3745 830">
    <p class='ocr_par' dir='ltr' id='par_1_67' title="bbox 2168 756 3745 830">
     <span class='ocr_line' id='line_1_67' title="bbox 2168 756 3745 830; baseline 0.003 -18"><span class='ocrx_word' id='word_1_506' title='bbox 2168 756 2270 813; x_wconf 91' lang='lat' dir='ltr'><strong>illis</strong></span> <span class='ocrx_word' id='word_1_507' title='bbox 2304 758 2498 814; x_wconf 91' lang='lat' dir='ltr'><strong>similis</strong></span> <span class='ocrx_word' id='word_1_508' title='bbox 2551 760 2843 825; x_wconf 77' lang='lat' dir='ltr'><strong>videretur,</strong></span> <span class='ocrx_word' id='word_1_509' title='bbox 2900 760 3029 830; x_wconf 87' lang='lat' dir='ltr'><strong>quia</strong></span> <span class='ocrx_word' id='word_1_510' title='bbox 3082 760 3186 817; x_wconf 83' lang='lat' dir='ltr'><strong>nisi</strong></span> <span class='ocrx_word' id='word_1_511' title='bbox 3227 759 3332 815; x_wconf 91' lang='lat' dir='ltr'><strong>hoc</strong></span> <span class='ocrx_word' id='word_1_512' title='bbox 3379 759 3449 815; x_wconf 89' lang='lat' dir='ltr'><strong>ab</strong></span> <span class='ocrx_word' id='word_1_513' title='bbox 3480 760 3745 830; x_wconf 82' lang='lat' dir='ltr'><strong>Apostolo</strong></span> 
     </span>
    </p>
   </div>
   <div class='ocr_carea' id='block_1_68' title="bbox 2165 847 3745 920">
    <p class='ocr_par' dir='ltr' id='par_1_68' title="bbox 2165 847 3745 920">
     <span class='ocr_line' id='line_1_68' title="bbox 2165 847 3745 920; baseline 0.004 -19"><span class='ocrx_word' id='word_1_514' title='bbox 2165 847 2387 902; x_wconf 86' lang='lat' dir='ltr'><strong>vitatum</strong></span> <span class='ocrx_word' id='word_1_515' title='bbox 2413 848 2625 915; x_wconf 80' lang='lat' dir='ltr'><strong>fuisset,</strong></span> <span class='ocrx_word' id='word_1_516' title='bbox 2658 850 2832 920; x_wconf 86' lang='lat' dir='ltr'><strong>major</strong></span> <span class='ocrx_word' id='word_1_517' title='bbox 2858 851 3071 907; x_wconf 87' lang='lat' dir='ltr'><strong>occasio</strong></span> <span class='ocrx_word' id='word_1_518' title='bbox 3105 849 3213 906; x_wconf 89' lang='lat' dir='ltr'><strong>illis</strong></span> <span class='ocrx_word' id='word_1_519' title='bbox 3258 850 3385 906; x_wconf 85' lang='lat' dir='ltr'><strong>data</strong></span> <span class='ocrx_word' id='word_1_520' title='bbox 3416 850 3610 907; x_wconf 89' lang='lat' dir='ltr'><strong>fuisset</strong></span> <span class='ocrx_word' id='word_1_521' title='bbox 3648 866 3745 907; x_wconf 84' lang='lat' dir='ltr'><strong>ac-</strong></span> 
     </span>
    </p>
   </div>
   <div class='ocr_carea' id='block_1_69' title="bbox 2164 939 3743 1011">
    <p class='ocr_par' dir='ltr' id='par_1_69' title="bbox 2164 939 3743 1011">
     <span class='ocr_line' id='line_1_69' title="bbox 2164 939 3743 1011; baseline 0.003 -17"><span class='ocrx_word' id='word_1_522' title='bbox 2164 939 2414 1008; x_wconf 90' lang='lat' dir='ltr'><strong>cipiendi,</strong></span> <span class='ocrx_word' id='word_1_523' title='bbox 2456 947 2550 994; x_wconf 87' lang='lat' dir='ltr'><strong>aut</strong></span> <span class='ocrx_word' id='word_1_524' title='bbox 2585 941 2758 1010; x_wconf 77' lang='lat' dir='ltr'><strong>magis</strong></span> <span class='ocrx_word' id='word_1_525' title='bbox 2791 940 3169 1011; x_wconf 82' lang='lat' dir='ltr'><strong>extorquendi,</strong></span> <span class='ocrx_word' id='word_1_526' title='bbox 3197 941 3416 1010; x_wconf 87' lang='lat' dir='ltr'><strong>quando</strong></span> <span class='ocrx_word' id='word_1_527' title='bbox 3438 942 3492 996; x_wconf 88' lang='lat' dir='ltr'><strong>in</strong></span> <span class='ocrx_word' id='word_1_528' title='bbox 3522 943 3631 999; x_wconf 89' lang='lat' dir='ltr'><strong>hac</strong></span> <span class='ocrx_word' id='word_1_529' title='bbox 3678 957 3743 998; x_wconf 79' lang='lat' dir='ltr'><strong>re</strong></span> 
     </span>
    </p>
   </div>
   <div class='ocr_carea' id='block_1_70' title="bbox 2117 1027 3509 1100">
    <p class='ocr_par' dir='ltr' id='par_1_70' title="bbox 2117 1027 3509 1100">
     <span class='ocr_line' id='line_1_70' title="bbox 2117 1027 3509 1100; baseline 0.001 -16"><span class='ocrx_word' id='word_1_530' title='bbox 2117 1034 2128 1045; x_wconf 93' lang='lat'><strong><em>&#39;</em></strong></span> <span class='ocrx_word' id='word_1_531' title='bbox 2165 1027 2392 1085; x_wconf 89' lang='lat' dir='ltr'><strong>formam</strong></span> <span class='ocrx_word' id='word_1_532' title='bbox 2430 1031 2500 1086; x_wconf 89' lang='lat' dir='ltr'><strong>ab</strong></span> <span class='ocrx_word' id='word_1_533' title='bbox 2552 1031 2807 1100; x_wconf 82' lang='lat' dir='ltr'><strong>Apostolo</strong></span> <span class='ocrx_word' id='word_1_534' title='bbox 2860 1032 3041 1086; x_wconf 88' lang='lat' dir='ltr'><strong>datam</strong></span> <span class='ocrx_word' id='word_1_535' title='bbox 3097 1033 3462 1088; x_wconf 89' lang='lat' dir='ltr'><strong>ostenderent.</strong></span> <span class='ocrx_word' id='word_1_536' title='bbox 3504 1078 3509 1085; x_wconf 94' lang='lat'><strong>.</strong></span> 
     </span>
    </p>
   </div>
   <div class='ocr_carea' id='block_1_71' title="bbox 2236 1119 3743 1193">
    <p class='ocr_par' dir='ltr' id='par_1_71' title="bbox 2236 1119 3743 1193">
     <span class='ocr_line' id='line_1_71' title="bbox 2236 1119 3743 1193; baseline 0.005 -21"><span class='ocrx_word' id='word_1_537' title='bbox 2236 1119 2377 1173; x_wconf 81' lang='lat' dir='ltr'><strong>Nam</strong></span> <span class='ocrx_word' id='word_1_538' title='bbox 2398 1119 2653 1191; x_wconf 85' lang='lat' dir='ltr'><strong>ejusmodi</strong></span> <span class='ocrx_word' id='word_1_539' title='bbox 2674 1121 3097 1192; x_wconf 80' lang='lat' dir='ltr'><strong>pseudoapostoli</strong></span> <span class='ocrx_word' id='word_1_540' title='bbox 3114 1125 3338 1193; x_wconf 83' lang='lat' dir='ltr'><strong>operarii</strong></span> <span class='ocrx_word' id='word_1_541' title='bbox 3361 1124 3566 1179; x_wconf 83' lang='lat' dir='ltr'><strong>subdoli</strong></span> <span class='ocrx_word' id='word_1_542' title='bbox 3590 1134 3743 1185; x_wconf 83' lang='lat' dir='ltr'><strong>sunt.</strong></span> 
     </span>
    </p>
   </div>
   <div class='ocr_carea' id='block_1_72' title="bbox 2164 1208 3741 1281">
    <p class='ocr_par' dir='ltr' id='par_1_72' title="bbox 2164 1208 3741 1281">
     <span class='ocr_line' id='line_1_72' title="bbox 2164 1208 3741 1281; baseline 0.002 -17"><span class='ocrx_word' id='word_1_543' title='bbox 2164 1210 2599 1281; x_wconf 75' lang='lat' dir='ltr'><strong>transﬁgurantes</strong></span> <span class='ocrx_word' id='word_1_544' title='bbox 2650 1211 2705 1265; x_wconf 86' lang='lat' dir='ltr'><strong>in</strong></span> <span class='ocrx_word' id='word_1_545' title='bbox 2752 1210 3012 1280; x_wconf 82' lang='lat' dir='ltr'><strong>apostolos</strong></span> <span class='ocrx_word' id='word_1_546' title='bbox 3057 1208 3274 1266; x_wconf 81' lang='lat' dir='ltr'><strong>Christi.</strong></span> <span class='ocrx_word' id='word_1_547' title='bbox 3341 1211 3571 1269; x_wconf 84' lang='lat' dir='ltr'><strong>Subdoli</strong></span> <span class='ocrx_word' id='word_1_548' title='bbox 3607 1220 3741 1268; x_wconf 82' lang='lat' dir='ltr'><strong>sunt</strong></span> 
     </span>
    </p>
   </div>
   <div class='ocr_carea' id='block_1_73' title="bbox 2162 1299 3737 1371">
    <p class='ocr_par' dir='ltr' id='par_1_73' title="bbox 2162 1299 3737 1371">
     <span class='ocr_line' id='line_1_73' title="bbox 2162 1299 3737 1371; baseline 0.002 -17"><span class='ocrx_word' id='word_1_549' title='bbox 2162 1300 2288 1370; x_wconf 86' lang='lat' dir='ltr'><strong>quia</strong></span> <span class='ocrx_word' id='word_1_550' title='bbox 2313 1300 2367 1354; x_wconf 85' lang='lat' dir='ltr'><strong>in</strong></span> <span class='ocrx_word' id='word_1_551' title='bbox 2393 1299 2638 1363; x_wconf 87' lang='lat' dir='ltr'><strong>avaritia,</strong></span> <span class='ocrx_word' id='word_1_552' title='bbox 2663 1307 2717 1355; x_wconf 93' lang='lat' dir='ltr'><strong>et</strong></span> <span class='ocrx_word' id='word_1_553' title='bbox 2741 1315 2845 1355; x_wconf 90' lang='lat' dir='ltr'><strong>non</strong></span> <span class='ocrx_word' id='word_1_554' title='bbox 2875 1301 3123 1371; x_wconf 86' lang='lat' dir='ltr'><strong>religiosa</strong></span> <span class='ocrx_word' id='word_1_555' title='bbox 3153 1309 3354 1366; x_wconf 87' lang='lat' dir='ltr'><strong>mente,</strong></span> <span class='ocrx_word' id='word_1_556' title='bbox 3376 1315 3552 1371; x_wconf 74' lang='lat' dir='ltr'><strong>Itaque</strong></span> <span class='ocrx_word' id='word_1_557' title='bbox 3582 1301 3737 1357; x_wconf 84' lang='lat' dir='ltr'><strong>missi</strong></span> 
     </span>
    </p>
   </div>
   <div class='ocr_carea' id='block_1_74' title="bbox 2164 1389 3744 1461">
    <p class='ocr_par' dir='ltr' id='par_1_74' title="bbox 2164 1389 3744 1461">
     <span class='ocr_line' id='line_1_74' title="bbox 2164 1389 3744 1461; baseline -0.001 -16"><span class='ocrx_word' id='word_1_558' title='bbox 2164 1390 2458 1459; x_wconf 81' lang='lat' dir='ltr'><strong>praedicant</strong></span> <span class='ocrx_word' id='word_1_559' title='bbox 2481 1389 2778 1456; x_wconf 84' lang='lat' dir='ltr'><strong>Christum,</strong></span> <span class='ocrx_word' id='word_1_560' title='bbox 2810 1406 3004 1446; x_wconf 89' lang='lat' dir='ltr'><strong>nomen</strong></span> <span class='ocrx_word' id='word_1_561' title='bbox 3043 1390 3145 1446; x_wconf 88' lang='lat' dir='ltr'><strong>sibi</strong></span> <span class='ocrx_word' id='word_1_562' title='bbox 3199 1390 3551 1461; x_wconf 88' lang='lat' dir='ltr'><strong>apostolicum</strong></span> <span class='ocrx_word' id='word_1_563' title='bbox 3577 1406 3744 1445; x_wconf 87' lang='lat' dir='ltr'><strong>usur-</strong></span> 
     </span>
    </p>
   </div>
   <div class='ocr_carea' id='block_1_75' title="bbox 2163 1481 3743 1554">
    <p class='ocr_par' dir='ltr' id='par_1_75' title="bbox 2163 1481 3743 1554">
     <span class='ocr_line' id='line_1_75' title="bbox 2163 1481 3743 1554; baseline 0.001 -19"><span class='ocrx_word' id='word_1_564' title='bbox 2163 1490 2371 1553; x_wconf 88' lang='lat' dir='ltr'><strong>pantes.</strong></span> <span class='ocrx_word' id='word_1_565' title='bbox 2402 1481 2472 1537; x_wconf 85' lang='lat' dir='ltr'><strong>Et</strong></span> <span class='ocrx_word' id='word_1_566' title='bbox 2492 1499 2597 1538; x_wconf 90' lang='lat' dir='ltr'><strong>non</strong></span> <span class='ocrx_word' id='word_1_567' title='bbox 2621 1485 2811 1537; x_wconf 88' lang='lat' dir='ltr'><strong>mirum</strong></span> <span class='ocrx_word' id='word_1_568' title='bbox 2832 1500 2851 1538; x_wconf 90' lang='lat'><strong><em>:</em></strong></span> <span class='ocrx_word' id='word_1_569' title='bbox 2884 1484 2993 1553; x_wconf 87' lang='lat' dir='ltr'><strong>ipse</strong></span> <span class='ocrx_word' id='word_1_570' title='bbox 3017 1484 3154 1538; x_wconf 89' lang='lat' dir='ltr'><strong>enim</strong></span> <span class='ocrx_word' id='word_1_571' title='bbox 3194 1481 3424 1538; x_wconf 87' lang='lat' dir='ltr'><strong>Satanas</strong></span> <span class='ocrx_word' id='word_1_572' title='bbox 3446 1484 3743 1554; x_wconf 76' lang='lat' dir='ltr'><strong>transfigu-</strong></span> 
     </span>
    </p>
   </div>
   <div class='ocr_carea' id='block_1_76' title="bbox 2166 1571 3741 1643">
    <p class='ocr_par' dir='ltr' id='par_1_76' title="bbox 2166 1571 3741 1643">
     <span class='ocr_line' id='line_1_76' title="bbox 2166 1571 3741 1643; baseline 0.002 -18"><span class='ocrx_word' id='word_1_573' title='bbox 2166 1580 2325 1626; x_wconf 87' lang='lat' dir='ltr'><strong>ratse</strong></span> <span class='ocrx_word' id='word_1_574' title='bbox 2364 1572 2418 1625; x_wconf 81' lang='lat' dir='ltr'><strong>in</strong></span> <span class='ocrx_word' id='word_1_575' title='bbox 2454 1571 2697 1642; x_wconf 83' lang='lat' dir='ltr'><strong>angelum</strong></span> <span class='ocrx_word' id='word_1_576' title='bbox 2737 1572 2891 1627; x_wconf 86' lang='lat' dir='ltr'><strong>lucis.</strong></span> <span class='ocrx_word' id='word_1_577' title='bbox 2946 1572 3286 1629; x_wconf 85' lang='lat' dir='ltr'><strong>Manifestum</strong></span> <span class='ocrx_word' id='word_1_578' title='bbox 3337 1581 3441 1640; x_wconf 89' lang='lat' dir='ltr'><strong>est,</strong></span> <span class='ocrx_word' id='word_1_579' title='bbox 3470 1573 3598 1643; x_wconf 88' lang='lat' dir='ltr'><strong>quia</strong></span> <span class='ocrx_word' id='word_1_580' title='bbox 3626 1572 3741 1628; x_wconf 87' lang='lat' dir='ltr'><strong>fre—</strong></span> 
     </span>
    </p>
   </div>
   <div class='ocr_carea' id='block_1_77' title="bbox 2164 1661 3740 1731">
    <p class='ocr_par' dir='ltr' id='par_1_77' title="bbox 2164 1661 3740 1731">
     <span class='ocr_line' id='line_1_77' title="bbox 2164 1661 3740 1731; baseline 0.004 -17"><span class='ocrx_word' id='word_1_581' title='bbox 2164 1669 2396 1730; x_wconf 89' lang='lat' dir='ltr'><strong>quenter</strong></span> <span class='ocrx_word' id='word_1_582' title='bbox 2443 1661 2641 1717; x_wconf 90' lang='lat' dir='ltr'><strong>multos</strong></span> <span class='ocrx_word' id='word_1_583' title='bbox 2669 1662 2806 1716; x_wconf 89' lang='lat' dir='ltr'><strong>fallit</strong></span> <span class='ocrx_word' id='word_1_584' title='bbox 2862 1661 3111 1729; x_wconf 88' lang='lat' dir='ltr'><strong>Satanas,</strong></span> <span class='ocrx_word' id='word_1_585' title='bbox 3165 1665 3453 1721; x_wconf 82' lang='lat' dir='ltr'><strong>ostendens</strong></span> <span class='ocrx_word' id='word_1_586' title='bbox 3502 1680 3563 1720; x_wconf 86' lang='lat' dir='ltr'><strong>se</strong></span> <span class='ocrx_word' id='word_1_587' title='bbox 3607 1665 3740 1731; x_wconf 87' lang='lat' dir='ltr'><strong>illis.</strong></span> 
     </span>
    </p>
   </div>
   <div class='ocr_carea' id='block_1_78' title="bbox 2166 1750 3745 1821">
    <p class='ocr_par' dir='ltr' id='par_1_78' title="bbox 2166 1750 3745 1821">
     <span class='ocr_line' id='line_1_78' title="bbox 2166 1750 3745 1821; baseline 0.003 -18"><span class='ocrx_word' id='word_1_588' title='bbox 2166 1750 2322 1817; x_wconf 89' lang='lat' dir='ltr'><strong>quasi</strong></span> <span class='ocrx_word' id='word_1_589' title='bbox 2338 1750 2582 1821; x_wconf 90' lang='lat' dir='ltr'><strong>angelum</strong></span> <span class='ocrx_word' id='word_1_590' title='bbox 2598 1750 2711 1817; x_wconf 83' lang='lat' dir='ltr'><strong>Dei,</strong></span> <span class='ocrx_word' id='word_1_591' title='bbox 2728 1760 2787 1807; x_wconf 93' lang='lat' dir='ltr'><strong>ut</strong></span> <span class='ocrx_word' id='word_1_592' title='bbox 2797 1751 3029 1821; x_wconf 90' lang='lat' dir='ltr'><strong>decipiat</strong></span> <span class='ocrx_word' id='word_1_593' title='bbox 3039 1766 3152 1819; x_wconf 85' lang='lat' dir='ltr'><strong>eos;</strong></span> <span class='ocrx_word' id='word_1_594' title='bbox 3162 1753 3303 1807; x_wconf 90' lang='lat' dir='ltr'><strong>unde</strong></span> <span class='ocrx_word' id='word_1_595' title='bbox 3312 1751 3469 1809; x_wconf 77' lang='lat' dir='ltr'><strong>Iesus</strong></span> <span class='ocrx_word' id='word_1_596' title='bbox 3481 1753 3626 1809; x_wconf 80' lang='lat' dir='ltr'><strong>Nave</strong></span> <span class='ocrx_word' id='word_1_597' title='bbox 3639 1753 3745 1810; x_wconf 75' lang='lat' dir='ltr'><strong>sol-</strong></span> 
     </span>
    </p>
   </div>
   <div class='ocr_carea' id='block_1_79' title="bbox 2095 1817 3739 1915">
    <p class='ocr_par' dir='ltr' id='par_1_79' title="bbox 2095 1817 3739 1915">
     <span class='ocr_line' id='line_1_79' title="bbox 2095 1817 3739 1915; baseline 0.006 -26"><span class='ocrx_word' id='word_1_598' title='bbox 2095 1817 2145 1878; x_wconf 79' lang='grc' dir='ltr'><strong>Β</strong></span> <span class='ocrx_word' id='word_1_599' title='bbox 2174 1836 2353 1893; x_wconf 86' lang='lat' dir='ltr'><strong>licitus</strong></span> <span class='ocrx_word' id='word_1_600' title='bbox 2387 1817 2653 1909; x_wconf 60' lang='lat' dir='ltr'><strong>quamvis,</strong></span> <span class='ocrx_word' id='word_1_601' title='bbox 2681 1840 2804 1910; x_wconf 85' lang='lat' dir='ltr'><strong>quis</strong></span> <span class='ocrx_word' id='word_1_602' title='bbox 2827 1817 2974 1896; x_wconf 78' lang='lat' dir='ltr'><strong>esset</strong></span> <span class='ocrx_word' id='word_1_603' title='bbox 3005 1841 3095 1910; x_wconf 90' lang='lat' dir='ltr'><strong>qui</strong></span> <span class='ocrx_word' id='word_1_604' title='bbox 3121 1817 3170 1896; x_wconf 86' lang='lat' dir='ltr'><strong>ei</strong></span> <span class='ocrx_word' id='word_1_605' title='bbox 3198 1843 3448 1913; x_wconf 81' lang='lat' dir='ltr'><strong>apparuit</strong></span> <span class='ocrx_word' id='word_1_606' title='bbox 3475 1842 3616 1915; x_wconf 73' lang='lat' dir='ltr'><strong>(los.</strong></span> <span class='ocrx_word' id='word_1_607' title='bbox 3642 1843 3739 1915; x_wconf 85' lang='lat' dir='ltr'><strong>v);</strong></span> 
     </span>
    </p>
   </div>
   <div class='ocr_carea' id='block_1_80' title="bbox 2169 1927 3745 2004">
    <p class='ocr_par' dir='ltr' id='par_1_80' title="bbox 2169 1927 3745 2004">
     <span class='ocr_line' id='line_1_80' title="bbox 2169 1927 3745 2004; baseline 0.006 -24"><span class='ocrx_word' id='word_1_608' title='bbox 2169 1934 2227 1980; x_wconf 89' lang='lat' dir='ltr'><strong>et</strong></span> <span class='ocrx_word' id='word_1_609' title='bbox 2254 1927 2481 1997; x_wconf 87' lang='lat' dir='ltr'><strong>apostoli</strong></span> <span class='ocrx_word' id='word_1_610' title='bbox 2514 1928 2566 1982; x_wconf 92' lang='lat' dir='ltr'><strong>in</strong></span> <span class='ocrx_word' id='word_1_611' title='bbox 2594 1944 2733 1987; x_wconf 89' lang='lat' dir='ltr'><strong>nave</strong></span> <span class='ocrx_word' id='word_1_612' title='bbox 2779 1931 3076 2000; x_wconf 82' lang='lat' dir='ltr'><strong>perterriti,</strong></span> <span class='ocrx_word' id='word_1_613' title='bbox 3113 1932 3374 2001; x_wconf 77' lang='lat' dir='ltr'><strong>putabant</strong></span> <span class='ocrx_word' id='word_1_614' title='bbox 3418 1934 3745 2004; x_wconf 79' lang='lat' dir='ltr'><strong>phantasma</strong></span> 
     </span>
    </p>
   </div>
   <div class='ocr_carea' id='block_1_81' title="bbox 2168 2020 3746 2092">
    <p class='ocr_par' dir='ltr' id='par_1_81' title="bbox 2168 2020 3746 2092">
     <span class='ocr_line' id='line_1_81' title="bbox 2168 2020 3746 2092; baseline 0.003 -18"><span class='ocrx_word' id='word_1_615' title='bbox 2168 2031 2311 2084; x_wconf 82' lang='lat' dir='ltr'><strong>esse,</strong></span> <span class='ocrx_word' id='word_1_616' title='bbox 2338 2020 2485 2076; x_wconf 86' lang='lat' dir='ltr'><strong>unde</strong></span> <span class='ocrx_word' id='word_1_617' title='bbox 2508 2020 2703 2076; x_wconf 86' lang='lat' dir='ltr'><strong>Petrus</strong></span> <span class='ocrx_word' id='word_1_618' title='bbox 2734 2022 3010 2092; x_wconf 88' lang='lat' dir='ltr'><strong>apostolus</strong></span> <span class='ocrx_word' id='word_1_619' title='bbox 3034 2023 3231 2080; x_wconf 91' lang='lat' dir='ltr'><strong>dicenti</strong></span> <span class='ocrx_word' id='word_1_620' title='bbox 3260 2025 3486 2082; x_wconf 93' lang='lat' dir='ltr'><strong>Domino</strong></span> <span class='ocrx_word' id='word_1_621' title='bbox 3511 2044 3525 2080; x_wconf 89' lang='lat'><strong>:</strong></span> <span class='ocrx_word' id='word_1_622' title='bbox 3560 2024 3746 2081; x_wconf 77' lang='lat' dir='ltr'><strong>Nolite</strong></span> 
     </span>
    </p>
   </div>
   <div class='ocr_carea' id='block_1_82' title="bbox 2167 2105 3747 2187">
    <p class='ocr_par' dir='ltr' id='par_1_82' title="bbox 2167 2105 3747 2187">
     <span class='ocr_line' id='line_1_82' title="bbox 2167 2105 3747 2187; baseline 0.009 -29"><span class='ocrx_word' id='word_1_623' title='bbox 2167 2105 2372 2172; x_wconf 88' lang='lat' dir='ltr'><strong>timere,</strong></span> <span class='ocrx_word' id='word_1_624' title='bbox 2401 2124 2494 2179; x_wconf 82' lang='lat' dir='ltr'><strong>ego</strong></span> <span class='ocrx_word' id='word_1_625' title='bbox 2520 2125 2658 2176; x_wconf 88' lang='lat' dir='ltr'><strong>sum,</strong></span> <span class='ocrx_word' id='word_1_626' title='bbox 2687 2109 2847 2166; x_wconf 86' lang='lat' dir='ltr'><strong>facile</strong></span> <span class='ocrx_word' id='word_1_627' title='bbox 2881 2111 3131 2178; x_wconf 88' lang='lat' dir='ltr'><strong>credens,</strong></span> <span class='ocrx_word' id='word_1_628' title='bbox 3184 2113 3261 2168; x_wconf 87' lang='lat' dir='ltr'><strong>ait</strong></span> <span class='ocrx_word' id='word_1_629' title='bbox 3291 2131 3305 2166; x_wconf 87' lang='lat'><strong>:</strong></span> <span class='ocrx_word' id='word_1_630' title='bbox 3333 2111 3391 2169; x_wconf 89' lang='lat' dir='ltr'><strong>Si</strong></span> <span class='ocrx_word' id='word_1_631' title='bbox 3419 2123 3476 2169; x_wconf 88' lang='lat' dir='ltr'><strong>tu</strong></span> <span class='ocrx_word' id='word_1_632' title='bbox 3514 2132 3590 2181; x_wconf 91' lang='lat' dir='ltr'><strong>es,</strong></span> <span class='ocrx_word' id='word_1_633' title='bbox 3610 2117 3747 2187; x_wconf 79' lang='lat' dir='ltr'><strong>jubs</strong></span> 
     </span>
    </p>
   </div>
   <div class='ocr_carea' id='block_1_83' title="bbox 2169 2197 3746 2281">
    <p class='ocr_par' dir='ltr' id='par_1_83' title="bbox 2169 2197 3746 2281">
     <span class='ocr_line' id='line_1_83' title="bbox 2169 2197 3746 2281; baseline 0.009 -31"><span class='ocrx_word' id='word_1_634' title='bbox 2169 2211 2252 2250; x_wconf 85' lang='lat' dir='ltr'><strong>me</strong></span> <span class='ocrx_word' id='word_1_635' title='bbox 2271 2197 2440 2281; x_wconf 74' lang='lat' dir='ltr'><strong>venire</strong></span> <span class='ocrx_word' id='word_1_636' title='bbox 2476 2199 2546 2252; x_wconf 84' lang='lat' dir='ltr'><strong>ad</strong></span> <span class='ocrx_word' id='word_1_637' title='bbox 2568 2208 2619 2253; x_wconf 92' lang='lat' dir='ltr'><strong>te</strong></span> <span class='ocrx_word' id='word_1_638' title='bbox 2662 2216 2818 2271; x_wconf 87' lang='lat' dir='ltr'><strong>super</strong></span> <span class='ocrx_word' id='word_1_639' title='bbox 2842 2218 3034 2272; x_wconf 86' lang='lat' dir='ltr'><strong>aquam</strong></span> <span class='ocrx_word' id='word_1_640' title='bbox 3062 2202 3278 2275; x_wconf 77' lang='lat' dir='ltr'><strong>(Matth.</strong></span> <span class='ocrx_word' id='word_1_641' title='bbox 3302 2204 3437 2276; x_wconf 76' lang='lat' dir='ltr'><strong>stv),</strong></span> <span class='ocrx_word' id='word_1_642' title='bbox 3465 2213 3528 2261; x_wconf 89' lang='lat' dir='ltr'><strong>ut</strong></span> <span class='ocrx_word' id='word_1_643' title='bbox 3561 2208 3610 2262; x_wconf 90' lang='lat' dir='ltr'><strong>si</strong></span> <span class='ocrx_word' id='word_1_644' title='bbox 3654 2207 3746 2263; x_wconf 79' lang='lat' dir='ltr'><strong>fir-</strong></span> 
     </span>
    </p>
   </div>
   <div class='ocr_carea' id='block_1_84' title="bbox 2170 2286 3745 2363">
    <p class='ocr_par' dir='ltr' id='par_1_84' title="bbox 2170 2286 3745 2363">
     <span class='ocr_line' id='line_1_84' title="bbox 2170 2286 3745 2363; baseline 0.01 -24"><span class='ocrx_word' id='word_1_645' title='bbox 2170 2286 2332 2340; x_wconf 86' lang='lat' dir='ltr'><strong>miter</strong></span> <span class='ocrx_word' id='word_1_646' title='bbox 2373 2288 2641 2357; x_wconf 90' lang='lat' dir='ltr'><strong>posuisset</strong></span> <span class='ocrx_word' id='word_1_647' title='bbox 2692 2288 2882 2361; x_wconf 86' lang='lat' dir='ltr'><strong>pedem</strong></span> <span class='ocrx_word' id='word_1_648' title='bbox 2941 2306 3103 2363; x_wconf 89' lang='lat' dir='ltr'><strong>super</strong></span> <span class='ocrx_word' id='word_1_649' title='bbox 3147 2308 3336 2363; x_wconf 88' lang='lat' dir='ltr'><strong>aquas,</strong></span> <span class='ocrx_word' id='word_1_650' title='bbox 3364 2295 3528 2352; x_wconf 89' lang='lat' dir='ltr'><strong>sciret</strong></span> <span class='ocrx_word' id='word_1_651' title='bbox 3550 2312 3745 2354; x_wconf 87' lang='lat' dir='ltr'><strong>verum</strong></span> 
     </span>
    </p>
   </div>
   <div class='ocr_carea' id='block_1_85' title="bbox 2169 2378 3744 2456">
    <p class='ocr_par' dir='ltr' id='par_1_85' title="bbox 2169 2378 3744 2456">
     <span class='ocr_line' id='line_1_85' title="bbox 2169 2378 3744 2456; baseline 0.008 -25"><span class='ocrx_word' id='word_1_652' title='bbox 2169 2389 2321 2443; x_wconf 87' lang='lat' dir='ltr'><strong>esse;</strong></span> <span class='ocrx_word' id='word_1_653' title='bbox 2348 2378 2474 2448; x_wconf 87' lang='lat' dir='ltr'><strong>quia</strong></span> <span class='ocrx_word' id='word_1_654' title='bbox 2494 2394 2602 2434; x_wconf 88' lang='lat' dir='ltr'><strong>non</strong></span> <span class='ocrx_word' id='word_1_655' title='bbox 2626 2387 2745 2437; x_wconf 88' lang='lat' dir='ltr'><strong>erat</strong></span> <span class='ocrx_word' id='word_1_656' title='bbox 2766 2381 3088 2451; x_wconf 88' lang='lat' dir='ltr'><strong>phantasma</strong></span> <span class='ocrx_word' id='word_1_657' title='bbox 3109 2384 3252 2454; x_wconf 88' lang='lat' dir='ltr'><strong>quod</strong></span> <span class='ocrx_word' id='word_1_658' title='bbox 3276 2387 3589 2456; x_wconf 88' lang='lat' dir='ltr'><strong>apparebat.</strong></span> <span class='ocrx_word' id='word_1_659' title='bbox 3614 2387 3744 2444; x_wconf 76' lang='lat' dir='ltr'><strong>Non</strong></span> 
     </span>
    </p>
   </div>
   <div class='ocr_carea' id='block_1_86' title="bbox 2168 2471 3741 2549">
    <p class='ocr_par' dir='ltr' id='par_1_86' title="bbox 2168 2471 3741 2549">
     <span class='ocr_line' id='line_1_86' title="bbox 2168 2471 3741 2549; baseline 0.008 -28"><span class='ocrx_word' id='word_1_660' title='bbox 2168 2476 2244 2521; x_wconf 89' lang='lat' dir='ltr'><strong>est</strong></span> <span class='ocrx_word' id='word_1_661' title='bbox 2284 2484 2406 2538; x_wconf 84' lang='lat' dir='ltr'><strong>ergo</strong></span> <span class='ocrx_word' id='word_1_662' title='bbox 2452 2486 2697 2540; x_wconf 84' lang='lat' dir='ltr'><strong>magnum</strong></span> <span class='ocrx_word' id='word_1_663' title='bbox 2742 2471 2788 2527; x_wconf 88' lang='lat' dir='ltr'><strong>si</strong></span> <span class='ocrx_word' id='word_1_664' title='bbox 2841 2473 3069 2531; x_wconf 83' lang='lat' dir='ltr'><strong>ministri</strong></span> <span class='ocrx_word' id='word_1_665' title='bbox 3112 2473 3227 2543; x_wconf 82' lang='lat' dir='ltr'><strong>ejus</strong></span> <span class='ocrx_word' id='word_1_666' title='bbox 3279 2477 3741 2549; x_wconf 71' lang='lat' dir='ltr'><strong>trans/ﬁgurentur,</strong></span> 
     </span>
    </p>
   </div>
   <div class='ocr_carea' id='block_1_87' title="bbox 2169 2557 3737 2637">
    <p class='ocr_par' dir='ltr' id='par_1_87' title="bbox 2169 2557 3737 2637">
     <span class='ocr_line' id='line_1_87' title="bbox 2169 2557 3737 2637; baseline 0.008 -26"><span class='ocrx_word' id='word_1_667' title='bbox 2169 2557 2305 2615; x_wconf 80' lang='lat' dir='ltr'><strong>velut</strong></span> <span class='ocrx_word' id='word_1_668' title='bbox 2325 2560 2550 2614; x_wconf 86' lang='lat' dir='ltr'><strong>ministri</strong></span> <span class='ocrx_word' id='word_1_669' title='bbox 2567 2561 2815 2630; x_wconf 72' lang='lat' dir='ltr'><strong>justitite.</strong></span> <span class='ocrx_word' id='word_1_670' title='bbox 2845 2563 3074 2623; x_wconf 80' lang='lat' dir='ltr'><strong>Ministri</strong></span> <span class='ocrx_word' id='word_1_671' title='bbox 3094 2564 3321 2635; x_wconf 65' lang='lat' dir='ltr'><strong>iustitiae</strong></span> <span class='ocrx_word' id='word_1_672' title='bbox 3337 2568 3564 2636; x_wconf 86' lang='lat' dir='ltr'><strong>apostoli</strong></span> <span class='ocrx_word' id='word_1_673' title='bbox 3588 2579 3737 2637; x_wconf 89' lang='lat' dir='ltr'><strong>sunt,</strong></span> 
     </span>
    </p>
   </div>
   <div class='ocr_carea' id='block_1_88' title="bbox 2167 2650 3745 2731">
    <p class='ocr_par' dir='ltr' id='par_1_88' title="bbox 2167 2650 3745 2731">
     <span class='ocr_line' id='line_1_88' title="bbox 2167 2650 3745 2731; baseline 0.008 -28"><span class='ocrx_word' id='word_1_674' title='bbox 2167 2663 2398 2718; x_wconf 87' lang='lat' dir='ltr'><strong>quorum</strong></span> <span class='ocrx_word' id='word_1_675' title='bbox 2447 2666 2508 2706; x_wconf 88' lang='lat' dir='ltr'><strong>se</strong></span> <span class='ocrx_word' id='word_1_676' title='bbox 2556 2650 2612 2706; x_wconf 92' lang='lat' dir='ltr'><strong>hi</strong></span> <span class='ocrx_word' id='word_1_677' title='bbox 2662 2652 2839 2709; x_wconf 89' lang='lat' dir='ltr'><strong>socios</strong></span> <span class='ocrx_word' id='word_1_678' title='bbox 2885 2654 3302 2723; x_wconf 80' lang='lat' dir='ltr'><strong>mentiebantur,</strong></span> <span class='ocrx_word' id='word_1_679' title='bbox 3346 2665 3408 2713; x_wconf 90' lang='lat' dir='ltr'><strong>ut</strong></span> <span class='ocrx_word' id='word_1_680' title='bbox 3431 2659 3745 2731; x_wconf 88' lang='lat' dir='ltr'><strong>deciperent</strong></span> 
     </span>
    </p>
   </div>
   <div class='ocr_carea' id='block_1_89' title="bbox 2167 2739 3741 2820">
    <p class='ocr_par' dir='ltr' id='par_1_89' title="bbox 2167 2739 3741 2820">
     <span class='ocr_line' id='line_1_89' title="bbox 2167 2739 3741 2820; baseline 0.006 -25"><span class='ocrx_word' id='word_1_681' title='bbox 2167 2739 2464 2796; x_wconf 82' lang='lat' dir='ltr'><strong>audientes.</strong></span> <span class='ocrx_word' id='word_1_682' title='bbox 2506 2739 2742 2807; x_wconf 83' lang='lat' dir='ltr'><strong>Quorum</strong></span> <span class='ocrx_word' id='word_1_683' title='bbox 2789 2742 2915 2812; x_wconf 82' lang='lat' dir='ltr'><strong>ﬁnis</strong></span> <span class='ocrx_word' id='word_1_684' title='bbox 2960 2743 3057 2799; x_wconf 88' lang='lat' dir='ltr'><strong>erit</strong></span> <span class='ocrx_word' id='word_1_685' title='bbox 3098 2746 3382 2802; x_wconf 82' lang='lat' dir='ltr'><strong>secundum</strong></span> <span class='ocrx_word' id='word_1_686' title='bbox 3418 2764 3575 2818; x_wconf 87' lang='lat' dir='ltr'><strong>opera</strong></span> <span class='ocrx_word' id='word_1_687' title='bbox 3603 2750 3741 2820; x_wconf 87' lang='lat' dir='ltr'><strong>ipso-</strong></span> 
     </span>
    </p>
   </div>
   <div class='ocr_carea' id='block_1_90' title="bbox 2167 2828 3741 2907">
    <p class='ocr_par' dir='ltr' id='par_1_90' title="bbox 2167 2828 3741 2907">
     <span class='ocr_line' id='line_1_90' title="bbox 2167 2828 3741 2907; baseline 0.008 -24"><span class='ocrx_word' id='word_1_688' title='bbox 2167 2846 2305 2884; x_wconf 82' lang='lat' dir='ltr'><strong>rum.</strong></span> <span class='ocrx_word' id='word_1_689' title='bbox 2342 2828 2473 2887; x_wconf 89' lang='lat' dir='ltr'><strong>Sine</strong></span> <span class='ocrx_word' id='word_1_690' title='bbox 2498 2830 2681 2895; x_wconf 90' lang='lat' dir='ltr'><strong>dubio,</strong></span> <span class='ocrx_word' id='word_1_691' title='bbox 2719 2832 2847 2904; x_wconf 91' lang='lat' dir='ltr'><strong>quia</strong></span> <span class='ocrx_word' id='word_1_692' title='bbox 2871 2832 3260 2903; x_wconf 74' lang='lat' dir='ltr'><strong>iudicabuntur</strong></span> <span class='ocrx_word' id='word_1_693' title='bbox 3297 2836 3624 2907; x_wconf 75' lang='lat' dir='ltr'><strong>huiusmodi,</strong></span> <span class='ocrx_word' id='word_1_694' title='bbox 3654 2852 3741 2896; x_wconf 88' lang='lat' dir='ltr'><strong>se-</strong></span> 
     </span>
    </p>
   </div>
   <div class='ocr_carea' id='block_1_91' title="bbox 2166 2921 3742 3001">
    <p class='ocr_par' dir='ltr' id='par_1_91' title="bbox 2166 2921 3742 3001">
     <span class='ocr_line' id='line_1_91' title="bbox 2166 2921 3742 3001; baseline 0.006 -24"><span class='ocrx_word' id='word_1_695' title='bbox 2166 2921 2400 2977; x_wconf 86' lang='lat' dir='ltr'><strong>cnndum</strong></span> <span class='ocrx_word' id='word_1_696' title='bbox 2452 2922 2618 2977; x_wconf 89' lang='lat' dir='ltr'><strong>animi</strong></span> <span class='ocrx_word' id='word_1_697' title='bbox 2677 2924 2761 2978; x_wconf 90' lang='lat' dir='ltr'><strong>sui</strong></span> <span class='ocrx_word' id='word_1_698' title='bbox 2820 2925 3136 2995; x_wconf 81' lang='lat' dir='ltr'><strong>nequitiam,</strong></span> <span class='ocrx_word' id='word_1_699' title='bbox 3185 2928 3311 2998; x_wconf 89' lang='lat' dir='ltr'><strong>quia</strong></span> <span class='ocrx_word' id='word_1_700' title='bbox 3358 2944 3464 2984; x_wconf 84' lang='lat' dir='ltr'><strong>non</strong></span> <span class='ocrx_word' id='word_1_701' title='bbox 3519 2939 3742 3001; x_wconf 87' lang='lat' dir='ltr'><strong>propter</strong></span> 
     </span>
    </p>
   </div>
   <div class='ocr_carea' id='block_1_92' title="bbox 2166 3018 3739 3090">
    <p class='ocr_par' dir='ltr' id='par_1_92' title="bbox 2166 3018 3739 3090">
     <span class='ocr_line' id='line_1_92' title="bbox 2166 3018 3739 3090; baseline 0.008 -18"><span class='ocrx_word' id='word_1_702' title='bbox 2166 3018 2356 3084; x_wconf 90' lang='lat' dir='ltr'><strong>Deum,</strong></span> <span class='ocrx_word' id='word_1_703' title='bbox 2384 3018 2478 3074; x_wconf 89' lang='lat' dir='ltr'><strong>scd</strong></span> <span class='ocrx_word' id='word_1_704' title='bbox 2502 3027 2725 3090; x_wconf 87' lang='lat' dir='ltr'><strong>propter</strong></span> <span class='ocrx_word' id='word_1_705' title='bbox 2752 3034 2910 3075; x_wconf 88' lang='lat' dir='ltr'><strong>suum</strong></span> <span class='ocrx_word' id='word_1_706' title='bbox 2931 3031 3172 3078; x_wconf 87' lang='lat' dir='ltr'><strong>ventrem</strong></span> <span class='ocrx_word' id='word_1_707' title='bbox 3213 3023 3466 3079; x_wconf 89' lang='lat' dir='ltr'><strong>simulant</strong></span> <span class='ocrx_word' id='word_1_708' title='bbox 3495 3040 3554 3080; x_wconf 90' lang='lat' dir='ltr'><strong>se</strong></span> <span class='ocrx_word' id='word_1_709' title='bbox 3575 3026 3739 3084; x_wconf 81' lang='lat' dir='ltr'><strong>mini-</strong></span> 
     </span>
    </p>
   </div>
   <div class='ocr_carea' id='block_1_93' title="bbox 2164 3109 3741 3191">
    <p class='ocr_par' dir='ltr' id='par_1_93' title="bbox 2164 3109 3741 3191">
     <span class='ocr_line' id='line_1_93' title="bbox 2164 3109 3741 3191; baseline 0.004 -28"><span class='ocrx_word' id='word_1_710' title='bbox 2164 3116 2305 3164; x_wconf 87' lang='lat' dir='ltr'><strong>stros</strong></span> <span class='ocrx_word' id='word_1_711' title='bbox 2333 3110 2450 3176; x_wconf 87' lang='lat' dir='ltr'><strong>Dei,</strong></span> <span class='ocrx_word' id='word_1_712' title='bbox 2478 3109 2635 3164; x_wconf 84' lang='lat' dir='ltr'><strong>linem</strong></span> <span class='ocrx_word' id='word_1_713' title='bbox 2657 3118 2836 3166; x_wconf 83' lang='lat' dir='ltr'><strong>tamen</strong></span> <span class='ocrx_word' id='word_1_714' title='bbox 2864 3110 3075 3166; x_wconf 91' lang='lat' dir='ltr'><strong>illorum</strong></span> <span class='ocrx_word' id='word_1_715' title='bbox 3105 3117 3403 3176; x_wconf 87' lang='lat' dir='ltr'><strong>secundum</strong></span> <span class='ocrx_word' id='word_1_716' title='bbox 3419 3130 3589 3191; x_wconf 74' lang='lat' dir='ltr'><strong>opera</strong></span> <span class='ocrx_word' id='word_1_717' title='bbox 3619 3123 3741 3180; x_wconf 73' lang='lat' dir='ltr'><strong>illo.</strong></span> 
     </span>
    </p>
   </div>
   <div class='ocr_carea' id='block_1_94' title="bbox 2161 3298 3741 3373">
    <p class='ocr_par' dir='ltr' id='par_1_94' title="bbox 2161 3298 3741 3373">
     <span class='ocr_line' id='line_1_94' title="bbox 2161 3298 3741 3373; baseline 0.005 -20"><span class='ocrx_word' id='word_1_718' title='bbox 2161 3307 2219 3353; x_wconf 90' lang='lat' dir='ltr'><strong>et</strong></span> <span class='ocrx_word' id='word_1_719' title='bbox 2245 3298 2297 3353; x_wconf 90' lang='lat' dir='ltr'><strong>bi</strong></span> <span class='ocrx_word' id='word_1_720' title='bbox 2327 3299 2548 3354; x_wconf 88' lang='lat' dir='ltr'><strong>interire</strong></span> <span class='ocrx_word' id='word_1_721' title='bbox 2596 3298 2987 3372; x_wconf 83' lang='lat' dir='ltr'><strong>intelligantur.</strong></span> <span class='ocrx_word' id='word_1_722' title='bbox 3013 3300 3220 3373; x_wconf 85' lang='lat' dir='ltr'><strong>(Greg.)</strong></span> <span class='ocrx_word' id='word_1_723' title='bbox 3250 3301 3517 3373; x_wconf 85' lang='lat' dir='ltr'><strong>Antiquus</strong></span> <span class='ocrx_word' id='word_1_724' title='bbox 3564 3305 3741 3361; x_wconf 84' lang='lat' dir='ltr'><strong>hostis</strong></span> 
     </span>
    </p>
   </div>
   <div class='ocr_carea' id='block_1_95' title="bbox 2160 3390 3740 3463">
    <p class='ocr_par' dir='ltr' id='par_1_95' title="bbox 2160 3390 3740 3463">
     <span class='ocr_line' id='line_1_95' title="bbox 2160 3390 3740 3463; baseline 0.003 -17"><span class='ocrx_word' id='word_1_725' title='bbox 2160 3390 2248 3446; x_wconf 90' lang='lat' dir='ltr'><strong>ille</strong></span> <span class='ocrx_word' id='word_1_726' title='bbox 2282 3391 2442 3446; x_wconf 89' lang='lat' dir='ltr'><strong>aliter</strong></span> <span class='ocrx_word' id='word_1_727' title='bbox 2469 3391 2748 3463; x_wconf 89' lang='lat' dir='ltr'><strong>religiosas</strong></span> <span class='ocrx_word' id='word_1_728' title='bbox 2772 3392 3075 3451; x_wconf 88' lang='lat' dir='ltr'><strong>.hominum</strong></span> <span class='ocrx_word' id='word_1_729' title='bbox 3124 3401 3353 3459; x_wconf 89' lang='lat' dir='ltr'><strong>mentes,</strong></span> <span class='ocrx_word' id='word_1_730' title='bbox 3405 3393 3565 3449; x_wconf 83' lang='lat' dir='ltr'><strong>aliter</strong></span> <span class='ocrx_word' id='word_1_731' title='bbox 3606 3409 3740 3450; x_wconf 84' lang='lat' dir='ltr'><strong>vero</strong></span> 
     </span>
    </p>
   </div>
   <div class='ocr_carea' id='block_1_96' title="bbox 2161 3478 3741 3557">
    <p class='ocr_par' dir='ltr' id='par_1_96' title="bbox 2161 3478 3741 3557">
     <span class='ocr_line' id='line_1_96' title="bbox 2161 3478 3741 3557; baseline 0.003 -19"><span class='ocrx_word' id='word_1_732' title='bbox 2161 3478 2287 3539; x_wconf 74' lang='lat' dir='ltr'><strong>Huic</strong></span> <span class='ocrx_word' id='word_1_733' title='bbox 2330 3484 2529 3540; x_wconf 73' lang='lat' dir='ltr'><strong>mundo’</strong></span> <span class='ocrx_word' id='word_1_734' title='bbox 2561 3484 2777 3542; x_wconf 86' lang='lat' dir='ltr'><strong>deditas</strong></span> <span class='ocrx_word' id='word_1_735' title='bbox 2826 3492 3018 3540; x_wconf 88' lang='lat' dir='ltr'><strong>tentat.</strong></span> <span class='ocrx_word' id='word_1_736' title='bbox 3050 3485 3185 3540; x_wconf 78' lang='lat' dir='ltr'><strong>Nam</strong></span> <span class='ocrx_word' id='word_1_737' title='bbox 3214 3487 3393 3557; x_wconf 86' lang='lat' dir='ltr'><strong>pravis</strong></span> <span class='ocrx_word' id='word_1_738' title='bbox 3422 3485 3584 3551; x_wconf 89' lang='lat' dir='ltr'><strong>mala,</strong></span> <span class='ocrx_word' id='word_1_739' title='bbox 3617 3502 3741 3557; x_wconf 68' lang='lat' dir='ltr'><strong>qua:</strong></span> 
     </span>
    </p>
   </div>
   <div class='ocr_carea' id='block_1_97' title="bbox 2156 3575 3739 3649">
    <p class='ocr_par' dir='ltr' id='par_1_97' title="bbox 2156 3575 3739 3649">
     <span class='ocr_line' id='line_1_97' title="bbox 2156 3575 3739 3649; baseline 0.002 -18"><span class='ocrx_word' id='word_1_740' title='bbox 2156 3575 2472 3631; x_wconf 86' lang='lat' dir='ltr'><strong>desiderant</strong></span> <span class='ocrx_word' id='word_1_741' title='bbox 2500 3585 2687 3646; x_wconf 85' lang='lat' dir='ltr'><strong>aperte</strong></span> <span class='ocrx_word' id='word_1_742' title='bbox 2712 3576 2919 3649; x_wconf 85' lang='lat' dir='ltr'><strong>objicit,</strong></span> <span class='ocrx_word' id='word_1_743' title='bbox 2951 3576 3110 3632; x_wconf 89' lang='lat' dir='ltr'><strong>bonis</strong></span> <span class='ocrx_word' id='word_1_744' title='bbox 3142 3584 3318 3631; x_wconf 89' lang='lat' dir='ltr'><strong>autem</strong></span> <span class='ocrx_word' id='word_1_745' title='bbox 3345 3575 3575 3633; x_wconf 89' lang='lat' dir='ltr'><strong>latenter</strong></span> <span class='ocrx_word' id='word_1_746' title='bbox 3607 3578 3739 3634; x_wconf 84' lang='lat' dir='ltr'><strong>insi-</strong></span> 
     </span>
    </p>
   </div>
   <div class='ocr_carea' id='block_1_98' title="bbox 2155 3665 3736 3737">
    <p class='ocr_par' dir='ltr' id='par_1_98' title="bbox 2155 3665 3736 3737">
     <span class='ocr_line' id='line_1_98' title="bbox 2155 3665 3736 3737; baseline 0.001 -17"><span class='ocrx_word' id='word_1_747' title='bbox 2155 3665 2313 3722; x_wconf 79' lang='lat' dir='ltr'><strong>dians</strong></span> <span class='ocrx_word' id='word_1_748' title='bbox 2342 3667 2442 3722; x_wconf 89' lang='lat' dir='ltr'><strong>sub</strong></span> <span class='ocrx_word' id='word_1_749' title='bbox 2473 3667 2654 3737; x_wconf 88' lang='lat' dir='ltr'><strong>specie</strong></span> <span class='ocrx_word' id='word_1_750' title='bbox 2676 3666 2982 3722; x_wconf 87' lang='lat' dir='ltr'><strong>sanctitatis</strong></span> <span class='ocrx_word' id='word_1_751' title='bbox 3028 3666 3224 3721; x_wconf 86' lang='lat' dir='ltr'><strong>illudit.</strong></span> <span class='ocrx_word' id='word_1_752' title='bbox 3266 3665 3373 3721; x_wconf 88' lang='lat' dir='ltr'><strong>Illis</strong></span> <span class='ocrx_word' id='word_1_753' title='bbox 3398 3665 3545 3721; x_wconf 87' lang='lat' dir='ltr'><strong>velut</strong></span> <span class='ocrx_word' id='word_1_754' title='bbox 3573 3665 3736 3722; x_wconf 78' lang='lat' dir='ltr'><strong>fami-</strong></span> 
     </span>
    </p>
   </div>
   <div class='ocr_carea' id='block_1_99' title="bbox 2156 3756 3736 3827">
    <p class='ocr_par' dir='ltr' id='par_1_99' title="bbox 2156 3756 3736 3827">
     <span class='ocr_line' id='line_1_99' title="bbox 2156 3756 3736 3827; baseline 0.003 -17"><span class='ocrx_word' id='word_1_755' title='bbox 2156 3756 2382 3811; x_wconf 80' lang='lat' dir='ltr'><strong>liaribus</strong></span> <span class='ocrx_word' id='word_1_756' title='bbox 2423 3757 2556 3820; x_wconf 86' lang='lat' dir='ltr'><strong>suis,</strong></span> <span class='ocrx_word' id='word_1_757' title='bbox 2588 3756 2830 3827; x_wconf 90' lang='lat' dir='ltr'><strong>iniquum</strong></span> <span class='ocrx_word' id='word_1_758' title='bbox 2879 3768 2937 3814; x_wconf 82' lang='lat' dir='ltr'><strong>se</strong></span> <span class='ocrx_word' id='word_1_759' title='bbox 2974 3756 3292 3815; x_wconf 85' lang='lat' dir='ltr'><strong>manifestus</strong></span> <span class='ocrx_word' id='word_1_760' title='bbox 3320 3756 3584 3825; x_wconf 87' lang='lat' dir='ltr'><strong>insinuat;</strong></span> <span class='ocrx_word' id='word_1_761' title='bbox 3616 3759 3736 3814; x_wconf 90' lang='lat' dir='ltr'><strong>istis</strong></span> 
     </span>
    </p>
   </div>
   <div class='ocr_carea' id='block_1_100' title="bbox 2156 3844 3735 3918">
    <p class='ocr_par' dir='ltr' id='par_1_100' title="bbox 2156 3844 3735 3918">
     <span class='ocr_line' id='line_1_100' title="bbox 2156 3844 3735 3918; baseline 0.003 -19"><span class='ocrx_word' id='word_1_762' title='bbox 2156 3860 2288 3901; x_wconf 90' lang='lat' dir='ltr'><strong>vero</strong></span> <span class='ocrx_word' id='word_1_763' title='bbox 2320 3845 2467 3900; x_wconf 86' lang='lat' dir='ltr'><strong>velut</strong></span> <span class='ocrx_word' id='word_1_764' title='bbox 2493 3846 2767 3901; x_wconf 81' lang='lat' dir='ltr'><strong>extraneis</strong></span> <span class='ocrx_word' id='word_1_765' title='bbox 2785 3844 3064 3914; x_wconf 82' lang='lat' dir='ltr'><strong>cujusdam</strong></span> <span class='ocrx_word' id='word_1_766' title='bbox 3097 3846 3248 3917; x_wconf 91' lang='lat' dir='ltr'><strong>quasi</strong></span> <span class='ocrx_word' id='word_1_767' title='bbox 3278 3846 3578 3903; x_wconf 88' lang='lat' dir='ltr'><strong>honestatis</strong></span> <span class='ocrx_word' id='word_1_768' title='bbox 3596 3862 3735 3918; x_wconf 74' lang='lat' dir='ltr'><strong>prae-</strong></span> 
     </span>
    </p>
   </div>
   <div class='ocr_carea' id='block_1_101' title="bbox 2157 3938 3732 4009">
    <p class='ocr_par' dir='ltr' id='par_1_101' title="bbox 2157 3938 3732 4009">
     <span class='ocr_line' id='line_1_101' title="bbox 2157 3938 3732 4009; baseline 0.001 -15"><span class='ocrx_word' id='word_1_769' title='bbox 2157 3945 2304 3995; x_wconf 83' lang='lat' dir='ltr'><strong>textu</strong></span> <span class='ocrx_word' id='word_1_770' title='bbox 2330 3953 2387 3994; x_wconf 90' lang='lat' dir='ltr'><strong>se</strong></span> <span class='ocrx_word' id='word_1_771' title='bbox 2412 3939 2618 4009; x_wconf 86' lang='lat' dir='ltr'><strong>palliat,</strong></span> <span class='ocrx_word' id='word_1_772' title='bbox 2646 3950 2706 3993; x_wconf 90' lang='lat' dir='ltr'><strong>ut</strong></span> <span class='ocrx_word' id='word_1_773' title='bbox 2728 3939 2869 3993; x_wconf 88' lang='lat' dir='ltr'><strong>mala</strong></span> <span class='ocrx_word' id='word_1_774' title='bbox 2894 3954 3016 4009; x_wconf 71' lang='lat' dir='ltr'><strong>qua:</strong></span> <span class='ocrx_word' id='word_1_775' title='bbox 3041 3940 3123 3993; x_wconf 89' lang='lat' dir='ltr'><strong>eis</strong></span> <span class='ocrx_word' id='word_1_776' title='bbox 3170 3938 3383 4008; x_wconf 90' lang='lat' dir='ltr'><strong>publice</strong></span> <span class='ocrx_word' id='word_1_777' title='bbox 3432 3954 3541 3995; x_wconf 90' lang='lat' dir='ltr'><strong>non</strong></span> <span class='ocrx_word' id='word_1_778' title='bbox 3568 3938 3732 4005; x_wconf 88' lang='lat' dir='ltr'><strong>valet,</strong></span> 
     </span>
    </p>
   </div>
   <div class='ocr_carea' id='block_1_102' title="bbox 2158 4029 3736 4087">
    <p class='ocr_par' dir='ltr' id='par_1_102' title="bbox 2158 4029 3736 4087">
     <span class='ocr_line' id='line_1_102' title="bbox 2158 4029 3736 4087; baseline 0.001 -1"><span class='ocrx_word' id='word_1_779' title='bbox 2158 4039 2298 4087; x_wconf 87' lang='lat' dir='ltr'><strong>tecta</strong></span> <span class='ocrx_word' id='word_1_780' title='bbox 2346 4031 2499 4086; x_wconf 79' lang='lat' dir='ltr'><strong>bonae</strong></span> <span class='ocrx_word' id='word_1_781' title='bbox 2524 4030 2757 4086; x_wconf 84' lang='lat' dir='ltr'><strong>actionis</strong></span> <span class='ocrx_word' id='word_1_782' title='bbox 2804 4030 3070 4085; x_wconf 81' lang='lat' dir='ltr'><strong>velamine</strong></span> <span class='ocrx_word' id='word_1_783' title='bbox 3103 4029 3549 4086; x_wconf 86' lang='lat' dir='ltr'><strong>subintromittat.</strong></span> <span class='ocrx_word' id='word_1_784' title='bbox 3581 4031 3736 4087; x_wconf 80' lang='lat' dir='ltr'><strong>Unde</strong></span> 
     </span>
    </p>
   </div>
   <div class='ocr_carea' id='block_1_103' title="bbox 2152 4122 3731 4193">
    <p class='ocr_par' dir='ltr' id='par_1_103' title="bbox 2152 4122 3731 4193">
     <span class='ocr_line' id='line_1_103' title="bbox 2152 4122 3731 4193; baseline 0 -13"><span class='ocrx_word' id='word_1_785' title='bbox 2152 4135 2212 4180; x_wconf 85' lang='lat' dir='ltr'><strong>et</strong></span> <span class='ocrx_word' id='word_1_786' title='bbox 2235 4122 2638 4193; x_wconf 55' lang='lat' dir='ltr'><strong>membraaejus</strong></span> <span class='ocrx_word' id='word_1_787' title='bbox 2663 4128 2806 4193; x_wconf 56' lang='lat' dir='ltr'><strong>saepe</strong></span> <span class='ocrx_word' id='word_1_788' title='bbox 2847 4137 2970 4177; x_wconf 86' lang='lat' dir='ltr'><strong>cum</strong></span> <span class='ocrx_word' id='word_1_789' title='bbox 3022 4130 3207 4193; x_wconf 88' lang='lat' dir='ltr'><strong>aperta</strong></span> <span class='ocrx_word' id='word_1_790' title='bbox 3239 4123 3480 4192; x_wconf 88' lang='lat' dir='ltr'><strong>nequitia</strong></span> <span class='ocrx_word' id='word_1_791' title='bbox 3530 4138 3731 4180; x_wconf 84' lang='lat' dir='ltr'><strong>nocere</strong></span> 
     </span>
    </p>
   </div>
   <div class='ocr_carea' id='block_1_104' title="bbox 2156 4213 3736 4285">
    <p class='ocr_par' dir='ltr' id='par_1_104' title="bbox 2156 4213 3736 4285">
     <span class='ocr_line' id='line_1_104' title="bbox 2156 4213 3736 4285; baseline 0 -16"><span class='ocrx_word' id='word_1_792' title='bbox 2156 4230 2263 4269; x_wconf 90' lang='lat' dir='ltr'><strong>non</strong></span> <span class='ocrx_word' id='word_1_793' title='bbox 2312 4225 2557 4285; x_wconf 87' lang='lat' dir='ltr'><strong>possunt,</strong></span> <span class='ocrx_word' id='word_1_794' title='bbox 2620 4213 2774 4269; x_wconf 70' lang='lat' dir='ltr'><strong>bonae</strong></span> <span class='ocrx_word' id='word_1_795' title='bbox 2832 4213 3059 4269; x_wconf 89' lang='lat' dir='ltr'><strong>actionis</strong></span> <span class='ocrx_word' id='word_1_796' title='bbox 3120 4213 3364 4269; x_wconf 86' lang='lat' dir='ltr'><strong>habitum</strong></span> <span class='ocrx_word' id='word_1_797' title='bbox 3413 4221 3652 4277; x_wconf 85' lang='lat' dir='ltr'><strong>sumunt,</strong></span> <span class='ocrx_word' id='word_1_798' title='bbox 3678 4222 3736 4269; x_wconf 91' lang='lat' dir='ltr'><strong>et</strong></span> 
     </span>
    </p>
   </div>
   <div class='ocr_carea' id='block_1_105' title="bbox 2154 4302 3734 4375">
    <p class='ocr_par' dir='ltr' id='par_1_105' title="bbox 2154 4302 3734 4375">
     <span class='ocr_line' id='line_1_105' title="bbox 2154 4302 3734 4375; baseline -0.001 -16"><span class='ocrx_word' id='word_1_799' title='bbox 2154 4319 2321 4375; x_wconf 88' lang='lat' dir='ltr'><strong>prava</strong></span> <span class='ocrx_word' id='word_1_800' title='bbox 2343 4304 2561 4374; x_wconf 88' lang='lat' dir='ltr'><strong>quidem</strong></span> <span class='ocrx_word' id='word_1_801' title='bbox 2612 4318 2670 4358; x_wconf 89' lang='lat' dir='ltr'><strong>se</strong></span> <span class='ocrx_word' id='word_1_802' title='bbox 2695 4316 2858 4373; x_wconf 89' lang='lat' dir='ltr'><strong>opere</strong></span> <span class='ocrx_word' id='word_1_803' title='bbox 2901 4303 3183 4368; x_wconf 76' lang='lat' dir='ltr'><strong>exhibent,</strong></span> <span class='ocrx_word' id='word_1_804' title='bbox 3213 4302 3307 4357; x_wconf 77' lang='lat' dir='ltr'><strong>sed</strong></span> <span class='ocrx_word' id='word_1_805' title='bbox 3336 4309 3522 4357; x_wconf 87' lang='lat' dir='ltr'><strong>sancta</strong></span> <span class='ocrx_word' id='word_1_806' title='bbox 3551 4302 3734 4372; x_wconf 87' lang='lat' dir='ltr'><strong>specie</strong></span> 
     </span>
    </p>
   </div>
   <div class='ocr_carea' id='block_1_106' title="bbox 2157 4393 3733 4465">
    <p class='ocr_par' dir='ltr' id='par_1_106' title="bbox 2157 4393 3733 4465">
     <span class='ocr_line' id='line_1_106' title="bbox 2157 4393 3733 4465; baseline -0.003 -13"><span class='ocrx_word' id='word_1_807' title='bbox 2157 4397 2509 4453; x_wconf 88' lang='lat' dir='ltr'><strong>mentiuntur.</strong></span> <span class='ocrx_word' id='word_1_808' title='bbox 2537 4395 2714 4465; x_wconf 86' lang='lat' dir='ltr'><strong>Iniqui</strong></span> <span class='ocrx_word' id='word_1_809' title='bbox 2740 4396 2885 4450; x_wconf 89' lang='lat' dir='ltr'><strong>enim</strong></span> <span class='ocrx_word' id='word_1_810' title='bbox 2926 4393 2971 4449; x_wconf 89' lang='lat' dir='ltr'><strong>si</strong></span> <span class='ocrx_word' id='word_1_811' title='bbox 2997 4404 3183 4464; x_wconf 89' lang='lat' dir='ltr'><strong>aperte</strong></span> <span class='ocrx_word' id='word_1_812' title='bbox 3209 4394 3336 4449; x_wconf 91' lang='lat' dir='ltr'><strong>mali</strong></span> <span class='ocrx_word' id='word_1_813' title='bbox 3367 4402 3553 4450; x_wconf 87' lang='lat' dir='ltr'><strong>essent</strong></span> <span class='ocrx_word' id='word_1_814' title='bbox 3575 4410 3607 4448; x_wconf 85' lang='lat' dir='ltr'><strong>a</strong></span> <span class='ocrx_word' id='word_1_815' title='bbox 3637 4394 3733 4449; x_wconf 89' lang='lat' dir='ltr'><strong>bo-</strong></span> 
     </span>
    </p>
   </div>
   <div class='ocr_carea' id='block_1_107' title="bbox 2160 4484 3732 4559">
    <p class='ocr_par' dir='ltr' id='par_1_107' title="bbox 2160 4484 3732 4559">
     <span class='ocr_line' id='line_1_107' title="bbox 2160 4484 3732 4559; baseline -0.004 -14"><span class='ocrx_word' id='word_1_816' title='bbox 2160 4490 2245 4545; x_wconf 91' lang='lat' dir='ltr'><strong>nis</strong></span> <span class='ocrx_word' id='word_1_817' title='bbox 2274 4488 2438 4559; x_wconf 90' lang='lat' dir='ltr'><strong>recipi</strong></span> <span class='ocrx_word' id='word_1_818' title='bbox 2469 4487 2689 4543; x_wconf 88' lang='lat' dir='ltr'><strong>omnino</strong></span> <span class='ocrx_word' id='word_1_819' title='bbox 2715 4502 2822 4542; x_wconf 90' lang='lat' dir='ltr'><strong>non</strong></span> <span class='ocrx_word' id='word_1_820' title='bbox 2851 4489 3096 4558; x_wconf 85' lang='lat' dir='ltr'><strong>possent,</strong></span> <span class='ocrx_word' id='word_1_821' title='bbox 3139 4487 3234 4542; x_wconf 88' lang='lat' dir='ltr'><strong>sed</strong></span> <span class='ocrx_word' id='word_1_822' title='bbox 3265 4494 3484 4541; x_wconf 86' lang='lat' dir='ltr'><strong>sumunt</strong></span> <span class='ocrx_word' id='word_1_823' title='bbox 3529 4484 3732 4555; x_wconf 88' lang='lat' dir='ltr'><strong>aliquid</strong></span> 
     </span>
    </p>
   </div>
   <div class='ocr_carea' id='block_1_108' title="bbox 2160 4578 3735 4648">
    <p class='ocr_par' dir='ltr' id='par_1_108' title="bbox 2160 4578 3735 4648">
     <span class='ocr_line' id='line_1_108' title="bbox 2160 4578 3735 4648; baseline -0.006 -6"><span class='ocrx_word' id='word_1_824' title='bbox 2160 4586 2227 4642; x_wconf 93' lang='lat' dir='ltr'><strong>de</strong></span> <span class='ocrx_word' id='word_1_825' title='bbox 2253 4584 2462 4639; x_wconf 85' lang='lat' dir='ltr'><strong>visione</strong></span> <span class='ocrx_word' id='word_1_826' title='bbox 2486 4583 2774 4648; x_wconf 78' lang='lat' dir='ltr'><strong>bonorum,</strong></span> <span class='ocrx_word' id='word_1_827' title='bbox 2804 4589 2865 4636; x_wconf 92' lang='lat' dir='ltr'><strong>ut</strong></span> <span class='ocrx_word' id='word_1_828' title='bbox 2906 4580 3034 4636; x_wconf 82' lang='lat' dir='ltr'><strong>dum</strong></span> <span class='ocrx_word' id='word_1_829' title='bbox 3080 4581 3211 4636; x_wconf 76' lang='lat' dir='ltr'><strong>toni</strong></span> <span class='ocrx_word' id='word_1_830' title='bbox 3254 4580 3357 4635; x_wconf 78' lang='lat' dir='ltr'><strong>viri</strong></span> <span class='ocrx_word' id='word_1_831' title='bbox 3406 4581 3460 4635; x_wconf 83' lang='lat' dir='ltr'><strong>in</strong></span> <span class='ocrx_word' id='word_1_832' title='bbox 3489 4578 3571 4637; x_wconf 87' lang='lat' dir='ltr'><strong>eis</strong></span> <span class='ocrx_word' id='word_1_833' title='bbox 3596 4580 3735 4635; x_wconf 88' lang='lat' dir='ltr'><strong>reci-</strong></span> 
     </span>
    </p>
   </div>
   <div class='ocr_carea' id='block_1_109' title="bbox 2157 4672 3732 4747">
    <p class='ocr_par' dir='ltr' id='par_1_109' title="bbox 2157 4672 3732 4747">
     <span class='ocr_line' id='line_1_109' title="bbox 2157 4672 3732 4747; baseline -0.003 -17"><span class='ocrx_word' id='word_1_834' title='bbox 2157 4677 2314 4747; x_wconf 89' lang='lat' dir='ltr'><strong>piunt</strong></span> <span class='ocrx_word' id='word_1_835' title='bbox 2359 4675 2590 4745; x_wconf 85' lang='lat' dir='ltr'><strong>speciem</strong></span> <span class='ocrx_word' id='word_1_836' title='bbox 2644 4690 2810 4743; x_wconf 85' lang='lat' dir='ltr'><strong>quam</strong></span> <span class='ocrx_word' id='word_1_837' title='bbox 2860 4682 3065 4739; x_wconf 85' lang='lat' dir='ltr'><strong>amant,</strong></span> <span class='ocrx_word' id='word_1_838' title='bbox 3128 4672 3457 4742; x_wconf 83' lang='lat' dir='ltr'><strong>permistum.</strong></span> <span class='ocrx_word' id='word_1_839' title='bbox 3513 4679 3732 4726; x_wconf 84' lang='lat' dir='ltr'><strong>sumant</strong></span> 
     </span>
    </p>
   </div>
   <div class='ocr_carea' id='block_1_110' title="bbox 2157 4760 3733 4836">
    <p class='ocr_par' dir='ltr' id='par_1_110' title="bbox 2157 4760 3733 4836">
     <span class='ocr_line' id='line_1_110' title="bbox 2157 4760 3733 4836; baseline -0.003 -15"><span class='ocrx_word' id='word_1_840' title='bbox 2157 4767 2319 4822; x_wconf 89' lang='lat' dir='ltr'><strong>etiam</strong></span> <span class='ocrx_word' id='word_1_841' title='bbox 2369 4766 2539 4833; x_wconf 87' lang='lat' dir='ltr'><strong>virus,</strong></span> <span class='ocrx_word' id='word_1_842' title='bbox 2589 4766 2734 4836; x_wconf 86' lang='lat' dir='ltr'><strong>quod</strong></span> <span class='ocrx_word' id='word_1_843' title='bbox 2787 4766 2979 4820; x_wconf 83' lang='lat' dir='ltr'><strong>vitant.</strong></span> <span class='ocrx_word' id='word_1_844' title='bbox 3040 4762 3193 4819; x_wconf 88' lang='lat' dir='ltr'><strong>Unde</strong></span> <span class='ocrx_word' id='word_1_845' title='bbox 3244 4762 3504 4832; x_wconf 87' lang='lat' dir='ltr'><strong>quosdam</strong></span> <span class='ocrx_word' id='word_1_846' title='bbox 3531 4760 3733 4817; x_wconf 86' lang='lat' dir='ltr'><strong>Paulus</strong></span> 
     </span>
    </p>
   </div>
   <div class='ocr_carea' id='block_1_111' title="bbox 2156 4854 3733 4930">
    <p class='ocr_par' dir='ltr' id='par_1_111' title="bbox 2156 4854 3733 4930">
     <span class='ocr_line' id='line_1_111' title="bbox 2156 4854 3733 4930; baseline -0.004 -15"><span class='ocrx_word' id='word_1_847' title='bbox 2156 4860 2431 4930; x_wconf 86' lang='lat' dir='ltr'><strong>apostolus</strong></span> <span class='ocrx_word' id='word_1_848' title='bbox 2462 4861 2680 4914; x_wconf 90' lang='lat' dir='ltr'><strong>intuens</strong></span> <span class='ocrx_word' id='word_1_849' title='bbox 2727 4860 2828 4913; x_wconf 92' lang='lat' dir='ltr'><strong>sub</strong></span> <span class='ocrx_word' id='word_1_850' title='bbox 2854 4856 3257 4927; x_wconf 60' lang='lat' dir='ltr'><strong>praedicationis</strong></span> <span class='ocrx_word' id='word_1_851' title='bbox 3297 4854 3564 4908; x_wconf 84' lang='lat' dir='ltr'><strong>velamine</strong></span> <span class='ocrx_word' id='word_1_852' title='bbox 3602 4870 3733 4908; x_wconf 80' lang='lat' dir='ltr'><strong>ven-</strong></span> 
     </span>
    </p>
   </div>
   <div class='ocr_carea' id='block_1_112' title="bbox 2158 4942 3734 5015">
    <p class='ocr_par' dir='ltr' id='par_1_112' title="bbox 2158 4942 3734 5015">
     <span class='ocr_line' id='line_1_112' title="bbox 2158 4942 3734 5015; baseline -0.007 -9"><span class='ocrx_word' id='word_1_853' title='bbox 2158 4951 2258 5006; x_wconf 91' lang='lat' dir='ltr'><strong>tris</strong></span> <span class='ocrx_word' id='word_1_854' title='bbox 2282 4950 2457 5005; x_wconf 90' lang='lat' dir='ltr'><strong>studio</strong></span> <span class='ocrx_word' id='word_1_855' title='bbox 2493 4949 2793 5005; x_wconf 88' lang='lat' dir='ltr'><strong>servientes</strong></span> <span class='ocrx_word' id='word_1_856' title='bbox 2820 4947 2897 5000; x_wconf 88' lang='lat' dir='ltr'><strong>ait</strong></span> <span class='ocrx_word' id='word_1_857' title='bbox 2924 4963 2936 4999; x_wconf 90' lang='lat'><strong>:</strong></span> <span class='ocrx_word' id='word_1_858' title='bbox 2980 4943 3102 5015; x_wconf 88' lang='lat' dir='ltr'><strong>Ipse</strong></span> <span class='ocrx_word' id='word_1_859' title='bbox 3129 4945 3265 4999; x_wconf 87' lang='lat' dir='ltr'><strong>enim</strong></span> <span class='ocrx_word' id='word_1_860' title='bbox 3296 4942 3529 4999; x_wconf 86' lang='lat' dir='ltr'><strong>Satanas</strong></span> <span class='ocrx_word' id='word_1_861' title='bbox 3557 4952 3734 4996; x_wconf 84' lang='lat' dir='ltr'><strong>trans-</strong></span> 
     </span>
    </p>
   </div>
   <div class='ocr_carea' id='block_1_113' title="bbox 2138 5034 3733 5111">
    <p class='ocr_par' dir='ltr' id='par_1_113' title="bbox 2138 5034 3733 5111">
     <span class='ocr_line' id='line_1_113' title="bbox 2138 5034 3733 5111; baseline -0.005 -16"><span class='ocrx_word' id='word_1_862' title='bbox 2138 5041 2349 5111; x_wconf 63' lang='lat' dir='ltr'><strong>ﬁgurat</strong></span> <span class='ocrx_word' id='word_1_863' title='bbox 2374 5056 2428 5095; x_wconf 87' lang='lat' dir='ltr'><strong>se</strong></span> <span class='ocrx_word' id='word_1_864' title='bbox 2474 5041 2528 5094; x_wconf 91' lang='lat' dir='ltr'><strong>in</strong></span> <span class='ocrx_word' id='word_1_865' title='bbox 2573 5037 2815 5111; x_wconf 83' lang='lat' dir='ltr'><strong>angelum</strong></span> <span class='ocrx_word' id='word_1_866' title='bbox 2858 5038 2990 5092; x_wconf 81' lang='lat' dir='ltr'><strong>lucis</strong></span> <span class='ocrx_word' id='word_1_867' title='bbox 3034 5036 3119 5104; x_wconf 89' lang='lat' dir='ltr'><strong>(II</strong></span> <span class='ocrx_word' id='word_1_868' title='bbox 3146 5036 3269 5091; x_wconf 82' lang='lat' dir='ltr'><strong>Cor.</strong></span> <span class='ocrx_word' id='word_1_869' title='bbox 3301 5035 3403 5107; x_wconf 67' lang='grc' dir='ltr'><strong>ιι).</strong></span> <span class='ocrx_word' id='word_1_870' title='bbox 3434 5034 3572 5102; x_wconf 84' lang='lat' dir='ltr'><strong>Quid</strong></span> <span class='ocrx_word' id='word_1_871' title='bbox 3601 5049 3733 5105; x_wconf 68' lang='lat' dir='ltr'><strong>ergo</strong></span> 
     </span>
    </p>
   </div>
   <div class='ocr_carea' id='block_1_114' title="bbox 2154 5124 3732 5198">
    <p class='ocr_par' dir='ltr' id='par_1_114' title="bbox 2154 5124 3732 5198">
     <span class='ocr_line' id='line_1_114' title="bbox 2154 5124 3732 5198; baseline -0.002 -14"><span class='ocrx_word' id='word_1_872' title='bbox 2154 5130 2375 5195; x_wconf 84' lang='lat' dir='ltr'><strong>mirum,</strong></span> <span class='ocrx_word' id='word_1_873' title='bbox 2406 5129 2452 5184; x_wconf 90' lang='lat' dir='ltr'><strong>si</strong></span> <span class='ocrx_word' id='word_1_874' title='bbox 2483 5129 2714 5183; x_wconf 87' lang='lat' dir='ltr'><strong>ministri</strong></span> <span class='ocrx_word' id='word_1_875' title='bbox 2753 5125 2870 5196; x_wconf 88' lang='lat' dir='ltr'><strong>ejus</strong></span> <span class='ocrx_word' id='word_1_876' title='bbox 2921 5126 3369 5198; x_wconf 81' lang='lat' dir='ltr'><strong>transﬁgureutur</strong></span> <span class='ocrx_word' id='word_1_877' title='bbox 3402 5124 3549 5181; x_wconf 84' lang='lat' dir='ltr'><strong>velut</strong></span> <span class='ocrx_word' id='word_1_878' title='bbox 3571 5125 3732 5181; x_wconf 79' lang='lat' dir='ltr'><strong>mini-</strong></span> 
     </span>
    </p>
   </div>
   <div class='ocr_carea' id='block_1_115' title="bbox 2154 5213 3733 5290">
    <p class='ocr_par' dir='ltr' id='par_1_115' title="bbox 2154 5213 3733 5290">
     <span class='ocr_line' id='line_1_115' title="bbox 2154 5213 3733 5290; baseline -0.003 -15"><span class='ocrx_word' id='word_1_879' title='bbox 2154 5219 2251 5275; x_wconf 89' lang='lat' dir='ltr'><strong>stri</strong></span> <span class='ocrx_word' id='word_1_880' title='bbox 2275 5218 2536 5290; x_wconf 72' lang='lat' dir='ltr'><strong>justitiae?</strong></span> <span class='ocrx_word' id='word_1_881' title='bbox 2566 5218 2765 5272; x_wconf 81' lang='lat' dir='ltr'><strong>Iterum</strong></span> <span class='ocrx_word' id='word_1_882' title='bbox 2795 5218 2935 5283; x_wconf 87' lang='lat' dir='ltr'><strong>dico,</strong></span> <span class='ocrx_word' id='word_1_883' title='bbox 2960 5235 3023 5272; x_wconf 88' lang='lat' dir='ltr'><strong>ne</strong></span> <span class='ocrx_word' id='word_1_884' title='bbox 3061 5218 3178 5288; x_wconf 83' lang='lat' dir='ltr'><strong>quis</strong></span> <span class='ocrx_word' id='word_1_885' title='bbox 3204 5233 3286 5271; x_wconf 84' lang='lat' dir='ltr'><strong>me</strong></span> <span class='ocrx_word' id='word_1_886' title='bbox 3307 5225 3452 5287; x_wconf 87' lang='lat' dir='ltr'><strong>putet</strong></span> <span class='ocrx_word' id='word_1_887' title='bbox 3480 5213 3733 5286; x_wconf 84' lang='lat' dir='ltr'><strong>insipien-</strong></span> 
     </span>
    </p>
   </div>
   <div class='ocr_carea' id='block_1_116' title="bbox 2153 5307 3731 5379">
    <p class='ocr_par' dir='ltr' id='par_1_116' title="bbox 2153 5307 3731 5379">
     <span class='ocr_line' id='line_1_116' title="bbox 2153 5307 3731 5379; baseline -0.002 -15"><span class='ocrx_word' id='word_1_888' title='bbox 2153 5319 2276 5370; x_wconf 82' lang='lat' dir='ltr'><strong>tem,</strong></span> <span class='ocrx_word' id='word_1_889' title='bbox 2306 5308 2537 5375; x_wconf 88' lang='lat' dir='ltr'><strong>alioquin</strong></span> <span class='ocrx_word' id='word_1_890' title='bbox 2568 5307 2699 5363; x_wconf 84' lang='lat' dir='ltr'><strong>velut</strong></span> <span class='ocrx_word' id='word_1_891' title='bbox 2724 5308 3047 5379; x_wconf 83' lang='lat' dir='ltr'><strong>insipientem</strong></span> <span class='ocrx_word' id='word_1_892' title='bbox 3076 5307 3294 5378; x_wconf 86' lang='lat' dir='ltr'><strong>accipite</strong></span> <span class='ocrx_word' id='word_1_893' title='bbox 3336 5323 3442 5371; x_wconf 88' lang='lat' dir='ltr'><strong>me,</strong></span> <span class='ocrx_word' id='word_1_894' title='bbox 3472 5315 3529 5359; x_wconf 87' lang='lat' dir='ltr'><strong>ut</strong></span> <span class='ocrx_word' id='word_1_895' title='bbox 3558 5314 3606 5359; x_wconf 87' lang='lat' dir='ltr'><strong>et</strong></span> <span class='ocrx_word' id='word_1_896' title='bbox 3634 5320 3731 5376; x_wconf 81' lang='lat' dir='ltr'><strong>ego</strong></span> 
     </span>
    </p>
   </div>
   <div class='ocr_carea' id='block_1_117' title="bbox 2151 5393 3733 5471">
    <p class='ocr_par' dir='ltr' id='par_1_117' title="bbox 2151 5393 3733 5471">
     <span class='ocr_line' id='line_1_117' title="bbox 2151 5393 3733 5471; baseline -0.004 -16"><span class='ocrx_word' id='word_1_897' title='bbox 2151 5401 2414 5456; x_wconf 78' lang='lat' dir='ltr'><strong>modicum</strong></span> <span class='ocrx_word' id='word_1_898' title='bbox 2441 5399 2568 5471; x_wconf 84' lang='lat' dir='ltr'><strong>quid</strong></span> <span class='ocrx_word' id='word_1_899' title='bbox 2583 5398 2791 5468; x_wconf 86' lang='lat' dir='ltr'><strong>glorier.</strong></span> <span class='ocrx_word' id='word_1_900' title='bbox 2807 5396 3230 5469; x_wconf 85' lang='lat' dir='ltr'><strong>(Amhr.)Supra</strong></span> <span class='ocrx_word' id='word_1_901' title='bbox 3247 5396 3361 5466; x_wconf 92' lang='lat' dir='ltr'><strong>jam</strong></span> <span class='ocrx_word' id='word_1_902' title='bbox 3383 5395 3540 5459; x_wconf 79' lang='lat' dir='ltr'><strong>dixit,</strong></span> <span class='ocrx_word' id='word_1_903' title='bbox 3572 5411 3593 5445; x_wconf 71' lang='grc' dir='ltr'>ι</span> <span class='ocrx_word' id='word_1_904' title='bbox 3624 5393 3733 5449; x_wconf 84' lang='lat' dir='ltr'><strong>uti-</strong></span> 
     </span>
    </p>
   </div>
   <div class='ocr_carea' id='block_1_118' title="bbox 2152 5483 3731 5559">
    <p class='ocr_par' dir='ltr' id='par_1_118' title="bbox 2152 5483 3731 5559">
     <span class='ocr_line' id='line_1_118' title="bbox 2152 5483 3731 5559; baseline -0.006 -12"><span class='ocrx_word' id='word_1_905' title='bbox 2152 5506 2276 5547; x_wconf 88' lang='lat' dir='ltr'><strong>nam</strong></span> <span class='ocrx_word' id='word_1_906' title='bbox 2292 5490 2630 5547; x_wconf 89' lang='lat' dir='ltr'><strong>sustineretis</strong></span> <span class='ocrx_word' id='word_1_907' title='bbox 2652 5488 2900 5559; x_wconf 87' lang='lat' dir='ltr'><strong>pusillum</strong></span> <span class='ocrx_word' id='word_1_908' title='bbox 2926 5485 3341 5557; x_wconf 88' lang='lat' dir='ltr'><strong>imprudentiam</strong></span> <span class='ocrx_word' id='word_1_909' title='bbox 3361 5498 3555 5548; x_wconf 87' lang='lat' dir='ltr'><strong>meam,</strong></span> <span class='ocrx_word' id='word_1_910' title='bbox 3578 5502 3597 5536; x_wconf 78' lang='grc' dir='ltr'><strong>ι</strong></span> <span class='ocrx_word' id='word_1_911' title='bbox 3624 5483 3731 5538; x_wconf 85' lang='lat' dir='ltr'><strong>hoc</strong></span> 
     </span>
    </p>
   </div>
   <div class='ocr_carea' id='block_1_119' title="bbox 2150 5572 3729 5652">
    <p class='ocr_par' dir='ltr' id='par_1_119' title="bbox 2150 5572 3729 5652">
     <span class='ocr_line' id='line_1_119' title="bbox 2150 5572 3729 5652; baseline -0.008 -13"><span class='ocrx_word' id='word_1_912' title='bbox 2150 5600 2296 5639; x_wconf 87' lang='lat' dir='ltr'><strong>nunc</strong></span> <span class='ocrx_word' id='word_1_913' title='bbox 2310 5582 2524 5652; x_wconf 86' lang='lat' dir='ltr'><strong>repetit,</strong></span> <span class='ocrx_word' id='word_1_914' title='bbox 2538 5594 2752 5649; x_wconf 91' lang='lat' dir='ltr'><strong>semper</strong></span> <span class='ocrx_word' id='word_1_915' title='bbox 2774 5578 2916 5635; x_wconf 90' lang='lat' dir='ltr'><strong>enim</strong></span> <span class='ocrx_word' id='word_1_916' title='bbox 2930 5576 3180 5646; x_wconf 90' lang='lat' dir='ltr'><strong>proponit</strong></span> <span class='ocrx_word' id='word_1_917' title='bbox 3212 5574 3355 5645; x_wconf 90' lang='lat' dir='ltr'><strong>quod</strong></span> <span class='ocrx_word' id='word_1_918' title='bbox 3375 5579 3561 5645; x_wconf 85' lang='lat' dir='ltr'><strong>postea</strong></span> <span class='ocrx_word' id='word_1_919' title='bbox 3586 5572 3729 5628; x_wconf 63' lang='lat' dir='ltr'><strong>mul»</strong></span> 
     </span>
    </p>
   </div>
   <div class='ocr_carea' id='block_1_120' title="bbox 2152 5663 3725 5743">
    <p class='ocr_par' dir='ltr' id='par_1_120' title="bbox 2152 5663 3725 5743">
     <span class='ocr_line' id='line_1_120' title="bbox 2152 5663 3725 5743; baseline -0.006 -15"><span class='ocrx_word' id='word_1_920' title='bbox 2152 5676 2224 5731; x_wconf 87' lang='lat' dir='ltr'><strong>tis</strong></span> <span class='ocrx_word' id='word_1_921' title='bbox 2253 5673 2582 5743; x_wconf 87' lang='lat' dir='ltr'><strong>interpositis</strong></span> <span class='ocrx_word' id='word_1_922' title='bbox 2604 5678 2979 5741; x_wconf 87' lang='lat' dir='ltr'><strong>prosequatur.</strong></span> <span class='ocrx_word' id='word_1_923' title='bbox 3011 5665 3166 5734; x_wconf 84' lang='lat' dir='ltr'><strong>Quod</strong></span> <span class='ocrx_word' id='word_1_924' title='bbox 3186 5682 3317 5737; x_wconf 83' lang='lat' dir='ltr'><strong>ergo</strong></span> <span class='ocrx_word' id='word_1_925' title='bbox 3343 5680 3502 5735; x_wconf 91' lang='lat' dir='ltr'><strong>supra</strong></span> <span class='ocrx_word' id='word_1_926' title='bbox 3525 5663 3725 5734; x_wconf 86' lang='lat' dir='ltr'><strong>posuit.</strong></span> 
     </span>
    </p>
   </div>
   <div class='ocr_carea' id='block_1_121' title="bbox 2152 5752 3732 5835">
    <p class='ocr_par' dir='ltr' id='par_1_121' title="bbox 2152 5752 3732 5835">
     <span class='ocr_line' id='line_1_121' title="bbox 2152 5752 3732 5835; baseline -0.008 -13"><span class='ocrx_word' id='word_1_927' title='bbox 2152 5766 2312 5823; x_wconf 87' lang='lat' dir='ltr'><strong>modo</strong></span> <span class='ocrx_word' id='word_1_928' title='bbox 2366 5764 2555 5835; x_wconf 88' lang='lat' dir='ltr'><strong>incipit</strong></span> <span class='ocrx_word' id='word_1_929' title='bbox 2606 5775 2884 5825; x_wconf 81' lang='lat' dir='ltr'><strong>enarrare,</strong></span> <span class='ocrx_word' id='word_1_930' title='bbox 2929 5773 3053 5823; x_wconf 84' lang='lat' dir='ltr'><strong>nam</strong></span> <span class='ocrx_word' id='word_1_931' title='bbox 3094 5772 3222 5814; x_wconf 90' lang='lat' dir='ltr'><strong>vera</strong></span> <span class='ocrx_word' id='word_1_932' title='bbox 3278 5756 3543 5822; x_wconf 75' lang='lat' dir='ltr'><strong>dicturus,</strong></span> <span class='ocrx_word' id='word_1_933' title='bbox 3581 5752 3732 5817; x_wconf 55' lang='lat' dir='ltr'><strong>velut</strong></span> 
     </span>
    </p>
   </div>
  </div>
