4022 6338
297 351 410 408 ses
770 351 1318 414 ENARBATIONUM
1353 356 1420 413 IN
1461 354 1611 416 EPP.
1650 359 1857 418 PAULI
1894 359 2021 416 LIB.
2063 347 2200 418 xm.
2239 391 2308 404 --
2347 361 2413 418 IN
2448 361 2663 420 EPIST.
2703 361 2747 418 II
2783 362 2874 417 an
2907 362 3064 419 con.
3441 363 3550 418 22s

294 472 641 566 insipientem
679 487 740 529 se
767 473 1084 566 dicit,iquia
1121 476 1373 531 videntur
1410 478 1486 566 ad,
1503 478 1717 536 laudem
1751 478 1868 548 ejus
1896 483 1938 542 Α
1972 477 2040 532 do
2068 486 2230 548 negat
2277 481 2418 548 quod
2448 479 2609 543 dicit;
2643 479 2697 533 bi
2725 479 2869 534 enim
2910 487 2972 534 ut
3009 479 3377 548 imprudentes
3417 483 3552 538 insi-

293 563 592 633 pertinere,
620 570 676 615 ut
709 571 758 616 et
783 579 894 633 ego,
929 565 1122 632 inquit,
1149 566 1409 619 modicum
1437 565 1648 636 glorier,
1697 567 1870 622 modi-
1964 571 2179 639 pientes
2207 570 2534 627 suﬁ‘erebant
2563 570 2728 626 falsos
2748 570 3037 640 apostolos.
3077 569 3356 627 Sustinetis
3385 575 3546 640 enim,

293 667 420 706 cum
465 654 568 706 hoc
618 652 768 718 dicit,
816 654 944 723 quia
988 654 1041 707 in
1071 655 1273 721 verbis,
1323 670 1428 709 non
1468 656 1521 709 in
1560 671 1720 710 sensu
1767 664 1869 710 est.

292 741 414 796 Non
463 757 593 812 ergo
633 756 763 798 vere
809 743 874 797 ad
903 742 1128 812 gloriam
1161 759 1312 797 suam
1340 745 1454 798 huic
1484 744 1741 813 loquitur,
1778 744 1873 798 sed

290 833 409 888 vult
439 834 546 887 illis
573 835 876 899 ostendere,
908 835 1032 902 quia
1059 850 1192 903 quos
1218 844 1408 903 putant
1428 835 1710 904 gloriosos,
1738 835 1871 890 nihil

290 925 414 994 plus
444 925 513 977 ab
541 926 644 978 hoc
673 924 895 989 habent,
947 940 1009 977 ac
1035 940 1132 992 per
1157 925 1260 978 hoc
1287 925 1331 978 si
1375 933 1631 994 putantur
1677 925 1730 978 bi
1759 923 1874 993 glo-

291 1014 447 1077 riosi,
478 1021 533 1068 et
581 1029 680 1083 ego
716 1013 909 1082 inquit,
963 1013 1083 1066 ideo
1111 1011 1410 1079 insipientis
1443 1013 1544 1066 hoc
1570 1026 1690 1066 esse
1717 1012 1868 1076 dicit,

289 1113 352 1157 ut
378 1104 447 1157 ad
477 1102 690 1156 laudem
720 1118 872 1155 suam
913 1101 1112 1171 aliquid
1161 1110 1540 1170 prosequatur,
1590 1116 1648 1156 se
1692 1109 1869 1155 autem

285 1201 538 1247 coactqu
571 1192 684 1245 haec
713 1189 875 1259 loqui,
909 1190 1052 1244 dolet
1095 1190 1238 1244 enim
1265 1189 1337 1253 ei,
1387 1198 1447 1242 ut
1473 1189 1590 1243 illos
1619 1198 1870 1260 putarent

287 1283 573 1347 sublimes,
603 1282 706 1336 hoc
734 1288 1065 1349 contempto,
1094 1279 1185 1348 qui
1209 1277 1341 1332 nihil
1371 1277 1492 1346 plus
1523 1279 1590 1332 ab
1618 1293 1683 1332 eo
1711 1279 1870 1332 habes

286 1383 430 1429 rent.
506 1372 658 1438 Quod
699 1371 902 1441 loquor,
955 1388 1058 1425 non
1106 1370 1291 1441 loquor
1348 1371 1629 1425 secundum
1676 1371 1863 1425 Deum.

287 1464 599 1521 Secundum
628 1464 794 1518 Deum
825 1479 930 1516 non
959 1462 1216 1531 loquitur,
1233 1463 1360 1530 quia
1390 1463 1457 1516 ad
1483 1462 1666 1516 carnis
1696 1471 1866 1515 tumo-

283 1570 404 1610 rem
451 1555 566 1608 huic
618 1554 909 1624 pertinent,
943 1569 1044 1608 nec
1069 1553 1136 1606 de
1184 1551 1455 1606 inflatione
1507 1552 1648 1620 apud
1696 1551 1864 1605 Deum

285 1647 458 1718 surgit
497 1645 687 1716 gloria,
732 1646 857 1714 quia
904 1643 1043 1713 apud
1092 1642 1262 1696 Deum
1313 1641 1587 1696 humilitas
1634 1641 1863 1711 gloriosa

280 1748 389 1793 est.
427 1736 533 1792 Sed
563 1736 716 1806 quasi
745 1738 799 1789 in
821 1735 1118 1805 insipientia
1141 1736 1194 1787 in
1222 1733 1319 1787 hac
1348 1733 1634 1786 substantia
1657 1732 1857 1802 gloriae.

1970 659 2018 712 si
2051 660 2167 728 quis
2204 676 2292 713 vos
2335 661 2390 714 in
2441 662 2736 714 servitutem
2792 661 2998 730 redigit.
3047 659 3159 715 Hoc
3203 676 3389 715 verum
3441 671 3546 726 est,

1970 750 2095 818 quia
2140 749 2517 818 redigebantur
2541 751 2626 802 in.
2645 749 3008 818 servitutem,
3033 766 3140 803 non
3179 765 3279 819 per
3313 751 3548 820 pruden-

1974 839 2122 901 tiam,
2162 838 2255 892 sed
2298 854 2396 906 per
2442 838 2726 892 stultitiam
2774 846 2854 904 ut_
2879 838 3268 912 famularentur
3310 839 3546 908 pseudo-

1969 928 2244 996 apostolis.
2305 928 2506 996 Siquis
2536 928 2771 980 devorat.
2829 926 2938 982 Nec
2961 929 3063 982 hoc
3086 929 3278 982 falsum
3306 929 3543 996 estquia

1969 1017 2201 1071 contenti
2232 1025 2387 1071 erant
2419 1017 2664 1071 devorari
2693 1033 2780 1072 res
2811 1033 2936 1071 suas
2971 1033 3002 1070 a
3033 1018 3182 1072 falsis
3207 1017 3539 1074 doctoribus.

1969 1106 2028 1162 Si
2065 1110 2180 1178 quis
2227 1109 2437 1177 accipit.
2496 1107 2756 1176 Accipere
2780 1117 2864 1162 est
2907 1108 3143 1176 aliquem
3175 1108 3299 1163 dolo
3351 1124 3545 1179 capere

1969 1200 2198 1268 ideoque
2243 1199 2510 1267 signiﬁcat
2549 1200 2647 1253 hos
2675 1199 2792 1268 capi
2823 1217 2853 1252 a
2890 1201 3090 1255 dolosis
3138 1201 3434 1272 magistris,
3489 1210 3543 1257 et

1967 1289 2110 1344 ferre
2159 1291 2302 1360 quod
2356 1304 2459 1342 non
2493 1289 2729 1358 expedit.
2783 1289 2844 1344 Si
2871 1291 2986 1360 quis
3017 1291 3304 1344 extatlitur.
3358 1291 3542 1345 Extol-

1966 1379 2130 1433 lentia
2163 1379 2411 1448 superbia
2456 1388 2558 1443 est,
2615 1380 2714 1432 hos
2768 1395 2896 1449 ergo
2929 1380 3116 1450 tangit,
3180 1381 3271 1449 qui
3322 1382 3542 1450 superbi

1964 1468 2323 1532 erant,-male
2363 1476 2606 1521 laxantes
2641 1469 2978 1538 Apostolum,
3017 1476 3069 1522 et
3103 1468 3186 1521 bis
3207 1483 3313 1522 non
3356 1469 3540 1537 displia

1964 1558 2178 1612 cebant.
2204 1555 2261 1611 Si
2281 1559 2397 1626 quis
2422 1557 2474 1610 in
2500 1557 2688 1626 [aciem
2705 1573 2788 1610 vos
2803 1559 2973 1611 ca-dit.
2997 1556 3054 1610 In
3083 1558 3273 1612 faciem
3294 1559 3541 1624 exeditur,

1964 1649 2018 1702 in
2044 1649 2198 1717 cujus
2252 1662 2314 1701 os
2342 1647 2540 1715 injuria
2591 1646 2877 1715 irrogatur,
2931 1661 3074 1700 nunc
3125 1647 3222 1701 hos
3252 1646 3540 1717 signiﬁcat,

1963 1739 2053 1808 qui
2083 1754 2148 1793 eo
2177 1738 2318 1808 quod
2345 1745 2527 1791 essent
2568 1751 2632 1790 ex
2663 1750 2862 1805 genere
2891 1735 3120 1789 Abrahae
3161 1735 3542 1790 obtrectabant

281 1829 402 1884 Non
438 1828 653 1898 plenam
700 1827 833 1882 dixit
863 1825 1248 1894 insipientiam,
1295 1825 1387 1878 sed
1417 1840 1482 1878 ex
1511 1832 1687 1893 parte,
1717 1822 1860 1876 veri-

1962 1831 2059 1892 eis,
2094 1829 2236 1899 quod
2283 1836 2466 1882 essent
2493 1824 2881 1889 incircumcisi,
2932 1839 2990 1878 se
3018 1823 3389 1893 prreferentes,
3440 1823 3540 1877 bos

280 1931 368 1977 tas
413 1920 557 1975 enim
588 1928 694 1984 est,
734 1917 826 1972 sed
859 1917 984 1986 quia
1021 1916 1183 1970 elatio
1210 1915 1400 1969 vitiosa
1449 1930 1536 1968 res
1583 1920 1684 1978 est,
1740 1912 1858 1967 ideo

280 2011 532 2084 quamvis
561 2025 745 2065 verum
777 2009 846 2062 sit
881 2007 1025 2076 quod
1077 2006 1290 2071 dicitur,
1323 2005 1474 2074 quasi
1511 2005 1564 2057 in
1604 2003 1859 2072 insipien-

275 2105 358 2159 tia
413 2114 592 2157 tamen
649 2111 734 2156 est
781 2110 1233 2168 unumquemque
1303 2096 1520 2150 laudare
1568 2110 1643 2157 se,
1704 2093 1857 2164 plena

266 2193 452 2240 autem
487 2183 796 2253 insipientia
839 2191 941 2245 est,
990 2183 1035 2236 si
1076 2198 1134 2238 se
1163 2181 1317 2236 falsis
1358 2184 1479 2252 quis
1520 2182 1724 2250 laudet,
1775 2185 1865 2241 ille

259 2279 412 2333 enim
458 2276 729 2346 superbus
777 2275 843 2331 de
888 2290 1017 2330 vero
1066 2284 1169 2340 est,
1221 2275 1310 2330 hic
1356 2275 1556 2330 stultus
1583 2275 1650 2330 de
1679 2273 1858 2332 falso:

191 2449 200 2456 θ
260 2376 567 2432 sdbstantia
598 2382 778 2428 tamen
815 2373 1157 2443 gloriationis
1187 2374 1241 2428 in
1287 2375 1388 2428 hac
1419 2387 1592 2430 causa
1630 2373 1864 2430 carnali-

258 2476 347 2523 tas
380 2473 482 2529 est,
534 2465 662 2534 quia
693 2464 834 2518 sicut
867 2463 966 2518 llos
1013 2463 1141 2528 feni,
1175 2464 1248 2517 ita
1293 2464 1494 2520 decidit
1534 2465 1702 2536 gloria
1733 2465 1858 2522 ista.

261 2557 405 2624 Quia
455 2555 607 2610 multi
654 2553 954 2626 gloriantur
1017 2554 1302 2608 secundum
1368 2572 1612 2622 carnem,
1672 2565 1719 2610 et
1766 2571 1859 2626 ego

263 2646 549 2719 gloriabor.
581 2645 694 2700 Hoc
723 2645 874 2710 dicit,
904 2645 1028 2714 quia
1065 2643 1178 2714 jam
1233 2644 1397 2713 aliqui
1432 2661 1497 2699 ex
1526 2645 1724 2700 Judazis
1753 2660 1867 2700 cre-

262 2740 456 2794 dentes
483 2738 887 2808 prmsumebant
917 2737 1044 2801 sibi,
1076 2737 1219 2805 quod
1254 2749 1435 2790 essent
1479 2737 1572 2790 ﬁlii
1602 2737 1861 2802 Abrahte,

264 2833 374 2887 hoc
427 2840 532 2894 est,
581 2830 1156 2885 secundumcarnem
1209 2829 1467 2900 gloriari,
1522 2830 1864 2884 nobilitatem

263 2921 370 2979 sibi
425 2921 604 2976 carnis
658 2921 977 2986 vindicare;
1040 2921 1164 2975 inde
1215 2922 1359 2974 enim
1425 2921 1527 2976 sibi
1573 2921 1868 2976 defendunt

265 3011 482 3083 generis
511 3013 949 3082 praerogativam,
981 3013 1111 3082 quia
1157 3011 1254 3066 ﬁlii
1297 3011 1414 3080 ejus
1455 3013 1728 3079 dicuntur,
1773 3013 1862 3082 qui

266 3103 383 3157 Deo
437 3103 695 3170 credidit,
761 3118 883 3157 cum
938 3103 1118 3156 anima
1170 3117 1291 3172 quae
1344 3106 1690 3172 peccaverit,
1746 3104 1862 3172 ipsa

1959 1921 2322 1978 humiliantes.
2361 1919 2544 1990 (Δίας.)
2579 1917 2768 1971 Facies
2815 1925 2995 1971 autem
3041 1924 3126 1970 est
3157 1931 3262 1985 qua
3311 1916 3538 1984 quisdue

1961 2013 2328 2084 cognoscitur,
2360 2020 2416 2066 et
2457 2010 2684 2082 legimus
2712 2008 2854 2077 apud
2895 2006 3247 2076 Apostolum:
3285 2004 3539 2058 Toleratis

1957 2107 2114 2169 enim,
2141 2105 2185 2158 si
2209 2105 2326 2173 quis
2350 2119 2436 2156 vos
2462 2103 2516 2155 in
2539 2099 2833 2154 servitutem
2863 2097 3070 2168 redigit,
3097 2098 3140 2150 si
3164 2098 3278 2167 quis
3305 2095 3538 2160 devorat,

1955 2195 2002 2250 si
2027 2195 2144 2264 quis
2185 2195 2393 2263 accipit,
2443 2193 2489 2246 si
2516 2191 2630 2262 quis
2673 2188 2960 2252 extollitur,
3016 2187 3198 2257 siquis
3256 2186 3308 2238 in
3351 2185 3538 2253 [aciem

1956 2302 2043 2340 vos
2069 2285 2241 2338 credit.
2281 2284 2483 2339 Deinde
2509 2282 2762 2338 continuo
2798 2279 3046 2348 subjecit,
3077 2279 3360 2333 secundum
3393 2277 3539 2346 igno-

1957 2377 2208 2430 bilitatem
2253 2376 2392 2441 dico,
2419 2384 2478 2429 ut
2507 2374 2777 2439 ostendat,
2806 2372 2935 2442 quid
2965 2376 3036 2425 sit
3061 2371 3116 2425 in
3145 2370 3338 2425 faciem
3379 2369 3536 2434 caadi,

1955 2469 2060 2523 hoc
2086 2475 2170 2522 est
2196 2466 2465 2522 contemni
2499 2481 2564 2520 ac
2591 2463 2814 2533 despici,
2846 2463 2990 2532 quod
3032 2462 3249 2530 quidem
3277 2476 3384 2515 non
3414 2460 3536 2515 ideo

1957 2559 2087 2614 dicit
2139 2557 2446 2626 Apostolus,
2478 2567 2538 2610 ut
2572 2556 2693 2610 illos
2720 2570 2832 2609 non
2863 2554 3216 2616 sustinerent,
3249 2552 3344 2607 sed
3376 2561 3436 2605 ut
3476 2566 3536 2605 se

1956 2647 2150 2716 magis,
2196 2648 2287 2716 qui
2334 2661 2428 2700 eos
2470 2647 2547 2700 sic
2590 2645 2856 2714 diligeret,
2907 2651 2968 2696 ut
3007 2657 3066 2696 se
3094 2643 3267 2712 ipsum
3315 2656 3413 2710 pro
3455 2639 3536 2694 eis

1955 2735 2117 2790 vellet
2153 2735 2407 2804 impendi.
2460 2734 2761 2788 Secundum
2787 2732 3158 2802 ignobilitatem
3185 2731 3322 2784 dico.
3377 2729 3534 2800 Igno-

1957 2824 2222 2879 bilitatem
2252 2824 2403 2887 dicit,
2434 2824 2538 2877 hoc
2568 2823 2709 2892 quod
2737 2837 2897 2890 supra
2936 2822 3035 2886 ait,
3065 2830 3121 2874 et
3141 2835 3240 2890 ego
3265 2820 3537 2888 gloriabor

1959 2915 2250 2970 secundum
2277 2929 2530 2968 carnem.
2563 2928 2671 2967 non
2705 2913 2850 2966 enim
2881 2912 3012 2964 dicit
3037 2911 3106 2965 ad
3131 2910 3341 2964 Iaudem
3375 2907 3520 2978 perti

1958 3020 2109 3069 nere,
2139 3005 2266 3073 quia
2316 3003 2560 3057 inﬁrmus
2591 3016 2695 3056 non
2726 3010 2865 3066 erat,
2913 3001 2965 3053 in
2995 3015 3101 3069 quo
3145 3014 3203 3053 se
3233 2997 3535 3066 jactabant,

1957 3109 2093 3164 quos
2122 3092 2330 3154 occulte
2383 3092 2570 3162 tangit.
2609 3090 2758 3146 Unde
2794 3089 3028 3159 adjecit:
3067 3087 3232 3152 Quasi
3266 3102 3357 3141 nos
3384 3085 3534 3154 inﬁr-

266 3195 554 3248 morielur.
605 3193 662 3250 Si
711 3210 840 3265 ergo
887 3195 998 3249 haec
1049 3195 1220 3264 gloria
1264 3204 1367 3259 est,
1409 3195 1609 3265 inquit,
1661 3203 1718 3250 et
1761 3175 1926 3265 egoC
1956 3188 2027 3240 mi
2054 3185 2309 3255 fuerimus
2339 3184 2394 3236 in
2425 3185 2522 3236 liae
2545 3191 2711 3252 parte.
2773 3179 3007 3252 (Anum)
3056 3177 3396 3232 Manifestum
3427 3183 3532 3242 est,

268 3287 564 3357 gloriabor,
608 3289 733 3357 quia
761 3299 815 3341 et
853 3300 953 3356 ego
983 3287 1124 3340 ﬁlius
1158 3303 1276 3342 sum
1304 3288 1556 3352 Abrahae,
1603 3288 1697 3342 sed
1724 3287 1860 3342 nihil
1957 3279 2084 3350 quia
2129 3294 2234 3332 non
2269 3284 2387 3332 erat
2421 3275 2475 3330 in
2522 3275 2624 3329 hac
2677 3274 2849 3344 gloria
2904 3271 3170 3336 inﬁrmus.
3204 3271 3256 3324 ίη
3310 3285 3413 3340 qua
3470 3283 3531 3324 se

263 3375 496 3446 prodest
536 3377 676 3446 apud
706 3376 872 3430 Deum
906 3376 1074 3430 ﬁlium
1103 3389 1225 3429 esse
1265 3375 1521 3441 Abrahae,
1564 3377 1688 3445 quia
1727 3376 1859 3431 ﬁdes
1955 3370 2312 3440 praferebant
2351 3367 2634 3421 credentes
2673 3364 2856 3434 judaei,
2899 3379 3035 3434 quos
3082 3363 3136 3416 hi
3171 3361 3536 3431 patiebantur.

264 3478 377 3534 "est,
405 3481 524 3536 quae
549 3466 741 3533 salvat,
783 3482 888 3521 non
916 3481 1153 3537 pmpago
1187 3467 1401 3536 generis
1429 3465 1682 3532 Abrahae,
1715 3467 1866 3521 ideo—
1955 3461 2110 3532 quasi
2158 3458 2448 3530 Apostolus
2497 3472 2685 3512 eorum
2739 3456 2793 3509 in
2823 3455 2925 3509 hac
2977 3470 3035 3509 re
3066 3461 3206 3508 esset
3235 3451 3535 3516 dissimilis,

271 3578 381 3634 que
411 3561 579 3631 gloria
609 3561 723 3615 inec
755 3561 934 3614 carnis
971 3569 1074 3625 est,
1109 3559 1300 3629 gloria,
1350 3568 1409 3614 ut
1451 3569 1601 3629 puta,
1632 3560 1678 3615 si
1719 3560 1863 3614 dica-
1949 3553 2083 3622 'tlllia
2125 3561 2181 3606 el
2212 3552 2325 3620 ipse
2365 3557 2483 3604 erat
2515 3564 2583 3602 ει
2634 3547 2838 3601 semine
2891 3545 3143 3609 Abrahae.
3195 3559 3258 3598 ac
3285 3559 3382 3614 νει·
3433 3542 3536 3596 hoc

265 3660 365 3710 tur
419 3653 612 3709 nobilis
660 3652 894 3706 hominis
937 3651 1098 3706 ﬁlius.
1152 3650 1396 3704 Libenter
1442 3653 1579 3705 enim
1625 3652 1860 3720 suﬂ'erlis
1955 3641 2156 3697 inﬁrmi
2183 3657 2288 3695 non
2317 3649 2471 3694 erant
2496 3638 2550 3692 in
2579 3639 2682 3692 hac
2701 3637 2870 3705 gloria
2899 3636 3100 3691 carnis.
3129 3634 3328 3688 lnﬁrmi
3353 3643 3532 3687 autem

269 3746 595 3816 insipientes,
619 3760 736 3798 cum
758 3745 870 3797 sitis
893 3747 991 3812 ipsi
1023 3744 1300 3812 sapientes.
1335 3743 1654 3812 Insipientes
1677 3743 1862 3813 appel-
1957 3731 2014 3786 hi
2039 3729 2421 3799 iudicabantur
2441 3728 2532 3798 qui
2555 3727 2807 3797 applicati
2833 3726 3046 3780 fuerant
3073 3723 3253 3794 generi
3279 3723 3531 3776 Abrabaz.

265 3836 372 3903 lat,
417 3837 506 3906 qui
536 3838 600 3890 de
631 3835 814 3889 carnis
850 3833 1263 3888 circumcisione
1303 3833 1624 3903 gloriantur,
1653 3843 1708 3887 et
1735 3833 1862 3902 quia
1956 3824 2049 3880 Isti
2081 3823 2225 3877 enim
2268 3822 2422 3892 quasi
2479 3821 2618 3874 ﬁrmi
2673 3821 2727 3874 in
2765 3834 2830 3873 eo
2865 3817 3005 3888 quod
3053 3816 3128 3870 illi
3171 3831 3230 3870 se
3282 3813 3534 3884 prwl'ere-

277 3939 308 3977 a
340 3923 636 3979 Corinthiis
665 3924 1019 3994 portabantur
1043 3921 1346 3992 utgloriosi
1373 3921 1704 3988 viderentur,
1736 3921 1855 3976 ideo

272 4015 566 4086 Apostolus
600 4017 761 4070 etiam
793 4015 1048 4070 sustineri
1079 4028 1138 4070 se
1166 4015 1234 4069 ab
1263 4014 1348 4068 his
1391 4013 1526 4078 vult,
1559 4020 1616 4067 ut
1644 4021 1699 4068 et
1744 4013 1857 4081 ipse

276 4107 384 4161 hoc
413 4121 472 4161 se
526 4121 647 4160 esse
697 4106 1030 4169 ostenderet,
1090 4105 1231 4173 quod
1285 4111 1444 4156 erant
1493 4102 1550 4158 hi
1581 4144 1595 4168 ,
1645 4111 1700 4158 et
1751 4117 1857 4157 non

277 4209 459 4252 tamen
489 4197 705 4268 gloriari
733 4213 798 4251 ex
825 4197 926 4251 hac
955 4204 1109 4265 parte
1137 4195 1430 4249 secundum
1460 4193 1650 4248 Deum.
1709 4193 1858 4248 Unde

276 4289 505 4360 gloriam
554 4289 694 4342 hanc
725 4288 1086 4358 insipientiam
1129 4294 1318 4339 vocat:
1357 4284 1581 4355 gloriari
1619 4285 1764 4338 enim
1796 4299 1855 4338 se

275 4383 412 4437 dicit
437 4381 731 4436 secundum
783 4393 1020 4440 carnem,
1053 4379 1147 4432 sed
1176 4379 1277 4431 hoc
1314 4377 1538 4432 stultum
1587 4391 1705 4430 esse
1735 4389 1857 4445 pro-

276 4476 483 4540 litetur,
513 4481 574 4526 ut
600 4481 653 4527 et
683 4472 904 4542 gloriam
950 4471 1088 4524 bane
1134 4469 1385 4534 inaniret,
1429 4479 1484 4523 et
1507 4484 1564 4523 se
1607 4475 1857 4522 coactum

1962 3918 2114 3980 bant,
2149 3931 2213 3971 eo
2261 3915 2402 3985 quod
2435 3923 2616 3969 essent
2648 3912 2924 3976 Israelita,
2957 3911 3010 3965 in
3041 3911 3143 3964 hoc
3173 3910 3287 3980 ipso
3353 3907 3536 3963 volunt

1958 4022 2016 4062 se
2046 4007 2279 4072 suil‘erri,
2327 4014 2386 4059 ut
2433 4005 2779 4059 ostenderent
2807 4003 2861 4056 in
2891 4003 2992 4056 hac
3020 4001 3186 4070 gloria
3215 3999 3396 4054 carnis
3423 4014 3531 4052 non

1958 4107 2018 4154 s'e
2064 4113 2185 4153 esse
2233 4096 2523 4151 dissimiles
2564 4104 2620 4149 et
2661 4093 2930 4155 inﬁrmos,
2983 4107 3104 4146 eum
3135 4091 3202 4145 de
3247 4106 3340 4145 sua
3370 4105 3532 4143 causa

1955 4189 2192 4259 loquitur
2221 4186 2550 4248 subinducit,
2577 4192 2632 4238 et
2653 4181 2911 4236 Barnabse
2939 4195 3223 4251 personam
3273 4179 3402 4233 socii
3429 4179 3534 4242 sui,

1958 4284 2100 4338 unde
2134 4291 2189 4337 et
2217 4281 2269 4335 in
2301 4279 2484 4349 prima
2503 4278 2634 4332 dicit
2677 4273 2913 4345 Epistola
2941 4269 2994 4346 (1
3015 4271 3138 4327 Cor‘.
3165 4270 3278 4343 ix):
3311 4272 3413 4324 Aut
3437 4286 3528 4340 ego

1957 4373 2099 4428 solus
2123 4383 2168 4426 et
2212 4370 2486 4425 Barnabas
2515 4385 2616 4422 non
2646 4367 2891 4420 habemus
2939 4372 3241 4435 potestatem
3285 4363 3380 4414 hoc
3411 4376 3534 4429 ope-

1960 4465 2158 4520 randi:
2207 4478 2314 4517 non
2341 4476 2470 4530 ergo
2522 4457 2760 4512 minores
2815 4463 2970 4509 erant
3015 4454 3068 4507 in
3107 4453 3207 4508 hac
3237 4450 3430 4522 gloria,
3480 4448 3534 4501 in

278 4569 332 4622 in
385 4567 599 4620 laudem
659 4566 842 4620 carnis
893 4565 1136 4634 erupisse
1191 4563 1428 4618 doceret.
1479 4561 1646 4633 Igitur
1684 4560 1857 4614 ironia
1888 4525 1936 4583 Β
1963 4573 2066 4626 qua
2095 4571 2154 4610 se
2182 4553 2350 4608 Judaei
2397 4549 2697 4620 jactabant,
2752 4547 2846 4601 sed
2890 4561 2995 4598 non
3029 4543 3151 4597 inde
3185 4541 3532 4611 plaudebant;

277 4668 361 4714 est
409 4659 545 4722 haec,
596 4672 719 4711 nam
751 4656 1020 4726 quomodo
1067 4655 1360 4724 prudentes
1393 4663 1538 4718 sunt,
1581 4653 1672 4724 qui
1720 4667 1861 4721 saepe

277 4748 785 4820 reprehcndtmtur?
811 4762 987 4802 nonne
1010 4746 1128 4815 plus
1153 4747 1291 4815 sapit
1311 4744 1615 4813 insipientia
1636 4743 1862 4811 Aposto-

277 4841 338 4905 li,
368 4855 531 4909 quam
561 4839 752 4894 horum
787 4836 1107 4908 prudentia?
1145 4835 1232 4889 hic
1268 4835 1412 4889 enim
1441 4833 1654 4902 sapiens
1701 4831 1864 4886 susti-

279 4942 371 4990 net
420 4934 811 5002 imprudentes,
844 4932 935 5000 qui
987 4930 1248 5000 patientia
1305 4944 1400 4982 sua
1431 4927 1618 4982 suil‘ert
1650 4940 1765 4989 eos,
1803 4931 1862 4977 ut

278 5028 492 5096 possint
518 5027 800 5096 proﬁcere,
829 5041 898 5080 ne
927 5039 1248 5095 provocans,
1289 5032 1380 5076 aut
1429 5021 1688 5090 abjiciens
1743 5034 1858 5082 eos,

279 5115 495 5188 pejores
548 5116 668 5172 illos
698 5115 882 5180 faciat,
933 5125 1027 5169 aut
1074 5123 1222 5170 certe
1257 5115 1301 5168 si
1334 5115 1388 5166 in
1445 5113 1548 5167 illis
1598 5109 1861 5181 proﬁcere

279 5225 388 5264 non
422 5209 683 5280 potuerit,
718 5224 871 5263 suam
907 5208 1226 5263 modestiam
1273 5206 1530 5270 custodit,
1574 5204 1766 5258 borum
1807 5201 1860 5254 in

280 5297 580 5353 Corinthiis
611 5298 744 5352 nihil
792 5305 895 5353 est.
938 5297 1217 5364 Quomodo
1247 5311 1376 5365 ergo
1421 5295 1652 5350 libenter
1704 5290 1863 5347 suffe-

284 5399 411 5448 runt
454 5395 842 5464 imprudentes,
900 5409 1022 5448 cum
1077 5392 1180 5462 ipsi
1224 5392 1332 5446 sint
1381 5393 1695 5461 sapientes,
1755 5389 1862 5444 nisi

281 5486 408 5556 quia
423 5500 532 5540 non
555 5485 633 5540 sic
661 5485 775 5539 vult
797 5484 1043 5554 intelligi,
1075 5483 1214 5537 sicut
1233 5491 1430 5536 sonant
1457 5481 1653 5536 verba?
1687 5481 1788 5534 hoc
1809 5480 1862 5533 in

281 5585 469 5640 sensu,
497 5583 553 5629 et
578 5574 634 5629 in
676 5572 1114 5644 pronuntiatione
1138 5578 1240 5636 est,
1265 5572 1389 5640 quia
1432 5572 1618 5625 eadem
1649 5570 1866 5641 quidem

284 5673 454 5728 verba
493 5684 602 5726 non
649 5669 899 5725 eumdem
929 5669 1132 5723 habent
1167 5681 1410 5731 sensum,
1444 5665 1602 5720 aliter
1630 5679 1867 5736 pronun-

286 5764 407 5834 tiat,
435 5766 594 5822 aliter
617 5766 802 5832 sentit,
841 5779 965 5820 nam
989 5763 1277 5834 aliquando
1299 5759 1602 5828 conﬁrmat,
1630 5758 1868 5828 aliquan-

1961 4646 2192 4716 denique
2223 4644 2351 4698 dicit
2377 4660 2390 4694 :
2423 4641 2485 4694 In
2516 4657 2616 4711 quo
2658 4638 2773 4708 quis
2803 4635 2956 4689 audet
2984 4635 3036 4687 in
3075 4632 3367 4702 insipientia
3398 4631 3533 4693 dico,

1963 4738 2132 4791 audeo
2157 4745 2204 4789 et
2249 4750 2360 4804 ego.
2410 4731 2522 4786 Hoc
2550 4739 2650 4794 est,
2683 4744 2787 4782 non
2822 4725 2985 4780 fuisse
3017 4723 3287 4777 inﬁrmum
3335 4723 3386 4774 in
3419 4720 3533 4790 glo-

1964 4828 2064 4892 ria,
2096 4842 2198 4895 qua
2231 4840 2289 4897 se
2310 4822 2589 4891 iactabant
2641 4817 2915 4880 lsraelitze,
2947 4829 3046 4869 nec
3074 4813 3290 4884 quidem
3342 4828 3407 4866 ex
3438 4812 3538 4865 hac

1965 4933 2024 4972 re
2071 4915 2406 4986 prndentcm‘
2434 4909 2687 4980 judicari,
2743 4906 2998 4976 prmferre
3046 4904 3188 4958 enim
3250 4918 3307 4957 se
3351 4901 3538 4955 nolunt

1964 5011 2279 5081 prudentes.
2317 5006 2373 5060 1n
2406 5001 2710 5072 insipientia
2759 5012 2888 5068 ergo
2935 4995 3067 5050 dicit
3114 4993 3312 5048 audere
3347 4993 3400 5047 in
3450 5007 3532 5054 eo,

1966 5102 2108 5175 quod
2151 5100 2349 5154 audent
2383 5097 2453 5159 hi,
2493 5093 2582 5163 qui
2631 5109 2689 5147 se
2727 5089 2956 5160 jactant,
2995 5105 3061 5143 eo
3113 5088 3254 5158 quod
3284 5089 3392 5141 sint
3442 5085 3533 5139 ﬁlii

1967 5195 2217 5256 Abrahae,
2242 5200 2303 5246 ut
2320 5188 2546 5260 gloriam
2571 5185 2784 5239 illorum
2812 5183 3031 5246 inaniat,
3065 5179 3452 5250 imprudentem
3478 5192 3535 5232 se

1971 5287 2305 5359 pronuntiat,
2331 5298 2398 5337 ne
2428 5281 2500 5336 illi
2523 5278 2814 5350 prudentes
2837 5276 3167 5339 viderentur,
3191 5274 3244 5328 in
3263 5274 3364 5328 hac
3384 5278 3534 5342 parte

1970 5390 2064 5435 aut
2094 5377 2323 5440 nobiles,
2343 5373 2552 5428 llebrwi
2575 5381 2694 5425 sunt
2721 5379 2767 5423 et
2789 5385 2902 5439 ego,
2925 5366 3183 5421 Israelita:
3209 5375 3324 5419 sunt
3348 5373 3394 5417 et
3422 5378 3529 5431 ego,

1969 5487 2142 5528 semen
2173 5468 2396 5523 Abralue
2418 5475 2536 5520 sunt
2558 5474 2604 5518 et
2629 5479 2742 5532 ego.
2767 5461 2826 5516 ln
2855 5461 2940 5515 his
2963 5475 3146 5530 parem
3169 5472 3228 5512 se
3248 5471 3451 5517 eorum,
3470 5452 3533 5506 de

1967 5569 2162 5640 quibus
2189 5580 2350 5635 supra
2377 5560 2723 5631 signiﬁcavit,
2760 5556 3016 5619 ostendit,
3041 5564 3100 5610 ut
3123 5548 3534 5608 detractationes

1969 5636 2180 5724 eorum,
2211 5657 2406 5727 quibus
2453 5654 2700 5722 indignus
2741 5651 2810 5706 ab
2849 5649 2933 5704 bis
2966 5646 3328 5720 judicabatur,
3373 5636 3533 5690 falsas

1969 5751 2297 5812 ostenderet.
2355 5746 2583 5802 Ministri
2627 5743 2821 5798 Christi
2872 5751 2990 5797 sunt
3016 5751 3062 5794 et
3087 5754 3212 5809 ego:
3282 5742 3334 5787 ut
3363 5729 3532 5782 minus
