4022 6338
487 344 599 399 227

1128 341 1190 398 Β.
1231 341 1484 398 RABANI
1519 341 1738 400 MAURI
1774 341 2090 400 ARCHIEP.
2133 345 2438 404 MOGUNT.
2479 346 2765 406 OPERUM
2801 347 2981 405 PARS
3017 347 3104 405 Ill.

3637 350 3746 406 2%8

487 455 704 526 sapiens
732 456 868 520 dico,
917 453 1033 524 plus
1057 470 1170 525 ego.
1218 453 1360 509 Vera
1385 453 1454 508 de
1481 468 1540 508 se
1569 453 1756 508 dicens
1803 453 2062 522 insipien-
2092 461 2140 521 Α
2166 458 2418 526 quentius
2466 459 2628 513 istum
2674 459 2897 514 missum
2944 459 3110 516 fuisse
3161 460 3214 514 in
3247 473 3524 516 carcerem
3579 476 3744 531 quam

493 557 611 602 tem
639 561 698 602 se
722 545 1051 615 pronuntiat,
1081 554 1142 600 ut
1171 544 1500 616 intelligatur
1525 554 1745 600 coactus
1771 543 1826 596 in
1851 543 2066 597 laudem

493 651 647 692 suam
693 637 1023 705 prorupisse.
1071 633 1204 688 Nam
1242 635 1335 705 qui
1387 643 1577 704 sponte
1609 649 1675 687 ea
1705 627 2067 702 refertfquae

487 728 567 782 ad
615 727 825 782 laudem
871 725 988 794 ejus
1037 725 1342 796 proﬁciant,
1400 725 1793 796 imprudentem
1847 737 1906 778 se
1960 736 2068 776 non

495 818 648 874 dicit.
707 817 952 873 Ostendit
991 833 1119 888 ergo
1171 831 1290 888 qua:
1318 817 1446 881 sint,
1497 830 1616 885 quae
1667 814 1870 870 faciant
1917 813 2069 868 illum

497 909 806 962 ministrum
857 907 1060 962 Christi
1105 905 1275 975 magis
1320 920 1462 969 esse,
1510 919 1672 973 quam
1715 911 1842 958 sunt
1876 900 2068 970 reliqui

488 998 907 1068 praedicatores:
938 996 1220 1052 occasione
1251 996 1393 1049 enim
1422 995 1642 1050 inventa
1680 995 1921 1048 omnium
1952 1001 2070 1046 ta‘n-

487 1090 595 1161 git,
635 1103 896 1159 personas
935 1088 1100 1144 etiam
1151 1085 1537 1156 apostolorum,
1587 1084 1774 1139 dolens
1820 1084 1943 1152 quia
1974 1082 2068 1136 Dei

487 1179 671 1250 gratia
702 1178 878 1232 minor
904 1177 959 1232 in
991 1178 1094 1232 hoc
1123 1175 1484 1244 judicabatur,
1537 1191 1661 1230 cum
1697 1174 1886 1229 eadem
1931 1187 2060 1242 ope-

489 1279 726 1333 raretur,
771 1284 891 1338 qua:
920 1269 1101 1323 caeteri
1129 1267 1379 1336 apostoli,
1411 1275 1466 1321 et
1513 1266 1636 1320 fidei
1666 1280 1828 1320 causa
1861 1265 2069 1334 majora

487 1359 662 1414 exitia
687 1358 959 1413 toleraret.
989 1358 1139 1414 Unde
1171 1366 1226 1412 et
1252 1357 1306 1410 in
1329 1355 1431 1410 alia
1459 1355 1830 1425 Epistoladicit
1858 1353 1920 1425 (1
1943 1352 2066 1408 Cor.

495 1448 590 1518 xv)
629 1466 641 1500 :
677 1447 806 1501 Plus
855 1447 961 1501 illis
999 1446 1235 1501 omnibus
1280 1445 1530 1498 laboravi.
1573 1442 1774 1516 (ϐπ-ες.)
1805 1442 1942 1498 Hinc
1988 1450 2072 1498 est

490 1555 646 1610 ergo,
678 1540 822 1609 quod
865 1539 1244 1609 przedica-tores
1284 1538 1433 1602 boni,
1463 1545 1517 1593 et
1548 1539 1806 1591 honorem
1849 1544 2073 1606 propter

486 1629 787 1685 elationem
817 1628 1044 1699 fugiunt,
1076 1637 1131 1682 et
1181 1628 1438 1682 honorari
1467 1635 1648 1682 tamen
1678 1635 1903 1697 pr0pter
1955 1626 2074 1680 imi-

491 1721 759 1775 tationem
806 1719 1010 1774 volunt.
1085 1718 1176 1774 Sic
1225 1719 1479 1774 nimirum
1547 1719 1746 1773 Paulus
1799 1705 2074 1786 apostolus

2170 546 2310 603 illos.
2361 547 2428 601 In
2455 547 2623 617 plagis
2652 564 2813 617 supra
2849 548 3082 602 modum.
3123 548 3259 604 ideo
3289 565 3451 620 supra
3496 551 3743 619 modum,

2169 635 2295 704 quia
2321 635 2457 691 ultra
2484 652 2643 706 quam
2671 638 2940 706 oportuit:
2970 653 3094 692 nam
3125 648 3180 692 et
3211 639 3285 693 illi
3312 639 3438 694 caesi
3471 649 3620 706 sunt,
3649 642 3749 698 sed

2170 741 2278 780 non
2301 734 2527 782 tantum.
2543 727 2624 782 In
2646 729 2895 783 mortibus
2918 729 3228 800 frequenter.
3265 731 3458 788 Verum
3483 742 3588 800 est,
3619 739 3751 806 quia

2169 815 2502 884 frequentius
2545 817 2632 872 hic
2675 819 2913 888 pericula
2942 816 3216 886 sustinuit,
3248 837 3413 892 quam
3437 825 3648 878 caeteri.
3699 827 3750 880 Α

2169 903 2372 958 Judceis
2399 906 2669 976 quinquies
2721 908 3101 978 quadragenas,
3157 925 3263 964 una
3293 911 3497 979 minus,
3537 916 3748 984 accepi.

2171 991 2283 1046 Hoc
2311 993 2464 1058 dicit,
2495 995 2620 1064 quia
2671 996 2955 1066 quinquies
3007 996 3307 1069 ﬁagellatus
3341 1011 3425 1056 est
3469 1017 3500 1056 a
3548 1001 3754 1060 Iudaeis

2170 1083 2462 1137 secundum
2489 1083 2660 1152 legem
2686 1084 2852 1156 Moysi
2893 1087 3163 1156 accipiens
3191 1090 3375 1161 plagas
3402 1091 3621 1162 triginta
3649 1110 3754 1150 no-

2169 1187 2312 1238 vem,
2342 1173 2481 1228 sicut
2498 1176 2757 1244 scriptum
2777 1177 2935 1230 estin
2965 1178 3378 1236 Deuteronomio
3406 1181 3590 1254 (Deut.
3615 1185 3752 1256 xxv)

2171 1265 2314 1334 quod
2354 1281 2450 1336 per
2491 1267 2726 1336 quinque
2754 1283 2883 1338 ergo
2922 1270 3067 1324 vices
3093 1269 3293 1325 factum
3335 1280 3438 1337 est,
3484 1273 3574 1328 hic
3602 1290 3756 1328 sum-

2178 1357 2366 1410 matim
2414 1355 2600 1413 refert.
2635 1357 2735 1412 Ter
2756 1359 2910 1428 virgis
2939 1376 3104 1414 casus
3136 1378 3271 1414 sum.
3302 1362 3414 1417 Hoc
3440 1380 3472 1417 a
3502 1365 3760 1435 gentibus

2170 1458 2360 1512 passus
2388 1453 2489 1500 est.
2525 1446 2697 1501 Semel
2726 1445 2989 1516 lapidatus
3015 1465 3151 1502 sum.
3187 1449 3233 1502 Α
3259 1449 3458 1505 Judazis
3482 1451 3758 1521 lapidatus

2171 1543 2255 1590 est
2281 1534 2335 1589 in
2361 1535 2577 1590 civitate
2623 1535 2890 1607 Lycaonia
2915 1536 3054 1609 (Act.
3090 1537 3224 1608 xxv).
3260 1538 3360 1592 Ter
3409 1541 3758 1612 naufragium

2167 1625 2291 1695 feci.
2348 1627 2450 1694 Qui
2502 1629 2646 1683 omni
2681 1636 2919 1698 tempore
2969 1629 3166 1699 legitur
3199 1631 3481 1702 navigasse
3509 1635 3758 1690 adversis

2135 1747 2138 1750 -
2171 1717 2440 1788 procellis,
2470 1717 2624 1772 facile
2647 1717 2748 1772 fuit
2777 1727 2859 1774 ter
2885 1719 3220 1790 naufragium
3252 1719 3446 1775 facere.
3501 1720 3554 1774 N
3559 1733 3671 1776 acte
3705 1735 3758 1776 es

495 1810 774 1881 discipulis
798 1809 1022 1878 loquens
1049 1810 1310 1864 honorem
1338 1808 1490 1879 fugit,
1523 1818 1578 1863 et
1602 1816 1782 1862 tamen
1811 1815 2069 1878 quantum
2099 1804 2145 1863 B
2172 1805 2258 1859 die
2285 1808 2341 1860 in
2385 1806 2648 1877 profundo
2679 1809 2840 1861 maris
2875 1807 2982 1878 fui.
3031 1807 3146 1862 Hoc
3181 1809 3381 1863 factum
3410 1819 3494 1864 est
3537 1811 3760 1880 quando

494 1907 642 1954 esset
689 1899 1052 1965 honorandus,
1089 1899 1341 1954 ostendit.
1393 1899 1525 1953 Nam
1557 1915 1678 1954 cum
1731 1899 2073 1968 Thessaloni-

493 1991 750 2045 censibus
776 1990 1010 2045 diceret:
1048 1988 1244 2060 Neque
1277 1989 1413 2042 enim
1463 1987 1748 2059 aliquando
1778 1988 1973 2057 fuimus
2015 1989 2072 2040 in

489 2097 734 2134 sermone
776 2080 1097 2134 adulationis
1137 2081 1270 2133 sicut
1311 2080 1472 2144 scitis,
1506 2096 1666 2150 neque
1707 2080 1763 2132 in
1805 2079 2074 2133 occasione

491 2173 768 2232 avaritice,
817 2171 960 2226 Deus
1001 2172 1143 2224 testis
1193 2179 1308 2235 est,
1363 2177 1578 2226 secutus
1626 2167 1905 2237 adjutuit:
1961 2167 2073 2224 Nec

491 2272 785 2331 quaerentes
823 2263 887 2315 ab
915 2261 1210 2314 hominibus
1237 2259 1459 2331 gloriam
1490 2277 1653 2331 neque
1677 2279 1710 2326 ᾳ
1747 2261 1884 2315 vobis
1914 2277 2074 2329 neque

501 2352 566 2407 ab
606 2345 745 2418 aliis,
770 2369 887 2406 eum
911 2353 1167 2422 possimus
1200 2353 1344 2406 oneri
1369 2370 1498 2418 esse,
1531 2364 1584 2406 ut
1609 2351 1804 2406 Christi
1831 2351 2073 2422 apostoli,

503 2446 597 2498 sed
623 2445 749 2514 facti
790 2461 970 2498 sumus
1013 2443 1216 2514 parvuli
1261 2443 1316 2496 in
1345 2444 1512 2497 medio
1550 2451 1776 2496 uestrum
1815 2440 1864 2512 (1
1896 2440 2074 2494 Thess.

495 2535 584 2607 ⁴ιι).
639 2536 843 2589 Rursus
869 2535 1162 2588 Corinthiis
1189 2532 1395 2604 fugiens
1444 2535 1703 2588 honorem
1731 2533 1898 2587 dicit:
1951 2531 2078 2586 Non

500 2626 638 2679 enim
667 2626 1004 2694 nosmetipsos
1034 2624 1402 2694 praedicamus,
1447 2624 1537 2678 sed
1577 2623 1759 2678 Iesum
1787 2621 2072 2687 Christum,

497 2715 784 2769 Dominum
840 2725 1112 2770 nostrum:
1167 2731 1259 2770 nos
1311 2725 1485 2769 autem
1519 2731 1691 2769 servos
1740 2723 1936 2768 vestros
1985 2730 2077 2784 per

499 2807 683 2862 Jesum
737 2806 1002 2862 Christum
1035 2805 1115 2878 (II
1145 2805 1269 2861 Cor.
1313 2805 1413 2878 tv).
1469 2805 1614 2872 Quos
1663 2817 1840 2860 tamen
1889 2803 2077 2860 videns

500 2899 754 2954 falsorum
806 2899 1169 2970 apostolorum
1217 2898 1658 2968 persuasionibus
1703 2913 1735 2950 a
1780 2912 1922 2952 verm
1955 2897 2076 2952 ﬁdei

497 2993 715 3047 tramite
744 2991 980 3057 deviare,
1017 2992 1098 3046 eis
1133 3005 1194 3046 se
1219 3004 1578 3059 summopere,
1626 2997 1886 3058 quantum
1930 2994 2079 3042 esset

501 3085 866 3147 honorandus,
897 3082 1132 3138 ostendit
1161 3081 1380 3135 dicens:
1424 3079 1492 3133 In
1519 3095 1620 3148 quo
1649 3078 1763 3148 quis
1789 3075 1971 3140 audet,
2018 3076 2073 3127 in

2175 1897 2376 1952 missus
2403 1905 2487 1952 est
2521 1897 2766 1963 Romam,
2795 1913 2917 1952 cum
2947 1899 3265 1970 appellasset
3287 1899 3760 1971 CaesaremJ'l'unc

2175 1989 2602 2059 desperationem
2628 1989 2752 2044 vita:
2773 1990 2828 2044 in
2855 1990 2982 2057 alto,
3013 1991 3113 2046 hoc
3138 2000 3222 2046 est
3243 1992 3565 2063 profundum
3587 1995 3758 2050 maris

2171 2079 2293 2146 fuit,
2326 2089 2554 2137 mortem
2584 2090 2706 2136 ante
2731 2081 2914 2135 oculos
2943 2081 3164 2146 habens,
3195 2081 3274 2144 sic
3296 2083 3442 2137 enim
3481 2082 3756 2152 scriptum

2173 2180 2258 2227 est
2285 2173 2400 2240 ipso
2438 2171 2582 2226 loco:
2631 2170 2720 2225 Ita
2760 2181 2814 2226 ut
2837 2171 3232 2242 desperaremus
3271 2189 3366 2228 nos
3391 2174 3556 2228 etiam
3586 2174 3762 2228 uiuere

2177 2261 2264 2334 (ιι
2289 2263 2413 2317 Cor.
2445 2263 2508 2334 ι).

2245 2353 2316 2407 In
2337 2353 2608 2408 itineribus
2637 2369 2793 2424 saepe.
2836 2352 2991 2410 Nunc
3015 2355 3115 2410 alia
3144 2364 3410 2412 memorat
3430 2356 3671 2425 pericula
3697 2368 3760 2412 ut

2178 2449 2322 2496 terra
2369 2442 2613 2512 marique
2642 2457 2740 2512 pro
2789 2443 3006 2499 Christo
3048 2454 3302 2500 vexatum
3353 2461 3411 2500 se
3454 2448 3757 2501 secundum

2175 2548 2394 2588 carnem
2443 2533 2718 2590 ostendat.
2749 2533 3010 2589 Periculis
3053 2537 3351 2604 fluminum.
3404 2534 3464 2591 Si
3501 2537 3760 2591 itinerum

2174 2625 2413 2694 pericula
2457 2626 2666 2688 recitat,
2701 2626 2829 2694 quid
2853 2635 2957 2692 est,
2982 2636 3042 2681 ut
3067 2626 3232 2692 dicat,
3275 2627 3528 2697 periculis
3576 2627 3757 2680 flumi-

2177 2730 2306 2770 num
2331 2714 2354 2768 ?
2383 2714 2476 2770 sed
2524 2714 2704 2770 hieme
2751 2714 2852 2768 iter
2887 2714 3113 2781 faciens,
3169 2716 3294 2784 quia
3323 2717 3505 2784 utique
3557 2715 3761 2770 imbres

2161 2797 2378 2862 assidui
2430 2817 2574 2872 sunt,
2627 2806 3028 2877 egredientibus
3079 2806 3390 2862 ﬁuininibus
3440 2807 3761 2862 incurrebat

2176 2898 2495 2968 periculum.
2527 2896 2785 2951 Periculis
2817 2896 3100 2950 latronum.
3148 2897 3281 2952 Cum
3310 2897 3362 2951 in
3391 2897 3610 2951 civitate
3642 2898 3760 2951 dia-

2177 2991 2331 3046 bolus
2359 3005 2483 3044 eum
2512 2989 2758 3044 occidere
2787 2996 2987 3057 posset,
3015 2987 3250 3042 latrones
3273 2987 3349 3041 illi
3391 2988 3664 3042 excitabat
3701 2987 3758 3041 in

2176 3083 2282 3145 via,
2313 3097 2436 3136 cum
2487 3081 2620 3136 nihil
2661 3080 2828 3135 ferret
2862 3094 2982 3150 qua:
3013 3078 3250 3135 latrones
3293 3090 3568 3150 cuperent.
3604 3079 3760 3135 Peri-

495 3173 798 3242 insipientia
844 3173 984 3237 dico,
1016 3172 1184 3225 audeo
1231 3180 1278 3226 et
1319 3187 1428 3241 ego,
1459 3169 1672 3224 Hebrtei
1695 3178 1816 3222 sunt
1858 3177 1907 3221 et
1957 3183 2070 3237 ego,
2101 3166 2144 3227 C
2176 3172 2306 3226 culis
2343 3188 2406 3226 ea:
2446 3187 2647 3242 genere.
2675 3169 2984 3225 Judteorum
3029 3169 3161 3224 dicit
3187 3170 3611 3240 persecutiones,
3667 3170 3760 3238 qui

502 3261 760 3316 Israelita:
801 3271 921 3315 sunt
945 3271 992 3315 et
1024 3278 1137 3332 ego,
1184 3261 1407 3315 ministri
1438 3259 1634 3315 Christi
1663 3270 1783 3314 sunt
1809 3269 1858 3313 et
1883 3275 1999 3329 ego,
2018 3267 2072 3312 ut

501 3355 672 3406 minus
698 3353 902 3422 sapiens
947 3353 1086 3417 dico,
1118 3351 1233 3422 plus
1274 3368 1387 3422 ego,
1418 3351 1613 3420 quibus
1645 3352 1810 3406 etiam
1854 3349 2079 3418 subjun-

502 3443 599 3512 git,
647 3443 792 3510 quod
837 3443 887 3496 ei
916 3457 1129 3511 quoque
1174 3443 1316 3496 tertii
1353 3441 1475 3496 eceli
1523 3450 1734 3495 secreta
1778 3440 2073 3510 patuerint,

501 3535 644 3600 quod
672 3542 856 3602 raptus
880 3533 1042 3586 etiam
1068 3532 1306 3600 paradisi
1337 3545 1532 3586 arcana
1582 3531 1904 3600 penetravit,
1949 3545 2076 3586 ecce

508 3625 770 3677 honorem
800 3621 1010 3692 fugiens
1052 3636 1268 3676 servum
1297 3637 1355 3676 se
1389 3621 1769 3690 discipulorum
1796 3621 2072 3690 praedicat,

507 3729 636 3768 ecce
687 3714 950 3768 honorem
998 3727 1098 3782 pro
1161 3711 1393 3768 utilitate
1445 3712 1780 3767 audientium
1831 3727 2080 3780 quaerens

500 3801 654 3857 falsis
703 3803 959 3872 apostolis
999 3804 1121 3858 vitae
1167 3817 1276 3858 suae
1319 3803 1512 3857 merita
1563 3802 1914 3871 superponit:
1967 3803 2076 3870 egit

504 3895 702 3964 quippe
729 3896 916 3949 doctor
963 3893 1232 3964 egregius,
1270 3901 1331 3947 ut
1382 3895 1506 3948 dum
1555 3893 1671 3963 ipse
1714 3892 1892 3962 qualis
1933 3892 2080 3947 esset

499 3985 812 4055 agnoscitur
838 4023 852 4048 ,
895 3993 950 4038 et
1003 3984 1109 4038 vita
1152 3993 1208 4038 et
1249 3984 1427 4054 lingua
1482 3984 1620 4037 male
1667 3984 2076 4053 praedicandum

501 4077 617 4146 ejus
667 4076 1070 4148 comparatione
1110 4075 1410 4130 vilesceret.
1459 4074 1583 4129 Illos
1639 4075 1886 4130 videlicet
1929 4089 2078 4130 com-

505 4171 784 4223 mendaret
824 4207 839 4232 ,
891 4167 936 4221 si
988 4179 1047 4221 se
1111 4165 1507 4230 absconderet,
1561 4179 1793 4234 cumque
1851 4179 1910 4220 se
1967 4179 2074 4220 non

501 4261 811 4314 ostenderet
837 4259 1011 4312 errori
1053 4257 1229 4312 locum
1267 4257 1533 4324 dedisset;
1566 4259 1704 4312 miro
1726 4259 1894 4328 igitur
1915 4258 2076 4313 modo

503 4357 559 4404 et
605 4347 922 4401 humilitatis
973 4347 1192 4400 exhibet
1231 4347 1461 4416 gratiam
1492 4358 1545 4401 et
1589 4347 1837 4402 utilitatis
1883 4348 2080 4416 quaerit

506 4441 854 4501 incrementa,
873 4447 931 4493 ut
951 4448 1004 4492 et
1025 4454 1240 4493 servum
1263 4454 1323 4494 se
1338 4439 1715 4508 discipulorum
1731 4440 2006 4508 praedicet,
2023 4446 2077 4494 et

2176 3263 2371 3318 fratres
2395 3262 2508 3330 ejus
2531 3269 2684 3317 erant
2710 3262 3004 3316 secundum
3039 3275 3258 3316 carnem
3284 3279 3296 3314 :
3329 3260 3583 3316 dolebant
3609 3263 3760 3316 enim

2175 3356 2301 3425 quia
2326 3355 2536 3410 deserta
2565 3353 2679 3425 lege
2701 3353 2767 3408 ad
2793 3353 3141 3424 Evangelium
3173 3352 3370 3408 Christi
3394 3368 3452 3408 se
3477 3362 3762 3408 converte-

2184 3455 2288 3500 rat.
2338 3445 2597 3500 Periculis
2633 3461 2697 3499 ex
2734 3445 2987 3515 gentibus.
3029 3445 3327 3516 Agentihus
3353 3446 3762 3516 persecutiones

2181 3551 2376 3606 passus
2407 3546 2488 3591 est
2517 3544 2737 3606 propter
2767 3537 3080 3606 mysterium
3118 3537 3507 3593 incarnationis
3546 3539 3759 3593 Domini

2175 3628 2303 3685 Jesu
2330 3628 2530 3685 Christi
2575 3637 2629 3682 et
2670 3628 2828 3683 unius
2856 3629 2950 3682 Dei
2981 3629 3439 3698 praedicationem.
3493 3628 3758 3684 Periculis

2177 3721 2232 3775 in
2281 3719 2502 3774 civitate.
2545 3717 2726 3788 Usque
2763 3717 2898 3772 adeo
2927 3718 2982 3773 in
3022 3719 3263 3790 periculo
3305 3719 3406 3774 fuit
3452 3721 3508 3775 in
3539 3721 3761 3776 civitate

2177 3821 2238 3866 ut
2282 3827 2378 3882 per
2413 3811 2707 3866 fenestram
2758 3808 3016 3882 effugeret
3057 3826 3247 3866 manus
3285 3811 3602 3867 insidiantes
3631 3813 3757 3867 sibi.

2179 3902 2437 3960 Periculis
2465 3905 2518 3958 in
2542 3903 2843 3959 solitudine.
2890 3905 3196 3960 Periculum
3223 3905 3325 3960 hoc
3351 3919 3380 3958 a
3411 3904 3612 3960 ludatis
3637 3905 3730 3960 fue

2181 4003 2265 4050 rat
2291 4003 2660 4066 procuratum,
2705 3993 2920 4064 quando
2957 4009 3082 4050 eum
3137 3989 3295 4050 factis
3328 3995 3536 4050 insidiis
3589 3995 3644 4049 in
3673 3996 3760 4050 via

2187 4088 2436 4144 volebant
2466 4087 2734 4142 occidere.
2779 4083 3040 4140 Periculis
3077 4087 3132 4140 in
3160 4087 3315 4140 mari.
3346 4083 3464 4140 Jam
3510 4087 3760 4156 superius

2179 4178 2406 4241 dixerat,
2435 4197 2452 4228 ι
2477 4186 2558 4232 ter
2571 4175 2910 4247 naufragium
2941 4176 3045 4232 feci
3065 4185 3220 4231 nocte
3246 4176 3470 4231 ctdiein
3492 4176 3760 4245 profundo

2178 4267 2345 4322 utaris
2369 4266 2463 4332 fui,
2503 4284 2522 4318 ι
2561 4266 2702 4334 quod
2733 4265 2879 4320 aliud
2908 4263 3008 4318 fuit
3053 4265 3349 4335 periculum
3379 4265 3435 4319 in
3463 4266 3638 4319 mari?
3665 4265 3759 4320 sed

2179 4360 2281 4414 hoc
2311 4366 2394 4413 est
2432 4357 2727 4429 periculum
2757 4358 2975 4428 quando
3003 4359 3058 4413 in
3089 4359 3250 4425 mari,
3281 4358 3384 4414 hoc
3415 4369 3517 4422 est,
3548 4357 3602 4412 in
3633 4357 3756 4411 navi

2179 4449 2374 4504 milites
2418 4449 2785 4519 cogitaverant
2835 4462 3027 4503 omnes
3077 4449 3349 4503 custodias
3390 4449 3658 4513 occidere,
3691 4462 3758 4501 ne

505 4533 828 4588 adversariis
874 4532 1136 4601 potiorem
1163 4531 1516 4598 demonstret,
1568 4533 1802 4587 ostendit
1832 4532 2071 4602 discipu-
2101 4515 2297 4608 unis
2347 4515 2574 4594 enatans
2623 4538 2924 4610 effugeret,
2977 4528 3121 4608 qubd
3167 4540 3463 4610 periculum
3509 4539 3758 4595 centurio

505 4623 594 4688 lis,
625 4624 752 4692 quid
781 4623 1102 4677 humilitatis
1144 4623 1434 4692 acceperit,
1480 4623 1719 4678 ostendit
1749 4623 2073 4678 adversariis
2174 4630 2448 4700 prohibuit
2481 4629 2685 4695 inferri,
2729 4644 2795 4684 ne
2846 4630 3042 4685 Paulus
3070 4631 3428 4696 occideretur,
3462 4639 3521 4686 ut
3567 4631 3753 4686 vivum

504 4721 633 4790 quid
653 4720 1017 4774 sublimitatis.
1041 4721 1334 4776 inuotescit
1355 4729 1543 4775 contra
1574 4721 1912 4777 adversarios
1945 4721 2074 4792 quid
2179 4737 2304 4777 eum
2357 4722 2582 4776 Romam
2617 4722 2938 4791 perduceret
2976 4721 3113 4793 (Act.
3154 4720 3348 4793 XXVII).
3407 4719 3669 4775 Periculis
3702 4722 3757 4775 in

504 4811 727 4865 haberet
771 4827 838 4865 ex
902 4826 1162 4866 munere:
1237 4812 1525 4866 inuotescit
1575 4812 1850 4882 discipulis
1897 4812 2074 4882 qualis
2175 4812 2325 4882 falsis
2393 4813 2665 4883 fratribus.
2716 4811 2897 4883 (Aug)
2955 4810 3099 4866 Falsi
3159 4810 3352 4865 fratres
3405 4810 3461 4866 hi
3505 4818 3634 4864 sunt
3692 4811 3760 4864 de

505 4905 643 4976 apud
669 4920 726 4960 se
748 4913 964 4962 maneat
993 4907 1048 4960 in
1070 4906 1410 4977 cogitatione.
1439 4907 1728 4962 inuotescit
1751 4907 2076 4962 adversariis
2175 4904 2370 4974 quibus
2422 4904 2554 4959 dicit
2621 4905 2687 4957 ad
2736 4903 2994 4959 Galatas:
3061 4903 3283 4973 Propter
3333 4902 3757 4956 subintroductos

504 4995 678 5066 qualis
701 4980 834 5051 foris
875 5006 1127 5066 appareat
1159 4997 1212 5050 in
1238 4999 1564 5068 operatione.
1591 4996 1775 5052 Sancti
1803 4998 1949 5053 enim
1974 4998 2079 5052 viri

509 5091 632 5144 dum
683 5099 945 5160 coguntur
973 5089 1113 5143 bona
1158 5103 1380 5144 narrare
1419 5105 1538 5159 qua:
1577 5089 1798 5154 faciunt,
1834 5104 1941 5144 non
1967 5089 2080 5160 eh—

508 5179 638 5234 tioui
689 5181 926 5236 serviunt
968 5180 1063 5234 sed
1107 5180 1342 5234 utilitati.
1383 5180 1449 5234 In
1499 5181 1760 5236 laboribus
1817 5181 2076 5252 plurimis.

509 5269 712 5344 (Amb.)
761 5272 884 5327 Ideo
928 5272 982 5326 in
1011 5271 1253 5341 pluribus
1282 5271 1359 5325 ait
1403 5272 1675 5328 laboribus
1723 5273 1868 5342 quia,
1900 5281 1957 5328 et
2002 5273 2078 5328 illi

513 5359 906 5428 laboraverunt,
959 5363 1053 5415 sed
1088 5377 1194 5416 non
1244 5370 1481 5416 tantum:
1522 5363 1611 5418 hic
1655 5364 1800 5418 enim
1841 5379 1873 5418 a
1919 5381 2078 5422 mane

511 5468 678 5524 usque
723 5455 790 5509 ad
813 5457 1056 5526 quintam
1091 5455 1279 5509 horam
1320 5454 1524 5509 victum
1571 5456 1818 5512 manibus
1881 5457 2080 5526 quairi-

516 5547 682 5610 tabat,
714 5555 768 5601 et
812 5547 1005 5600 exinde
1037 5560 1206 5614 usque
1247 5545 1314 5600 ad
1353 5545 1617 5600 decimam
1669 5546 1859 5602 horam
1890 5548 2078 5616 dispu-

518 5637 661 5690 tabat
685 5638 892 5707 publice
921 5645 1074 5691 tanto
1103 5636 1303 5702 labore,
1347 5648 1405 5690 ut
1441 5637 1935 5692 contradicentibus
1959 5653 2082 5692 sua-

453 5789 467 5801 .
518 5725 682 5783 deret.
718 5730 782 5783 In
823 5730 1113 5783 carceribus
1143 5729 1514 5783 abundantius.
1564 5729 1820 5798 Apertum
1851 5737 1933 5785 est
1976 5728 2083 5785 fre-

2180 5006 2351 5049 autem
2373 4994 2534 5065 falsos
2555 4995 2745 5065 fratres
2770 4996 2856 5066 qui
2876 4996 3294 5050 subintraverunt
3312 4993 3585 5066 explorare
3606 4993 3760 5047 liber-

2181 5095 2338 5139 tatem
2355 5096 2585 5139 nostram
2603 5101 2760 5156 quam
2783 5085 3028 5140 habemus
3053 5087 3107 5140 in
3122 5084 3327 5140 Christo
3351 5084 3478 5140 Iesu
3500 5082 3645 5156 (Gal.
3670 5084 3756 5157 tt).

2183 5175 2248 5230 Hi
2274 5175 2418 5230 enim
2450 5177 2646 5246 partim
2673 5177 2964 5232 Christiani
3015 5187 3190 5243 erant,
3222 5177 3423 5248 partim
3465 5161 3656 5242 Judzei‘,
3701 5177 3759 5232 in

2183 5275 2374 5322 neutro
2425 5266 2671 5337 perfecti,
2708 5267 2800 5336 qui
2855 5266 2971 5322 zelo
3019 5267 3150 5338 legis
3191 5266 3448 5337 Apostolo
3497 5265 3759 5320 invidiam

2185 5361 2513 5424 excitabant,
2561 5375 2626 5415 eo
2652 5361 2795 5430 quod
2823 5360 3115 5431 praedicata
3166 5359 3385 5416 Christo
3429 5359 3603 5430 legem
3645 5357 3760 5427 jam

2182 5468 2400 5510 cessare
2449 5453 2679 5508 dicebat.
2714 5452 2954 5524 Denique
2996 5453 3080 5508 his
3135 5451 3547 5523 perurgentibus
3575 5447 3762 5502 Timo-

2185 5549 2368 5604 theum
2393 5547 2698 5618 compulsus
2715 5556 2799 5603 est
2817 5547 3218 5602 circumcidere.
3246 5544 3429 5599 Fictus
3450 5556 3578 5612 ergo
3599 5538 3761 5595 Chri-

2185 5643 2392 5698 stianus
2419 5650 2518 5705 est,
2551 5642 2643 5712 qui
2670 5640 3012 5695 aemulatione
3038 5639 3171 5709 legis
3219 5635 3563 5708 persequitur
3606 5631 3762 5686 Chri-

2186 5732 2455 5799 stianum,
2503 5732 2592 5786 hic
2640 5739 2722 5786 est
2763 5729 2926 5785 falsus
2978 5727 3143 5782 frater
3193 5745 3205 5780 :
3273 5727 3317 5780 si
3349 5725 3493 5781 enim
3545 5730 3760 5777 tantum
