4022 6338
224 338 335 401 229

690 332 1245 393 ENARRATIONUM
1278 330 1348 390 IN
1385 332 1535 390 EPP.
1570 332 1779 392 PAULI
1812 333 1942 391 LIB.
1985 335 2125 393 XIII.
2145 324 2232 381 ἷ-
2264 334 2334 395 IN
2372 272 2590 398 EPIS.T.
2631 341 2677 398 II
2710 342 2806 399 AD
2837 342 2996 401 COR.

3383 349 3488 407 930

226 448 399 507 Judaei
435 454 595 505 erant
631 445 706 512 hi,
733 452 788 501 et
814 453 1035 517 propter
1077 444 1414 501 Judaismum
1462 444 1659 502 fratres
1710 460 1805 502 eos
1832 448 2051 515 Aenim
2092 451 2296 507 invidia
2349 452 2633 510 laborabat
2683 455 2828 526 apud
2867 454 3086 513 Iudaeos
3135 473 3246 529 pra:
3279 464 3488 519 caeteris
3539 515 3546 521 .

227 541 396 597 falsos
442 536 697 610 appellat,
726 536 857 606 quid
882 550 1019 606 opus
1065 545 1187 591 erat
1230 534 1473 591 iterare?
1498 533 1612 604 jam
1662 535 1809 590 enim

228 629 481 701 superius
524 626 678 683 dixit.
728 624 990 679 Periculis
1017 641 1084 681 ea:
1129 641 1333 696 genere,
1365 624 1459 678 sed
1506 624 1808 679 secundum

228 734 451 776 carnem
480 732 591 773 non
618 722 744 771 sunt
768 713 891 771 falsi
921 713 1136 780 fratres,
1166 713 1222 769 in
1250 712 1469 769 Christo
1495 721 1680 767 autem
1706 711 1811 767 fal-

228 810 278 864 si
308 815 456 873 sunt,
510 805 639 877 quia
680 818 791 860 non
821 810 933 858 tota
973 810 1153 859 mente
1197 801 1492 858 Christiani
1522 809 1667 869 sunt,
1697 800 1813 858 fue-

231 906 382 964 runt,
419 905 476 952 et
498 895 592 950 alii
632 893 756 949 falsi
780 892 979 949 fratres
1024 891 1168 949 sicut
1191 892 1389 947 Demas
1420 899 1475 947 et
1518 890 1815 960 Hermoge-

230 1003 350 1045 nes.
384 984 590 1060 (Greg.)
640 984 888 1055 Undique
935 982 1080 1038 enim
1127 990 1345 1038 sanctus
1374 980 1458 1036 vir
1486 982 1817 1053 persecutio~

232 1080 398 1134 nibus
422 1085 477 1133 et
500 1074 725 1148 flagellis
748 1073 1114 1130 circumdatus
1136 1082 1276 1139 erat,
1307 1072 1445 1128 sicut
1476 1086 1573 1143 per
1592 1071 1812 1128 beatum

231 1165 335 1225 Joh
376 1166 620 1222 dicitur:
672 1162 874 1219 Saltem
905 1178 1042 1218 nunc
1069 1160 1342 1233 iatelligite
1363 1162 1490 1234 quia
1519 1161 1662 1215 Deus
1705 1176 1817 1215 non

233 1273 385 1328 aequo
416 1256 618 1323 iudicio
650 1254 886 1326 amiserit
910 1269 1012 1319 me,
1041 1261 1090 1307 et
1114 1251 1337 1324 flagellis
1376 1250 1488 1306 suis
1522 1267 1602 1305 me
1642 1251 1819 1305 cinxe-

242 1349 315 1401 rit
355 1345 504 1419 (Job.
560 1344 697 1417 xix).
750 1343 911 1398 Aliud
952 1344 1153 1415 quippe
1196 1351 1282 1399 est
1326 1342 1552 1414 ﬂagellis
1584 1343 1816 1413 percuti,

248 1438 397 1492 aliud
424 1437 592 1507 cingi,
622 1435 849 1507 ﬂagellis
874 1449 1108 1504 namque
1150 1435 1506 1504 percutimur,
1542 1448 1667 1488 cum
1695 1448 1823 1488 con-

236 1527 559 1584 solationem
583 1534 640 1582 et
666 1528 725 1582 in
752 1525 1025 1582 doloribus
1067 1540 1133 1581 ex
1166 1526 1328 1582 rebus
1356 1526 1478 1582 aliis
1526 1525 1810 1592 habemus,

235 1633 365 1672 nam
384 1632 513 1673 cum
527 1623 677 1670 tanta
697 1629 797 1670 nos
814 1613 1032 1670 afﬂictio
1062 1614 1342 1685 deprimit,
1364 1621 1507 1670 utex
1519 1613 1717 1669 nullius
1740 1613 1820 1669 rei

224 1706 608 1765 consolatione
627 1706 897 1776 respirare
916 1705 1129 1761 animus
1150 1705 1343 1776 possit,
1373 1721 1481 1762 non
1497 1705 1613 1776 jam
1641 1702 1822 1777 ﬂagel-

224 1799 308 1855 lis
324 1797 663 1855 solummodo
682 1796 924 1863 ferimur,
952 1796 1046 1853 sed
1066 1795 1231 1852 etiam
1251 1796 1539 1867 cingimur,
1570 1795 1701 1865 quia
1729 1796 1824 1850 tri-

236 1889 573 1947 bulationum
594 1889 818 1945 verbere
834 1902 902 1944 ex
919 1886 1066 1943 omni
1086 1893 1243 1958 parte
1266 1885 1682 1942 circumdamur.
1699 1884 1827 1940 Cin-

220 1993 365 2041 ~ctus
374 1983 523 2038 enim
536 1979 759 2053 flagellis
770 1978 967 2035 Paulus
981 1977 1173 2044 fuerat,
1186 1993 1307 2034 eum
1320 1977 1550 2034 dicebat:
1565 1975 1725 2032 Foris
1735 1995 1829 2049 pu-

220 2091 379 2147 θυαε,
392 2076 536 2130 intus
549 2076 758 2129 timores
772 2071 857 2144 (II
881 2069 1137 2143 Cor.vu);
1160 2071 1367 2127 cinctus
1398 2069 1620 2141 ﬂagellis
1649 2072 1830 2126 fuerat

236 2181 366 2223 cum
394 2166 640 2223 dicebat:
702 2160 961 2218 Periculis
988 2178 1053 2216 ex
1093 2177 1295 2232 genere,
1325 2159 1572 2229 periculis
1600 2175 1667 2215 ex
1704 2176 1829 2230 gen-

222 2260 380 2315 rtibus
407 2300 425 2328 ,
472 2256 721 2330 periculis
758 2257 813 2310 in
858 2256 1066 2310 civitate
1095 2294 1111 2321 ,
1143 2252 1387 2325 periculis
1416 2252 1473 2306 in
1519 2250 1824 2316 solitudine,

238 2361 347 2410 etc.
400 2353 533 2420 Quae
577 2351 654 2406 ita
698 2354 981 2405 enumerat
1035 2354 1095 2401 ut
1140 2357 1415 2414 nunquam
1469 2356 1527 2398 se
1574 2340 1828 2396 habuisse

240 2446 489 2517 requiem
527 2441 794 2509 ostendat.
826 2438 1024 2493 Sancta
1052 2450 1178 2491 vero
1208 2433 1450 2491 Ecclesia
1478 2447 1603 2488 eum
1653 2430 1827 2485 tribu-

228 2536 505 2591 lationum
531 2547 751 2590 suarum
773 2528 998 2600 ﬂagellis
1023 2526 1278 2598 cingitur,
1311 2525 1370 2580 in
1392 2538 1459 2579 ea
1480 2523 1681 2581 infirmi
1703 2521 1824 2591 qui-

245 2643 356 2700 que
385 2628 443 2681 in
473 2622 933 2697 pusillanimitatis
957 2634 1144 2675 casum
1174 2617 1519 2690 rediguntur:
1557 2614 1634 2670 ita
1666 2623 1726 2669 ut
1767 2627 1826 2670 se
1870 2614 1881 2621 “

242 2733 312 2775 eo
324 2716 441 2787 jam
464 2716 781 2787 desperatos
801 2710 1134 2775 existiment,
1159 2723 1264 2779 quo
1277 2721 1336 2763 se
1357 2704 1601 2763 exaudiri
1621 2706 1826 2760 tardius

244 2803 537 2863 videntJn
561 2803 737 2858 labore
766 2810 815 2857 et
825 2816 1081 2856 aerumna.
1106 2796 1332 2870 (Ambr.)
1348 2794 1546 2852 Verum
1572 2802 1674 2861 est,
1697 2794 1826 2864 quia

245 2908 436 2969 petest
458 2910 579 2952 esse
602 2893 757 2951 labor
806 2893 925 2948 sine
947 2889 1212 2956 molestia,
1245 2889 1342 2944 sed
1367 2888 1460 2943 hic
1488 2885 1610 2942 ideo
1652 2885 1823 2954 addit,

248 2991 389 3047 etin
427 2988 694 3053 molestia,
722 2994 783 3041 ut
808 2984 1053 3040 laborem
1097 2982 1273 3053 ipsum
1316 2979 1605 3036 exitiosum
1645 2984 1826 3037 osten-

236 3082 425 3137 deret.
452 3079 521 3134 In
564 3076 749 3149 vigiliis
784 3074 981 3131 multis.
1011 3072 1189 3128 Multa:
1212 3071 1429 3127 fuerunt
1464 3068 1581 3140 ejus
1606 3069 1822 3142 vigilite,

1909 540 2185 609 apostolis.
2234 540 2370 609 Quia
2399 557 2522 599 cum
2546 552 2961 616 persequeretur
2986 546 3305 616 Ecclesium,
3349 553 3468 608 subi

1911 640 1967 686 to
1990 631 2309 689 immutatus
2333 632 2508 691 factus
2520 644 2605 691 est
2630 634 2883 693 defensor
2908 636 3171 706 ejusdem,
3191 641 3486 700 testificans

1911 731 2074 793 atque
2128 724 2405 782 affirmans
2448 728 2593 796 quod
2620 727 2915 794 Christum,
2946 745 3106 801 quem
3134 731 3282 802 prius
3308 742 3369 788 ut
3392 735 3489 791 ho-

1912 813 2115 871 minem
2142 824 2416 872 mortuum
2441 819 2764 886 aestimabat,
2794 820 2861 877 de
2887 820 3027 877 emlo
3051 836 3232 877 secum
3254 823 3490 881 locutum

1915 905 2175 971 audierit,
2202 906 2357 977 cujus
2384 909 2752 966 testimonium
2783 912 3090 969 necessario
3117 912 3270 968 multi
3295 930 3489 984 seque-

1912 1003 2104 1050 rentur
2127 1034 2144 1061 ,
2191 997 2428 1053 scientes
2477 1013 2600 1054 eum
2652 1000 2719 1056 de
2748 1010 3117 1073 persecutore,
3170 1018 3277 1059 non
3309 1005 3492 1076 utique

1918 1083 2044 1139 sine
2073 1084 2307 1152 ratione,
2330 1084 2530 1142 factum
2561 1088 2921 1158 defensorem,
2961 1090 3064 1147 hac
3104 1107 3269 1149 causa
3298 1109 3492 1151 exem-

1916 1174 2201 1231 ciabautur
2250 1174 2459 1244 Judaei,
2504 1186 2560 1235 et
2588 1180 2901 1249 quaerebant
2934 1194 3058 1237 eum
3088 1197 3302 1255 semper
3327 1184 3493 1241 inter-

1918 1266 2103 1323 ﬁcere.
2138 1266 2269 1335 Quis
2286 1268 2703 1335 scandalizatur,
2736 1280 2786 1325 et
2813 1288 2906 1343 ego
2930 1289 3033 1328 non
3054 1290 3181 1328 uror
3202 1275 3227 1329 ?
3248 1273 3490 1332 Scanda-

1918 1357 2074 1413 lizari
2095 1367 2197 1422 est,
2223 1359 2409 1414 carnis
2431 1359 2546 1430 pati
2571 1360 2919 1429 desiderium,
2938 1372 3199 1433 quantum
3221 1366 3288 1421 ad
3314 1365 3492 1421 locum

1918 1449 2064 1506 hunc
2095 1450 2351 1523 pertinet,
2378 1458 2436 1507 et
2467 1451 2596 1521 quia
2633 1454 2796 1508 etiam
2838 1455 2992 1511 inviti
3019 1456 3194 1512 solent
3233 1456 3495 1512 scandali-

1920 1541 2057 1608 sari,
2110 1541 2276 1598 illecti
2318 1541 2490 1598 forma
2532 1550 2626 1598 aut
2658 1543 3058 1614 pulchritudine
3097 1546 3359 1617 corporis,
3400 1556 3493 1602 aut

1918 1634 2152 1705 propriae
2178 1634 2360 1691 carnis
2398 1633 2601 1704 calore,
2647 1635 2937 1706 Apostolus
2975 1645 3156 1693 autem
3202 1639 3494 1694 necessita-

1920 1731 2033 1781 tem
2075 1725 2326 1780 humanze
2360 1733 2568 1780 natura:
2612 1726 2985 1793 considerans,
3033 1726 3118 1782 uri
3166 1742 3224 1782 se
3257 1727 3406 1795 dicit,
3434 1739 3495 1782 ut

1850 1801 1897 1862 Β
1920 1815 2172 1871 consulat
2199 1815 2396 1871 talibus
2426 1816 2762 1886 compatiens
2805 1816 3106 1873 infirmitati
3147 1831 3353 1873 eorum.
3384 1816 3495 1873 Nec

1924 1902 2027 1960 hos
2055 1904 2422 1961 condemnans
2446 1905 2541 1960 sed
2569 1920 2920 1961 commoneas
2948 1905 3004 1960 in
3028 1906 3329 1962 humilitate
3376 1921 3493 1961 ser-

1926 1996 2119 2062 monis,
2135 2007 2196 2052 ut
2214 2011 2309 2066 spe
2332 1996 2582 2066 promissi
2594 1997 2801 2068 praemii
2824 1997 3495 2069 repugnentstimuliscar-

1925 2088 2030 2155 nis,
2052 2103 2122 2144 ne
2146 2088 2269 2158 quis
2294 2102 2484 2143 eorum
2508 2089 2602 2160 qui
2622 2104 2744 2145 eum
2766 2088 2993 2145 audiunt
3012 2087 3293 2144 desideriis
3317 2087 3498 2143 carnis

1925 2176 2077 2244 victi,
2104 2177 2460 2247 desperantes
2480 2178 2546 2233 de
2581 2192 2662 2244 se,
2701 2187 2953 2249 putantes
2983 2176 3098 2247 jam
3124 2192 3229 2234 non
3276 2187 3499 2248 accepto

1925 2270 2071 2326 ferre
2098 2271 2269 2327 Deum
2295 2273 2341 2327 si
2370 2271 2648 2342 corrigam
2685 2279 2742 2327 et
2773 2272 2829 2327 in
2852 2272 3054 2328 eisdem
3087 2280 3369 2328 manentes
3399 2272 3495 2328 de-

1923 2370 2170 2432 pereant.
2210 2360 2413 2434 (Greg.)
2444 2361 2548 2417 Per
2579 2362 2787 2419 viscera
2821 2362 3124 2430 charitatis,
3151 2362 3411 2434 quidquid
3440 2363 3495 2418 in

1926 2453 2124 2509 damno
2159 2452 2507 2525 parvulorum
2547 2453 2781 2511 sustinet
2812 2468 2869 2509 se
2899 2453 3106 2524 perpeti
3142 2453 3355 2509 animus
3380 2468 3499 2524 per-

1924 2541 2191 2598 fectorum
2221 2542 2383 2598 dolet.
2428 2542 2772 2599 Infirmorum
2817 2542 2961 2598 enim
2992 2544 3185 2599 damna
3221 2543 3291 2598 ad
3333 2544 3498 2599 corda

1925 2632 2144 2690 fortium
2171 2649 2270 2704 per
2294 2635 2723 2705 compassionem
2747 2642 3048 2699 transeunt,
3077 2633 3218 2689 unde
3238 2649 3336 2705 per
3357 2632 3466 2689 Pau
3482 2661 3501 2675 ο

1924 2724 2035 2780 lum
2077 2725 2303 2780 dicitur:
2336 2724 2467 2790 Quis
2511 2726 2817 2794 inﬁrmatur
2858 2733 2907 2779 et
2938 2740 3030 2794 ego
3073 2739 3179 2778 non
3217 2722 3502 2793 inﬁrmor?

1927 2812 2058 2879 Quis
2078 2812 2472 2869 scandalizatur
2493 2824 2540 2869 et
2561 2830 2652 2885 ego
2681 2830 2783 2868 non
2808 2828 2932 2866 uror
2951 2813 2976 2866 ?
2995 2811 3179 2883 Tanto
3190 2813 3330 2867 enim
3353 2812 3503 2881 quis-

1925 2920 2032 2976 que
2074 2904 2345 2975 perfectus
2394 2913 2500 2970 est,
2550 2914 2752 2975 quanto
2795 2906 3036 2976 perfecte
3079 2907 3245 2961 sentit
3281 2904 3495 2963 dolores
3554 2928 3561 2939 ’

1925 2995 2150 3052 alienos.
2190 2994 2341 3052 Unde
2376 3003 2563 3049 sancta
2588 2994 2830 3051 Ecclesia
2869 2993 3098 3050 infirmis
3132 3003 3260 3049 tunc
3297 2996 3493 3050 caden-

1926 3085 2068 3142 tibus
2093 3091 2398 3157 angustata,
2420 3099 2542 3139 cum
2570 3085 2764 3139 borum
2797 3083 3165 3139 reminiscitur
3193 3091 3495 3154 temporum

248 3171 347 3228 sed
371 3170 492 3226 aliae
514 3167 850 3233 voluntariae,
877 3165 1062 3221 alterae
1099 3179 1169 3219 ex
1209 3161 1554 3219 necessitate.
1577 3160 1637 3216 ln
1664 3176 1819 3231 pres-

1922 3176 2045 3249 jure
2067 3151 2275 3233 dictura
2299 3186 2404 3233 est.
2440 3175 2504 3233 Si
2541 3175 2761 3248 gloriari
2798 3184 2994 3248 oportet
3025 3193 3141 3248 qua:
3179 3151 3498 3246 inﬁrmitatis

237 3278 379 3319 sura
429 3262 572 3317 enim
600 3261 828 3332 positus,
873 3270 1094 3313 necesse
1130 3263 1268 3321 erat,
1314 3262 1375 3310 ut
1408 3252 1680 3324 vigilaret,
1726 3253 1822 3308 Dei

246 3370 503 3426 quaerens
548 3352 848 3418 auxilium,
894 3359 952 3406 et
999 3365 1107 3404 non
1152 3348 1328 3405 solum
1376 3347 1565 3403 diebus
1595 3386 1611 3414 ,
1648 3347 1741 3402 sed
1771 3354 1829 3401 et

246 3446 504 3503 noetibus
529 3444 773 3507 docebat,
803 3441 944 3497 sicut
965 3440 1097 3495 dicit
1119 3440 1181 3503 in,
1194 3438 1419 3495 Actibus
1438 3437 1823 3508 apostolorum.

248 3538 321 3593 In
336 3539 478 3609 fame
503 3547 555 3593 et
576 3537 698 3592 siti:
718 3535 934 3605 fugatus
952 3531 1263 3602 frequenter
1280 3530 1481 3586 ludatis
1504 3545 1829 3602 persequen-

244 3630 421 3695 tibus,
462 3643 685 3685 necesse
740 3633 855 3683 erat
901 3632 962 3679 ut
1007 3623 1204 3679 famem
1233 3630 1532 3693 pateretur,
1579 3630 1633 3676 et
1679 3621 1826 3676 sitim

242 3736 354 3793 per
396 3721 657 3791 inopiam.
712 3717 781 3774 In
800 3716 1022 3789 jejuniis
1068 3713 1268 3771 multis.
1311 3712 1518 3784 Smpius
1544 3711 1825 3786 jejunavit,

242 3826 317 3872 ut
342 3816 441 3872 Dei
480 3812 805 3871 adminiculo
826 3811 1035 3883 protegi
1068 3818 1368 3867 mereretur
1389 3808 1638 3881 :pjejunat
1659 3810 1825 3879 enim,

240 3904 345 3975 qui
390 3918 499 3959 non
527 3903 690 3958 habet
714 3901 859 3972 quod
887 3901 1013 3956 edat
1038 3907 1094 3955 et
1139 3898 1392 3954 abstinet.
1433 3896 1500 3951 In
1538 3898 1706 3968 [rigor
1777 3907 1829 3952 et

242 3995 513 4050 nuditate.
538 3992 598 4048 lu
627 3991 827 4063 frigore
848 3990 951 4045 fuit
988 3997 1044 4045 et
1072 3989 1335 4054 nuditate,
1365 3986 1582 4057 quando
1608 3985 1829 4043 naufra-

250 4087 404 4155 gium
434 4098 632 4156 passus
644 4091 748 4149 est,
766 4083 999 4152 denique
1021 4082 1199 4153 ignem
1222 4080 1488 4143 fecerunt,
1503 4078 1597 4143 ait,
1613 4086 1667 4134 et
1688 4076 1827 4133 refe-

250 4189 460 4237 cerunt
498 4194 600 4235 nos
622 4186 844 4249 propter
871 4175 1110 4246 pluviam
1153 4173 1522 4228 imminentem
1571 4178 1627 4226 et
1658 4170 1830 4241 frigus

249 4270 473 4328 barbari
501 4269 554 4323 in
598 4266 773 4323 insula
804 4264 1055 4336 Mitylena
1087 4262 1223 4330 (Act.
1254 4260 1468 4334 xxvut).
1502 4259 1706 4314 Prwter
1732 4257 1829 4313 illa

244 4375 372 4433 qua:
409 4359 718 4414 intrinsecus
744 4368 868 4411 sunt
902 4352 1155 4408 instantia
1182 4368 1298 4406 mea
1322 4351 1654 4421 quotidiana,
1682 4336 1828 4404 solli-

257 4452 442 4508 σίωάο
485 4466 719 4505 omnium
771 4446 1130 4504 ecclesiarum.
1164 4443 1479 4501 Sollicitudo
1511 4445 1627 4499 hate
1662 4458 1821 4512 quam

248 4546 392 4601 dicit
439 4543 808 4614 quotidianam
841 4541 911 4596 de
942 4537 1248 4594 traditionis
1287 4551 1387 4592 usu
1421 4535 1719 4601 descendit,
1767 4541 1826 4589 ut

250 4634 509 4690 erunibus
545 4633 731 4689 diebus
770 4630 1117 4688 commissum
1144 4628 1244 4683 sibi
1274 4626 1527 4697 populum
1559 4627 1821 4681 instruat:

254 4725 348 4781 illa
376 4735 578 4792 autem,
608 4738 727 4794 qua:
766 4737 927 4792 supra
956 4726 1242 4783 memorat,
1271 4716 1655 4789 superindueta
1703 4725 1830 4770 sunt

256 4817 583 4874 necessitate
620 4824 880 4887 cogente:
920 4813 1038 4869 dies
1066 4812 1207 4867 enim
1234 4810 1306 4865 ad
1344 4822 1509 4879 Opera
1544 4807 1702 4862 datus
1724 4815 1826 4875 est,

257 4907 376 4963 Nox
423 4907 493 4962 ad
521 4906 784 4977 requiem.
839 4901 945 4958 Sed
974 4902 1101 4971 quia
1136 4898 1371 4955 instabat
1401 4897 1718 4963 necessitas,
1769 4906 1830 4952 ut

254 4999 513 5055 omnibus
540 5003 873 5062 occurreret,
918 4994 1086 5049 etiam
1112 4999 1274 5047 nocte
1300 4990 1548 5055 docebat,
1597 5003 1657 5044 se
1684 4989 1827 5044 enim

258 5089 495 5162 affligere
520 5103 629 5143 non
668 5084 962 5149 dubitabat,
992 5098 1060 5139 ne
1086 5082 1181 5137 Dei
1222 5080 1397 5151 gratia
1425 5078 1653 5134 essetin
1696 5077 1827 5134 otio.

258 5181 394 5249 Quis
426 5179 751 5250 inﬁrmatur,
800 5185 851 5231 et
893 5191 985 5245 ego
1016 5190 1119 5228 non
1142 5170 1434 5242 inﬁrmor.’
1469 5168 1715 5240 Compati
1769 5182 1829 5224 se

258 5274 393 5329 dicit
416 5270 670 5329 omnibus
690 5255 1060 5326 etucondolere
1079 5280 1146 5320 eo
1166 5263 1383 5330 aﬂ‘ectu,
1411 5277 1519 5333 quo
1547 5261 1831 5332 provideat

256 5366 466 5421 vulneri
494 5364 838 5429 medicinam;
867 5361 969 5417 hoc
1014 5367 1197 5414 autem
1225 5359 1346 5413 ideo
1373 5357 1738 5427 prosequitur,
1770 5363 1832 5411 ut

256 5458 512 5515 ostendat
533 5471 639 5528 qua
668 5470 797 5512 cura
826 5451 1169 5510 commissam
1190 5448 1295 5505 sibi
1337 5447 1632 5503 Ecclesiam
1682 5454 1834 5501 tuea-

259 5557 365 5616 tur,
398 5558 455 5605 et
490 5555 663 5617 regat,
692 5560 756 5600 ac
789 5558 884 5614 per
907 5544 1012 5599 hoc
1038 5541 1094 5598 in
1120 5540 1268 5597 nullo
1294 5554 1352 5595 se
1383 5539 1645 5595 minorem
1673 5538 1835 5594 debev

259 5653 318 5694 re
356 5637 595 5710 iudicari
620 5634 835 5692 eazteris
863 5631 1156 5706 apostolis:
1186 5630 1384 5702 quippe
1407 5630 1498 5700 qui
1539 5630 1832 5685 secundum

258 5732 402 5803 quod
427 5728 621 5787 claruit
651 5727 773 5798 plus
803 5726 909 5781 illis
943 5723 1193 5781 omnibus
1220 5720 1577 5778 laboraverit:
1632 5720 1836 5791 majore

1927 3288 2056 3328 metu
2078 3280 2199 3327 sunt
2238 3269 2526 3342 gloriabor.
2571 3269 2686 3326 Hoc
2720 3270 2868 3335 dicit,
2920 3268 3047 3340 quia
3073 3269 3122 3324 si
3157 3267 3497 3341 gloriandum

1926 3370 2011 3419 est
2033 3360 2364 3428 Christiano,
2396 3360 2449 3415 in
2478 3360 2782 3416 humilitate
2796 3358 3132 3431 gloriandum
3162 3367 3269 3425 est,
3300 3360 3365 3414 de
3392 3375 3498 3430 qua

1924 3450 2193 3507 crescitur
2234 3451 2377 3522 apud
2405 3451 2597 3517 Deum,
2627 3451 2768 3506 unde
2791 3449 2896 3505 alio
2918 3448 3039 3505 loco
3067 3448 3199 3505 dicit
3241 3447 3328 3521 (11
3366 3449 3489 3504 Cor.

1928 3542 2027 3614 xu)
2056 3560 2069 3596 :
2092 3540 2224 3596 Cum
2238 3541 2477 3611 inﬁrmor
2500 3550 2624 3596 tunc
2644 3550 2822 3611 potens
2843 3557 2979 3606 sum,
3003 3540 3108 3597 hoc
3131 3549 3236 3606 est,
3261 3555 3385 3596 cum
3401 3541 3501 3596 hu-

1926 3632 2107 3688 milior
2130 3648 2227 3703 pro
2250 3631 2423 3688 salute
2444 3629 2650 3698 fratris,
2678 3639 2805 3689 tunc
2837 3631 3065 3689 exaltor.
3098 3630 3237 3688 Hinc
3268 3632 3502 3704 glorian-

1927 3722 2053 3779 dum
2072 3732 2178 3787 est,
2204 3737 2312 3779 non
2341 3722 2407 3778 de
2425 3723 2605 3778 carnis
2624 3723 2901 3794 progenie,
2916 3723 3040 3792 quia
3066 3729 3151 3778 est
3167 3724 3289 3794 quis
3316 3738 3384 3779 ex
3412 3739 3499 3780 se-

1927 3815 2073 3871 mine
2100 3814 2351 3870 Abrahm.
2390 3813 2617 3887 (Ambr.)
2648 3814 2790 3870 Deus
2817 3824 2866 3870 et
2906 3811 3070 3869 Pater
3094 3814 3302 3871 Domini
3337 3816 3504 3871 nostri

1925 3904 1964 3961 Ι
1965 3923 2055 3961 esu
2068 3905 2263 3962 Christi
2284 3906 2401 3972 scit,
2423 3908 2511 3978 qui
2537 3916 2612 3961 est
2625 3906 2920 3962 benedictus
2938 3905 2995 3961 in
3015 3904 3341 3973 srecula,scit
3364 3906 3504 3978 quod

1928 4015 2033 4053 non
2046 3998 2283 4053 mentior.
2310 3996 2481 4052 Deum
2504 4005 2695 4053 testem
2718 3996 2831 4062 dat,
2860 4006 2921 4051 ut
2943 4009 3062 4066 quae
3083 3996 3215 4051 dicit
3230 3995 3391 4051 facile
3413 4011 3505 4051 cre

1927 4090 2148 4155 dantur,
2170 4098 2390 4159 propter
2413 4090 2514 4144 hos
2539 4088 2822 4154 duntaxat,
2844 4088 2937 4159 qui
2964 4102 3085 4143 eum
3106 4103 3214 4143 non
3237 4096 3298 4142 ut
3315 4105 3502 4144 verum

1926 4177 2224 4250 apostolum
2249 4177 2696 4235 honorificabant.
2720 4178 2969 4234 Damasci
2993 4179 3303 4249 prcepositus
3335 4178 3503 4250 gentis

1923 4269 2104 4326 Arata:
2134 4269 2268 4340 regis
2297 4268 2620 4323 custodiebat
2655 4270 2913 4324 civitatem
2943 4268 3412 4331 Damascenorum,
3449 4280 3503 4331 ut

1925 4376 2007 4415 me
2027 4358 2496 4430 comprehenderet.
2524 4358 2591 4413 Et
2611 4376 2703 4431 per
2724 4361 3002 4430 fenestram
3032 4361 3088 4415 in
3110 4371 3289 4433 sporta
3313 4361 3500 4416 dimis-

1925 4467 2016 4505 sus
2039 4465 2157 4504 sum
2184 4465 2278 4519 per
2301 4464 2532 4514 murum,
2568 4459 2616 4503 et
2640 4450 2716 4504 sic
2743 4449 2903 4520 eﬂ‘ugi
2937 4466 3124 4504 manus
3162 4448 3298 4519 eius.

1999 4539 2062 4598 Si
2112 4540 2331 4611 gloriari
2380 4548 2577 4611 oportet
2615 4540 2738 4611 (non
2787 4540 2995 4611 expedit
3035 4540 3287 4612 quidem).
3342 4538 3504 4595 Prin-

1929 4646 2056 4701 ceps
2104 4629 2375 4695 Damasci,
2425 4630 2622 4687 videns
2675 4628 2889 4687 Judazos
2942 4628 3166 4684 insidias
3222 4630 3507 4686 tendentes

1928 4720 2209 4791 Apostolo,
2245 4719 2469 4789 implere
2499 4719 2668 4775 voluit
2702 4734 2800 4789 per
2838 4718 3135 4789 potentiam
3171 4717 3365 4773 malam
3416 4734 3507 4773 co-

1930 4810 2248 4881 gitationem
2286 4808 2534 4875 illorum,
2571 4817 2632 4863 ut
2655 4808 2769 4877 ipse
2804 4823 2926 4863 eum
2966 4809 3011 4863 si
3038 4816 3220 4877 posset
3256 4823 3504 4879 compre-

1930 4900 2220 4965 henderet,
2249 4906 2305 4955 et
2349 4908 2411 4955 ut
2456 4897 2657 4954 Iudaeis
2703 4898 2976 4968 placeret,
3008 4906 3064 4953 et
3096 4906 3156 4955 ut
3191 4897 3419 4970 diligens
3452 4899 3506 4954 in

1933 4988 2109 5045 oﬂicio
2145 4988 2246 5044 sibi
2288 4987 2494 5044 credito
2525 4987 2822 5052 videretur,
2858 4986 2905 5041 si
2937 5001 3060 5042 eum
3102 5002 3261 5057 quem
3298 4987 3506 5056 publice
3594 5022 3599 5027 ι

1932 5080 2363 5151 perturbatoer
2386 5078 2617 5143 audiret,
2634 5091 2795 5133 causa
2819 5077 3017 5149 quietis
3044 5077 3387 5141 interficeret,
3406 5078 3509 5133 hoc

1932 5173 2074 5228 inter
2108 5173 2221 5241 ipsa
2258 5169 2591 5241 primordia,
2634 5178 2759 5226 tunc
2789 5170 3005 5240 quando
3045 5170 3294 5240 apparuit
3336 5169 3411 5223 illi
3452 5170 3505 5223 in

1931 5262 2020 5317 via
2058 5260 2316 5316 Dominus
2345 5258 2494 5314 eunti
2535 5258 2879 5326 Damascum,
2901 5258 3107 5315 incensi
3153 5267 3281 5315 sunt
3322 5257 3506 5321 iudici,

1928 5354 2175 5409 videntes
2193 5368 2341 5419 eum,
2353 5351 2446 5422 qui
2459 5351 2667 5407 vinctos
2687 5352 2970 5407 credentes
2984 5350 3039 5404 in
3052 5347 3320 5405 Christum
3345 5362 3506 5401 vene-

1932 5454 2015 5501 rat
2039 5445 2337 5516 perducere
2356 5445 2410 5499 in
2431 5443 2746 5511 Jerusalem,
2773 5443 3067 5515 praedicare
3097 5449 3319 5506 sectam,
3347 5454 3506 5510 quam

1926 5535 2545 5615 yeneratcondemnare.
2565 5534 2656 5591 Sic
2678 5534 2879 5591 factum
2898 5543 2980 5589 est
2998 5541 3105 5589 uta
3118 5530 3393 5601 discipulis
3412 5541 3509 5599 per

1935 5627 2244 5694 fenestram,
2269 5642 2367 5698 per
2390 5618 2624 5691 murum,
2639 5626 2694 5681 in
2718 5632 2901 5696 sporta
2924 5624 3207 5686 demissus,
3230 5621 3504 5691 eﬂ‘ugeret.

1936 5717 2088 5785 Quod
2113 5718 2331 5787 quidam
2370 5716 2587 5787 indigne
2616 5715 2810 5772 factum
2851 5715 3067 5779 dicunt,
3106 5712 3229 5782 quia
3268 5725 3373 5765 non
3412 5708 3506 5763 Det
