4022 6338
533 339 639 406 a3t

1173 333 1236 400 Β.
1271 331 1525 400 assam
1563 340 1780 400 MAURI
1818 320 2136 394 ARCHIEP.
2157 331 2484 392 uocum.
2523 319 2804 392 o're'auu
2840 320 3023 390 "rans
3056 322 3147 389 tu.

3685 335 3788 391 233

541 462 740 519 auxilio
777 461 1035 516 liberatus
1071 466 1187 522 est,
1225 457 1320 512 sed
1358 455 1500 526 quod
1540 453 1608 508 ab
1645 451 1953 507 hominibus
1995 447 2111 503 ﬁeri
2139 450 2191 511 Α
2215 461 2336 502 esse
2375 448 2418 502 si
2455 447 2616 502 homo
2655 447 2852 504 Christi
2897 457 3080 516 raptus
3117 453 3202 501 est
3245 461 3414 515 usque
3453 447 3519 501 ad
3569 447 3786 504 tertium

539 553 744 624 potuit,
775 550 904 619 quid
933 563 1066 618 opus
1092 554 1239 611 erat,
1269 555 1330 599 ut
1357 545 1452 598 Dei
1481 542 1733 612 suil‘ragio
1760 541 2109 603 liberaretur,

541 641 793 706 cumDei
826 639 1135 708 suffragium
1163 647 1290 690 tunc
1321 636 1390 690 sit
1416 633 1808 695 necessarium,
1842 631 1886 685 si
1918 631 2110 684 huma-

540 740 671 789 num
698 731 953 786 auxilium
989 726 1229 782 deﬁciat?
1257 725 1372 791 Quo
1397 733 1554 792 pacto
1583 737 1694 776 non
1732 721 1834 775 sibi
1863 720 1992 774 dicit
2015 735 2112 774 ex-

539 815 723 893 pedire
747 819 996 891 gloriari,
1023 817 1148 886 quia
1175 815 1451 885 praesentis
1485 813 1607 867 vitae
1638 811 1889 881 gaudium
1927 809 2114 879 fragile

541 914 625 966 est
653 929 664 964 :
698 910 741 965 si
772 909 914 963 enim
952 922 1058 961 non
1087 906 1361 966 evasisset,
1395 901 1713 971 martyrium
1752 899 1972 962 fecerat,
2017 897 2115 952 sed

541 1001 666 1073 quia
697 999 1003 1068 fugiendum
1035 997 1087 1048 in
1113 992 1484 1064 persecutione
1513 989 1822 1042 mandatum
1846 995 1958 1050 est,
1987 985 2111 1039 data

541 1105 702 1160 opera
729 1086 929 1156 etfugit,
961 1098 1059 1138 nec
1090 1081 1230 1136 enim
1261 1080 1418 1135 debet
1444 1077 1637 1145 aliquis
1675 1081 2019 1143 exspectare,
2054 1079 2116 1126 ut

543 1185 595 1238 in
627 1181 968 1247 semetipsum
995 1180 1262 1245 peccetur.
1291 1171 1430 1241 Ergo
1457 1165 1790 1239 gloriandum
1814 1163 1961 1229 dicit,
1988 1163 2113 1233 quia

540 1278 745 1342 evasit,
781 1274 869 1328 sed
901 1288 1002 1325 non
1028 1259 1259 1338 expedit,
1289 1263 1494 1334 inQuit,
1537 1268 1756 1331 prepter
1783 1257 2110 1327 superbiam,

541 1367 665 1435 quia
702 1365 767 1418 de
807 1359 1106 1416 humilitate
1137 1354 1412 1414 crescitur,
1455 1360 1510 1405 et
1544 1348 1802 1403 auxilium
1840 1347 1935 1401 Dei
1967 1345 2111 1400 miti-

540 1457 641 1510 bus
665 1451 878 1522 proﬁeit
901 1465 1006 1503 non
1044 1445 1216 1500 elatis.
1251 1443 1540 1504 Praeterea,
1573 1439 1696 1508 quia
1723 1437 1811 1506 qui
1841 1435 2111 1506 gloriaba~

539 1551 632 1596 tur
659 1549 886 1595 mortem
903 1552 961 1592 se
991 1535 1247 1598 evasisse,
1269 1546 1387 1601 quae
1414 1544 1512 1600 pro
1540 1527 1646 1582 ﬁde
1671 1526 1924 1590 infertur,
1955 1525 2113 1578 inane

540 1631 710 1686 videri
748 1627 1015 1701 signiﬁcat
1048 1623 1157 1694 pati
1193 1637 1290 1693 pro
1329 1621 1562 1683 Christo,
1602 1619 1721 1672 ideo
1761 1632 1868 1672 non
1901 1614 2115 1684 expedit

541 1717 778 1794 gloriari.
820 1717 998 1791 (Aug.)
1039 1715 1344 1770 Recolimus
1375 1712 1536 1766 verba
1583 1708 1795 1764 Domini
1839 1706 2106 1762 dicentis:

542 1778 673 1870 Cum
707 1778 879 1866 autem
900 1816 1268 1880 persequentur
1298 1821 1384 1860 vos
1413 1805 1467 1858 in
1487 1803 1692 1856 civitate
1717 1801 1840 1864 ista,
1873 1799 2034 1868 fugite
2055 1798 2110 1851 in
2139 1778 2186 1837 Β

529 1901 700 1956 ‘aliam
727 1899 938 1973 (Matth.
970 1897 1082 1964 xx).
1124 1896 1254 1964 Quis
1291 1903 1471 1948 autem
1504 1893 1690 1947 credat
1713 1891 1787 1944 ita
1815 1891 1917 1944 hoc
1945 1888 2112 1942 Deum

541 1993 658 2046 fieri
687 1991 935 2053 voluisse,
975 1997 1034 2044 ut
1067 1986 1372 2043 necessario
1411 1981 1709 2038 ministerio
1751 1980 1866 2035 sine
1901 1993 2006 2048 quo
2033 1979 2113 2032 vi-

540 2097 665 2136 vere
697 2088 998 2149 nequeunt,
1037 2078 1412 2132 desererentur
1449 2086 1657 2141 greges,
1689 2082 1824 2138 quos
1857 2081 1956 2122 suo
1988 2081 2114 2121 san-

539 2173 702 2242 guine
735 2168 1100 2240 comparavit?
1140 2165 1387 2236 Nunquid
1424 2164 1527 2217 hoc
1561 2160 1688 2214 fecit
1725 2160 1868 2228 ipse,
1898 2157 2111 2226 quando

540 2263 878 2335 portantibus
917 2259 1227 2330 parentibus
1266 2257 1320 2310 in
1359 2253 1649 2324 Egyptum
1675 2248 1930 2319 parvulus
1955 2246 2109 2317 fugit,

540 2354 632 2423 qui
658 2352 881 2406 necdum
906 2350 1160 2405 ecclesias
1195 2351 1640 2416 congregaverat,
1668 2355 1802 2410 quas
1833 2340 1900 2393 ab
1927 2352 1992 2392 eo
2019 2337 2112 2392 de—

540 2453 712 2497 sertas
759 2441 923 2496 fuisse
969 2437 1249 2494 dicamus?
1293 2433 1542 2502 Nunquid
1585 2429 1798 2501 quando
1841 2426 2111 2497 apostolus

538 2533 756 2598 Paulus,
792 2548 858 2587 ne
899 2531 1048 2586 illum
1082 2525 1558 2598 comprehenderet
1596 2521 1866 2582 inimicus,
1905 2533 2002 2588 per
2029 2516 2109 2570 fe-

539 2631 778 2677 nestram
816 2621 872 2674 in
911 2627 1092 2689 sporta
1133 2615 1429 2671 submissus
1459 2620 1570 2674 est,
1611 2617 1666 2663 et
1702 2607 1886 2675 effugit
1920 2621 2111 2660 manus

537 2715 674 2784 ejus,
705 2714 915 2767 deserta
945 2719 1022 2764 est
1043 2752 1062 2774 ,
1089 2723 1207 2777 quae
1237 2706 1308 2760 ibi
1347 2711 1464 2758 erat
1505 2701 1762 2764 ecclesia,
1805 2698 2109 2754 necessario

538 2803 858 2867 ministerio,
887 2811 941 2855 et
967 2815 1072 2854 non
1100 2801 1166 2853 ab
1194 2799 1313 2852 aliis
1338 2796 1589 2850 fratribus
1616 2792 1812 2847 ibidem
1845 2791 2110 2845 constitu-

536 2894 628 2958 tis,
657 2891 796 2962 quod
825 2891 1103 2960 oportebat
1130 2887 1451 2956 completum
1476 2882 1694 2938 est?Eis
1716 2881 1910 2951 quippe
1923 2879 2106 2934 volens

2215 539 2442 602 cadum,
2479 553 2600 592 cum
2635 539 2689 592 in
2720 540 2882 594 tertio
2912 539 3114 593 circulo
3140 538 3350 593 dicatur
3379 538 3505 592 luna
3528 554 3669 604 esse,
3697 540 3790 596 sed

2214 640 2322 682 non
2360 627 2432 681 ita
2464 635 2578 692 est,
2606 628 2732 696 quia
2766 627 2905 681 ultra
2941 627 3120 680 omnia
3154 626 3336 680 mundi
3381 627 3561 681 sidera
3603 636 3788 698 raptus

2213 716 2546 787 intelligitur,
2570 727 2626 772 et
2649 718 2768 772 ideo
2793 717 3134 788 magniﬁcum
3161 727 3214 772 et
3244 718 3487 773 mirabile
3515 729 3620 786 est,
3646 723 3789 791 quod

2212 817 2397 864 narrat
2423 828 2435 862 :
2466 811 2732 880 signiﬁcat
2759 811 2900 864 enim
2930 826 3091 880 supra
3124 810 3518 867 ﬁrmamentum
3545 815 3600 868 in
3631 817 3789 871 tertio

2214 911 2438 954 numero
2469 899 2662 953 coelum
2695 901 2761 954 de
2797 900 3128 969 spiritalibus
3154 902 3305 956 cmlis
3343 913 3553 972 raptum
3587 914 3789 960 semet-

2213 989 2408 1059 ipsum.
2444 989 2510 1041 Et
2538 989 2646 1042 scio
2682 989 2983 1057 hujusmodi
3015 991 3295 1056 hominem,
3334 993 3439 1046 sive
3482 994 3537 1046 in
3574 1009 3790 1063 corpore

2213 1078 2315 1132 sive
2344 1089 2493 1132 extra
2525 1095 2710 1148 corpus
2746 1079 2937 1145 nescio,
2978 1079 3120 1133 Deus
3159 1081 3275 1134 scit.
3313 1080 3574 1145 Quoniam
3609 1094 3789 1151 raptus

2212 1179 2287 1225 est
2303 1170 2363 1222 in
2386 1169 2690 1222 paradisum
2709 1179 2756 1223 et
2779 1170 2974 1223 audivit
2994 1186 3190 1224 arcana
3217 1171 3366 1224 verba
3386 1189 3502 1241 qute
3531 1189 3634 1226 non
3673 1173 3790 1228 licet

2213 1258 2410 1313 homini
2435 1257 2596 1329 loqui,
2625 1273 2718 1327 pro
2749 1259 3005 1328 ejusmodi
3041 1259 3323 1329 gloriabor.
3357 1261 3446 1315 Bis
3481 1277 3540 1316 se
3573 1271 3788 1331 raptum

2213 1348 2372 1412 dicit,
2403 1347 2456 1402 id
2485 1356 2598 1413 est,
2635 1348 2761 1404 hinc
2791 1362 2960 1417 usque
2997 1351 3062 1403 ad
3094 1351 3312 1404 tertium
3339 1351 3566 1418 cmlum,
3597 1354 3792 1408 deinde

2214 1438 2268 1492 in
2294 1436 2600 1506 paradisum
2626 1437 2918 1504 cmlestem,
2946 1440 2998 1493 in
3023 1455 3130 1508 quo
3153 1440 3348 1495 latroni
3372 1442 3507 1496 dixit
3529 1444 3793 1499 Dominus

2213 1529 2354 1598 quod
2386 1529 2594 1586 futurus
2621 1539 2764 1586 esset
2791 1547 2913 1586 cum
2943 1533 3097 1587 eo.ln
3114 1534 3363 1602 paradiso
3391 1535 3563 1604 inquit
3586 1535 3786 1600 Patris,

2212 1619 2322 1674 illic
2343 1620 2434 1674 ubi
2459 1627 2513 1674 et
2543 1621 2730 1676 civitas
2759 1622 2954 1676 dicitur
2979 1638 3098 1677 esse
3134 1623 3466 1678 Hierusalem
3489 1634 3666 1680 mater
3695 1642 3791 1681 no-

2214 1718 2344 1764 stra.
2371 1709 2508 1777 Quid
2535 1726 2662 1779 ergo
2691 1712 2908 1777 mirum,
2951 1712 2997 1766 si
3037 1721 3157 1781 post
3198 1714 3647 1768 resurrectionem
3671 1731 3792 1770 cor-

2213 1816 2312 1870 pus
2346 1800 2458 1869 jam
2495 1801 2765 1870 expiatum
2803 1811 2963 1870 atque
3005 1809 3276 1856 tenuatum
3320 1803 3520 1857 factum
3566 1804 3792 1858 immor-

2215 1891 2316 1945 tale
2355 1890 2589 1944 futurum
2619 1891 2871 1945 credatur
2901 1893 2954 1945 in
2983 1892 3151 1955 cmlis,
3181 1893 3396 1961 quando
3439 1909 3544 1948 non
3580 1896 3792 1951 dubitat

2211 1979 2496 2048 Apostolus
2532 1981 2706 2036 adhuc
2745 1982 2967 2036 mortale
3005 1997 3198 2052 corpus
3241 1984 3477 2054 potuisse
3515 1985 3681 2040 levati
3721 1987 3790 2041 ad

2211 2071 2396 2136 caelos,
2439 2081 2493 2126 et
2529 2071 2638 2125 tolli
2677 2071 2732 2125 ln
2771 2073 3077 2141 paradisum
3118 2073 3213 2127 Dei
3255 2073 3428 2129 Patris
3476 2075 3792 2130 caelestem?

2211 2177 2307 2230 pro
2342 2162 2645 2231 liujusmodi
2684 2163 2929 2227 homine,
2977 2164 3028 2218 id
3071 2172 3183 2230 est,
3211 2165 3302 2234 qui
3334 2173 3443 2218 tam
3482 2166 3678 2236 dignus
3703 2176 3794 2222 est

2213 2250 2416 2314 Dco,ut
2445 2251 2546 2305 hoc
2571 2251 2924 2320 experiretur,
2956 2251 3174 2321 gloriari
3202 2266 3260 2306 se
3282 2252 3430 2316 dicit,
3459 2262 3516 2307 et
3541 2268 3648 2308 non
3673 2255 3792 2309 vult
3833 2245 3836 2248 ’

2211 2348 2394 2408 aperte
2422 2341 2601 2394 dicere
2629 2341 2753 2409 quia
2783 2340 2848 2395 de
2876 2356 2933 2395 se
2962 2341 3214 2410 loquitur,
3260 2358 3326 2396 ne
3363 2342 3582 2398 laudare
3623 2358 3682 2398 se
3709 2345 3791 2398 vi-

2211 2432 2418 2484 deatur.
2435 2429 2741 2484 EtJoannes
2761 2429 3032 2499 apostolus
3054 2446 3174 2485 cum
3197 2431 3262 2486 de
3283 2447 3342 2486 se
3367 2432 3570 2487 sciatur
3595 2433 3744 2502 loqui
3769 2451 3785 2487 -:

2213 2519 2316 2573 Hic
2345 2531 2450 2585 est,
2480 2521 2579 2586 ait,
2615 2520 2901 2589 discipulus
2934 2537 3084 2592 quem
3125 2522 3366 2592 diligebat
3393 2524 3569 2589 Jesus,
3609 2527 3701 2595 qui
3738 2536 3788 2578 et

2211 2610 2442 2664 recubuit
2471 2613 2524 2664 in
2554 2627 2696 2664 aena
2713 2628 2869 2680 supra
2899 2622 3074 2682 pectus
3103 2613 3216 2681 ejus
3246 2613 3432 2679 (Joan.
3451 2615 3593 2686 ult.),
3621 2632 3690 2671 ne
3721 2619 3792 2674 de

2210 2713 2270 2752 se
2310 2698 2539 2767 gloriose
2584 2698 2733 2752 elfari
2775 2700 3064 2754 videretur.
3112 2699 3314 2773 (στος.)
3359 2702 3492 2769 Quia
3537 2721 3790 2761 nonnun-

2209 2805 2370 2858 quam
2413 2789 2466 2842 in
2503 2789 2790 2844 virtutibus
2833 2791 3092 2860 prolicere
3124 2806 3407 2857 conamur,
3449 2802 3502 2849 et
3539 2798 3790 2864 qumdam

2208 2875 2348 2930 dona
2373 2877 2732 2946 percepimus,
2762 2894 2792 2931 a
2822 2879 3138 2947 quibusdam
3169 2896 3297 2936 vero
3331 2883 3527 2951 repulsi
3570 2886 3624 2940 in
3660 2886 3790 2942 imis

536 2983 680 3038 tibus
709 2984 810 3036 hoc
837 2979 1120 3051 Apostolus
1147 2977 1371 3040 fecerat,
1408 2983 1466 3028 ut
1486 2975 1719 3041 seipsum
1745 2977 1986 3024 servaret
2013 2983 2105 3022 ec-
2203 2969 2448 3038 jacemus
2479 2985 2492 3020 :
2527 2983 2685 3023 nemo
2717 2972 2858 3022 enim
2885 2978 2967 3023 est
2994 2971 3086 3039 qui
3122 2979 3325 3024 tantum
3357 2973 3568 3028 virtutis
3592 2989 3791 3043 appre-

535 3074 745 3138 clesiaa,
785 3087 940 3141 quem
972 3071 1186 3142 pr0prie
1214 3075 1523 3138 persecutor
1555 3065 1639 3118 ille
1675 3062 1968 3130 quaerebat.
2000 3059 2104 3113 Fa-

2211 3061 2438 3125 hendat,
2465 3068 2723 3128 quantum
2763 3060 3059 3126 desiderat,
3099 3061 3222 3130 quia
3261 3062 3597 3132 omnipotens
3640 3064 3791 3121 Deus

536 3165 684 3219 ciant
711 3122 836 3232 ergb
861 3122 1000 3216 servi
1029 3122 1250 3222 Christi,
1279 3155 1510 3211 ministri
1536 3153 1684 3208 verbi
1707 3159 1760 3205 et
1785 3148 2104 3204 sacramenti
2133 3122 2176 3185 (ἶ
2209 3151 2466 3204 interiora
2517 3150 2830 3205 discernens
2885 3151 3013 3220 ipsis
3074 3151 3405 3220 spiritalibus
3455 3153 3790 3223 profectibus

535 3253 674 3322 ejus,
713 3252 854 3320 quod
881 3241 1313 3320 praecepit,'sive
1338 3243 1584 3314 permisit
1611 3257 1626 3295 :
1655 3240 1860 3311 fugiant
1886 3239 2106 3293 omnino

535 3345 604 3400 de
640 3344 855 3399 civitate
893 3343 948 3396 in
987 3341 1290 3402 civitatem,
1336 3337 1548 3406 quando
1593 3349 1780 3390 eorum
1823 3333 2103 3402 quisquam

536 3433 840 3504 specialiter
865 3448 896 3485 a
923 3431 1356 3501 persecutoribus
1388 3427 1664 3498 quaeritur,
1693 3435 1752 3480 ut
1779 3427 1845 3481 ab
1868 3425 1986 3480 aliis
2014 3425 2104 3494 qui

535 3541 643 3578 non
687 3525 760 3578 ita
807 3523 1170 3592 requiruntur,
1223 3537 1330 3575 non
1379 3521 1658 3574 deseratur
1703 3517 1961 3582 Ecclesia,
2014 3515 2107 3570 sed

534 3615 809 3685 praebeant
840 3613 1044 3667 cibaria
1083 3613 1356 3668 conservis
1393 3611 1526 3675 suis,
1564 3623 1699 3679 quos
1737 3607 1893 3662 aliter
1927 3607 2106 3661 vivere

536 3719 643 3758 non
684 3718 842 3773 posse
878 3712 1160 3758 noverunt.
1198 3703 1339 3758 Cum
1381 3711 1560 3756 autem
1600 3702 1871 3766 omnium,
1913 3700 1965 3754 id
2003 3709 2105 3764 est,

535 3796 907 3866 episcoporum
943 3804 996 3848 et
1043 3795 1382 3858 clericorum,
1423 3803 1478 3848 et
1522 3793 1783 3848 laieorum
1827 3799 1910 3848 est
1953 3807 2104 3846 com-

535 3900 696 3941 mune
722 3885 1040 3955 periculum,
1078 3887 1132 3940 hi
1169 3886 1260 3954 qui
1289 3885 1410 3939 aliis
1437 3885 1675 3955 indigent
1711 3900 1818 3939 non
1849 3884 2104 3938 deseran-

536 3985 625 4030 tur
659 3977 727 4030 ab
755 3977 838 4031 his
877 3977 1071 4046 quibus
1109 3976 1366 4047 indigent.
1401 3974 1508 4029 Aut
1542 3975 1716 4045 igitur
1737 3975 1806 4028 ad
1839 3973 1954 4027 loca
1985 3989 2103 4027 mu-

534 4065 647 4120 nita
685 4080 872 4120 omnes
901 4074 1204 4131 transeant,
1242 4075 1333 4119 aut
1361 4065 1453 4135 qui
1492 4065 1694 4119 habent
1729 4063 2105 4118 necessitatem

536 4158 866 4222 remanendi,
889 4173 997 4212 non
1022 4159 1386 4227 relinquantur
1415 4157 1483 4210 ab
1507 4157 1587 4211 eis
1613 4171 1712 4226 per
1736 4171 1871 4225 quos
1893 4155 2105 4210 illorum

534 4255 618 4301 est
653 4247 1015 4300 ecclesiastica
1053 4246 1346 4316 supplenda
1387 4245 1680 4300 necessitas
1711 4263 1722 4297 :
1751 4253 1811 4298 ut
1841 4255 1934 4299 aut
1960 4245 2105 4314 pari-

535 4344 619 4390 ter
657 4337 871 4400 vivant,
911 4344 1002 4390 aut
1037 4337 1238 4405 pariter
1273 4335 1560 4399 sufferant,
1603 4335 1746 4402 quod
1787 4349 1881 4388 eos
1914 4334 2102 4389 Pater-

535 4425 764 4480 familias
789 4425 930 4490 volet
956 4426 1183 4496 perpeti.

1142 4525 1369 4582 CAPUT
1409 4525 1517 4579 XII.

540 4613 932 4687 Rccommendat
966 4631 1019 4668 se
1051 4615 1325 4684 Apostolus
1347 4633 1414 4687 ea;
1447 4617 1744 4679 visionibus,
1782 4627 1828 4670 et
1859 4619 2000 4687 ponit
2036 4619 2105 4672 ibi

708 4684 987 4738 remedium
1015 4695 1194 4738 contra
1219 4685 1504 4755 periculum
1528 4687 1800 4747 superbire.
1831 4684 1935 4741 etc.

614 4772 830 4827 Veniam
868 4785 1043 4828 autem
1074 4775 1142 4828 ad
1171 4775 1389 4829 viatones
1425 4785 1470 4828 et
1509 4776 1838 4830 revelationes
1876 4776 2103 4831 Domini.

537 4862 740 4934 (Δηὼ.)
764 4863 914 4919 Nune
932 4873 1246 4920 ostensurus
1271 4874 1353 4920 est
1378 4881 1482 4934 quo
1508 4865 1748 4920 sublatus
1769 4874 1867 4930 est,
1897 4876 1956 4920 ut
1981 4883 2103 4934 per-

538 4955 659 5010 inde
697 4965 899 5025 quanta
931 4966 987 5011 et
1012 4957 1187 5026 qualia
1221 4957 1346 5022 sint,
1376 4973 1496 5026 quae
1529 4957 1602 5011 illi
1636 4967 1852 5013 ostensa
1880 4967 1934 5013 et
1962 4959 2104 5012 dicta

537 5054 689 5110 sunt,
725 5047 930 5115 possint
968 5045 1226 5116 intelligi,
1258 5063 1347 5112 ne,
1381 5048 1519 5101 sicut
1544 5048 1860 5116 quibusdam
1887 5048 2105 5102 videba-

539 5145 647 5198 tur,
700 5136 874 5189 minor
909 5136 1120 5190 caateris
1159 5137 1412 5204 apostolis
1455 5137 1783 5191 crederetur.
1835 5135 1975 5200 Scio,
2020 5137 2104 5190 in-

538 5225 684 5294 quit,
724 5226 981 5279 hominem
1018 5227 1072 5278 in
1109 5224 1313 5279 Christo
1353 5234 1472 5280 ante
1510 5243 1674 5280 annos
1705 5227 2104 5298 'quatuordecim

537 5314 640 5367 sive
669 5315 722 5368 in
742 5331 973 5383 corpore,
998 5317 1190 5378 nescio,
1219 5316 1321 5368 sive
1340 5326 1486 5369 extra
1509 5334 1714 5387 corpus,
1745 5320 1933 5384 nescio,
1968 5318 2105 5372 Deus

537 5409 667 5471 scit,
710 5417 914 5475 raptum
961 5406 1259 5476 hujusmodi
1313 5423 1473 5478 usque
1531 5411 1598 5462 ad
1647 5411 1854 5464 tertium
1901 5409 2104 5463 caelum.

541 5497 838 5566 Utrumque
880 5497 1246 5564 conﬁrmavit,
1290 5500 1414 5568 quia
1461 5508 1745 5567 utrumque
1789 5512 1943 5568 posse
1993 5497 2109 5551 ﬁeri

541 5605 646 5644 non
674 5589 908 5655 negavit,
942 5596 1078 5642 utet
1111 5589 1228 5644 sine
1253 5605 1478 5660 corpore
1509 5590 1622 5657 rapi
1659 5590 1941 5657 potuisset,
1970 5597 2024 5641 et
2058 5587 2108 5640 in

541 5692 786 5749 corpore.
821 5677 886 5731 Et
913 5677 1050 5732 forte
1083 5677 1400 5748 quibusdam
1437 5679 1679 5733 videatur
1712 5695 1817 5734 non
1858 5693 2107 5748 magnum

2132 4487 2183 4545 D

2207 3241 2422 3294 modum
2455 3241 2638 3310 ponit,
2675 3250 2732 3295 ut
2758 3256 2821 3295 ex
2858 3241 2960 3296 hoc
2988 3243 3170 3307 homo,
3203 3244 3344 3311 quod
3380 3246 3789 3313 apprehendere

2206 3345 2429 3390 conatur
2451 3345 2506 3392 et
2536 3352 2644 3392 non
2671 3337 2842 3403 valet,
2876 3338 2930 3391 in
2958 3337 3064 3392 illis
3101 3354 3160 3393 se
3187 3353 3290 3392 non
3316 3339 3505 3402 elevet,
3535 3355 3654 3408 quas
3684 3353 3787 3394 va-

2205 3429 2298 3482 let.
2333 3428 2484 3484 Uude
2526 3429 2611 3484 ille
2648 3445 2862 3499 quoque
2899 3431 3143 3498 egregius
3187 3431 3507 3500 praedicator
3547 3432 3641 3500 qui
3689 3448 3784 3485 ra-

2205 3529 2329 3590 ptus
2357 3522 2426 3576 ad
2447 3522 2665 3575 tertium
2694 3523 2888 3576 coelum
2917 3521 3128 3586 fuerat,
3157 3524 3390 3592 paradisi
3445 3539 3639 3578 arcana
3683 3540 3784 3594 pe-

2207 3617 2530 3675 netraverat,
2553 3625 2671 3664 esse
2699 3621 2820 3679 post
2847 3610 3223 3666 revelationem
3255 3611 3594 3681 tranquillus,
3619 3622 3787 3682 atque

2207 3699 2497 3756 intentatus
2537 3702 2768 3756 nolebat.
2811 3702 2918 3756 Sed
2963 3702 3089 3771 quia
3127 3703 3464 3771 omnipotens
3491 3703 3632 3757 Deus
3674 3712 3786 3758 ter—

2205 3790 2380 3844 minos
2400 3791 2679 3846 constituit
2704 3791 2930 3856 homini,
2954 3791 3046 3860 qui
3073 3792 3337 3861 praeteriri
3377 3808 3483 3853 non
3503 3802 3780 3862 poterunt,

2205 3887 2260 3933 et
2286 3878 2514 3934 elevavit
2539 3880 2681 3934 hunc
2704 3880 2772 3934 ad
2800 3880 3165 3950 cognoscenda
3190 3880 3460 3946 sublimia,
3490 3889 3546 3936 et
3569 3883 3787 3937 reduxit

2205 3969 2399 4023 iterum
2428 3969 2494 4023 ad
2526 3969 2738 4022 inﬁrma
2777 3969 3073 4034 toleranda,
3102 3977 3160 4022 ut
3185 3969 3330 4024 modi
3374 3971 3457 4026 sui
3497 3987 3785 4026 mensuras

2205 4059 2490 4128 aspiciens,
2521 4060 2648 4114 dum
2683 4061 3023 4114 securitatem
3059 4062 3516 4129 comprehendere
3555 4078 3784 4118 conare-

2207 4155 2309 4209 tur,
2341 4156 2395 4200 et
2421 4164 2526 4201 non
2558 4156 2757 4216 posset.
2794 4163 2861 4202 ne
2888 4163 2986 4218 per
3009 4147 3362 4203 elevationem
3387 4157 3540 4203 extra
3566 4165 3625 4205 se
3653 4151 3779 4216 iret,

2204 4253 2301 4306 per
2343 4236 2700 4291 humilitatem
2745 4246 3028 4308 cogeretur
3056 4238 3196 4292 intra
3247 4254 3373 4294 suos
3413 4255 3626 4310 semper
3671 4249 3782 4296 ter-

2206 4330 2380 4385 minos
2416 4329 2612 4384 redire.
2651 4329 2741 4384 Sic
2783 4339 2958 4384 rector
2987 4331 3209 4402 singulis
3242 4333 3612 4401 compassione
3655 4349 3783 4404 pro-

2207 4421 2383 4474 ximus
2410 4436 2520 4489 pra:
2548 4420 2754 4474 cunctis
2783 4421 3230 4489 contemplatione
3273 4436 3584 4489 suspensus,
3626 4432 3686 4476 ut
3725 4431 3785 4479 et

2210 4523 2306 4578 per
2345 4507 2557 4576 pietatis
2600 4508 2804 4562 viscera
2851 4509 2904 4562 in
2949 4524 3006 4562 se
3048 4509 3412 4563 inﬁrmitatem
3462 4522 3783 4565 cancrorum

2211 4597 2516 4662 transferat,
2544 4607 2597 4651 et
2627 4613 2721 4666 per
2764 4597 3142 4667 speculationis
3183 4597 3535 4662 altitudinem,
3581 4607 3783 4653 semet-

2210 4690 2382 4759 ipsum
2415 4703 2628 4757 quoque
2669 4687 2954 4741 invisibilia
2982 4687 3276 4757 appetendo
3305 4689 3674 4753 transcendat,
3713 4703 3785 4743 ne

2211 4789 2300 4834 aut
2341 4780 2445 4833 alta
2486 4789 2672 4849 petens
2713 4779 3080 4848 proximorum
3123 4778 3337 4832 inﬁrma
3366 4778 3648 4848 despiciat,
3689 4789 3788 4836 aut

2211 4869 2436 4923 inﬁrmis
2467 4869 2831 4939 proximorum
2862 4883 3162 4938 congruens
3190 4877 3462 4936 appetere,
3491 4869 3596 4922 alta
3627 4870 3786 4924 dere-

2211 4959 2438 5027 linquat,
2469 4958 2594 5012 hinc
2619 4964 2702 5012 est
2727 4971 2960 5027 namque
2986 4958 3128 5028 quod
3157 4957 3352 5012 Paulus
3383 4959 3438 5013 in
3468 4959 3782 5029 paradisum

2210 5050 2440 5112 ducitur,
2485 5049 2714 5117 coelique
2763 5049 2904 5103 tertii
2947 5057 3153 5104 secreta
3196 5049 3441 5115 rimatur,
3489 5058 3545 5104 et
3604 5058 3783 5104 tamen

2212 5139 2354 5194 illam
2385 5138 2729 5192 invisibilium
2753 5137 3202 5207 contemplatione
3233 5153 3570 5209 suspensam,
3597 5140 3666 5194 ad
3690 5154 3786 5194 cu-

2211 5229 2317 5285 bile
2353 5228 2646 5284 carnalium
2683 5229 2877 5281 mentis
2911 5229 3081 5283 aciem
3118 5237 3363 5293 revocat,
3401 5237 3562 5297 atque
3602 5228 3658 5282 in
3693 5245 3788 5284 oc-

2211 5321 2369 5376 cultis
2395 5321 2506 5374 suis
2530 5319 2760 5389 qualiter
2787 5321 3015 5375 debeant
3043 5321 3348 5375 conversari
3379 5321 3676 5390 dispensat,
3705 5319 3786 5380 di-

2212 5426 2340 5466 cens
2363 5429 2375 5464 :
2401 5410 2623 5479 Propter
2641 5410 3033 5479 fornicationem
3061 5421 3232 5464 autem
3258 5413 3609 5480 unusquisque
3633 5427 3785 5464 suam

2213 5517 2428 5555 uxorem
2463 5501 2672 5565 habeat,
2720 5511 2766 5554 et
2815 5517 3136 5571 unaqua'que
3173 5517 3326 5554 suum
3364 5500 3528 5554 virum
3571 5498 3784 5557 habeat.

2215 5593 2366 5646 uxori
2394 5593 2473 5645 vir
2496 5592 2722 5645 debitum
2749 5593 2948 5656 reddat,
2982 5592 3219 5646 similiter
3245 5603 3416 5645 autem
3445 5599 3492 5644 et
3520 5607 3655 5644 uxor
3679 5591 3788 5645 uiro

2218 5679 2270 5752 (I
2295 5679 2416 5735 Cor.
2443 5681 2574 5750 vn);
2606 5690 2658 5734 et
2692 5681 2850 5750 paulo
2873 5689 2992 5750 post
3021 5699 3032 5732 :
3069 5679 3244 5735 Nolite
3273 5679 3523 5748 fraudare
3547 5679 3784 5742 int-irem,
