4022 6338
287 393 406 450 2'57

759 389 1300 446 ENARRATIONUM
1339 389 1404 446 IN
1446 387 1594 444 EPP.
1633 386 1831 443 PAULI
1872 386 1994 441 LIB.
2039 384 2170 440 Xlll.
2213 417 2280 427 -—-
2317 384 2384 439 IN
2425 384 2636 439 EPIST.
2679 384 2719 438 ll
2759 386 2847 439 AD
2882 385 3038 440 C03.
3417 385 3522 441 238

287 503 552 574 opinione
573 507 876 565 censentur,
908 515 1069 570 quam
1107 499 1218 554 sint
1245 499 1404 554 utiles
1439 512 1502 551 ac
1531 497 1863 559 necessariae,
1895 505 1939 562 Α
1971 497 2022 550 in
2051 496 2215 566 signis
2242 496 2518 559 faciendis,
2550 496 2800 566 apostolis
2827 497 3240 568 pratcessoribns
3265 501 3396 565 suis,
3425 518 3532 557 non

287 596 464 650 etiam
493 607 560 647 ex
586 591 690 646 hoc
722 588 924 661 liquido
944 589 1339 659 comprobatur,
1371 587 1511 657 quod
1551 584 1720 642 sancti
1763 587 1864 641 viri

295 698 406 738 non
447 680 618 737 solum
663 694 755 734 eas
803 693 1078 748 nunquam
1123 679 1295 732 vitare
1326 678 1643 741 voluerunt,
1680 691 1866 732 verum

287 773 464 826 etiam
491 770 690 824 virtute
714 783 922 823 summa
955 767 1042 823 vel
1076 776 1400 838 appetentes,
1441 767 1522 821 vel
1549 766 1760 821 fortiter
1787 773 1867 821 to-

293 860 726 926 lerantes,amici
748 860 843 914 Dei
867 858 1040 915 effecti
1065 867 1278 914 aeternae
1307 859 1430 913 vita:
1455 857 1717 926 stipendia
1746 864 1869 912 sunt

285 954 594 1018 consecuti,
617 954 776 1007 beato
801 951 1054 1022 Apostolo
1087 951 1402 1007 concinente
1436 967 1449 1003 :
1486 948 1706 1020 PrOpter
1729 948 1868 1020 quod

283 1043 476 1113 placeo
504 1043 630 1096 mihi
651 1044 705 1096 in
733 1041 1141 1111 inﬁrmitatibus,
1171 1042 1225 1096 in
1250 1039 1592 1105 contumeliis,
1621 1040 1676 1094 in
1698 1056 1870 1094 neces-

291 1136 554 1198 sitatibus,
584 1137 638 1189 in
663 1133 1098 1205 persecutionibus
1120 1173 1135 1198 ,
1161 1135 1216 1188 in
1237 1132 1488 1203 angustiis
1521 1149 1613 1203 pro
1639 1131 1865 1187 Christo.

287 1223 430 1279 Cum
458 1225 596 1278 enim
621 1223 881 1293 inﬁrmor,
913 1233 1034 1276 tunc
1070 1231 1247 1292 potens
1276 1239 1391 1276 sum
1413 1235 1434 1280 τ
1457 1223 1580 1293 quia
1617 1224 1780 1277 virtus
1815 1223 1870 1276 in

291 1314 602 1383 inﬁrmitate
629 1313 917 1383 per/icitur.
947 1312 1014 1367 Et
1051 1313 1253 1369 idcirco
1284 1313 1362 1368 illi
1402 1313 1493 1384 qui
1522 1313 1745 1369 summis
1771 1328 1870 1368 ste—

289 1389 407 1458 culi
444 1403 601 1474 hujus
628 1385 854 1468 divitiis,
887 1411 941 1457 et
969 1403 1264 1458 honoribus
1294 1417 1362 1458 ac
1393 1403 1746 1472 potestatibus
1772 1416 1870 1457 ex-

291 1493 578 1559 tolluntur,
619 1508 728 1549 non
766 1507 834 1548 ex
881 1493 966 1548 his
1005 1492 1300 1564 principale
1332 1493 1530 1548 bonum
1573 1492 1871 1548 obtinuisse

291 1582 551 1639 credendi
571 1589 724 1646 sunt,
749 1581 967 1652 quodin
993 1582 1122 1638 solis
1143 1597 1264 1638 esse
1285 1583 1568 1638 virtutibus
1595 1582 1869 1648 deﬁnitur,

291 1673 395 1729 sed
425 1671 660 1728 medium
686 1672 936 1743 quiddam
963 1689 978 1739 ;
1011 1674 1133 1744 quia
1173 1673 1312 1729 sicut
1350 1673 1510 1744 justis
1537 1687 1599 1726 ac
1624 1687 1874 1728 necessa-

289 1763 379 1818 ria
425 1761 700 1818 utentibus
737 1763 891 1818 utilia
924 1764 1041 1820 inec
1079 1779 1200 1820 esse
1246 1766 1686 1835 reperiuntur'ct
1727 1780 1872 1821 com-

291 1853 495 1909 moda:
536 1853 874 1910 occasionem
915 1870 1148 1926 namque
1185 1855 1364 1926 operis
1395 1855 1521 1912 boni
1556 1855 1869 1927 fructusque
1897 1843 1943 1904 Β

292 1945 353 2001 in
385 1946 526 2002 illius
562 1947 673 2001 vita:
703 1947 1001 2002 mternitate
1025 1949 1332 2017 parturiunt
1357 1964 1370 2002 :
1392 1949 1464 2003 ita
1490 1949 1594 2004 illis
1612 1949 1702 2018 qui
1731 1949 1872 2005 male

285 2038 487 2108 opibus
529 2038 840 2105 abutuntur,
887 2039 1101 2094 inutiles
1147 2048 1290 2106 sunt,
1328 2050 1488 2110 atque
1523 2041 1872 2096 incommoda:

291 2141 352 2188 et
391 2132 727 2188 occasionem
763 2131 972 2202 peccati
1011 2133 1303 2203 mortisque
1338 2133 1681 2189 concinnant.
1733 2132 1871 2200 Quid
1917 2147 1925 2156 '

291 2225 444 2280 enim
471 2240 633 2296 grave
662 2224 861 2295 poterit
883 2239 1027 2292 esse,
1058 2227 1186 2295 quid
1233 2226 1423 2281 durum
1457 2225 1512 2280 ei
1553 2225 1644 2295 qui
1683 2225 1870 2296 jugum

289 2315 499 2372 Christi
543 2325 652 2371 tota
690 2317 1244 2386 mente-susceperit?
1283 2316 1375 2385 qui
1409 2331 1532 2371 vera
1569 2315 1872 2370 humilitate

292 2406 571 2473 fundatus,
601 2421 918 2478 semperque
945 2410 1011 2463 ad
1032 2407 1242 2462 Domini
1264 2409 1554 2478 respiciens
1573 2407 1871 2477 passiones,

293 2497 350 2552 in
391 2499 637 2554 omnibus
674 2514 794 2570 quae
823 2499 925 2554 sibi
964 2499 1163 2555 fuerint
1201 2501 1448 2571 irrogata:
1487 2499 1698 2554 laetatur
1733 2501 1875 2570 inju-

292 2590 419 2655 riis,
447 2590 631 2646 dicens
656 2609 668 2644 :
700 2588 922 2660 Propter
945 2591 1084 2661 quod
1110 2590 1400 2661 complaceo
1420 2591 1548 2645 mihi
1570 2593 1621 2644 in
1649 2591 1872 2659 inﬁrmi-

291 2681 512 2747 tatibus,
537 2682 589 2735 in
609 2682 1071 2752 persecutionibus,
1120 2683 1175 2736 in
1217 2683 1473 2751 angustiis
1508 2698 1601 2751 pro
1646 2681 1874 2746 Christo;

293 2786 419 2822 cum
459 2770 595 2822 enim
648 2770 888 2838 inﬁrmor
926 2779 1065 2824 tunc.
1091 2781 1270 2841 potens
1299 2788 1434 2825 sum.
1467 2770 1601 2837 Quo,
1629 2771 1872 2842 inquam,

293 2857 584 2913 familiaris
611 2860 689 2915 rei
715 2861 1042 2915 cruciabitur
1067 2861 1260 2917 damno
1281 2901 1296 2926 ,
1329 2862 1420 2931 qui
1445 2861 1679 2932 perfecta
1717 2862 1876 2916 nudi-

293 2962 412 3008 tate
449 2954 731 3024 gloriosus,
770 2957 1067 3012 voluntarie
1093 2972 1193 3027 pro
1233 2956 1448 3012 Christo
1477 2955 1729 3018 offerens,
1760 2953 1878 3008 uni-

293 3059 486 3100 versas
533 3045 688 3113 hujus
737 3047 914 3100 mundi
962 3049 1164 3118 respuit
1208 3046 1486 3101 facultates
1513 3085 1528 3111 ,
1586 3056 1878 3111 omnesque

291 3135 418 3204 ejus
457 3137 918 3205 concupiscentias
956 3137 1277 3208 generaliter
1312 3136 1604 3191 arbitratur
1649 3143 1708 3188 ut
1746 3142 1878 3188 ster-

295 3238 450 3287 cora,
477 3233 533 3277 ut
559 3222 831 3280 Christum
863 3225 1204 3281 lucrifaciat?
1247 3225 1550 3296 Evangelici
1574 3225 1716 3279 illius
1737 3241 1874 3295 pra:-

294 3313 441 3382 cepti
480 3313 822 3369 meditatione
859 3317 1109 3370 continua
1135 3314 1874 3384 cunctorumdispendiorum

295 3413 470 3459 aestus
504 3405 832 3475 despiciens,
863 3413 916 3461 et
951 3407 1238 3462 excludens
1275 3424 1286 3459 :
1327 3406 1464 3472 Quid
1497 3407 1630 3458 enim
1673 3405 1877 3475 prodest

295 3495 499 3548 homini
539 3497 584 3548 si
619 3497 868 3549 mundum
909 3498 1198 3550 universum
1240 3496 1501 3561 lucretur,
1533 3496 1722 3549 anima:
1763 3509 1876 3548 rcro

296 3602 413 3639 sum
457 3587 820 3640 detrimentum
873 3589 1150 3658 patiatur?
1192 3597 1280 3641 aut
1331 3603 1486 3658 quam
1533 3585 1682 3664 dabit.
1724 3586 1876 3638 homo

297 3676 758 3728 commutationem
789 3692 882 3744 pro
917 3677 1094 3728 anima
1129 3693 1225 3729 sua
1249 3676 1274 3728 ?
1304 3674 1515 3746 (Matth.
1548 3673 1680 3745 xvr.)
1708 3673 1880 3742 Super

299 3765 458 3836 cujus
480 3767 555 3820 rei
578 3767 876 3836 privatione
905 3768 1207 3824 tristabitur
1226 3769 1316 3839 qui
1339 3772 1516 3822 omnia
1539 3783 1656 3837 qua:
1678 3766 1745 3821 ab
1761 3768 1880 3822 aliis

301 3858 508 3914 auferri
535 3869 781 3929 possunt,
812 3876 908 3914 sua
933 3878 1040 3916 non
1064 3877 1183 3916 esse
1204 3861 1500 3932 c0gnoscit,
1529 3860 1655 3913 illud
1683 3859 1880 3920 invicta

301 3952 509 4006 virtute
551 3952 929 4022 proclamans:
971 3953 1120 4008 Nihil
1167 3953 1436 4007 intulimus
1470 3953 1522 4006 in
1560 3954 1696 4006 hunc
1733 3968 1884 4005 mun-

299 4042 454 4106 dum,
484 4059 574 4096 nec
611 4044 826 4098 dubium
860 4045 985 4115 quia
1014 4062 1104 4100 nec
1131 4045 1337 4115 auferre
1383 4045 1508 4115 quid
1533 4045 1788 4114 possimus
1831 4042 1882 4116 (Ι

303 4131 444 4185 Tim.
486 4132 591 4205 γι).
641 4130 804 4203 Cujus
839 4143 932 4190 aut
969 4136 1160 4206 inopiae
1200 4136 1524 4192 necessitate
1571 4134 1688 4204 ejus
1725 4149 1883 4204 supe—

301 4224 516 4278 rabitur
555 4224 827 4292 fortitudo,
865 4213 956 4297 qui
993 4243 1180 4298 peram
1210 4229 1265 4282 in
1295 4228 1400 4292 via,
1427 4242 1500 4282 aes
1529 4227 1580 4280 in
1608 4241 1762 4289 zona,
1793 4239 1886 4280 ve-

297 4326 440 4371 stem
469 4317 872 4387 intemporalem
897 4319 1096 4374 habere
1122 4334 1224 4373 non
1252 4319 1419 4384 novit,
1463 4319 1558 4374 sed
1594 4333 1715 4372 cum
1742 4317 1886 4386 Apo-

303 4407 445 4463 stolo
479 4408 740 4479 gloriatur
791 4410 842 4464 in
867 4408 1087 4480 jejuniis
1114 4410 1313 4476 multis,
1341 4417 1395 4466 et
1425 4410 1583 4474 fame,
1614 4417 1669 4464 et
1693 4408 1806 4473 siti,
1831 4409 1886 4462 in

304 4498 528 4571 frigore,
556 4509 610 4555 et
635 4501 898 4557 nuditate.

380 4591 578 4646 Factus
629 4610 742 4646 sum
783 4594 1047 4663 insipiens,
1097 4611 1183 4649 vos
1221 4611 1301 4648 me
1344 4593 1599 4664 coegistis.
1651 4591 1884 4664 (Ambr.)

303 4679 653 4752 Compulsum
682 4697 740 4738 se
766 4682 895 4737 dicit
928 4691 986 4737 ut
1011 4684 1138 4753 quid
1163 4693 1306 4740 esset
1331 4683 1656 4740 ostenderet.
1683 4683 1748 4738 Et
1775 4699 1883 4738 non

307 4771 495 4842 utique
528 4772 722 4827 stultus
767 4773 965 4843 estqui
1002 4773 1070 4828 de
1115 4789 1174 4830 se
1220 4788 1345 4828 vera
1387 4773 1594 4828 locutus
1639 4780 1723 4828 est
1753 4790 1766 4826 :
1794 4774 1888 4828 sed

308 4863 534 4918 inclinat
565 4879 622 4918 sc
651 4872 709 4918 ut
734 4865 1037 4920 manifestat
1073 4866 1198 4935 quia
1235 4881 1340 4921 non
1385 4865 1656 4919 voluntate
1689 4866 1884 4919 merita

308 4968 406 5008 sua
436 4953 691 5008 ostendit.
745 4953 858 5025 Ego
899 4957 1035 5008 enim
1073 4954 1225 5008 debui
1263 4971 1295 5007 a
1329 4954 1472 5009 vobis
1513 4953 1882 5008 commendari.

310 5044 656 5100 Manifestum
697 5053 780 5101 est
825 5047 949 5116 quia
994 5046 1048 5100 hi
1096 5045 1392 5102 debuerant
1447 5043 1808 5100 testimonium
1839 5044 1888 5098 ei

308 5133 597 5203 perhibere
639 5133 895 5189 adversus
945 5135 1330 5190 obtrectatores
1381 5131 1494 5201 ejus
1520 5173 1534 5198 ,
1583 5131 1723 5202 apud
1757 5146 1892 5200 quos

311 5224 610 5280 Ecclesiam
647 5225 955 5292 constituit,
1009 5234 1064 5282 et
1099 5227 1373 5298 signorum
1413 5226 1648 5296 prodigia
1682 5234 1894 5295 aposto-

312 5319 457 5376 latus
489 5321 746 5386 ostendit,
773 5329 832 5376 ut
856 5323 958 5378 hoc
984 5331 1191 5378 tacente
1210 5364 1224 5387 ,
1253 5321 1328 5376 illi
1364 5337 1486 5377 eum
1524 5319 1893 5384 defenderent,

310 5425 476 5480 quem
525 5410 740 5466 Patrem
785 5413 1056 5468 habebant
1098 5413 1151 5467 in
1199 5411 1490 5482 Evangelio
1524 5409 1744 5466 Christi.
1790 5407 1891 5462 Ni-

313 5498 392 5552 hil
431 5499 568 5554 enim
607 5502 779 5555 minus
817 5503 895 5572 fui
925 5502 988 5556 ab
1027 5502 1126 5567 his,
1163 5503 1252 5572 qui
1299 5512 1418 5556 sunt
1455 5502 1604 5556 valde
1652 5499 1894 5572 apostoli.

323 5585 492 5642 Valde
521 5589 624 5644 hoc
651 5597 733 5644 est
758 5590 947 5657 nimis,
977 5591 1116 5646 sicut
1149 5589 1465 5659 quibusdam
1499 5590 1726 5644 videtur.
1760 5587 1895 5642 Nam

317 5675 424 5731 hoc
445 5686 621 5742 erant,
653 5676 796 5747 quod
823 5686 877 5732 et
915 5677 1188 5748 apostolus
1213 5676 1432 5732 Paulus.
1465 5676 1576 5731 Hoc
1611 5691 1739 5746 ergo
1767 5675 1898 5732 dicit

315 5769 443 5838 quia
487 5770 661 5825 minor
699 5784 802 5824 non
847 5781 951 5836 est,
990 5786 1162 5840 neque
1202 5771 1253 5824 in
1292 5767 1692 5840 praedicatione,
1723 5780 1898 5837 neque

1966 591 2020 645 in
2050 590 2322 659 dignitate,
2363 591 2456 646 sed
2491 598 2750 662 tempore.
2790 591 2922 646 Nam
2951 592 2996 646 si
3035 592 3101 646 de
3130 600 3370 664 tempore
3398 612 3533 666 pne-

1965 682 2300 736 scribendum
2335 690 2569 751 putatur,
2612 691 2738 738 ante
2777 685 2939 754 coepit
2977 682 3206 740 Joannes
3241 688 3535 756 prtediearo

1965 790 2125 845 quam
2159 774 2421 839 Christus,
2453 784 2638 830 etnon
2679 775 2921 832 Christus
2947 777 3226 842 Joannem,
3256 780 3348 833 scd
3373 775 3536 834 Joan-

1964 877 2060 917 nes
2084 862 2354 918 Christum
2379 864 2685 934 baptizavit.
2715 863 2851 919 Num
2877 881 3004 936 ergo
3029 867 3106 921 sic
3128 865 3334 936 judicat
3363 869 3538 924 Dens?

1966 953 2202 1024 Denique
2231 955 2380 1024 prior
2404 964 2617 1011 secutus
2642 963 2725 1012 est
2751 957 2990 1012 Andreas
3017 957 3349 1014 Salvatorem
3374 976 3536 1030 quam

1965 1044 2178 1111 Petrus,
2211 1053 2264 1099 et
2289 1060 2392 1099 non
2420 1054 2597 1100 tamen
2621 1046 2903 1116 primatum
2929 1049 3132 1119 accepit
3153 1048 3414 1115 Andreas,
3444 1053 3539 1106 sed

1961 1137 2177 1192 Petrus.
2225 1135 2403 1204 Quare
2430 1153 2559 1208 ergo
2587 1139 2857 1208 apostolus
2893 1141 3209 1208 quibusdam
3249 1158 3356 1198 non
3388 1143 3536 1197 vide-

1967 1225 2145 1293 batur,
2177 1240 2298 1280 cum
2327 1229 2513 1281 eadem
2542 1236 2722 1298 posset
2757 1243 2854 1298 per
2900 1229 2993 1283 Dei
3035 1231 3283 1302 gratiam,
3329 1248 3448 1302 quae
3486 1246 3542 1288 et

1969 1314 2232 1384 apostoli?
2257 1314 2380 1370 ldeo
2410 1316 2572 1380 dolet,
2612 1323 2665 1370 et
2691 1317 2997 1386 compulsus
3043 1321 3294 1385 ostendit,
3338 1323 3468 1391 quid
3509 1339 3541 1377 a

1969 1403 2276 1473 dignatione
2324 1403 2533 1461 Domini
2586 1415 2874 1462 mereatur.
2935 1408 3071 1464 Hinc
3114 1419 3195 1465 est
3250 1413 3390 1466 unde
3433 1428 3538 1466 non

1969 1493 2140 1548 solum
2191 1495 2450 1550 minorem
2490 1508 2547 1549 se
2586 1511 2690 1550 non
2733 1511 2851 1552 esse
2897 1507 3113 1554 coactus
3156 1509 3241 1556 est
3277 1502 3540 1570 profiteri.

1969 1583 2066 1638 sed
2093 1591 2147 1637 et
2177 1583 2296 1653 plus
2323 1585 2570 1639 omnibus
2595 1585 2884 1642 laborasse.
2927 1587 3021 1644 His
3052 1605 3180 1662 ergo
3208 1591 3542 1661 displicebat,

1969 1681 2025 1728 et
2065 1688 2172 1728 non
2220 1674 2499 1730 videbatur
2536 1690 2657 1731 esse
2711 1679 3016 1748 apostolus,
3063 1681 3153 1750 qui
3203 1683 3544 1738 temulatione

1972 1773 2207 1835 paternae
2231 1766 2364 1836 legis
2389 1768 2819 1838 praedicationem
2857 1771 2973 1840 ejus
3013 1773 3355 1842 respuebant,
3390 1777 3546 1844 quasi

1969 1856 2174 1911 inimici
2203 1857 2504 1914 traditionis
2519 1858 2714 1930 Moysi;
2744 1861 2866 1930 quia
2888 1877 3006 1916 eam
3030 1862 3140 1932 jam
3163 1879 3376 1918 cessare
3398 1865 3544 1919 dicc-

1971 1949 2084 2015 bat,
2100 1949 2352 2020 apostolis
2378 1952 2545 2021 magis
2559 1950 2814 2014 faventes,
2833 1961 2886 2006 et
2909 1954 3068 2008 istum
3082 1954 3166 2008 his
3185 1954 3545 2018 humiliantes.

1972 2042 2096 2112 quia
2142 2043 2218 2096 illi
2264 2057 2369 2096 non
2414 2050 2520 2096 tam
2568 2050 2880 2097 constanter
2910 2052 3093 2098 contra
3135 2044 3305 2114 legem
3346 2046 3550 2116 aliquid

1971 2129 2302 2188 asserebant.
2357 2132 2426 2186 Et
2467 2132 2512 2187 si
2551 2133 2679 2187 nihil
2722 2151 2868 2199 sum,
2914 2135 3062 2204 signa
3108 2144 3281 2190 tamen
3329 2138 3551 2207 apostoli

1973 2226 2114 2296 facta
2138 2233 2256 2278 sunt
2285 2239 2376 2294 per
2398 2239 2487 2277 vos
2515 2223 2569 2276 in
2595 2223 2735 2276 omni
2768 2224 3038 2293 patientia,
3072 2226 3255 2294 signis,
3288 2235 3336 2279 et
3362 2226 3544 2294 prodi—

1971 2316 2091 2385 giis,
2134 2324 2182 2369 et
2219 2313 2509 2369 virtutibus.
2545 2313 2634 2368 Sic
2661 2329 2718 2368 se
2749 2314 2995 2370 humiliat
3017 2323 3075 2368 ut
3101 2316 3300 2386 erigat;
3335 2317 3550 2384 patien-

1973 2405 2103 2460 tiam
2135 2413 2308 2459 tamen
2328 2404 2559 2474 primum
2587 2414 2867 2470 memorat,
2898 2405 3023 2475 quia
3044 2405 3134 2460 diu
3163 2406 3281 2461 illos
3301 2408 3551 2475 portabat

1973 2494 2126 2562 quasi
2168 2493 2506 2562 impatientes
2544 2508 2746 2570 aegros,
2791 2503 2852 2548 ut
2895 2493 3132 2548 adhibita
3178 2496 3440 2550 medicina
3477 2497 3552 2549 si-

1974 2599 2200 2654 gnorum
2229 2591 2390 2653 atque
2412 2584 2692 2648 virtutum,
2721 2593 2936 2638 curaret
2964 2583 3184 2638 vulnera
3204 2585 3405 2640 erroris
3433 2585 3552 2640 illo-

1975 2689 2114 2728 rum.
2169 2673 2308 2738 Quid
2337 2683 2410 2728 est
2444 2674 2578 2726 enim
2599 2674 2738 2744 quod
2761 2675 2932 2727 mimts
2957 2675 3210 2728 habuistis
3249 2691 3358 2744 pra:
3395 2684 3552 2728 crete-

1975 2766 2048 2819 ris
2074 2763 2340 2830 Ecclesiis,
2372 2765 2470 2818 nisi
2498 2765 2635 2834 quod
2671 2781 2761 2833 ego
2787 2765 2895 2834 ipse
2927 2781 3028 2819 non
3057 2767 3266 2835 gravari
3291 2765 3423 2819 vos?
3452 2765 3554 2819 Do-

1977 2862 2096 2908 nate
2128 2853 2254 2906 mihi
2294 2853 2427 2906 hanc
2461 2854 2733 2922 injuriam.
2764 2854 2953 2909 Adhuc
2979 2869 3076 2923 per
3104 2855 3456 2909 humilitatem
3496 2871 3554 2910 se

1975 2942 2347 3005 commendat;
2377 2943 2611 2998 ostendit
2649 2944 2791 2998 enim
2829 2959 2937 2998 non
2979 2945 3159 3000 minus
3198 2945 3318 2999 illos
3352 2947 3555 3015 aliquid

1978 3033 2230 3088 habuisse
2284 3048 2394 3102 pra:
2435 3033 2646 3087 caeteris
2706 3033 2988 3098 Ecclesiis,
3039 3035 3133 3089 sed
3177 3043 3230 3088 et
3275 3035 3500 3104 amplius
3537 3053 3551 3089 :

1981 3123 2327 3196 Evangelium
2349 3124 2491 3180 enim
2507 3124 2597 3178 Dei
2613 3125 2779 3195 gratis
2793 3125 2876 3179 his
2895 3125 3225 3194 prtedicavit,
3242 3127 3382 3195 quod
3399 3127 3558 3181 nullis

1979 3234 2295 3275 concessum
2323 3226 2404 3274 est
2431 3217 2700 3274 Ecclesiis.
2725 3217 2938 3273 dicente
2959 3218 3184 3273 Domino
3216 3237 3227 3272 :
3259 3219 3456 3290 Dignus
3479 3227 3557 3274 est

1977 3311 2113 3365 enim
2162 3312 2430 3380 operarius
2477 3309 2707 3363 mercede
2750 3326 2844 3364 sua
2890 3309 3038 3382 (Luc.
3082 3310 3159 3382 κ).
3215 3312 3271 3366 Si
3301 3326 3427 3382 ergo
3455 3328 3554 3382 pro

1979 3404 2120 3456 bono
2148 3415 2308 3471 opere
2343 3399 2568 3469 injuria,
2616 3401 2816 3470 inquit,
2861 3401 3056 3472 dignus
3104 3417 3241 3466 sum,
3293 3403 3553 3472 ignoscite

1979 3494 2128 3548 mihi.
2161 3492 2348 3548 Omnis
2374 3494 2517 3547 enim
2545 3493 2738 3548 stultus
2767 3494 2894 3547 boni
2919 3502 3204 3548 accusator
3226 3501 3326 3548 est.
3360 3493 3428 3548 Ut
3457 3494 3556 3549 hos

1979 3599 2108 3655 ergo
2139 3584 2412 3654 imperitos
2433 3585 2697 3650 ostendat,
2729 3585 2938 3638 veniam
2964 3585 3032 3638 ab
3057 3585 3142 3639 his
3170 3585 3403 3654 postulat
3439 3584 3556 3653 ejus

1981 3673 2209 3736 facti,de
2237 3689 2344 3743 quo
2370 3673 2526 3728 laude
2547 3673 2739 3744 dignus
2765 3682 2864 3728 est.
2885 3673 3018 3728 Ecce
3039 3674 3190 3727 tertio
3216 3674 3312 3728 hoc
3339 3685 3554 3744 paratus

1980 3781 2095 3818 sum
2117 3767 2284 3818 venire
2298 3763 2364 3816 ad
2388 3781 2497 3829 vos,
2519 3773 2565 3818 et
2590 3781 2689 3818 non
2712 3781 2799 3818 ero
2819 3766 2989 3834 gravis
3011 3764 3169 3818 vobis.
3190 3763 3265 3819 Ne
3288 3766 3424 3820 forte
3454 3768 3558 3821 hoc

1981 3855 2122 3909 inter
2171 3855 2322 3909 initia
2367 3853 2560 3909 fecisse
2607 3863 2889 3924 putaretur
2923 3855 2990 3910 ad
3036 3857 3555 3912 commendationem

1984 3959 2156 4010 suam,
2182 3953 2303 4013 post
2331 3952 2508 3998 autem
2536 3945 2835 4000 mercedem
2864 3947 3186 4016 evangelica:
3221 3949 3557 4016 praedicatio-

1984 4034 2069 4088 nis
2102 4035 2236 4089 velle
2261 4034 2526 4102 aecipere,
2550 4034 2779 4088 ostendit
2803 4035 2857 4088 in
2877 4050 2940 4090 ea
2963 4051 3020 4090 se
3044 4036 3315 4091 voluntate
3337 4039 3555 4100 durare.

1985 4139 2052 4180 ne
2082 4123 2279 4180 factum
2312 4139 2464 4178 suum
2495 4131 2616 4193 post
2652 4125 2941 4180 emendare
2981 4127 3284 4194 videretur,
3325 4137 3379 4183 et
3415 4140 3561 4184 esset

1987 4214 2128 4285 quod
2156 4217 2221 4270 ab
2245 4215 2699 4270 obtrectatoribus
2731 4217 3228 4285 reprehenderetur.
3263 4218 3386 4273 Non
3426 4222 3564 4274 enim

1990 4321 2168 4376 quer
2215 4321 2330 4376 qua:
2371 4314 2540 4359 vestra
2593 4316 2734 4371 sunt,
2783 4307 2872 4361 sed
2927 4325 3034 4364 vos.
3075 4307 3321 4365 OStendit
3357 4311 3474 4366 ideo
3505 4327 3563 4365 se

1991 4395 2133 4450 nolle
2158 4395 2407 4464 accipere
2428 4395 2497 4450 ab
2523 4395 2624 4461 eis,
2650 4406 2706 4451 ut
2730 4397 2848 4452 illos
2875 4397 3018 4468 ipsos
3043 4399 3361 4465 lucraretur,
3391 4411 3450 4456 ut
3478 4402 3563 4457 in-

1911 4527 1964 4585 D
1991 4484 2292 4555 telligentes
2315 4485 2441 4554 quia
2463 4487 2703 4555 pecunia:
2731 4499 3067 4557 prmponeret
3084 4504 3198 4554 eos,
3225 4492 3439 4546 tandem
3470 4508 3564 4547 co-

1998 4583 2317 4645 gnoscerent
2336 4574 2584 4631 affectum
2600 4576 2740 4633 illius
2752 4593 2879 4647 erga
2894 4594 2970 4634 se.
2998 4577 3109 4633 Nec
3127 4581 3263 4634 enim
3277 4582 3455 4636 debent
3469 4583 3568 4652 ﬁlii

1987 4668 2288 4736 parentibus
2330 4667 2704 4734 thesaurizare,
2751 4670 2841 4723 sed
2881 4679 3117 4739 parentes
3157 4669 3302 4739 ﬁliis.
3349 4672 3565 4728 Patrem

1987 4770 2046 4811 se
2073 4771 2257 4812 eorum
2294 4757 2647 4826 spiritualem,
2677 4758 2816 4813 sicut
2839 4759 2891 4812 in
2918 4759 3093 4828 prima
3123 4759 3360 4830 Epistula
3391 4763 3520 4817 dicit
3549 4782 3564 4818 :

1989 4846 2094 4902 Per
2119 4847 2460 4918 Evangelium
2485 4866 2577 4920 ego
2603 4867 2692 4904 vos
2723 4851 2874 4920 genui
2914 4850 2966 4921 (1
3008 4850 3130 4906 Cor.
3182 4852 3276 4924 Iv),
3320 4855 3568 4909 carnales

1989 4950 2166 4995 tamen
2212 4950 2464 5010 parentes
2515 4950 2641 4996 sunt
2681 4942 2773 5011 qui
2822 4941 2945 4997 filiis
2989 4944 3352 5000 thesaurizant
3393 4961 3567 5002 :nam

1991 5033 2258 5102 spiritales
2287 5049 2316 5087 a
2347 5032 2470 5088 ﬁliis
2490 5033 2707 5104 dignum
2728 5043 2812 5088 est
2857 5043 2916 5089 ut
2939 5037 3205 5106 accipiant
3234 5046 3477 5108 sumptus
3503 5040 3572 5094 ad

1993 5125 2396 5180 sustentandam
2425 5125 2588 5178 vitam
2615 5129 2976 5193 praesentem.‘
3007 5127 3122 5181 Non
3151 5127 3292 5182 enim
3317 5143 3571 5196 magnum

1994 5223 2078 5271 est
2099 5224 2157 5269 ut
2181 5215 2439 5286 spiritalia
2460 5215 2755 5281 tradentes,
2776 5226 3174 5288 consequantur
3193 5219 3450 5274 carnalia.
3472 5219 3574 5274 Hic

1996 5307 2139 5360 enim
2170 5307 2224 5361 in
2266 5313 2473 5360 tantum
2513 5307 2703 5376 probat
2733 5320 2790 5361 se
2827 5306 2968 5362 nolle
3005 5308 3275 5376 accipere,
3311 5317 3369 5362 ut
3398 5316 3572 5363 trans-

1994 5397 2134 5452 ferat
2175 5410 2394 5451 causam
2440 5397 2672 5452 carnalis
2707 5398 2877 5466 patris
2917 5399 2986 5453 ad
3023 5397 3337 5467 spiritalem,
3367 5405 3426 5453 ut
3463 5414 3570 5452 non

1995 5490 2167 5544 solum
2196 5503 2302 5542 non
2333 5489 2400 5544 ab
2426 5489 2506 5543 eis
2529 5488 2780 5558 accipiat,
2811 5491 2903 5545 sed
2932 5497 2987 5543 et
3010 5488 3055 5544 si
3085 5496 3260 5559 potest
3283 5489 3422 5553 lteri,
3459 5489 3574 5557 ipse

1996 5579 2102 5635 illis
2142 5580 2370 5643 tribuat,
2409 5578 2544 5634 sicut
2580 5595 2739 5650 supra
2775 5581 2883 5650 jam
2925 5580 3062 5634 dixit
3094 5598 3110 5634 :
3144 5579 3287 5634 Alias
3333 5577 3573 5633 ecclesia!

1997 5669 2298 5740 exspoliavi,
2339 5680 2546 5741 accepto
2582 5670 2837 5739 stipendio
2862 5670 2931 5723 ad
2956 5670 3300 5724 ministerium
3327 5677 3570 5721 oestrum.

2004 5762 2114 5819 Hoc
2143 5763 2285 5818 dicto
2314 5763 2479 5834 tangit
2505 5777 2619 5829 eos,
2669 5773 2730 5817 ut
2768 5761 3068 5831 intelligant
3108 5767 3341 5829 quantus
3382 5757 3474 5823 sit,
3520 5764 3574 5813 et
