4022 6338
465 327 574 395 239

1104 327 1163 382 Β.
1206 323 1461 382 RABANI
1501 321 1721 381 MAURI
1754 319 2074 380 ARCHIEP.
2118 317 2427 381 MOGUNT.
2467 317 2753 379 OPERUM
2791 319 2975 376 PARS
3014 319 3099 374 ιιι.

3640 319 3744 374 2ιο

445 444 590 516 quid
612 449 671 502 hi
711 447 1052 504 mereantur,
1089 439 1180 508 qui
1227 438 1362 492 tanti
1403 435 1629 506 apostoli
1663 434 2060 504 providentiam
2088 440 2136 498 Α
2163 433 2389 503 gueudis
2421 432 2565 486 vitiis
2591 445 2697 485 non
2725 429 2950 486 inclinat
2979 448 2991 485 :
3030 424 3146 484 sine
3179 424 3338 515 dubio
3361 427 3506 484 enim
3535 427 3751 500 prodest

459 535 836 607 neglexerunt.
893 530 1006 602 Ego
1053 540 1228 606 autem
1265 529 1604 584 libentissime
1645 526 1961 597 impendam,
2002 533 2050 578 et

460 643 617 686 super
659 623 935 696 impendar
973 637 1067 693 pro
1104 621 1380 675 animabus
1423 619 1624 675 uestris.
1675 616 1828 670 Nunc
1867 623 2052 686 aperte

461 716 714 774 affectum
767 723 822 770 et
869 711 1228 774 charitatem,
1281 723 1442 778 quam
1490 707 1634 762 circa
1681 720 1776 761 eos
1819 705 2054 759 habebat

459 807 716 873 ostendit,
761 803 977 875 quando
1017 817 1126 858 non
1168 799 1345 856 solum
1387 814 1483 856 sua
1510 814 1611 870 pro
1635 797 1715 853 eis
1741 796 2053 868 impendere

458 909 710 972 paratum
749 911 810 953 se
858 895 1011 961 dicit,
1060 901 1116 949 et
1153 889 1474 963 propensius
1512 889 1843 960 impendere,
1875 887 1972 944 sed
1997 894 2054 941 et

459 993 696 1062 seipsum
746 1001 847 1058 pro
889 985 1062 1042 salute
1107 985 1412 1039 animarum
1465 995 1652 1037 eorum
1694 978 1858 1034 etiam
1889 977 2050 1044 mori,

459 1085 600 1140 sicut
641 1090 696 1137 et
722 1078 996 1152 apostolus
1027 1076 1261 1133 Joannes
1281 1074 1411 1130 dicit
1442 1092 1454 1128 :
1485 1072 1624 1140 Quia
1652 1064 2049 1143 exemplo'Sal-

459 1174 664 1231 vatoris
693 1187 794 1243 pro
816 1169 1093 1232 fratribus,
1142 1166 1340 1236 inquit,
1379 1165 1544 1220 etiam
1586 1163 1794 1218 animas
1835 1169 2051 1247 nostras

460 1267 719 1322 debemus
759 1275 982 1333 ponere.
1017 1257 1159 1312 Licet
1182 1255 1300 1327 plus
1329 1271 1416 1310 vos
1447 1254 1686 1324 diligens,
1730 1252 1900 1306 minus
1925 1250 2050 1305 dili-

459 1371 575 1427 gar.
631 1353 898 1408 Provocat
939 1363 1034 1404 eos
1071 1346 1140 1401 ad
1177 1357 1437 1410 amorem,
1469 1341 1594 1412 quia
1617 1341 1725 1411 ipsi
1753 1340 1873 1411 plus
1901 1339 2053 1394 illum

461 1447 719 1502 deberent
737 1442 981 1513 diligere,
1013 1438 1246 1494 maxime
1269 1452 1367 1508 per
1392 1449 1554 1506 quem
1577 1433 1884 1489 didicerunt
1908 1434 2052 1489 viam

461 1538 676 1606 salutis,
705 1549 804 1607 per
830 1525 992 1605 quem
1021 1531 1271 1602 acquisiti
1304 1536 1432 1585 sunt
1459 1527 1590 1593 Deo,
1619 1541 1687 1582 ex
1712 1523 1897 1580 inﬁdis
1922 1523 2051 1578 facti

423 1651 430 1656 -
461 1627 668 1692 ﬁdeles,
702 1633 758 1680 et
800 1639 868 1680 ex
913 1620 1296 1678 contaminatis
1329 1616 1623 1690 purificati.
1666 1614 1773 1671 Sed
1801 1623 1931 1678 esto,
1951 1631 2050 1684 ego

415 1731 546 1773 "eos
571 1734 674 1772 non
696 1715 908 1788 gravavi
921 1731 940 1779 ;
962 1713 1052 1768 sed
1074 1729 1194 1768 cum
1217 1727 1378 1766 essem
1405 1717 1632 1775 astutus,
1657 1705 1778 1761 dolo
1799 1722 1887 1761 vos
1916 1707 2045 1776 cepi.

2152 526 2203 580 ei
2245 517 2337 594 qui
2380 522 2674 592 corripitur
2715 531 2773 576 ut
2808 520 3153 586 emendetur,
3195 513 3240 574 Si
3275 520 3598 592 praepositus
3637 521 3752 578 ideo

2153 615 2332 672 oblata
2363 614 2582 679 refutet,
2612 621 2673 668 ut
2695 612 2864 668 libere
2887 620 3098 684 arguat.
3139 611 3316 668 Timeo
3353 612 3494 667 enim
3528 630 3592 668 ne
3623 612 3755 683 forte

2153 724 2272 762 cum
2295 722 2501 773 venero,
2537 720 2642 759 non
2669 703 2849 778 quales
2877 701 2991 758 volo
3029 697 3290 757 inveniam
3329 719 3438 758 vos.
3483 702 3752 772 Quoniam

2154 818 2261 858 non
2290 816 2479 856 omnes
2525 801 2704 856 adhuc
2755 815 2893 870 quos
2936 798 2991 854 in
3038 797 3209 868 prima
3253 794 3492 866 Epistula
3531 796 3759 866 corripit

2153 893 2585 950 emendaverant
2604 905 2686 956 se,
2713 891 2769 946 in
2793 890 2992 962 quibus
3009 887 3221 942 fuerant
3237 887 3384 942 vitiis
3418 887 3755 958 reprehensi,

2156 987 2278 1042 ideo
2314 1000 2437 1041 cum
2473 985 2796 1039 auctoritate
2822 982 2937 1037 vult
2965 980 3137 1036 videri
3179 979 3354 1034 iturus
3393 978 3462 1034 ad
3505 978 3652 1045 illos,
3697 989 3761 1033 ut

2155 1077 2331 1134 territi
2373 1075 2740 1146 corrigantur,
2793 1082 2854 1129 ut
2899 1073 3034 1128 tales
3079 1071 3200 1127 illos
3241 1071 3512 1136 inveniat,
3569 1071 3758 1141 quales

2152 1169 2287 1224 vult.
2335 1169 2404 1223 Et
2433 1185 2527 1240 ego
2554 1169 2791 1222 inveniar
2819 1184 2852 1220 a
2881 1159 3272 1236 robis,_,qualem
3301 1181 3405 1220 non
3430 1163 3611 1220 vultis.
3645 1163 3760 1220 Hoc

2153 1261 2328 1324 dicit,-
2353 1267 2414 1314 ut
2459 1259 2596 1314 tales
2636 1273 2721 1314 se.
2744 1249 3041 1328 praebeant,
3075 1266 3153 1313 -ιιι
3199 1249 3489 1330 conveniat
3523 1257 3607 1312 eis
3633 1272 3758 1312 cum

2151 1339 2445 1422 Apostolo,
2488 1358 2550 1404 ut
2590 1348 2822 1404 invicem
2869 1347 3244 1419 congaudeant
3293 1343 3397 1402 sibi
3428 1343 3568 1402 :ille
3609 1347 3760 1402 enim

2154 1439 2361 1495 invenit
2387 1439 2623 1508 aliquem
2660 1438 2877 1509 qualem
2910 1453 3021 1493 non
3049 1436 3184 1502 vult,
3222 1435 3316 1507 qui
3345 1452 3404 1492 se
3441 1437 3605 1493 talem
3629 1436 3761 1492 facit

2153 1539 2212 1584 ut
2229 1530 2504 1586 discordet
2524 1530 2593 1586 ab
2621 1528 2732 1585 illo.
2785 1527 2868 1584 Ne
2896 1529 3031 1599 forte
3057 1528 3163 1582 sint
3189 1527 3326 1582 inter
3353 1545 3440 1583 vos
3471 1529 3761 1582 contentio-

2119 1631 2121 1634 ’
2153 1637 2264 1687 nes,
2298 1619 2661 1675 wntulasiones
2682 1661 2697 1686 ,
2737 1620 3132 1686 animositates,
3174 1619 3544 1686 dissensiones,
3583 1621 3762 1674 detra-

2155 1703 2385 1778 ctiones,
2417 1713 2834 1778 susurrationes,
2885 1711 3206 1781 inﬂationes,
3253 1711 3554 1766 seditiones.
3605 1711 3763 1766 Nunc

458 1805 658 1862 Omnia
688 1785 808 1875 quae
841 1810 1062 1874 possent
1099 1816 1164 1856 ex
1206 1801 1433 1856 adverso
1468 1797 1696 1869 proponi
1730 1812 1838 1852 non
1886 1803 2046 1862 ῑπθῑ,
2079 1785 2127 1844 Β
2155 1818 2372 1858 errores
2412 1811 2865 1872 memorat,_quos
2906 1802 2965 1858 in
2999 1802 3280 1872 superiore
3300 1801 3540 1873 Epistola
3571 1817 3761 1872 repre-

460 1906 520 1951 ut
552 1911 616 1957 se,
643 1904 837 1966 purget
871 1908 966 1962 per
993 1892 1207 1957 omnia;
1246 1889 1374 1961 quia
1414 1889 1545 1944 nihil
1590 1903 1691 1958 per
1717 1888 2054 1942 circumven-

461 1991 676 2044 tionem
701 1985 982 2057 egit...apud
1009 1998 1126 2048 eos,
1157 1980 1252 2038 sed
1279 1982 1331 2036 in
1363 1979 1728 2051 simplicitate,
1755 1977 1921 2032 semel
1950 1976 2054 2033 sibi

461 2079 932 2155 prospiciens,-his
975 2075 1198 2147 duplici.
1223 2088 1458 2147 genere;
1509 2081 1568 2128 ut
1603 2080 1658 2127 et
1707 2069 1848 2142 apud
1882 2069 2053 2125 Deum

461 2172 760 2248 providerit
789 2171 892 2235 eis,
915 2177 972 2225 et
997 2168 1086 2223 hic
1117 2182 1340 2222 censum
1367 2165 1582 2222 illorum
1607 2180 1714 2221 non
1743 2175 2010 2236 quaereret
2036 2181 2048 2218 :

461 2267 562 2322 sibi
586 2271 766 2320 autem
796 2263 902 2318 hoc
929 2255 1173 2316 sufﬁcere
1213 2256 1358 2329 quod
1387 2271 1420 2311 a
1447 2255 1574 2312 Deo
1605 2255 1935 2328 promissum
1971 2263 2056 2310 est

464 2359 518 2412 in
538 2355 800 2410 futurum.
829 2351 992 2406 Forte
1015 2349 1158 2404 enim
1181 2347 1587 2418 suspicarentur
1607 2345 1728 2401 ideo
1754 2344 1904 2400 illum
1926 2360 2056 2401 con-

463 2449 776 2520 tempsisse,
831 2445 958 2516 quia
1003 2459 1171 2515 parva
1214 2451 1372 2500 erant
1404 2457 1526 2513 quas
1569 2440 1954 2508 offerebantur,
1996 2448 2058 2496 ut

466 2541 672 2612 majora
691 2545 1171 2608 consequerentur;
1185 2543 1243 2591 ut
1265 2533 1714 2606 circumspiciens
1729 2533 1921 2589 merita
1935 2548 2052 2600 sua,

467 2650 575 2690 non
619 2630 904 2702 pecuniam
953 2627 1248 2692 refutaret,
1296 2624 1390 2682 sed
1438 2640 1721 2680 numerum
1776 2624 2054 2696 indignum

463 2726 568 2781 sibi
609 2724 884 2780 aestimans
931 2728 1324 2778 contemneret.
1384 2717 1637 2791 Nunquid
1684 2735 1778 2791 per
1829 2718 2056 2791 aliquem

461 2818 696 2882 illorum,
752 2831 881 2887 quos
932 2814 1054 2869 misi
1109 2815 1180 2867 ad
1230 2829 1350 2877 eos,
1405 2813 1719 2867 circumvehi
1775 2812 1900 2867 vos?
1943 2811 2057 2867 Hoc

462 2917 565 2973 est,
599 2908 741 2980 quod
769 2906 1068 2976 dicit,-quia
1090 2905 1430 2976 ques-misit,
1456 2921 1562 2961 non
1585 2903 1688 2960 illis
1708 2905 1814 2960 hoc
1842 2904 2056 2960 intima-

466 3010 616 3067 runt,
653 3011 715 3054 rt
747 2999 790 3055 si
823 2999 1055 3064 vellent,
1079 3007 1330 3069 pacatum
1371 2998 1574 3052 habere
1599 2995 1935 3068 Apostolum,
1976 2997 2057 3052 di-

460 3107 622 3161 gnam
687 3090 1031 3161 luanlitatem
1092 3102 1335 3160 personat
1385 3087 1528 3142 illius
1582 3085 1870 3152 offerrent,
1903 3087 2052 3158 .quia

461 3151 586 3238 ideo
623 3151 883 3237 noluisset
921 3151 1184 3250 accipere,
1232 3179 1360 3250 quia
1398 3179 1580 3234 minus
1617 3193 1784 3247 quam
1831 3151 2052 3248 dignum
2081 3151 2126 3213 (ἶ

463 3273 936 3330 eratcfferebatur
966 3271 1152 3342 :quod
1179 3270 1539 3340 compositum
1574 3268 1819 3338 Apostoli
1854 3269 2052 3324 astutia

467 3367 848 3434 intelligerent,
871 3371 932 3419 ut
951 3361 1093 3433 quod
1117 3361 1245 3432 egit,
1277 3376 1384 3416 non
1414 3375 1510 3432 per
1537 3367 1929 3430 contemptum,
1959 3359 2052 3415 sed

466 3449 564 3525 per
604 3455 886 3509 avaritiam
926 3452 1102 3523 egisse
1138 3451 1482 3522 probaretur.
1540 3449 1741 3520 Rogavi
1791 3449 1962 3504 Titum
2004 3459 2051 3504 et

468 3549 586 3602 misi
615 3563 732 3601 cum
761 3545 853 3600 illo
877 3545 1117 3615 fratrem;
1143 3542 1377 3613 nunquid
1405 3541 1552 3596 Titus
1573 3558 1661 3596 vos
1682 3541 2014 3595 circumvenit
2031 3541 2057 3594 ?

467 3653 637 3691 nonne
695 3635 872 3690 eodem
920 3635 1105 3704 spiritu
1159 3629 1596 3687 ambulavimus?
1649 3647 1818 3686 nonne
1869 3630 2054 3684 iisdem

471 3728 738 3798 vestigiis?
787 3725 1046 3796 Apertum
1073 3733 1157 3780 est
1190 3724 1315 3795 quia
1350 3722 1564 3793 quando
1587 3721 1655 3778 ab
1684 3722 1770 3778 his
1797 3735 1931 3792 quos
1955 3721 2055 3776 mi-

474 3823 544 3876 sit
596 3820 728 3876 nihil
763 3820 870 3875 tale
910 3819 1133 3884 dictum,
1179 3826 1272 3872 aut
1318 3816 1517 3872 factum
1565 3823 1668 3882 est,
1709 3830 1816 3870 una
1865 3829 2053 3870 eorum

472 3913 733 3969 sententia
759 3912 1018 3984 probatur
1047 3910 1100 3965 in
1134 3909 1310 3977 bono,
1337 3909 1554 3964 exclusa
1582 3907 1886 3978 suspicione
1923 3921 2052 3959 ava-

468 4005 626 4061 ritiae.
677 4003 878 4058 Iterum
913 4001 1105 4074 putatis
1136 4001 1274 4074 quod
1299 4015 1602 4055 excusemus
1631 4015 1724 4054 nos
1755 3998 1895 4069 apud
1929 3999 2056 4052 vos?

453 4095 583 4151 .Hoc
617 4103 723 4160 est,
757 4094 905 4165 quod
931 4093 1062 4149 dicit
1093 4107 1108 4148 :
1139 4092 1278 4150 Olim
1304 4095 1369 4150 de
1398 4092 1554 4148 nobis
1591 4092 1867 4156 dubitatis,
1908 4091 2052 4147 arbi-

463 4195 675 4242 trantes
731 4186 858 4258 quia
919 4200 1026 4241 non
1079 4184 1394 4255 simpliciter
1443 4198 1666 4256 agamus
1726 4183 2050 4238 vobiscum:

470 4295 498 4331 a
534 4277 994 4349 pseudoapostolis
1019 4277 1165 4332 enim
1191 4277 1624 4349 exagitabantur,
1655 4275 1780 4346 quia
1813 4275 2056 4330 volentes

473 4367 771 4438 deprnadari
808 4382 924 4434 eos,
957 4366 1532 4436 tergiversationehoc
1557 4381 1715 4436 agere
1735 4366 2053 4437 Apostolum

473 4457 803 4513 asserebant.
851 4455 1040 4512 Coram
1067 4456 1177 4510 Deo
1208 4457 1263 4511 in
1291 4456 1499 4511 Christo
1529 4456 1812 4526 loquimur.
1861 4456 2054 4512 Omnia

476 4560 667 4614 autem,
686 4541 1010 4614 charissimi,
1050 4557 1261 4619 propter
1279 4547 1698 4617 adificationem.
1717 4545 1936 4620 -(Greg.)
1973 4548 2052 4604 Ex

465 4640 584 4695 Deo
631 4639 775 4694 enim
821 4653 1006 4694 coram
1057 4638 1167 4693 Deo
1217 4637 1476 4708 loquitur,
1520 4638 2056 4708 qui-praedicationis

473 4729 696 4783 verbum
719 4737 836 4791 ,et
871 4726 1024 4797 quod
1064 4725 1260 4797 accipit
1297 4725 1569 4797 intelligit,
1611 4735 1666 4781 et
1706 4728 1920 4798 placere
1958 4745 2056 4800 per

471 4817 600 4873 illud
630 4817 760 4882 Deo,
786 4831 896 4872 non
920 4817 1226 4872 hominibus
1255 4817 1478 4888 quierit,
1498 4818 1719 4873 audiant
1743 4821 1884 4890 quod
1915 4821 2051 4876 scri-

475 4918 622 4982 ptum
673 4919 756 4964 est
786 4927 803 4963 :
837 4907 1170 4964 Abominatio
1215 4907 1422 4961 Domini
1470 4918 1544 4962 est
1593 4911 1760 4964 omnis
1798 4927 2050 4979 arrogans

475 5003 656 5075 (Prov.
689 5000 823 5072 xvr),
853 5000 978 5070 quia
1011 4999 1258 5055 videlicet
1284 5001 1408 5056 dum
1434 5001 1486 5054 in
1517 5003 1680 5057 verbo
1707 5002 1800 5056 Dei
1828 5003 2050 5074 gloriam

477 5090 746 5160 propriam
791 5087 984 5158 quaerit
1016 5087 1106 5158 jus
1142 5088 1319 5142 dantis
1362 5087 1593 5154 invadit,
1639 5104 1871 5162 eumque
1909 5092 2052 5147 laudi

475 5198 584 5235 sua:
612 5188 933 5250 postponere
961 5193 1296 5249 nequaquam
1324 5181 1532 5245 metuit,
1560 5197 1590 5235 a
1617 5197 1724 5252 quo
1753 5182 1856 5238 hoc
1879 5184 2052 5254 ipsum

433 5297 440 5302 -
475 5273 620 5340 quod
660 5271 843 5326 laudat
885 5271 1100 5341 accipit.
1149 5270 1376 5342 (Ambr.)
1417 5271 1508 5328 Sic
1545 5273 1664 5330 illos
1691 5275 1839 5344 cupit
1867 5290 2050 5331 verum

475 5372 532 5417 et
575 5363 713 5418 bene
751 5362 819 5418 de
865 5377 924 5418 se
947 5361 1168 5426 sentire,
1198 5372 1256 5417 ut
1283 5369 1338 5417 et
1367 5363 1572 5418 ratione
1593 5373 1649 5420 et
1677 5367 2052 5423 testiﬁcatione

475 5453 607 5507 satis
629 5450 734 5508 illis
759 5451 938 5514 faciat,
967 5451 1093 5522 quia
1119 5465 1224 5507 non
1250 5461 1312 5507 ut
1332 5453 1432 5509 sibi
1463 5455 1630 5524 prosit
1650 5455 1809 5512 talem
1837 5473 1896 5513 se
1919 5473 2054 5528 prte-

481 5545 587 5608 bet,
612 5544 706 5599 sed
733 5552 793 5600 ut
821 5543 1230 5600 aediﬁcationem
1256 5559 1441 5602 eorum
1471 5544 1744 5616 perﬁciat;
1777 5556 1836 5602 ut
1863 5549 1946 5604 vel
1977 5551 2053 5605 sic

481 5649 716 5689 amorem
743 5634 957 5689 illorum
995 5635 1138 5690 circa
1176 5649 1236 5690 se
1268 5643 1543 5704 provocet,
1569 5637 1695 5691 dum
1727 5653 1832 5694 non
1869 5649 2056 5711 gravat

479 5735 698 5779 censum
737 5723 980 5793 illorum,
1027 5732 1082 5780 et
1127 5726 1501 5782 auctoritatem
1550 5731 1828 5798 potestatis
1871 5731 1926 5786 in
1975 5746 2058 5786 ar-

2156 1895 2362 1960 hendit,
2393 1895 2609 1964 quando
2623 1895 2888 1964 personis
2915 1894 3221 1951 d'eferentes
3247 1903 3304 1950 et
3325 1895 3558 1952 alterum
3592 1896 3760 1952 alteri

2152 1993 2527 2057 praeponentes
2553 1986 2890 2042 dissidebant
2912 1987 3250 2043 ab'invicem.
3288 1985 3373 2041 Ne
3398 1987 3610 2054 iterum,
3639 2005 3763 2043 cum

2151 2095 2360 2144 uenero,
2384 2077 2620 2133 humiliet
2639 2095 2720 2132 me
2731 2076 2872 2132 Deus
2897 2079 3038 2149 apud
3058 2095 3166 2144 vos,
3183 2087 3231 2132 et
3255 2077 3460 2150 lugeam
3481 2078 3679 2134 multos
3693 2095 3764 2134 ea:

2153 2171 2234 2226 his
2261 2172 2349 2243 qui
2375 2179 2496 2226 ante
2539 2182 2902 2242 peccaverunt,
2947 2181 2996 2227 et
3031 2189 3135 2228 non
3161 2181 3376 2244 egerunt
3401 2175 3762 2243 panitentians

2153 2277 2309 2332 super
2336 2261 2671 2316 immunditia
2691 2271 2738 2321 e1
2753 2259 3120 2331 fornicatione,
3145 2272 3192 2317 et
3219 2263 3566 2334 impudicitia,
3597 2280 3762 2333 quam

2155 2361 2444 2425 gesserunt.
2479 2350 2592 2408 Hoc
2613 2363 2912 2423 praemonet
2951 2359 3145 2410 utnon
3177 2353 3298 2410 illos
3334 2355 3468 2410 tales
3492 2356 3760 2420 inveniat.

2155 2443 2342 2515 quales
2370 2441 2573 2498 du'dum
2601 2443 2908 2510 invenerat,
2938 2459 3062 2500 cum
3097 2445 3244 2500 vitiis
3275 2444 3504 2501 diversis
3529 2461 3762 2516 operum

2155 2531 2581 2598 immundorum,
2610 2526 2696 2588 vel
2722 2535 2895 2606 magis
2928 2535 3230 2600 nominum,
3271 2534 3395 2605 quia
3428 2549 3589 2590 omne
3620 2551 3764 2606 opus

2155 2624 2274 2680 sine
2313 2623 2545 2680 crimine
2600 2631 2724 2691 est,
2780 2626 2875 2682 sed
2919 2625 3334 2682 inordinationis
3377 2641 3574 2682 nomen
3626 2626 3766 2684 facit

2156 2717 2362 2772 crimen
2391 2731 2406 2772 :
2429 2726 2560 2774 tunc
2587 2717 2731 2773 enim
2761 2709 3154 2784 estilli'citum,
3180 2733 3305 2773 cum
3329 2717 3488 2773 aliter
3509 2717 3570 2773 ﬁt
3590 2733 3762 2789 quam

2155 2827 2474 2868 concessum
2523 2819 2626 2868 est.
2665 2811 2776 2866 lllis
2804 2827 2932 2884 ergo
2969 2806 3339 2882 peccantibus,
3385 2826 3446 2867 se
3471 2812 3764 2867 humiliari

2156 2904 2311 2970 dicit,
2359 2904 2486 2974 quia
2538 2902 2748 2974 incipit,
2792 2911 2852 2958 ut
2883 2903 3005 2972 pius
3046 2911 3218 2973 pater,
3255 2909 3479 2971 peccata
3517 2901 3761 2956 ﬁliorum

2156 2994 2372 3052 deflere.
2405 2993 2538 3062 Quis
2561 2996 2706 3050 enim
2738 3002 2895 3066 pater
2917 3009 3022 3050 non
3051 2995 3282 3066 gaudeat
3303 2993 3439 3050 bene
3468 2993 3764 3064 agentibus

2155 3087 2316 3144 ﬁliis?
2343 3089 2484 3143 sicut
2509 3087 2704 3144 iterum
2732 3103 2956 3144 necesse
2996 3096 3079 3143 est
3109 3087 3310 3157 lugeat,
3348 3087 3408 3143 si.
3433 3102 3600 3158 prave
3633 3101 3764 3141 ver-

2157 3178 2521 3235 senturr-ldeo
2549 3179 2827 3246 admonet,
2853 3187 2915 3233 ut
2945 3178 3110 3250 siqui
3148 3178 3547 3248 praeteritarum
3584 3175 3762 3232 forni-

2155 3272 2449 3336 cationum,
2479 3279 2573 3325 aut
2601 3266 2825 3326 alterius
2857 3269 3230 3335 immunditite,
3277 3269 3362 3325 vel
3403 3268 3762 3340 impudicitia:

2156 3379 2276 3418 non.
2291 3371 2516 3434 egerunt
2542 3361 3349 3434 pmnitentiam,-sicut.quidam
3373 3375 3519 3431 quos
3546 3359 3763 3431 signifi-

2156 3464 2247 3510 cat
2278 3470 2386 3510 non
2411 3455 2608 3525 egisse,
2624 3470 2766 3510 nunc
2792 3462 3035 3526 agerent,
3053 3462 3113 3508 ut
3141 3453 3363 3509 veniens
3382 3452 3501 3508 sine
3523 3437 3761 3508 tristitia

2157 3555 2299 3603 esset
2320 3562 2443 3602 cum
2470 3547 2569 3602 eis.
2605 3549 2740 3603 Cum
2765 3547 2911 3602 enim
2941 3546 3093 3612 dicit,
3126 3537 3194 3600 Et
3225 3545 3437 3616 lugeam
3459 3544 3651 3600 multos
3685 3560 3762 3600 ea:

2154 3638 2236 3690 his
2267 3637 2358 3708 qui
2390 3646 2511 3690 ante
2538 3645 2896 3702 oeccaverunt,
2934 3644 2982 3690 et
3006 3653 3110 3691 non
3133 3645 3348 3706 egerunt
3373 3637 3758 3707 paenitentiam,

2133 3729 2348 3798 .probat
2375 3727 2636 3798 quosdam
2660 3743 2727 3782 ex
2755 3728 2840 3783 his
2867 3727 3043 3799 egisse
3067 3728 3461 3799 pmnitentiam,
3485 3728 3757 3798 quosdam

2139 3835 2264 3875 .non
2286 3819 2460 3890 egisse
2489 3837 2503 3873 :
2536 3819 2679 3888 quod
2720 3817 3023 3874 Novatiano
3052 3819 3338 3875 adversum
3367 3827 3470 3885 est,
3495 3821 3588 3890 qui
3618 3820 3760 3877 dicit

2155 3911 2514 3969 fornicatores
2541 3929 2647 3970 non
2673 3927 2834 3984 posse
2867 3927 3134 3984 peragere.
3152 3914 3548 3984 paenitentiam,
3575 3923 3632 3970 et
3663 3930 3759 3970 re-

2155 4004 2260 4075 cipi
2290 4004 2833 4060 in~communionem.
2869 4001 2973 4059 Hic.
2991 4004 3510 4077 probat.,peregisse,
3545 4019 3611 4060 ac
3648 4019 3756 4074 per

2156 4101 2260 4155 hoc
2301 4109 2546 4169 receptos
2590 4115 2710 4155 esse
2744 4099 2798 4154 in
2836 4113 2969 4170 pace
3005 4100 3278 4158 Ecclesiae.
3316 4102 3451 4158 Tres
3477 4116 3610 4176 ergo
3640 4100 3756 4157 for-

2156 4206 2274 4246 mas
2297 4198 2650 4259 .peecatorum
2673 4189 2886 4260 probat,
2917 4205 3038 4246 cum
3060 4189 3494 4250 fornicationem
3529 4201 3599 4250 et
3647 4193 3754 4249 im-

2155 4282 2492 4352 pudicitiam,
2515 4290 2572 4338 et
2596 4282 2992 4339 immunditiam
3019 4284 3278 4340 nominat.

2749 4439 2880 4496 CAP
2889 4435 2977 4498 UT
3013 4437 3165 4497 'Xlll.

2169 4549 2440 4625 Vituperat
2465 4551 2742 4625 Apostolus
2772 4552 3101 4625 adhaerentes
3124 4549 3385 4625 prophetis
3406 4551 3578 4625 falsis,
3595 4569 3752 4625 eom-

2229 4621 2523 4676 mendando
2553 4623 2881 4695 persistentes
2920 4623 2978 4678 in
3005 4621 3133 4678 vero
3151 4621 3424 4680 doctrina:
3461 4623 3557 4680 sub
3587 4623 3751 4691 ﬁnem

2229 4692 2441 4746 oonitur
2456 4691 2726 4747 salutatio.

2227 4824 2364 4882 Ecce
2411 4828 2562 4882 tertio
2607 4829 2704 4883 hoc
2738 4831 2892 4884 uenio
2936 4829 3005 4882 ad
3031 4846 3155 4884 eos.
3208 4827 3442 4900 (Ambn)
3477 4825 3749 4896 Superius

2151 4921 2516 4986 prenparatum
2560 4929 2620 4970 se
2660 4913 2830 4981 dixit,
2865 4931 3008 4971 nunc
3033 4915 3147 4985 jam
3184 4925 3490 4971 venturum.
3545 4914 3614 4970 In
3657 4932 3750 4969 ore

2151 5007 2384 5067 duorum
2419 5004 2495 5058 vel
2527 5006 2686 5059 trium
2718 5006 2926 5061 testium
2967 5008 3124 5061 stabit
3161 5023 3312 5062 omne
3345 5006 3572 5062 uerbum.
3630 5005 3748 5062 Hoc

2155 5096 2452 5152 secundum
2483 5095 2653 5167 legem
2682 5097 2839 5164 dixit,
2876 5105 2936 5152 ut
2971 5097 3166 5168 aliquis
3190 5097 3415 5161 duobus,
3441 5106 3540 5151 aut
3571 5097 3748 5152 tribus

2149 5187 2408 5250 testibus,
2432 5195 2527 5241 aut
2543 5196 2823 5258 purgetur,
2849 5197 2940 5244 aut
2958 5189 3362 5253 condemnetur,
3379 5189 3453 5244 ita
3474 5198 3532 5244 et
3549 5190 3604 5244 bi
3627 5199 3742 5246 ter-

2155 5279 2232 5333 tio
2255 5279 2490 5333 adventu
2519 5279 2760 5348 Apostoli
2794 5288 2854 5335 ut
2889 5281 3105 5352 purgati
3133 5279 3475 5336 inveniantur
3502 5295 3746 5336 commo-

2154 5377 2264 5424 net.
2316 5366 2558 5421 li’rtedixi
2595 5367 2735 5422 enim
2775 5379 2821 5424 et
2855 5370 3111 5440 praedico,
3149 5379 3206 5424 ut
3245 5387 3472 5441 prwsens
3505 5369 3646 5424 vobis
3692 5381 3742 5424 et

2153 5477 2292 5515 nunc
2315 5459 2502 5515 a'bsens
2528 5460 2697 5515 scribo
2719 5462 2801 5517 his
2835 5464 2923 5533 qui
2946 5473 3065 5518 ante
3088 5473 3442 5533 peccauerunt,
3465 5472 3512 5517 et
3539 5464 3741 5518 steteris

2153 5553 2420 5608 omnibus.
2453 5551 2714 5618 Quoniam
2736 5558 2781 5608 si
2803 5571 2984 5609 venero
3008 5556 3214 5621 iterum,
3246 5571 3347 5608 non
3365 5570 3599 5624 parcam.
3625 5553 3742 5608 Pri-

2154 5642 2276 5696 dem
2299 5655 2366 5697 se:
2391 5641 2658 5712 signiﬁcat
2692 5645 2892 5700 dixisse
2928 5655 3270 5716 praesentem,
3307 5652 3368 5699 ut
3408 5645 3740 5715 corrigerent

2117 5765 2122 5770 -
2155 5747 2235 5802 se,
2271 5749 2339 5790 ne
2377 5749 2507 5791 cum
2547 5736 2752 5806 pudore
2780 5737 3210 5807 corriperentur;
3257 5744 3310 5791 et
3351 5750 3491 5792 nunc
3539 5735 3735 5790 iterum
