4022 6338
272 460 379 514 εει
773 455 1318 513 ENARBATIONUM
1353 457 1419 512 IN
1461 455 1604 511 EDP.
1645 455 1860 512 PAUII
1889 455 2014 510 LIB.
2053 453 2187 508 XIII;
2225 486 2291 496 -—
2329 454 2394 510 IN
2433 454 2648 510 EPIST.
2689 452 2732 509 Il
2765 456 2855 508 AD
2895 456 3050 510 C08.
3408 457 3534 508 2η·

274 577 557 630 absentem
589 587 650 627 se
671 571 856 627 eadem
897 571 1073 626 dicere
1099 575 1454 635 contestatur,
1504 578 1562 622 ιιι
1613 576 1734 639 post
1776 581 1859 621 sc-
1889 574 1930 631 Α
1962 575 2167 630 nostra,
2195 567 2373 636 sagaci
2419 567 2740 622 discretione
2763 565 3053 633 discutere,
3078 563 3310 634 origines
3338 580 3520 620 earum

274 666 508 721 cundam
540 663 933 732 correptionem
959 660 1005 716 si
1029 676 1087 716 se
1109 675 1217 716 non
1240 659 1640 714 emendaverint
1656 699 1670 723 ,
1702 657 1850 727 parci

272 755 386 810 illis
432 769 539 810 non
587 753 801 807 debeat.
857 750 939 806 An
993 752 1396 820 experimentum
1439 749 1667 820 queritis
1711 749 1850 817 ejus,

272 847 368 916 qui
397 847 451 899 in
478 860 558 898 me
596 843 828 913 loquitur
870 839 1154 896 Christus?
1195 841 1570 896 Probationem
1607 848 1854 909 quaerunt

271 933 480 991 Christi
519 934 790 1005 loquentis
837 934 890 988 in
935 933 1214 1003 Apostolo,
1245 932 1372 987 dum
1427 933 1710 1004 praeceptis
1743 947 1849 986 non

273 1027 554 1089 obediunt,
599 1024 842 1080 volentes
890 1027 1141 1094 probare,
1170 1023 1216 1078 si
1265 1024 1426 1078 audet
1465 1023 1758 1087 vindicare,
1793 1031 1852 1077 ut

273 1134 375 1189 per
399 1117 454 1172 id
481 1115 812 1188 intelligatur
830 1129 949 1170 esse
974 1114 1092 1168 ﬁda:
1112 1113 1471 1178 auctoritatis,
1493 1121 1554 1167 ut
1573 1113 1638 1168 de
1657 1119 1852 1167 extero

275 1208 554 1264 timeatur.
581 1205 854 1272 Quienim
883 1203 1197 1272 magistrum
1227 1201 1538 1266 contemnit,
1574 1200 1850 1256 emendari

272 1313 333 1353 se
355 1297 576 1367 quaerit.-
596 1294 792 1366 (Cass.)
841 1293 971 1349 Illud
993 1307 1121 1348 sane
1149 1309 1258 1363 pra:
1301 1291 1548 1347 omnibus
1579 1306 1737 1346 nosse
1760 1291 1858 1346 de-

271 1389 485 1451 bemus,
519 1386 623 1440 tria
651 1385 1034 1456 cogitationum
1074 1391 1382 1439 nostrarnm
1420 1382 1848 1453 esse-principia,

273 1478 328 1532 id
357 1483 463 1540 est,
489 1491 555 1531 ex
576 1475 704 1539 Deo,
729 1483 779 1529 et
804 1473 1035 1539 diabolo,
1049 1481 1102 1528 et
1121 1473 1390 1528 exmobis.
1409 1473 1476 1528 Et
1502 1487 1569 1526 ex
1592 1473 1700 1528 Deo
1728 1471 1850 1541 qui-

270 1567 397 1622 dem
412 1575 558 1632 sunt,
573 1581 694 1622 cum
711 1564 943 1635 Spiritus
961 1565 1130 1619 sancti
1145 1564 1496 1619 illustratioue
1516 1578 1613 1617 nos
1637 1563 1852 1618 visitare

269 1655 546 1724 dignatur,
577 1655 792 1725 erigens
817 1669 918 1710 nos
946 1653 1015 1708 ad
1057 1653 1421 1709 sublimiorem
1449 1652 1768 1724 profectum,
1797 1664 1856 1710 et

269 1749 326 1802 in
376 1747 576 1817 quibus
619 1746 705 1802 vel
755 1747 934 1802 minus
978 1746 1357 1816 acquisivimus
1385 1787 1401 1812 ,
1454 1745 1538 1802 vel
1587 1745 1854 1804 desidiose

270 1845 497 1908 agentes
525 1837 781 1908 superati
814 1852 1018 1902 sumus,
1049 1836 1398 1892 saluberrima
1444 1839 1853 1908 compunctione

1953 666 2008 711 et
2028 672 2202 712 causae
2229 666 2479 712 auctores
2499 657 2746 726 primitus
2776 657 3110 725 indagantes,
3137 663 3195 708 ut
3215 654 3400 724 quales
3425 649 3540 710 nos;

1953 748 2031 802 eis
2075 749 2314 818 praebere
2359 746 2670 811 debeamus,
2719 762 2784 801 ex
2833 746 3042 801 illorum
3093 746 3284 801 merito
3314 746 3404 815 qui
3431 747 3532 801 eas

1951 843 2242 908 suggerunt
2276 836 2618 892 considerare
2661 836 2947 906 possimus.
2997 835 3100 901 Qui
3148 836 3202 888 in
3249 834 3388 888 vobis
3421 831 3533 888 non

1949 929 2268 998 inﬁrmatur,
2295 929 2385 983 sed
2411 939 2590 998 potens
2634 938 2708 982 est
2729 929 2783 982 in
2805 929 2964 982 vobis.
2991 928 3193 1000 (Amb.)
3219 927 3413 984 Potens
3445 936 3524 984 est

1952 1020 2006 1074 in
2035 1020 2120 1074 bis
2139 1018 2406 1083 Christus,
2436 1020 2560 1089 quia
2589 1019 2840 1074 viderunt
2880 1020 2933 1074 in
2977 1019 3194 1075 nomine
3233 1020 3350 1091 ejbs
3380 1035 3524 1074 rnor-

1953 1117 2072 1164 tuos
2098 1109 2384 1175 excitatos,
2413 1109 2682 1164 daemones
2708 1108 2947 1180 fugatos,
2978 1108 3301 1179 paralyticos
3327 1123 3524 1164 conva-

1951 1198 2135 1265 luisse,
2159 1199 2350 1254 surdos
2371 1199 2606 1264 audisse,
2636 1199 2800 1254 mutis
2827 1199 3094 1254 redditum
3117 1199 3356 1266 allatum,
3379 1202 3524 1256 clau—
3601 1221 3624 1242 π

1951 1290 2048 1346 des
2077 1290 2402 1356 cucurrisse,
2440 1305 2612 1346 etecos
2659 1287 2873 1346 vidisse.
2925 1289 3048 1346 Hrec
3081 1292 3259 1347 omnia
3308 1292 3538 1348 virtutis’

1951 1389 2096 1446 sunt,
2123 1395 2226 1436 non
2252 1381 2611 1448 inﬁrmitatis;
2639 1375 2870 1453 denique
2900 1384 3003 1438 hac
3029 1397 3188 1438 causa
3218 1385 3434 1439 altracti
3455 1387 3521 1438 ad

1952 1468 2110 1525 fidem
2142 1480 2286 1526 sunt.
2345 1471 2484 1526 Nam
2535 1473 2632 1527 etsi
2673 1472 2956 1541 cruciﬁxus
2991 1484 3064 1527 est
3107 1491 3172 1528 ea:
3199 1475 3521 1542 inﬁrmitate,

1951 1561 2040 1616 sed
2068 1563 2182 1616 vivit
2209 1578 2272 1616 ea:
2297 1565 2481 1616 virtute
2507 1562 2622 1616 Dei.
2655 1563 2852 1617 Verum
2881 1571 2982 1628 est,
3009 1565 3133 1634 quia
3156 1573 3372 1634 prepter
3396 1580 3544 1635 per-t

1951 1661 2071 1708 cata
2097 1661 2280 1708 nostra
2309 1653 2598 1709 cruciﬁxus
2625 1663 2709 1709 est
2747 1652 3014 1716 Christus.
3060 1664 3121 1710 ut
3163 1665 3390 1714 mortem
3431 1660 3534 1715 der'

1953 1750 2190 1808 struens,
2241 1742 2526 1798 credentes
2571 1742 2670 1798 sibi
2709 1743 2964 1799 liberaret
3013 1745 3080 1799 ab
3109 1759 3213 1799 ‘ea.
3255 1745 3520 1802 lnﬁrmari

1953 1847 2082 1906 ergo
2118 1849 2307 1905 passus
2340 1842 2423 1890 est
2471 1841 2690 1904 propter
2743 1849 2863 1897 nos,
2895 1843 2978 1887 ut
3007 1843 3235 1890 mortem
3283 1836 3524 1891 vinceret

267 1928 519 1999 castigat,
549 1927 631 1982 vel
662 1943 784 1983 cum
812 1936 1020 1984 reserat
1048 1929 1202 1984 nobis
1229 1929 1467 1986 cmlestia
1510 1941 1846 1986 sacramenta
1876 1917 1922 1977 Β
1949 1925 2121 1980 nobis.
2161 1925 2498 1982 Descenduns
2521 1925 2672 1981 enim
2694 1923 2758 1980 ad
2787 1924 3006 1991 inferos,
3036 1925 3126 1998 qui
3155 1926 3374 1982 omnino
3401 1942 3524 1998 pec-

267 2026 322 2071 et
344 2017 682 2086 propositum
727 2026 970 2074 nostrum
1018 2021 1086 2076 ad
1125 2020 1382 2077 meliores
1407 2032 1577 2087 actus,
1607 2023 1858 2077 voluntau

271 2117 489 2180 temque
507 2111 791 2178 convertit,
809 2120 868 2166 ut
889 2111 981 2176 ibi,
1005 2127 1127 2167 cum
1153 2127 1246 2167 rex
1269 2113 1532 2168 Assuerus
1555 2114 1860 2182 castigatus

266 2215 300 2256 a
330 2201 560 2258 Domino
580 2203 748 2258 libros
775 2201 1031 2258 annuales
1062 2203 1348 2274 instigatur
1396 2205 1685 2274 inquirere,
1731 2204 1850 2274 qni-

266 2293 374 2349 bus
423 2293 654 2364 (Esther.
689 2294 778 2367 vi)
831 2294 1148 2350 Mardochzei
1207 2295 1463 2352 beneﬁcia
1512 2297 1845 2360 recordatus,

265 2399 483 2439 summo
509 2400 634 2440 eum
668 2385 835 2456 gradu
870 2385 1100 2440 honoris.
1121 2385 1342 2450 exultat,
1365 2401 1430 2441 ac
1456 2385 1698 2455 protinus
1724 2399 1848 2439 cru-

266 2474 599 2530 delissimam
629 2490 873 2546 supernae
887 2475 1060 2544 gentis
1075 2473 1271 2530 Iudaeae
1284 2476 1604 2531 sententiam
1630 2483 1848 2530 revocat

264 2563 504 2634 (Esther.
528 2564 627 2635 vi),
658 2565 742 2628 vel
759 2581 898 2620 cum
935 2565 1203 2634 Propheta
1256 2574 1644 2620 commemorat
1676 2581 1690 2618 :
1735 2565 1846 2618 Au-

261 2655 411 2709 diam
423 2655 549 2726 quid
569 2655 813 2727 loquatur
825 2655 878 2709 in
900 2671 979 2708 me
991 2655 1248 2709 Dominus
1263 2655 1402 2709 Deus
1416 2653 1585 2725 (Psal.
1603 2655 1842 2725 Lxxxn‘).

261 2742 418 2798 Alias
451 2743 651 2813 quippe
701 2744 874 2798 dixit:
923 2743 1152 2813 Angelus
1200 2745 1288 2815 qui
1331 2743 1636 2814 loquebatur
1683 2745 1735 2798 in
1764 2760 1845 2798 me

263 2831 452 2900 (Joan.
485 2832 617 2902 xcv),
658 2831 740 2886 vel
771 2846 894 2887 cum
940 2831 1038 2886 Dei
1090 2831 1260 2887 Filius
1307 2841 1590 2888 venturum
1643 2848 1700 2888 se
1735 2849 1842 2888 una

261 2941 390 2980 cum
417 2925 602 2992 fratre,
626 2933 682 2981 et
731 2925 1066 2980 mansionem
1094 2924 1233 2995 apud
1266 2939 1365 2980 nos
1412 2924 1678 2980 facturum
1721 2939 1843 2980 esse

261 3016 556 3086 promittit.
589 3013 659 3068 Et
713 3031 816 3069 non
843 3016 966 3070 estis
1010 3030 1116 3080 vos,
1145 3015 1234 3085 qui
1278 3013 1570 3085 loquimini,
1601 3003 1694 3068 sed
1719 3012 1846 3084 Spi-.

261 3108 399 3161 ritus
419 3108 584 3177 patris
607 3108 761 3162 vestri
781 3106 871 3178 qui
911 3106 1143 3178 loquitur
1183 3107 1237 3160 in
1262 3107 1399 3160 vobis
1425 3105 1642 3178 (Matth.
1664 3105 1740 3178 ι),
1775 3105 1842 3161 Et

259 3212 362 3252 vas
409 3196 726 3254 electionis:
774 3196 1199 3268 Experimentum
1235 3196 1480 3266 quazritis.
1503 3196 1618 3266 ejus
1655 3196 1745 3267 qui
1781 3196 1834 3250 in

258 3301 346 3339 me
376 3283 608 3356 loquitur
642 3285 920 3341 Christus?
948 3285 1025 3339 Ex
1063 3285 1274 3340 diabolo
1300 3285 1832 3356 vero.cogitationum
1859 3271 1911 3334 Ο·

258 3384 517 3431 nascetur
541 3375 731 3441 series,
773 3391 898 3430 cum
939 3376 1250 3434 subvertere
1295 3391 1394 3434 nos
1437 3384 1544 3430 tam
1591 3376 1844 3431 vitiorum

258 3466 646 3532 oblectatione,
676 3482 839 3536 quam
872 3465 1305 3521 etiam.oceultis
1355 3475 1582 3522 conatur
1611 3465 1866 3532 insidiis,‘

257 3558 611 3613 subtilissima
633 3557 1102 3614 calliditatemala
1139 3573 1236 3628 pro
1279 3559 1434 3614 bonis
1480 3557 1845 3614 fraudulenter

258 3659 571 3718 ostentans,
608 3660 665 3706 et
685 3649 1075 3721 transﬁgurans
1102 3665 1161 3705 se
1187 3649 1342 3706 nobis
1377 3651 1430 3704 in
1473 3649 1720 3721 angelum
1763 3650 1844 3704 lu-

258 3741 368 3805 cis,
393 3739 478 3796 vel
503 3756 626 3796 cum
650 3741 991 3811 Evangelista
1027 3739 1191 3795 refert
1215 3759 1228 3795 :
1264 3740 1331 3794 Et
1359 3755 1513 3796 cmna
1549 3740 1689 3796 facta
1719 3757 1849 3798 cum

258 3828 641 3900 diabolusjam
672 3831 984 3887 immisisset
1014 3832 1068 3886 in
1117 3831 1278 3888 corde
1315 3830 1548 3887 Simonis
1592 3830 1741 3886 Iudae
1765 3832 1842 3888 Is-

257 3921 474 3976 carioth
521 3929 592 3976 ut.
607 3922 849 3977 traderet
874 3921 1194 3988 Dominum;
1219 3931 1274 3978 et
1300 3923 1495 3978 iterum
1521 3941 1532 3976 :
1567 3922 1691 3976 Post
1721 3931 1840 3978 buc-

257 4010 470 4077 rellam,
495 4011 693 4082 inquit,
721 4012 947 4067 introivit
977 4012 1031 4066 in
1053 4012 1202 4067 illum
1235 4012 1462 4069 Satanas
1491 4013 1670 4082 (Joan.
1696 4014 1838 4086 xm).

255 4101 454 4158 Petrus
477 4117 690 4173 quoque
727 4103 794 4158 ad
814 4103 1077 4158 Ananiam
1101 4117 1116 4157 :
1147 4102 1342 4170 Quare,
1375 4103 1472 4170 ait,
1496 4105 1706 4160 tentavit
1735 4103 1837 4160 Sa-

257 4202 414 4246 tanas
457 4208 547 4246 cor
572 4179 720 4246 tuum
745 4233 759 4258 ,
801 4194 1006 4248 mentiri
1029 4204 1077 4247 te
1099 4194 1322 4265 Spiritui
1346 4203 1527 4249 sancto
1569 4195 1707 4266 (Act.
1740 4197 1840 4267 v)?

255 4284 327 4338 Et
361 4282 490 4338 illud
517 4284 661 4354 quod
682 4284 736 4338 in
774 4283 1066 4355 Evangelio
1098 4284 1267 4341 multo
1295 4293 1420 4340 ante
1447 4300 1544 4357 per
1571 4285 1837 4342 Ecclesia-

255 4384 376 4426 sten
410 4373 730 4443 praedictum
765 4373 1029 4443 legimus:
1059 4372 1118 4428 Si
1147 4373 1376 4443 Spiritus
1399 4386 1698 4445 potestatem
1740 4379 1836 4433 ha-

256 4465 424 4518 bentis
463 4465 753 4519 ascenderit
783 4482 940 4536 super
980 4476 1051 4532 te,
1098 4465 1266 4520 locum
1313 4477 1459 4521 tuum
1501 4485 1564 4523 ne
1601 4469 1834 4526 dimittas

255 4554 458 4623 (Eccle.
480 4555 559 4626 ι).
585 4555 717 4610 Illud
737 4557 933 4626 quippe
951 4557 1092 4626 quod
1117 4559 1316 4613 dicitur.
1345 4560 1412 4614 ad
1443 4559 1609 4616 Deum
1644 4573 1834 4620 contra

1951 2023 2126 2071 catum
2180 2017 2473 2081 nesciebat,
2521 2025 2582 2076 ,ει
2639 2017 2792 2086 quasi
2847 2027 3099 2087 peccator
3151 2018 3360 2073 occisus
3418 2027 3521 2082 est,

1947 2108 2378 2178 chyrograpbum
2399 2109 2525 2163 Adze
2552 2107 2777 2174 delevit,
2791 2118 2849 2163 ut
2871 2109 2935 2164 de
2954 2121 3148 2166 caetero
3169 2109 3402 2165 defuncti
3425 2110 3522 2164 sub

1946 2196 2064 2265 ejus
2097 2199 2364 2253 nominea
2404 2207 2574 2253 morte
2604 2213 2708 2252 non
2752 2206 3082 2264 tenerentur,
3124 2199 3215 2255 sed
3259 2200 3523 2255 baberent

1948 2287 2197 2344 ﬁduciam
2224 2291 2385 2345 eundi
2425 2290 2491 2344 ad
2518 2289 2702 2345 ctelos.
2752 2289 2978 2360 Pmpter
3001 2290 3365 2348 inﬁrmitatem
3393 2306 3521 2362 ergo

1947 2386 2186 2434 nostram
2215 2379 2425 2434 occisus
2462 2379 2655 2435 revixit
2683 2379 2881 2434 virtute
2907 2380 3111 2446 Patris,
3141 2389 3200 2435 ut
3247 2380 3522 2450 discipulis

1944 2471 2197 2539 probaret
2217 2485 2335 2541 quas
2359 2469 2616 2526 docuerat
2656 2485 2776 2525 esse
2820 2485 2966 2534 vera,
2999 2471 3247 2542 exemplo
3278 2472 3330 2526 in
3355 2486 3412 2526 se
3435 2486 3524 2526 os-

1945 2568 2119 2618 tenso.
2149 2560 2351 2633 (Greg.)
2387 2561 2512 2617 Inde
2559 2577 2652 2632 per
2705 2561 2916 2616 beatum
2963 2559 3065 2617 Job
3111 2562 3341 2617 dicitur:
3397 2561 3520 2617 Scio

1943 2654 2080 2707 enim
2102 2653 2239 2724 quod
2280 2653 2594 2723 Redemptor
2639 2668 2784 2707 meus
2826 2655 2962 2706 vivat
3005 2651 3146 2723 (Job.
3182 2652 3329 2723 xu);
3376 2667 3440 2706 ac
3471 2652 3521 2707 si

1945 2743 2146 2811 apertis
2172 2743 2392 2798 vocibus
2421 2744 2585 2807 dicat,
2626 2743 2858 2802 inﬁdelis
2893 2745 3120 2813 quisque
3164 2743 3311 2798 illum
3341 2742 3520 2814 flagel-

1944 2833 2133 2898 latum,
2173 2835 2431 2900 derisum,
2453 2835 2650 2904 palmis
2676 2851 2895 2900 caesum,
2921 2850 3118 2892 corona
3146 2835 3330 2905 spinea
3369 2849 3522 2889 coro-

1943 2933 2128 2980 natum
2145 2965 2162 2990 ,
2185 2927 2355 2995 sputis
2375 2926 2588 2991 illitum,
2617 2926 2950 2992 cruciﬁxum,
2975 2933 3265 2992 mortuum,
3288 2925 3520 2989 noverit,

1941 3013 2088 3069 illum
2117 3023 2238 3085 post
2282 3023 2511 3070 mortem
2553 3015 2768 3070 vivere:
2818 3026 2964 3070 certa
3009 3015 3111 3071 ﬁde
3141 3015 3321 3081 credo,
3353 3015 3519 3070 libera

1941 3118 2070 3159 voce
2093 3103 2371 3174 proﬁteor,
2401 3104 2526 3173 quia
2557 3104 2881 3176 Redemptor
2908 3120 3060 3160 meus
3085 3105 3238 3171 vivit,
3265 3105 3354 3176 qui
3380 3106 3522 3160 inter

1939 3194 2226 3266 impiorum
2252 3211 2444 3250 manus
2470 3195 2740 3250 occubuit.
2767 3195 2906 3249 Nam
2928 3206 2975 3250 et
3005 3211 3096 3250 nos
3120 3196 3315 3264 inﬁrmi
3335 3212 3518 3257 sumit;

1945 3286 1998 3341 in
2019 3285 2130 3340 illo.
2160 3285 2364 3357 (Amb.)
2409 3285 2523 3342 Hoc
2567 3287 2635 3342 ad
2665 3285 3030 3356 apostolorum
3074 3302 3359 3356 personam
3390 3300 3516 3356 per-

1947 3376 2216 3446 tinet,qui
2239 3389 2382 3441 eum,
2405 3376 2458 3430 id
2480 3383 2582 3442 est,
2607 3375 2879 3431 Christum
2908 3375 3259 3446 pmdicantes
3281 3375 3519 3429 inllrma~

1945 3465 2172 3532 bantur;
2197 3467 2324 3522 dum
2343 3465 2556 3536 injuriis
2575 3465 2890 3537 agebantur,
2915 3465 3322 3532 claudebantur,
3346 3467 3520 3521 caade-

1943 3555 2160 3610 ban'ur.
2205 3554 2310 3610 Sed
2340 3557 2556 3611 vivimus
2587 3573 2703 3610 cum
2727 3573 2786 3611 eo
2812 3573 2876 3611 ea:
2914 3557 3098 3610 virtute
3123 3556 3222 3612 Dei
3262 3556 3317 3610 in
3346 3556 3515 3612 nobis.

1945 3648 2283 3704 Manifestum
2305 3657 2390 3704 est
2415 3649 2542 3720 quia
2569 3649 2669 3704 sia
2700 3649 2920 3718 perﬁdis
2946 3649 3353 3705 inﬁrmabantur
3379 3649 3518 3720 apud

1943 3739 2243 3803 credentes,
2284 3755 2389 3794 non
2427 3749 2546 3794 erat
2587 3739 2888 3804 inﬁrmitas,
2921 3740 3014 3796 scd
3063 3739 3350 3810 profectus,
3391 3741 3518 3810 quia

1941 3829 2069 3884 hinc
2097 3831 2430 3900 potentiores
2475 3832 2610 3885 ﬁunt
2648 3831 2854 3897 ﬁdeles,
2881 3830 3008 3886 dum
3048 3832 3408 3886 inﬁrmantur.
3451 3831 3516 3886 ll-

1941 3917 2049 3972 lata
2076 3933 2206 3990 ergo
2245 3935 2392 3974 mors
2431 3936 2460 3975 a
2488 3921 2727 3991 perﬁdis,
2763 3923 2870 3976 vita
2911 3932 2994 3978 est
3030 3938 3158 3994 erga
3197 3925 3513 3980 credentes:

1939 4008 2140 4064 virtute
2161 4010 2304 4066 enim
2331 4011 2423 4066 Dei
2470 4022 2772 4084 resurgent,
2819 4024 2892 4073 ut.
2915 4016 3097 4070 vivant
3126 4032 3245 4070 cum
3277 4017 3512 4072 Christo.

1948 4096 2294 4170 Vosmetipsos
2316 4108 2528 4165 tentate,
2554 4102 2599 4156 si
2624 4086 2746 4158 estis
2773 4103 2828 4157 in
2853 4103 2958 4172 ﬁde
2986 4117 3004 4155 :
3039 4104 3138 4174 ipsi
3167 4121 3252 4159 vos
3283 4105 3514 4174 probate.

1937 4187 2169 4244 Invicem
2213 4198 2272 4244 ut
2324 4205 2384 4246 se
2441 4191 2640 4250 fratres
2681 4193 2998 4261 di5cutiant,
3046 4197 3333 4267 praecipit:
3371 4197 3518 4252 solli-

1936 4281 2156 4336 citiores
2205 4282 2348 4338 enim
2402 4283 2555 4350 ﬁunt,
2611 4285 2664 4340 si
2707 4301 2887 4343 secum
2935 4289 3163 4345 invicem
3215 4289 3512 4346 conferant.

1937 4371 2314 4428 Tentationem
2384 4389 2516 4446 ergo
2586 4377 2726 4433 hanc
2779 4380 3153 4448 probationem
3213 4380 3380 4436 voluit
3435 4381 3516 4434 in-

1937 4461 2122 4533 telligi,
2175 4464 2300 4535 quia
2337 4465 2513 4520 omnis
2570 4467 2816 4536 probatio
2869 4471 3096 4526 tentatio
3144 4480 3245 4537 est,
3287 4486 3391 4526 non
3431 4479 3514 4524 ta-

1937 4565 2058 4606 men
2088 4554 2266 4608 omnis
2293 4556 2538 4622 tentatio,
2571 4559 2836 4628 probatio.
2876 4560 2931 4616 Si
2965 4563 3109 4616 enim
3146 4562 3288 4617 Deus
3311 4571 3516 4618 lentare

253 4620 444 4701 A‘chab
483 4620 538 4700 in
568 4647 728 4702 tertio
755 4620 1075 4719 'négaoéum
1105 4647 1245 4704 libro
1265 4663 1332 4704 ex
1355 4665 1584 4720 ρειιεοηα
1613 4654 1844 4722 spiritus
1862 4620 1912 4680 Β
1937 4643 2154 4710 dicitur,
2181 4647 2426 4715 probatio
2453 4620 2534 4704 est
2549 4620 2589 4716 ;-
2613 4650 2658 4705 si
2683 4661 2862 4708 autem
2891 4653 3136 4709 diabolus
3175 4662 3384 4710 tentare
3431 4655 3516 4710 di-

255 4737 561 4791 immundi:
607 4735 888 4808 Egrediar,
933 4747 982 4792 et
1022 4754 1111 4792 era
1152 4740 1364 4809 spiritus
1392 4742 1637 4806 mendax,
1662 4743 1716 4798 in
1745 4761 1832 4800 ore

253 4829 489 4883 omnium
525 4828 891 4899 prophetarum
931 4828 1045 4899 ejus
1075 4828 1194 4900 (111
1222 4830 1349 4901 Reg.
1374 4832 1528 4903 χχιι).
1574 4833 1651 4888 Ex
1678 4837 1846 4892 nobis.

251 4926 436 4972 autem
464 4918 734 4983 oriuntur,
761 4933 884 4976 cum
931 4933 1116 4974 eorum
1157 4935 1276 4988 qua:
1317 4921 1553 4992 gerimus
1580 4923 1664 4978 vel
1705 4940 1829 4995 ges-

251 5008 446 5073 simus,
493 5007 578 5062 vel
623 5008 926 5063 audivimus
973 5009 1293 5065 naturaliter
1340 5013 1723 5068 recordamur:
1763 5016 1829 5071 de

251 5096 450 5166 quibus
465 5097 652 5152 beatus
665 5097 831 5154 David
851 5116 864 5151 :
883 5096 1136 5168 Cogitavi,
1156 5099 1350 5170 inquit,
1363 5101 1473 5156 dies
1488 5104 1751 5174 antiquos,
1781 5115 1829 5160 et

250 5202 420 5240 annos
450 5195 671 5240 teternos
692 5188 746 5240 in
769 5197 935 5242 mente
957 5189 1134 5253 habui,
1160 5200 1208 5244 et
1239 5191 1514 5247 meditatus
1542 5211 1658 5248 sum
1682 5206 1830 5250 nocte

248 5293 372 5329 cum
400 5277 555 5331 corde
569 5293 681 5331 meo
702 5278 1026 5334 exercitabar
1042 5289 1090 5334 et
1111 5282 1379 5352 scopebam
1399 5283 1637 5353 spiritum
1660 5302 1829 5340 meum

249 5365 427 5434 (Psal.
447 5367 668 5436 Lxxvl);
701 5376 756 5423 et
783 5367 979 5422 iterum
1005 5369 1320 5426 :.Daminus
1354 5374 1454 5427 scit
1492 5375 1827 5445 cogitationes

249 5456 522 5509 hominum
547 5459 814 5526 quoniam.
838 5475 987 5513 vana:
1014 5470 1134 5515 sunt
1163 5460 1334 5532 (Psal.
1363 5464 1535 5535 xcm).
1563 5465 1620 5520 In
1653 5466 1827 5521 Evan-

249 5546 390 5613 gelio
416 5561 634 5616 quoque
661 5546 916 5602 Dominus
954 5549 1022 5603 ad
1045 5547 1343 5607 Pharismos
1367 5569 1380 5604 :
1414 5551 1552 5618 Quid
1592 5556 1829 5625 cogitatis

249 5635 393 5688 mala
434 5636 489 5688 in
537 5637 782 5690 cordibus
827 5639 1007 5692 vestris
1058 5638 1272 5708 (Matth.
1297 5639 1373 5712 is)
1400 5643 1423 5695 ?
1455 5642 1605 5698 Hanc
1659 5645 1826 5716 igitur

252 5727 576 5795 tripartitam
610 5727 871 5783 rationem
910 5738 1123 5800 oportet
1169 5746 1266 5786 nos
1293 5731 1493 5802 jugiter
1515 5734 1824 5807 observare,

248 5830 306 5874 ct
332 5819 614 5876 universas
653 5819 1026 5890 cogitationes,
1075 5838 1191 5892 quae
1235 5831 1519 5894 emergunt
1559 5825 1610 5883 in
1660 5842 1823 5887 carne

1932 4744 2104 4800 catur,
2153 4737 2376 4792 tentatio
2421 4745 2530 4793 est:
2561 4741 2686 4810 quia
2731 4751 2978 4797 evertere
3005 4743 3212 4798 nititur.
3243 4744 3309 4798 Et
3353 4743 3516 4799 homo

1928 4825 2214 4895 aliquando
2228 4836 2417 4893 tentat,
2440 4839 2500 4884 ut
2518 4831 2726 4900 probet,
2741 4832 3025 4904 aliquando
3038 4842 3094 4889 ut
3109 4834 3376 4908 capiat.(C
3383 4836 3512 4908 reg.)

1938 4916 2136 4972 Malum
2186 4933 2418 4988 namque
2457 4921 2600 4990 quod
2647 4924 2872 4980 consilio
2933 4926 3276 4996 prtevenitur,
3325 4928 3514 4984 decer-

1941 5010 2074 5064 tanti
2115 5019 2302 5066 contra
2348 5026 2407 5065 se
2458 5013 2639 5068 animo
2684 5031 2750 5070 ex
2794 5018 3000 5073 ratione
3039 5017 3337 5087 subjicitur,
3387 5019 3512 5090 quia

1935 5107 2083 5156 tanto
2127 5102 2358 5172 quisque
2411 5103 2590 5159 minus
2629 5106 2953 5162 adversitate
3001 5108 3254 5174 vincitur,
3303 5119 3509 5180 quanto

1933 5202 2121 5246 contra
2175 5191 2317 5247 illam
2357 5194 2686 5264 pnesciendo
2724 5198 2964 5267 paratior
3014 5198 3301 5254 invenitur.
3353 5200 3510 5272 Saepe

1933 5283 2078 5340 enim
2102 5299 2263 5355 grave
2292 5286 2502 5341 timoris
2519 5288 2727 5358 pondus
2752 5305 2850 5344 usu
2875 5289 3181 5361 levigatur;
3209 5309 3349 5364 saepe
3365 5309 3510 5350 mors

1935 5374 2050 5445 ipsa
2103 5377 2243 5430 sicut
2295 5377 2568 5449 inopinata
2635 5381 2932 5451 perturbat,
2985 5387 3061 5437 ita
3123 5383 3510 5442 deliberatione

1934 5472 2205 5533 praeventa
2269 5464 2526 5522 ltetilicat.
2573 5467 2724 5526 Unde
2764 5471 2902 5540 apud
2957 5470 3058 5527 Job
3107 5483 3249 5530 recte
3285 5474 3352 5529 de
3407 5476 3508 5530 hoc

1933 5568 2073 5624 equo
2105 5555 2331 5614 dicitur:
2364 5555 2590 5613 Ferreus
2625 5569 2672 5614 et
2698 5560 2920 5627 fremens
2961 5563 3127 5618 sorbet
3178 5574 3389 5634 terram,
3415 5583 3506 5619 nec

1934 5658 2137 5722 reputat
2190 5651 2326 5707 tuba
2355 5669 2542 5708 sonare
2577 5654 2909 5727 clangorem:
2941 5659 3028 5713 ubi
3076 5661 3302 5714 audierit
3334 5661 3507 5724 bucci:

1933 5755 2074 5806 nam,
2103 5739 2270 5800 dicit:
2305 5741 2452 5808 Vah;
2482 5759 2604 5799 nam
2632 5746 3006 5818 subjungitur:
3039 5750 3218 5814 procul
3255 5750 3510 5820 odoratu;
3611 5759 3616 5762 '

1931 5828 2150 5898 bellum;
2182 5847 2244 5890 ac
2274 5833 2316 5905 si
2343 5836 2580 5904 apertius
2609 5836 2836 5892 dicatur.
2864 5838 3066 5899 Idcirco
3091 5839 3361 5913 qtrodlibet
3393 5859 3506 5900 cur:
