4022 6338
455 412 561 469 243

1088 408 1150 463 Β.
1190 405 1441 463 MBAN
1476 404 1697 462 MAURI
1729 404 2047 461 ARCIIIEP‘.
2086 402 2393 460 MOGUNT.
2437 401 2720 460 OPEBUM
2757 402 2936 459 PARS
2972 403 3058 459 lli.

3595 408 3705 466 ω

456 533 635 579 tamen
663 526 967 591 exsuperat,
998 517 1123 589 quia
1150 525 1385 575 mentem
1407 516 1690 573 certamini
1714 523 1839 572 ante
1863 524 2035 574 certa-
2057 522 2111 582 Α
2134 515 2424 571 vindictam
2457 522 2553 570 aut
2583 514 2997 584 correptionem.
3028 515 3095 571 Et
3139 515 3269 587 quid
3293 518 3514 588 mirum,
3538 520 3584 576 si
3611 537 3722 577 vas

456 630 581 671 tuen
601 621 776 685 parat.
800 613 1001 668 Bellum
1026 611 1219 683 quippe
1242 610 1427 682 procul
1442 599 1678 677 odorari,
1705 618 1790 666 est
1809 612 2033 666 adversa

461 719 689 777 quaeque
732 704 908 760 adhuc
944 701 1102 772 longe
1141 702 1314 772 posita
1346 700 1631 772 cogitando
1666 716 2029 771 praenoscere,

458 810 530 852 ne
551 794 781 850 fortasse
804 792 1021 849 valeant
1058 791 1348 862 improvisa
1395 804 1670 862 superare.
1700 790 1814 847 Hoc
1834 791 2032 847 bellum

460 885 648 958 procul
673 884 889 941 odorari
909 882 1196 954 discipulos
1216 880 1419 937 Paulus
1441 880 1783 948 admonebat,
1807 895 1932 937 cum
1955 880 2061 945 dia

460 983 611 1032 ceret
642 992 657 1031 :
689 971 1038 1043 Vosmetipsos
1080 979 1272 1027 tentate
1297 972 1344 1026 si
1378 971 1500 1027 estis
1545 971 1602 1026 in
1637 971 1765 1042 fide,
1808 972 1909 1042 ipsi
1946 988 2034 1028 uos

457 1065 690 1135 probate.
713 1063 794 1120 Ac
819 1063 867 1119 si
904 1070 1086 1133 aperte
1114 1061 1428 1132 praeciperet
1449 1060 1666 1117 dicens:
1696 1062 2036 1119 Persecution-

372 1218 385 1229 .
409 1206 423 1218 ,
458 1168 592 1209 num
611 1154 910 1210 certamina
939 1150 1007 1206 ad
1032 1160 1267 1207 mentem
1296 1150 1554 1219 reducite,
1586 1158 1642 1208 et
1666 1153 1845 1209 cordis
1869 1154 2037 1210 vestri

461 1243 650 1301 intima
680 1250 840 1312 atque
872 1242 1083 1298 occulta
1112 1248 1419 1312 pensantes,
1458 1241 1645 1315 quales
1664 1243 1804 1299 inter
1832 1243 2034 1315 suppli-

460 1335 542 1391 cia
570 1335 805 1417 existere
826 1333 1073 1398 valeatis,
1090 1332 1347 1388 invenite.
1374 1331 1486 1389 Hoc
1512 1333 1711 1390 bellum
1736 1334 1908 1390 sancti
1933 1335 2041 1391 viri

460 1426 649 1496 procul
678 1427 993 1493 odorantur,
1016 1425 1228 1496 quando
1246 1432 1310 1495 et
1325 1425 1379 1480 in
1407 1439 1541 1495 pace
1584 1425 1902 1483 universalis
1932 1425 2038 1483 Ec-

458 1522 637 1578 ειεείιε
664 1521 850 1591 positi,
877 1520 964 1576 vel
1003 1518 1379 1575 haereticorum
1404 1515 1564 1585 bella,
1592 1516 1678 1574 vel
1703 1517 2038 1575 imminentia

460 1614 529 1668 ah
570 1612 872 1669 infidelibus
909 1610 1341 1682 persecutionum
1383 1617 1653 1665 tormenta
1680 1608 2036 1680 conspiciunt.

462 1702 562 1771 Qui
594 1703 718 1757 dum
746 1709 893 1757 recte
937 1701 1141 1767 vivunt,
1177 1714 1317 1770 saepe
1368 1713 1469 1770 pro
1515 1699 1670 1755 bonis
1708 1697 1849 1754 mala
1898 1697 2040 1755 reci-

461 1791 635 1861 piunt,
663 1790 1056 1846 detractionum
1078 1788 1430 1846 contumelias
1444 1787 1816 1859 aequanimiter
1829 1787 2036 1843 ferunt:

464 1891 524 1936 ut
548 1882 591 1936 si
621 1880 1012 1952 persecutionis
1028 1879 1241 1936 occasio
1260 1887 1528 1950 suppetat,

464 1988 554 2028 res
574 1972 744 2043 aperti
761 1972 944 2028 hostes
964 1970 1263 2036 inveniant,
1279 1979 1480 2041 quanto
1496 1985 1590 2027 eos
1616 1978 1674 2027 et
1693 1971 1834 2026 intra
1851 1970 2036 2027 Eccle-

464 2062 604 2118 siam
640 2061 895 2119 falsorum
926 2061 1150 2117 fratrum
1179 2057 1373 2131 jacula'
1398 2077 1504 2117 non
1532 2068 1858 2132 expugnant.
1899 2060 2036 2117 Nam

464 2154 557 2223 qui
579 2154 645 2208 ab
664 2160 805 2208 statu
824 2152 1097 2224 patientia:
1117 2162 1242 2208 ante
1260 2152 1562 2225 linguarum
1579 2151 1796 2207 vulnera
1811 2151 2039 2219 corruit,

466 2247 581 2317 ipse
607 2245 706 2302 sibi
739 2246 890 2302 testis
913 2254 997 2302 est
1022 2245 1146 2316 quia
1168 2252 1358 2300 contra
1387 2243 1682 2307 manifesta:
1708 2244 2039 2314 persecutio-

467 2341 550 2396 t.is
574 2339 807 2411 gladium
859 2356 965 2396 non
994 2338 1258 2396 subsistit.
1287 2338 1482 2393 Annon
1495 2336 1799 2407 cognoscitis
1824 2345 2040 2391 vosmet-

464 2433 624 2500 ipsos,
673 2432 796 2501 quia
830 2429 1067 2487 Christus
1093 2430 1249 2486 Jesus
1277 2431 1333 2485 in
1357 2430 1494 2486 vobis
1519 2438 1595 2484 est
1614 2468 1633 2495 ,
1658 2429 1758 2483 nisi
1800 2427 1933 2498 forte
1956 2444 2039 2482 re-

468 2520 617 2590 probi
649 2521 771 2575 cstis
794 2520 820 2574 ?
840 2519 1070 2592 (Ambr.)
1106 2519 1218 2576 lioc
1259 2519 1410 2583 dicit,
1458 2517 1582 2588 quia
1609 2518 1653 2573 si
1689 2517 1923 2587 probare
1944 2531 2045 2572 vos

469 2610 700 2665 invicem
733 2611 976 2678 nescitis,
1006 2625 1113 2666 non
1142 2608 1466 2682 cognoscitis
1513 2607 1640 2679 quia
1684 2606 1839 2664 Jesus
1881 2607 2039 2662 Chri-

474 2708 591 2754 stus
610 2708 697 2754 est.
719 2700 770 2754 in
793 2699 965 2765 vobis,
980 2709 1032 2753 et
1048 2700 1150 2755 hoc
1162 2710 1244 2755 est
1264 2698 1549 2768 reprobum
1565 2696 1930 2762 essc,nescire
1952 2711 2038 2752 re-

469 2789 688 2861 ligionis
711 2797 767 2847 et
788 2789 1135 2862 professionis
1154 2804 1265 2845 sua:
1285 2786 1444 2843 fidem
1462 2805 1475 2841 :
1491 2786 1582 2857 qui
1611 2785 1757 2842 enim
1781 2784 1901 2840 fidei
1929 2799 2041 2840 sum

470 2896 687 2937 sensum
716 2881 770 2936 in
818 2879 980 2937 corde
1022 2880 1206 2945 habet,
1229 2877 1316 2933 hic
1341 2876 1443 2933 scit
1470 2874 1744 2932 Christum
1771 2872 1955 2929 Jesum
1983 2872 2041 2929 iu

471 2986 535 3028 se
565 2985 704 3028 esse.
738 2968 899 3042 Spero
922 2979 1097 3025 autem
1132 2967 1269 3041 quod
1298 2966 1611 3038 cognoscetis
1650 2964 1787 3037 quod
1810 2979 1904 3017 nos
1939 2978 2041 3016 non

472 3080 657 3121 sumus
692 3061 913 3134 reprobi.
962 3062 1230 3118 Provocat
1270 3073 1366 3116 eos
1395 3058 1463 3114 ad
1498 3054 1777 3114 scientiam
1823 3052 1949 3109 ﬁdei
1987 3059 2043 3108 et

474 3162 640 3210 rccttr.
680 3152 805 3208 vitae
842 3168 856 3205 :
899 3166 1020 3207 cum
1050 3151 1192 3205 enim
1222 3147 1486 3219 cmperint
1523 3145 1663 3201 scire
1681 3141 1909 3215 apostoli
1955 3141 2037 3197 sui

2130 605 2411 662 electionis
2464 620 2567 677 pro
2622 603 2824 661 Christi
2868 606 3063 676 gloria,
3110 615 3167 664 et
3211 608 3440 663 fratrum
3478 625 3715 669 suorum

2130 695 2496 759 conversione,
2528 695 2811 766 gentisque
2833 694 3115 767 privilegio
3147 698 3434 757 anathema
3460 698 3580 754 ﬁeri
3602 716 3695 771 op-

2132 794 2210 842 tet
2235 801 2267 841 a
2289 786 2525 853 Christo,
2553 802 2677 843 cum
2714 785 2964 842 Michaeas
2995 802 3207 857 quoque
3252 789 3515 859 propheta
3547 790 3716 847 vellet

2130 892 2191 936 se
2224 879 2536 934 mendacem
2572 878 2711 944 fieri,
2731 889 2789 933 et
2812 878 2882 934 ab
2906 878 3255 949 inspiratione
3281 881 3451 936 sancti
3473 878 3720 951 Spiritus

2132 967 2387 1033 alienum,
2414 967 2700 1024 dummodo
2719 968 2902 1039 plagas
2921 967 3043 1023 illas
3064 975 3119 1024 et
3143 968 3472 1038 captivitatis
3508 970 3697 1036 exitia,

2132 1074 2252 1131 quae
2299 1075 2396 1115 sua
2443 1060 2823 1116 vaticinatione
2874 1059 3219 1130 praedixerat,
3261 1060 3415 1132 plebs
3462 1060 3705 1119 Iudaicae

2132 1148 2364 1207 nationis
2400 1149 2629 1207 evadat?
2670 1147 2901 1215 Utinam,
2946 1149 3221 1220 inquiens,
3281 1166 3386 1207 non
3416 1167 3580 1209 essem
3622 1152 3719 1206 vir

2132 1240 2328 1296 habens
2357 1239 2632 1314 Spiritum,
2653 1252 2701 1296 et
2730 1241 3059 1297 mendacium
3092 1242 3262 1313 potius
3289 1241 3561 1313 loquerer!
3583 1239 3713 1314 (III

2136 1330 2266 1404 Reg.
2302 1333 2465 1405 xm.)

2207 1460 2324 1516 Hoc
2367 1472 2415 1518 et
2463 1479 2677 1520 oramus
2720 1474 2947 1521 vestram
2990 1466 3507 1524 consummationem.
3557 1467 3711 1525 Petit

2137 1566 2322 1618 orans,
2354 1560 2415 1607 ut
2463 1552 2519 1609 in
2566 1568 2631 1609 eo
2662 1554 3028 1625 perficiantur,
3081 1571 3150 1612 ne
3194 1565 3421 1627 peccent
3456 1573 3721 1616 consum-

2138 1640 2271 1696 mati
2315 1640 2371 1697 in
2398 1640 2598 1699 virtute
2620 1643 2777 1699 bonae
2817 1644 2940 1700 vitta
2964 1652 3020 1701 et
3061 1645 3369 1717 incorrupta
3397 1647 3524 1703 fide.
3577 1648 3721 1705 Idea

2138 1730 2252 1787 lucc
2295 1731 2478 1787 absens
2526 1733 2723 1799 scribo,
2769 1742 2829 1788 ut
2882 1749 2993 1789 non
3022 1751 3250 1806 praesens
3295 1736 3479 1793 durius
3533 1753 3721 1809 agam.

2141 1819 2399 1889 Apertum
2427 1826 2511 1875 est
2549 1821 2675 1890 quia
2701 1821 2823 1878 ideo
2848 1821 3045 1878 absens
3079 1831 3387 1880 commonet
3421 1831 3482 1879 ιιι
3530 1838 3718 1881 corre-

1558 1878 2043 1984 ῑθηξίξίίξοεξοτξίθ
2068 1887 2116 1948 Β
2142 1878 2339 1967 είίοιιεε
2364 1910 2482 1969 illos
2525 1878 2779 1979 idveniat,
2820 1920 2879 1968 et
2903 1927 3012 1969 non
3054 1912 3166 1969 illic
3205 1878 3417 1984 positus
3458 1878 3715 1984 increpet

2135 2015 2258 2057 cum
2283 2002 2507 2072 pudore,
2522 2010 2584 2058 ut
2602 2004 2883 2059 erubescat
2901 2004 2991 2072 qui
3011 2011 3202 2073 peccat
3213 2004 3269 2059 in
3281 2011 3426 2060 coetu
3445 2005 3711 2062 fraterno;

2136 2092 2436 2149 Secundum
2481 2103 2783 2167 potestatem
2825 2111 2982 2167 quam
3007 2095 3263 2151 Dominus
3304 2097 3446 2151 dedit
3492 2098 3624 2152 mihi
3654 2098 3721 2153 in

2136 2185 2539 2256 aedificationem
2558 2194 2607 2242 et
2639 2202 2743 2241 non
2768 2186 2823 2241 in
2849 2185 3270 2243 destructionem.
3306 2185 3432 2243 Haec
3469 2195 3729 2258 potestas

2137 2284 2242 2343 est,
2269 2290 2431 2346 quam
2455 2275 2702 2346 superius
2726 2283 2877 2346 Optat
2895 2289 3013 2332 esse
3044 2275 3294 2341 otiosam,
3316 2275 3403 2331 his
3431 2274 3731 2345 agentibus.

2135 2368 2276 2425 bene
2305 2383 2321 2423 :
2351 2368 2397 2423 si
2419 2383 2527 2440 quo
2555 2369 2733 2424 minus
2765 2382 3020 2424 exercere
3045 2383 3106 2424 se
3133 2367 3191 2422 in
3220 2368 3324 2424 hac
3348 2376 3409 2423 ut
3432 2367 3710 2424 aediﬁcen-

2139 2468 2227 2515 tur
2271 2461 2529 2532 correpti,
2557 2476 2662 2517 non
2702 2460 3011 2518 mortificati
3060 2469 3404 2532 peccatores;
3431 2475 3540 2516 non
3568 2460 3714 2517 enim

2139 2551 2519 2615 destruantur,
2575 2552 2668 2623 qui
2718 2558 3018 2624 arguuntur
3063 2557 3127 2605 ut
3184 2549 3562 2621 corrigantur,
3616 2548 3713 2605 sed

2139 2641 2473 2697 aedificantur
2502 2642 2567 2696 ad
2592 2642 2776 2696 vitam.

2209 2770 2287 2826 De
2316 2782 2521 2836 ctetero,
2539 2771 2745 2841 fratres,
2772 2769 3011 2842 gaudete,
3040 2769 3252 2840 perfecti
3275 2767 3720 2835 estote,e.cltorta-

2140 2862 2288 2927 mini,
2331 2861 2469 2915 idem
2510 2860 2699 2932 sapite,
2721 2876 2899 2932 pacem
2935 2859 3137 2926 habete,
3163 2867 3211 2913 et
3239 2859 3379 2914 Deus
3418 2856 3725 2912 dilectionis-

2139 2962 2186 3008 et
2212 2953 2355 3025 pacis
2384 2952 2482 3006 erit
2507 2951 2786 3008 vobiscum.
2826 2949 3089 3006 Gaudium
3122 2949 3223 3005 hoc
3244 2950 3310 3005 de
3334 2948 3728 3005 emendatione

2139 3042 2273 3108 erit,
2300 3042 2443 3098 unde
2467 3049 2523 3097 et
2564 3041 2762 3112 poterit
2806 3041 3090 3112 provenire
3132 3039 3419 3111 perfectio;
3458 3040 3551 3096 sed
3590 3048 3729 3095 ante

2138 3132 2573 3198 eritconsolatio,
2594 3139 2655 3187 ut
2678 3146 2774 3202 spe
2799 3130 3101 3187 futurorum
3126 3130 3376 3186 deserant
3397 3137 3718 3200 praesentem

474 3254 681 3303 certam
706 3244 1081 3300 auctoritatem
1120 3250 1175 3298 et
1208 3240 1460 3296 meritum
1488 3238 1631 3308 apud
1657 3237 1848 3302 Deum,
1892 3242 2039 3305 pote-

2142 3222 2568 3279 oblectationem.
2597 3220 2766 3288 Idem,
2797 3221 2892 3287 ait,
2920 3221 3084 3293 sapite
3112 3233 3132 3273 :
3156 3221 3259 3276 hoc
3288 3219 3363 3275 ait
3388 3229 3606 3291 propter
3628 3234 3723 3275 ve-

478 3344 610 3393 runt
636 3342 695 3395 et
724 3334 870 3390 circa
898 3348 957 3389 se
981 3347 1102 3388 esse
1129 3329 1363 3395 solliciti.
1406 3327 1632 3383 Oramus
1678 3334 1851 3380 autem
1876 3323 2043 3377 Deum

473 3436 531 3483 ut
568 3424 699 3482 nihil
717 3423 843 3481 mali
874 3423 1104 3494 faciatis,
1127 3437 1230 3477 non
1252 3428 1307 3474 ut
1334 3435 1426 3473 nos
1451 3416 1654 3488 probati
1678 3429 2043 3486 appareamus,

472 3520 569 3577 sed
593 3529 649 3574 ut
674 3535 761 3575 uos
787 3517 921 3589 quod
944 3516 1130 3571 bonum
1151 3523 1227 3569 est
1250 3512 1586 3585 faciatis,nos
1615 3516 1786 3563 autem
1813 3514 1867 3563 ut
1894 3504 2045 3576 quasi

476 3610 682 3683 reprobi
707 3611 889 3665 simus.
906 3604 1190 3664 anffectu
1210 3618 1316 3675 quo
1335 3615 1548 3672 semper
1558 3606 1678 3655 orat
1701 3612 1801 3668 pro
1826 3596 1906 3652 eis
1929 3604 2045 3651 uta

477 3701 634 3758 malis
660 3705 981 3771 temperent.
1013 3696 1138 3752 Non
1173 3704 1231 3751 ut
1262 3710 1386 3760 nos,
1418 3690 1622 3762 inquit,
1660 3686 1864 3760 probati
1889 3702 2049 3756 appa-

394 3776 403 3785 ’
474 3808 705 3859 reamus,
729 3791 785 3848 id
810 3799 915 3858 est,
944 3804 1053 3846 non
1071 3787 1206 3843 utin
1230 3783 1551 3842 auctoritate
1568 3780 1861 3843 videamur,
1896 3776 2048 3833 vobis

474 3879 844 3954 peccantibus.
870 3877 974 3934 Sed
1003 3885 1059 3933 ut
1084 3892 1170 3933 uos
1195 3875 1331 3947 quod
1355 3874 1543 3929 bonum
1569 3880 1644 3927 est
1671 3867 1877 3941 faciatis
1907 3880 1924 3920 :
1952 3883 2046 3922 nos

476 3989 595 4030 sero
618 3980 675 4028 ut
697 3971 849 4045 quasi
865 3956 1066 4042 reprobi
1090 3983 1289 4024 sumus.
1314 3963 1450 4035 Quid
1481 3971 1564 4020 est
1583 3963 1688 4019 hoc
1701 3960 1731 4016 ⁸2Δ
1750 3959 1882 4017 Orat
1908 3958 2048 4031 Apo-

478 4061 683 4128 stolas,
710 4068 773 4116 ut
794 4059 1051 4130 reprobus
1071 4055 1182 4114 sit?
1206 4053 1322 4112 Non
1345 4067 1475 4109 sane
1495 4068 1512 4113 ;
1542 4051 1637 4108 sed
1678 4051 1784 4106 hoc
1825 4056 1965 4115 orat,
1987 4055 2048 4103 ut

475 4153 564 4209 isis
590 4153 728 4210 bene
776 4150 1081 4222 agentibus,
1127 4148 1254 4205 dum
1298 4160 1408 4203 non
1442 4144 1704 4200 auderent
1745 4139 2042 4210 corripere,

478 4242 634 4316 quasi
680 4241 1051 4307 humiliantur,
1082 4247 1144 4295 ut
1188 4237 1456 4295 humiliati
1496 4234 1582 4292 vel
1630 4232 1843 4305 reprobi
1886 4243 2048 4303 appa-

480 4346 657 4395 reant.
691 4335 909 4392 Probati
919 4335 1062 4391 enim
1076 4349 1108 4389 a
1122 4334 1233 4392 Deo
1249 4334 1519 4399 videntur,
1534 4330 1661 4387 dum
1668 4328 1912 4399 judicent
1929 4340 2049 4397 pec-

482 4434 719 4491 catores,
747 4424 1067 4481 auctoritate
1095 4438 1370 4480 concessa.
1399 4422 1458 4479 Si
1486 4436 1616 4494 ergo
1636 4432 1771 4492 quos
1785 4416 2049 4489 judicent,

480 4532 590 4574 non
620 4515 759 4584 sint,
791 4521 1034 4572 cessante
1069 4514 1125 4570 in
1152 4513 1238 4570 his
1275 4513 1618 4578 auctoritate,
1643 4507 1797 4581 quasi
1835 4507 2050 4578 reprobi

2145 3318 2315 3367 tercm
2355 3309 2707 3376 discordiam,
2750 3320 2810 3366 ιιι
2838 3310 2951 3382 jam
2988 3325 3153 3366 unum
3194 3310 3447 3366 sentiant.
3485 3309 3552 3363 In
3590 3326 3722 3380 pace

2130 3401 2299 3477 agite.
2328 3402 2463 3459 Cum
2498 3401 2793 3458 concordes
2820 3400 3049 3470 fuerint,
3081 3400 3351 3456 habebunt
3392 3414 3601 3470 pacem.
3649 3398 3721 3453 Et

2146 3494 2285 3548 Deus
2313 3495 2458 3566 pacis
2484 3502 2531 3549 et
2563 3492 2852 3549 dilectionis
2871 3495 2994 3561 erit,
3040 3492 3247 3565 inquit,
3270 3492 3550 3548 uobiscum.
3575 3492 3722 3547 Deus

2144 3584 2293 3656 pacis
2313 3584 2560 3641 Christus
2577 3594 2691 3651 est,
2719 3584 2812 3655 qui
2839 3583 2972 3639 dixit
2999 3600 3012 3638 :
3041 3580 3235 3637 Pacem
3258 3598 3426 3636 meam
3457 3581 3525 3636 do
3554 3581 3725 3647 vobis,

2142 3692 2323 3748 pacem
2352 3692 2518 3731 meam
2553 3675 2786 3747 relinquo
2817 3676 2957 3731 uobis
2983 3674 3173 3745 (Joan.
3212 3673 3370 3747 xw);
3413 3674 3529 3745 ipse
3555 3681 3639 3729 est
3668 3681 3724 3729 et

2145 3766 2287 3823 Deus
2306 3767 2628 3836 dilectionis,
2644 3766 2734 3839 qui
2762 3768 2955 3823 iterum
2972 3767 3075 3821 ait:
3096 3766 3301 3822 Novum
3325 3765 3631 3820 mandatum
3651 3763 3731 3818 da

2146 3857 2378 3925 vobis,ut
2398 3857 2627 3929 diligatis
2647 3858 2884 3912 invicem.
2900 3856 2966 3911 Et
2988 3858 3044 3911 in
3065 3857 3182 3922 hoc,
3201 3854 3395 3924 inquit,
3415 3862 3733 3929 cognoscent-

2147 3965 2322 4005 omnes
2367 3928 2505 4020 quia
2530 3947 2771 4021 discipuli
2818 3947 2921 4002 mei
2959 3947 3101 4015 estis,
3141 3947 3187 4001 si
3222 3928 3578 4010 dilectionem,
3610 3956 3720 4013 qua

2148 4041 2309 4097 dilexi
2354 4056 2483 4107 vos,
2503 4038 2785 4095 habueritis
2828 4039 2898 4093 ad
2938 4039 3172 4093 inuicem.
3221 4034 3341 4092 Alia
3395 4041 3573 4089 tamen
3613 4047 3729 4103 pas.

2150 4131 2267 4198 Dei,
2294 4131 2397 4186 alia
2428 4130 2611 4187 mundi
2639 4140 2747 4196 est,
2784 4129 2911 4200 quia
2948 4136 3004 4183 et
3031 4125 3250 4198 maligni
3287 4135 3345 4181 et
3388 4123 3591 4196 spurici
3628 4123 3729 4178 ha-

2148 4222 2279 4279 bent
2312 4235 2518 4293 pacem,
2550 4219 2646 4277 sed
2672 4219 2741 4275 ad
2761 4215 3195 4274 damnationem:
3225 4214 3425 4271 Christi
3452 4212 3597 4269 enim
3612 4225 3726 4281 pax.

2148 4312 2317 4369 libera
2345 4318 2484 4385 esta
2508 4309 2774 4382 peccatis;
2805 4306 3088 4379 perfidiam
3132 4304 3277 4362 enim
3327 4302 3493 4375 fugit,
3536 4300 3734 4358 dolum.

2151 4402 2373 4473 spernit,
2401 4400 2556 4457 factis
2582 4398 2738 4457 malis
2763 4405 3042 4471 repugnat.
3102 4394 3230 4452 Htec
3261 4395 3371 4451 Deo
3397 4392 3594 4464 placita
3635 4400 3722 4447 est

2151 4502 2209 4550 et
2241 4493 2436 4560 amica,
2463 4491 2672 4549 diabolo
2710 4497 2889 4546 autem
2926 4487 3170 4554 inimica;
3201 4485 3344 4542 hanc
3383 4482 3475 4556 qui
3510 4482 3722 4538 habue—

480 4576 755 4661 videntur:
781 4603 907 4659 Non
927 4604 1063 4659 enim
1087 4621 1360 4675 possumus
1397 4576 1876 4675 aliquid—adversus
1898 4576 2049 4657 vueri-
2077 4597 2125 4658 Ι)
2150 4584 2241 4653 τίεν
2273 4582 2495 4675 δέβθῦίι
2525 4591 2581 4638 ει
2620 4578 3164 4675 dilationem-flium
3217 4586 3272 4675 ei
3312 4576 3488 4675 pel"?
3529 4588 3719 4675 θοιπξη

481 4704 660 4760 tatem,
690 4692 780 4749 sed
804 4709 898 4764 pro
920 4695 1150 4750 ueritate.
1190 4692 1304 4751 Hoc
1347 4692 1478 4749 dicit
1503 4691 1627 4764 quia
1651 4702 1892 4765 potestas
1936 4709 2045 4750 non

481 4784 709 4841 estdata
735 4790 925 4839 contra
963 4784 1269 4851 veritatem,
1314 4791 1375 4838 ut
1416 4791 1642 4854 arguant
1685 4783 1824 4841 bene
1863 4784 2046 4840 viven-

482 4881 616 4940 tem,
642 4873 737 4929 sed
759 4888 858 4945 pro
892 4873 1141 4939 veritate,
1161 4881 1224 4928 ut
1269 4872 1540 4928 vindicent
1566 4872 1622 4928 in
1666 4888 1787 4928 eum
1822 4874 1915 4944 qui
1941 4873 2047 4930 ini-

480 4963 656 5020 micus
672 4962 804 5036 legis
823 4970 933 5031 est;
957 4960 1425 5032 ideoque-cessabit
1447 4969 1707 5031 potestas,
1729 4962 1773 5019 si
1790 4962 1931 5034 quod
1950 4953 2048 5021 bo-

422 5050 429 5058 ’
482 5068 614 5109 num
658 5059 745 5108 est
790 5051 1034 5111 fecerint.
1067 5049 1220 5107 Unde
1254 5050 1320 5105 ad
1353 5049 1625 5107 Romanos
1667 5052 1775 5108 ait:
1827 5053 1919 5109 Vis
1943 5070 2047 5110 non

485 5140 666 5196 timere
688 5140 1027 5212 potestatem?
1055 5139 1260 5195 Bonum
1303 5137 1411 5208 fac,
1435 5148 1484 5193 et
1507 5138 1715 5194 habebis
1749 5137 1955 5196 laudem
1984 5157 2049 5196 ex

482 5233 580 5289 illa
598 5230 775 5305 (Rom.
791 5232 931 5307 stu).
992 5231 1127 5291 Cum
1177 5244 1308 5303 ergo
1356 5245 1464 5286 non
1495 5229 1651 5286 timet
1691 5231 1891 5287 bonum
1918 5245 2047 5304 cpe-

485 5325 944 5391 rando,evacuata
965 5331 1048 5380 est
1070 5321 1210 5393 apud
1222 5335 1343 5377 eum
1368 5329 1634 5391 potestas;
1650 5319 1754 5376 hoc
1773 5327 1877 5387 est,
1890 5321 2044 5392 quasi

486 5414 775 5487 reprobum
805 5428 944 5480 esse,
975 5412 1101 5484 quia
1126 5411 1230 5468 hoc
1260 5410 1314 5466 in
1339 5425 1405 5467 eo
1452 5419 1627 5467 cessat
1672 5411 1814 5467 unde
1855 5410 2049 5482 proba-

488 5516 578 5563 tur
602 5513 863 5578 potestas.
899 5503 1202 5561 Gaudemus
1242 5510 1416 5557 autem
1456 5500 1664 5573 quando
1713 5516 1806 5556 nos
1851 5500 2048 5569 inﬁmi

485 5614 700 5665 sumus,
733 5613 831 5654 uos.
847 5604 1021 5651 autem
1052 5603 1280 5666 potentes
1322 5594 1465 5648 estis.
1506 5591 1619 5647 Hoc
1642 5599 1727 5648 est
1762 5589 2048 5654 inﬁrmari,

486 5704 594 5745 non
613 5701 866 5746 exercere
876 5692 1194 5759 potestatem
1211 5702 1226 5751 ;
1242 5685 1342 5740 hos
1353 5691 1533 5738 autem
1552 5689 1702 5753 optat
1720 5680 1888 5737 fortes
1906 5694 2047 5747 esse,

488 5787 546 5834 ιιι
586 5777 719 5834 bene
757 5785 975 5844 agentes
1019 5776 1147 5834 vitia
1193 5775 1433 5839 vincant,
1485 5781 1539 5830 et
1572 5770 1897 5842 prohibeant
1923 5784 1953 5825 a
1991 5783 2048 5826 se

2149 4676 2217 4733 ad
2264 4673 2545 4731 tuitionem
2584 4680 2917 4743 perpetuam.
2974 4668 3212 4726 Salutate
3235 4668 3447 4723 invicem
3468 4665 3722 4749 inosculo

2146 4773 2346 4822 sancto.
2398 4762 2524 4821 Haec
2559 4762 2811 4818 salutatio
2838 4759 3204 4816 ecclesiastica
3232 4767 3345 4825 est,
3375 4756 3502 4828 quia
3530 4755 3721 4812 oscula

2091 4855 2104 4868 ’
2148 4858 2261 4914 haec
2286 4872 2393 4915 non
2420 4855 2680 4921 carnalia,
2707 4853 2800 4911 sed
2828 4851 3090 4922 spiritalia
3126 4860 3272 4917 sunt,
3297 4865 3415 4921 qua:
3437 4849 3733 4921 complexu.

2147 4962 2432 5017 corporum
2457 4947 2664 5002 animos
2684 4942 2955 5016 copulant,
2978 4956 3085 4998 non
3111 4941 3375 4998 desiderio
3397 4942 3599 5009 carnis,
3624 4944 3722 5000 sed

2154 5038 2391 5109 spiritus.
2423 5036 2668 5094 Salutant
2696 5051 2781 5090 vos
2805 5033 2983 5090 sancti
3007 5049 3202 5089 omnes.
3232 5031 3499 5091 Provocat
3525 5048 3623 5091 eos
3652 5035 3722 5092 ad

2151 5128 2509 5193 sanctitatem,
2535 5134 2595 5180 ut
2617 5134 2674 5181 et
2700 5124 2801 5195 ipsi
2816 5123 3057 5185 audeant
3080 5122 3302 5179 reddere
3324 5121 3497 5178 vicem
3519 5122 3737 5180 sanctis

2151 5220 2207 5276 in
2242 5217 2588 5284 salutatione;
2635 5216 2755 5271 ideo
2798 5215 2943 5271 enim
2977 5229 3010 5269 a
3047 5212 3246 5270 sanctis
3290 5213 3623 5280 salutantur,
3661 5222 3725 5268 ut

2152 5311 2271 5366 illos
2295 5309 2585 5365 imitentur.
2614 5305 2800 5363 Gratia
2821 5305 3036 5362 Domini
3063 5306 3225 5362 nostri
3251 5303 3380 5360 Iesu
3417 5302 3633 5371 Christi,
3674 5313 3728 5359 et

2151 5399 2378 5455 charitas
2405 5396 2501 5452 Dei
2521 5407 2569 5453 et
2597 5396 2996 5452 communicatio
3035 5396 3202 5450 sancti
3248 5391 3473 5466 Spiritus
3506 5394 3574 5448 sit
3602 5410 3725 5448 cum

2151 5487 2387 5543 omnibus
2410 5487 2571 5543 vobis.
2599 5486 2785 5543 Amen.
2816 5485 3098 5543 Trinitatis
3139 5485 3229 5541 hic
3274 5482 3574 5554 complexio
3615 5489 3722 5548 est,

2151 5587 2207 5636 et
2240 5580 2419 5636 unitas
2444 5580 2743 5652 potestatis,
2769 5594 2892 5652 quas
2914 5577 3081 5634 totius
3106 5575 3296 5633 salutis
3315 5573 3577 5647 perfectio
3613 5582 3722 5629 est.

2153 5673 2376 5730 Dilectio
2423 5672 2569 5729 enim
2622 5673 2716 5730 Dei
2766 5672 2915 5729 misit
2967 5669 3124 5727 nobis
3171 5667 3491 5724 salvatorem
3533 5665 3733 5721 Iesum.

2155 5766 2309 5837 cujus
2358 5764 2533 5836 gratia
2575 5764 2766 5821 salvati
2799 5776 3005 5821 sumus.
3051 5760 3123 5819 Ut
3166 5760 3533 5832 possideamus
3579 5757 3722 5813 hanc
