4022 6338
294 381 413 438 85

762 379 1309 441 ΕΝΑΒΒΑΤΙΟΝΗΜ
1345 386 1414 442 ΙΝ
1450 386 1600 443 ΕΡΡ.
1641 386 1847 445 PAULI

1958 392 2012 447 Β.
2057 393 2196 449 XIV.
2234 423 2306 434 -—-
2342 393 2409 449 ΙΝ
2442 393 2659 451 EPIST.
2699 395 2791 450 AD
2827 393 3078 452 GALAT.

3445 395 3551 453 246

294 496 531 568 gratiam
558 492 1211 564 salutis,'communicatio
1239 497 1369 555 facit
1408 502 1581 556 sancti
1606 499 1868 572 Spiritus:
1901 507 1947 567 Α
1978 511 2173 571 tuetur,
2230 512 2293 560 ut
2341 505 2507 561 trium
2556 504 2838 576 perfectio,
2890 504 3280 563 consummatio
3333 505 3404 560 sit
3452 506 3547 561 ho-

276 584 389 646 .liic
414 583 561 640 enim
603 583 833 641 dilectos
870 600 902 641 a
932 587 1044 643 Deo
1084 596 1140 643 et
1169 588 1404 646 salvatos
1445 591 1619 661 gratia
1668 591 1870 649 Christi
1972 594 2134 650 minis
2171 593 2226 649 in
2261 594 2507 651 salutem.

290 705 3399 736 mw

3401 713 3540 738 ﬂ.

970 800 1379 975 LIBER
1460 861 2113 997 QUARTUS
2201 866 2896 984 DECIMUS.

847 1129 1396 1208 EXPOSlTIO
1476 1133 1583 1211 1N
1664 1074 2248 1211 EPISTOLAM
2324 1135 2457 1212 ΑΒ
2528 1136 3011 1219 GALATAS.

1709 1258 2127 1278 ἡ

819 1317 1325 1376 ARGUMENTUM.

352 1407 585 1483 (ὠκὺν.)
597 1408 786 1467 Omnis
801 1394 1026 1466 credens
1048 1410 1104 1466 in
1130 1408 1405 1468 Christum
1423 1412 1776 1469 etobservans
1790 1412 1869 1469 le-

274 1517 406 1575 gem
420 1501 709 1569 factorum,
722 1500 864 1557 male
887 1501 1137 1574 intelligit
1153 1500 1425 1559 Christum
1445 1519 1461 1558 :
1482 1504 1623 1560 sicut
1642 1512 1697 1560 et
1721 1502 1870 1574 Sym-

272 1592 579 1659 machiani,
608 1592 703 1663 qui
745 1606 815 1650 ex
863 1591 1156 1648 Pharisaeis
1183 1593 1444 1664 originem
1488 1594 1730 1661 trahunt,
1771 1594 1865 1664 qui

1977 1322 2317 1380 simulatione
2365 1323 2505 1380 idem
2552 1324 2829 1396 apostolus
2872 1326 3073 1382 Paulus
3124 1343 3248 1383 eum
3282 1338 3555 1399 revocat,

1976 1414 2114 1471 sicut
2141 1415 2194 1470 in
2227 1416 2331 1470 hac
2373 1415 2486 1484 ipsa
2511 1415 2748 1485 Epistola
2775 1417 2949 1473 docet.
2980 1416 3128 1475 Talis
3159 1418 3375 1488 quidem
3401 1436 3543 1490 quae-

1972 1503 2078 1561 stio
2103 1511 2190 1560 est
2222 1504 2276 1558 in
2300 1503 2537 1574 Epistola
2566 1505 2636 1560 ad
2663 1504 2965 1571 Romanos,
2997 1514 3366 1563 verumtamen
3388 1509 3538 1565 vide-

1972 1603 2061 1651 tnr
2089 1595 2291 1666 aliquid
2333 1596 2617 1663 interesse,
2655 1596 2798 1666 quod
2826 1592 2900 1652 illi
2926 1599 3323 1656 contentionem
3371 1600 3541 1671 ipsam

270 1690 497 1739 servata
523 1683 671 1738 omni
697 1682 815 1755 lege
829 1682 1162 1740 Christianos
1180 1698 1240 1740 se
1251 1682 1459 1751 dicunt,
1482 1699 1633 1742 more
1646 1683 1862 1740 Photini
1897 1737 1938 1760 η
1967 1684 2192 1753 dirimit,
2244 1684 2502 1756 litemque
2552 1686 2847 1757 componit,
2873 1702 2992 1757 quae
3035 1688 3175 1745 inter
3198 1704 3294 1746 eos
3345 1691 3440 1760 qui
3469 1704 3539 1746 ex

269 1770 554 1828 Christum
578 1786 686 1828 non
708 1737 876 1828 DEum
900 1781 958 1827 et
977 1773 1273 1840 hominem,
1311 1775 1407 1831 sed
1432 1774 1705 1831 hominem
1731 1783 1875 1830 tan»
1891 1737 1938 1798 Β
1960 1774 2178 1845 Iudaeis,
2215 1784 2272 1833 et
2290 1792 2385 1833 eos
2404 1737 2503 1850 qui
2530 1792 2596 1833 ex
2620 1737 3237 1849 gentibus1crediderant
3255 1737 3381 1838 ortaI
3398 1793 3547 1850 erat,

270 1863 561 1919 tummodo
606 1862 946 1919 deﬁnientes.
995 1861 1053 1918 Si
1094 1864 1237 1919 enim
1288 1864 1459 1921 Deum
1498 1865 1857 1938 intelligerent

270 1954 578 2022 Christum,
611 1955 747 2010 nihil
784 1955 852 2010 de
880 1955 999 2025 lege
1024 1954 1286 2011 factorum
1328 1960 1627 2028 sperarent,
1658 1959 1712 2014 id
1750 1972 1849 2026 est,

269 2045 345 2103 de
368 2047 669 2102 neomeniis
686 2087 703 2113 ,
730 2045 956 2102 sabbato
971 2086 988 2115 ,
1027 2047 1436 2105 circumcisione
1459 2057 1514 2105 et
1532 2048 1855 2107 discretione

266 2151 557 2204 escarum;
586 2138 712 2209 quia
740 2139 832 2208 qui
855 2139 1023 2194 Deum
1043 2147 1100 2195 et
1126 2140 1412 2196 Dominum
1437 2142 1572 2214 legis
1595 2142 1744 2209 colit,
1765 2158 1855 2198 su-

265 2246 373 2302 pra
394 2230 569 2303 legem
610 2240 693 2287 est
716 2246 731 2286 :
756 2245 856 2286 nec
888 2239 1065 2301 potest
1093 2229 1324 2298 judicari
1353 2248 1384 2286 a
1420 2232 1558 2305 lege,
1591 2232 1686 2303 qui
1730 2247 1853 2288 cum

267 2320 585 2394 legislatore
626 2323 939 2378 concordat.
985 2322 1229 2393 Denique
1276 2339 1383 2380 non
1432 2324 1645 2380 illorum
1692 2338 1853 2379 causa

264 2413 359 2470 lex
403 2414 531 2469 data
570 2422 684 2481 est,
740 2415 833 2485 qui
879 2415 1050 2471 Deum
1092 2415 1368 2483 colebant,
1399 2416 1493 2472 sed
1531 2430 1719 2472 eorum
1761 2416 1854 2485 qui

264 2502 416 2559 male
439 2512 497 2557 et
523 2503 817 2558 credebant
836 2511 896 2557 et
918 2502 1151 2575 agebant
1167 2503 1235 2559 ad
1253 2511 1617 2575 contemptum
1637 2503 1854 2561 Creato-

261 2595 368 2650 ris.
411 2593 566 2651 Unde
594 2594 725 2650 dicit
747 2594 816 2650 ad
842 2593 1215 2649 Timotheum:
1258 2593 1370 2649 Nec
1412 2595 1548 2650 enim
1588 2594 1732 2665 justo
1770 2591 1855 2650 lea;

262 2687 441 2756 posita
474 2696 569 2751 est,
597 2686 688 2741 sed
722 2686 930 2756 injustis
959 2695 1008 2741 et
1030 2684 1166 2740 male
1218 2685 1543 2741 versantibus
1570 2685 1621 2758 (ι
1639 2685 1853 2759 Tim.1).

262 2777 340 2833 Et
374 2774 586 2847 Moyses
615 2776 694 2833 sic
714 2777 924 2846 inquit:
963 2774 1221 2831 Timentes
1249 2773 1623 2846 facietisqﬁlios
1660 2773 1852 2832 Israel.

261 2870 399 2927 Inde
435 2878 491 2926 et
515 2869 720 2926 Galatre
755 2868 840 2924 vel
861 2869 952 2940 qui
978 2884 1071 2926 eos
1105 2869 1525 2937 subvertebant,
1553 2868 1743 2925 adhuc
1771 2884 1859 2925 er-

264 2962 415 3017 roris
442 2961 639 3017 nebula
687 2969 992 3017 contectum
1037 2976 1133 3015 cor
1170 2959 1451 3026 habentes,
1483 2975 1591 3015 non
1628 2967 1855 3015 cernunt

1954 1883 2074 1923 eum
2109 1867 2185 1923 illi
2207 1876 2459 1938 tanquam
2491 1881 2559 1923 ex
2580 1869 2787 1925 meritis
2814 1884 3032 1940 operum
3060 1871 3193 1942 legis
3220 1872 3321 1928 sibi
3362 1873 3540 1929 reddi-

1956 1968 2068 2016 tum
2107 1961 2379 2033 Evangelii
2416 1961 2693 2033 praemium
2749 1956 3177 2028 arbitrarentur,
3216 1965 3358 2035 quod
3401 1981 3541 2036 prte-

1952 2050 2121 2106 mium
2174 2051 2569 2108 incircumcisis
2623 2060 2879 2122 tanquam
2935 2053 3222 2111 immeritis
3280 2054 3541 2111 nolebant

1954 2140 2101 2197 dari:
2134 2140 2208 2196 illi
2237 2150 2427 2197 contra
2473 2141 2673 2198 Judreis
2697 2158 2755 2199 se
2778 2141 3035 2212 praeferre
3082 2144 3362 2214 gestirent,
3417 2152 3539 2200 tan-

1953 2245 2113 2301 quam
2148 2229 2580 2288 interl‘ectoribns
2627 2232 2858 2288 Domini.
2908 2232 2966 2287 In
3013 2232 3116 2289 bac
3140 2248 3271 2289 vero
3300 2232 3539 2303 Epistola

1954 2319 2021 2375 ad
2066 2334 2161 2378 eos
2202 2320 2391 2377 scribit
2437 2321 2529 2392 qui
2556 2320 2672 2390 jam
2713 2321 2966 2379 commoti
3012 2330 3170 2379 erant
3214 2322 3537 2378 auctoritate

1954 2413 2165 2471 illorum
2209 2415 2301 2485 qui
2342 2430 2411 2471 ex
2469 2414 2667 2472 Judtels
2709 2424 2888 2482 erant,
2940 2423 2996 2473 et
3021 2416 3089 2472 ad
3130 2414 3539 2473 observationes

1953 2505 2086 2576 legis
2112 2508 2403 2578 cogebant:
2433 2515 2710 2577 cmperant
2735 2507 2877 2563 enim
2906 2507 2985 2577 eis
3011 2506 3250 2572 credere,
3279 2513 3538 2574 tanquam

1953 2596 2149 2654 Paulus
2197 2598 2472 2669 apostolus
2516 2613 2622 2654 non
2664 2612 2792 2653 vera
2839 2597 3206 2668 praedicasset,
3254 2596 3396 2666 quod
3445 2609 3540 2651 eos

1952 2689 2265 2745 circumcidi
2315 2687 2590 2745 noluisset.
2622 2686 2820 2760 (Hier.)
2854 2687 2937 2743 Ad
2985 2686 3202 2742 Galatas
3254 2686 3356 2740 hoc
3409 2699 3537 2754 pro-

1953 2780 2129 2852 priqu
2164 2780 2357 2845 habet,
2387 2780 2533 2850 quod
2579 2794 2685 2835 non
2730 2779 2918 2834 scribit
2963 2778 3031 2833 ad
3061 2793 3155 2834 eos
3193 2776 3287 2848 qui
3333 2791 3400 2832 ex
3444 2774 3537 2830 Ju-

1957 2871 2088 2927 dreis
2113 2870 2167 2927 in
2218 2870 2492 2926 Christum
2527 2870 2885 2936 crediderant,
2909 2877 2966 2925 et
2998 2877 3253 2939 paternas
3277 2867 3541 2937 putabant

1959 2960 2304 3015 mremonias
2330 2958 2713 3022 observandas,
2748 2958 2844 3013 sed
2868 2957 2937 3012 ad
2961 2972 3056 3013 eos
3081 2956 3172 3027 qui
3199 2974 3267 3013 ex
3292 2956 3543 3026 gentibus

262 3070 490 3111 sensum
510 3053 658 3110 lsaiae
677 3052 951 3124 prophetae
971 3053 1112 3107 inter
1133 3059 1327 3107 caetera
1347 3051 1602 3107 dicentis:
1633 3048 1853 3106 Verbum
1882 3081 1928 3144 C
1960 3046 2119 3104 ﬁdem
2165 3047 2438 3120 Evangelii
2466 3055 2806 3118 receperant,
2837 3056 2893 3102 et
2924 3061 3167 3103 rursum.
3190 3056 3340 3103 retro
3376 3045 3534 3116 lapsi,

258 3144 407 3199 enim
454 3158 821 3198 consummans
856 3152 903 3197 et
930 3142 1163 3197 brevians
1207 3144 1263 3197 in
1295 3142 1557 3213 (equitate,
1592 3140 1719 3213 quia
1746 3157 1858 3196 ver-

264 3235 393 3289 bum
426 3233 712 3288 breviatum
745 3233 895 3302 faciet
937 3232 1187 3287 Dominus
1222 3248 1378 3302 super
1408 3230 1751 3301 terramUsa.
1774 3229 1851 3301 ι).

265 3326 325 3383 Si
361 3341 495 3397 ergo
532 3327 646 3381 haec
675 3326 819 3381 dicta
851 3323 1236 3395 intelligerent,
1277 3340 1308 3377 a
1344 3322 1460 3395 lege
1509 3321 1852 3387 recederent,

262 3419 506 3475 scientes
530 3432 561 3472 a
583 3416 966 3489 praedicatione
985 3414 1207 3472 Joannis
1243 3412 1497 3485 Baptistae."
1529 3414 1703 3487 legem
1740 3412 1871 3484 jam.

268 3525 514 3576 cessare,
542 3517 603 3564 ut
657 3508 773 3564 sola
822 3508 954 3565 ﬁdes
1004 3505 1232 3563 suﬁiciat
1266 3508 1335 3564 ad
1390 3507 1616 3563 salutem
1661 3507 1855 3563 abbre-

262 3600 414 3655 viata
437 3614 506 3655 ex
533 3599 668 3670 lege.
697 3597 755 3654 ln
788 3597 904 3669 lege
932 3598 1075 3655 enim
1100 3605 1155 3653 et
1187 3597 1253 3653 de
1277 3596 1387 3653 Deo
1413 3596 1592 3664 Patre,
1616 3604 1673 3652 et
1694 3595 1853 3651 Chri-

264 3702 355 3749 sto
381 3691 522 3746 Filio
541 3689 678 3761 ejus,
706 3699 765 3747 et
782 3693 850 3747 de
872 3690 1074 3763 Spiritu
1096 3699 1281 3747 sancto
1309 3690 1635 3747 continetur.
1667 3687 1850 3760 (Aug.)

268 3778 449 3836 Causa
487 3789 708 3852 propter
744 3794 907 3849 quam
957 3780 1174 3851 scripsit
1208 3780 1498 3850 Apostolus
1524 3779 1593 3834 ad
1634 3779 1851 3835 Galatas

268 3870 393 3926 haec
419 3878 524 3939 est,
560 3877 620 3924 ut
638 3868 940 3939 intelligant
965 3870 1193 3938 gratiam
1234 3868 1328 3924 Dei
1364 3869 1417 3925 id
1457 3883 1638 3924 secum
1669 3881 1846 3938 agere,

270 3969 334 4016 ut
353 3959 454 4014 sub
478 3959 597 4030 lege
636 3955 751 4026 jam
778 3973 885 4013 non
930 3957 1057 4014 sint.
1090 3957 1223 4013 Cum
1262 3958 1407 4013 enim
1451 3955 1741 4027 praedicata
1770 3955 1852 4012 eis

272 4060 421 4109 esset
478 4051 750 4124 Evangelii
797 4051 990 4123 gratia,
1038 4065 1146 4105 non
1186 4048 1473 4105 defuerunt
1521 4046 1738 4118 quidam
1781 4062 1849 4104 ex

271 4142 713 4210 circumcisione,
736 4142 983 4214 quamvis
1005 4139 1299 4196 Cnristiani
1333 4140 1574 4206 nomine,
1602 4138 1846 4195 nondum

273 4243 462 4291 tamen
485 4242 732 4295 tenentes
754 4234 928 4306 ipsum
987 4234 1174 4305 gratire
1200 4232 1541 4299 beneﬁcium,
1582 4240 1640 4288 et
1675 4232 1851 4288 adhuc

1959 3139 2313 3210 quorumdam
2335 3139 2551 3194 fuerant
2601 3137 2924 3195 auctoritate
2975 3136 3242 3203 deterriti,
3284 3151 3537 3193 asseren-

1958 3231 2093 3286 tium
2127 3229 2346 3285 Petrum
2382 3243 2596 3299 quoque
2647 3236 2702 3283 et
2746 3225 3109 3294 Jacobum,.et
3154 3234 3295 3282 totas
3337 3225 3539 3283 Iudaeae

1955 3319 2226 3376 Ecclesiae
2267 3317 2615 3390 Evangelium
2647 3316 2845 3373 Christi
2895 3332 3023 3373 cum
3065 3315 3185 3386 lege
3230 3315 3400 3371 veteri
3435 3315 3536 3370 mi—

1955 3411 2186 3468 scuisse:
2216 3412 2390 3482 ipsum
2416 3410 2579 3466 etiam
2614 3409 2839 3465 Paulum
2868 3409 3011 3465 aliud
3039 3408 3093 3464 in
3121 3408 3304 3465 Iudaea
3334 3408 3534 3473 facere,

1953 3503 2099 3559 aliud
2140 3503 2452 3558 nationibus
2484 3500 2779 3573 praedicare
2806 3519 2819 3556 :
2846 3509 2901 3557 et
2932 3498 3135 3556 frustra
3170 3515 3264 3556 eos
3294 3500 3350 3556 in
3396 3498 3536 3554 Cru-

1954 3597 2173 3652 ciﬁxum
2216 3596 2472 3661 credere,
2508 3595 2553 3651 si
2600 3595 2656 3650 id
2701 3595 3075 3667 negligendum
3108 3602 3363 3654 putarent
3394 3594 3537 3664 quod

1952 3691 2314 3761 apostolorum
2359 3689 2611 3761 princeps
2657 3689 2991 3745 observaret.
3047 3688 3409 3756 Quamobrem
3458 3687 3535 3743 ita

1951 3789 2108 3838 caute
2160 3782 2299 3837 inter
2347 3789 2635 3851 utrumque
2682 3789 2737 3836 et
2779 3780 2988 3836 medius
3041 3780 3273 3845 incedit,
3326 3786 3387 3834 ut
3436 3793 3537 3834 nec

1951 3871 2225 3943 Evangelii
2273 3873 2467 3947 prodat
2519 3872 2768 3943 gratiam,
2809 3885 3033 3942 pressus
3074 3871 3311 3942 pondere
3336 3878 3392 3926 et
3441 3885 3533 3925 au~

1950 3964 2203 4022 claritate
2237 3961 2535 4032 majorum,
2575 3977 2677 4018 nec
2722 3961 3145 4032 praecessoribus
3193 3960 3356 4016 iaciat
3397 3960 3538 4032 inju-

1950 4055 2085 4111 riam
2105 4096 2122 4121 ,
2150 4055 2277 4111 dum
2302 4061 2542 4111 assertor
2561 4059 2647 4110 est
2673 4053 2888 4125 gratiae;
2914 4051 3128 4123 oblique
3151 4066 3278 4108 vero
3301 4058 3361 4106 et
3380 4052 3535 4124 quasi

1947 4162 2046 4220 per
2070 4144 2348 4204 cuniculos
2390 4145 2623 4201 latenter
2662 4143 2947 4211 incedens,
2984 4149 3048 4198 ut
3080 4141 3301 4197 Petrum
3322 4140 3539 4197 ,doceat

1945 4253 2046 4311 pro
2067 4237 2354 4293 commissa
2375 4235 2478 4293 sibi
2505 4232 2929 4290 circumcisionis
2971 4232 3131 4304 plebe
3148 4230 3351 4299 facere,
3374 4246 3445 4295 ne
3468 4231 3537 4288 ab

272 4324 524 4382 volentes
547 4339 670 4381 esse
689 4326 789 4382 sub
819 4324 1073 4381 oneribus
1101 4324 1257 4397 legis,
1288 4340 1408 4397 quae
1426 4325 1683 4380 Dominus
1698 4325 1851 4381 Deus
1946 4329 2170 4400 antiquo
2201 4333 2422 4398 repente
2452 4324 2665 4381 vivendi
2688 4337 2837 4381 more
2863 4322 3201 4389 desciscens,
3238 4321 3295 4379 in
3320 4330 3539 4379 crucem

275 4418 635 4487 imposuerat,
662 4431 772 4472 non
794 4415 1019 4485 iustitia:
1054 4416 1431 4483 servientibus,
1460 4414 1553 4472 sed
1580 4423 1838 4485 peccato:
1876 4430 1929 4490 ι)
1954 4417 2315 4475 scandalizata
2339 4432 2448 4474 non
2467 4416 2744 4481 crederet,
2773 4422 2837 4470 et
2854 4413 2956 4471 sibi
2998 4412 3381 4484 praedicatione
3406 4426 3539 4484 gen-

272 4509 478 4580 justam
516 4507 724 4563 scilicet
757 4507 930 4577 legem
958 4505 1172 4576 iniustis
1213 4506 1521 4562 hominibus
1543 4548 1547 4553 .
1572 4505 1749 4563 dando
1786 4505 1857 4561 ad
1955 4509 2089 4565 tium
2110 4507 2349 4576 credita,
2375 4521 2588 4578 aequum
2611 4519 2731 4562 esse
2757 4503 2811 4560 id
2835 4518 2935 4576 pro
2968 4503 3196 4560 veritate
3226 4500 3536 4567 defendere,

278 4597 704 4654 demonstranda
731 4606 955 4668 peccata
995 4612 1205 4663 eorum,
1251 4600 1359 4653 n‘on
1400 4595 1716 4653 auferenda.
1740 4595 1857 4651 Non

278 4691 426 4747 enim
454 4688 666 4747 auferet
694 4698 919 4760 peccata
954 4689 1059 4745 nisi
1084 4689 1257 4762 gratia
1283 4690 1405 4745 ﬁdei
1445 4704 1565 4761 quae
1610 4704 1708 4760 per
1731 4688 1860 4744 dile-

280 4781 518 4835 ctionem
548 4787 824 4850 operatur.
849 4777 961 4835 Sub
1001 4779 1104 4835 hac
1132 4794 1262 4851 ergo
1303 4778 1475 4849 gratia
1498 4778 1612 4849 jam
1640 4778 1862 4836 Galatas

283 4872 610 4928 constitutos
657 4871 735 4926 illi
778 4870 1028 4927 volebant
1087 4870 1415 4927 constituere
1459 4873 1557 4928 sub
1602 4872 1861 4928 oneribus

282 4963 441 5035 legis,
458 4971 836 5019 asseverantes
858 4963 989 5019 nihil
1011 4964 1090 5019 eis
1110 4964 1366 5034 prodesse
1385 4960 1733 5034 Evangelium
1755 4960 1862 5018 nisi

285 5052 829 5119 circumciderentur,
864 5064 920 5109 et
941 5060 1167 5109 caeteras
1212 5052 1460 5109 carnales
1482 5050 1692 5108 Iudaici
1729 5052 1866 5108 ritus

284 5141 697 5199 observationes
738 5142 1013 5209 subirent;
1056 5150 1112 5197 et
1143 5142 1271 5199 ideo
1302 5142 1527 5199 Paulum
1566 5142 1865 5212 apostolum

286 5240 599 5303 suspectum
642 5233 845 5289 habere
882 5242 1161 5304 asperant
1182 5248 1218 5287 a
1242 5248 1351 5305 quo
1374 5232 1481 5289 illis
1520 5232 1870 5303 Evangelium

287 5321 645 5394 praedicatum
674 5332 815 5391 erat,
866 5331 1122 5392 tanquam
1148 5337 1257 5378 non
1304 5330 1576 5379 tenentem
1627 5321 1867 5394 discipli-

288 5425 418 5467 nam
446 5419 767 5468 caeterorum
833 5412 1216 5484 apostolorum,
1256 5412 1347 5481 qui
1381 5420 1571 5482 gentes
1605 5413 1871 5483 cogebant

282 5501 591 5573 judaizare.
624 5505 876 5562 Cesserat
899 5506 1045 5561 enim
1074 5504 1260 5560 talium
1286 5505 1559 5559 hominum
1601 5502 1871 5560 scandalis

294 5593 574 5664 apostolus
614 5592 827 5663 Petrus,
869 5603 926 5650 et
966 5596 1020 5651 in
1071 5593 1467 5651 simulationem
1497 5593 1690 5650 ductus
1728 5602 1868 5660 erat,

294 5692 555 5756 tanquam
580 5694 638 5741 et
663 5686 778 5759 ipse
803 5686 907 5744 hoc
955 5687 1181 5743 sentiret
1221 5685 1354 5741 nihil
1396 5685 1655 5756 prodesse
1698 5685 1871 5751 genti-

298 5775 401 5832 bus
436 5775 783 5850 Evangelium
824 5779 929 5836 nisi
971 5790 1137 5835 onera
1184 5776 1317 5851 legis
1342 5776 1645 5848 implerent.
1700 5776 1870 5849 Aqua

1952 4598 2100 4672 quod
2127 4599 2267 4656 alius
2298 4614 2401 4670 pro
2432 4596 2830 4668 dispensatione
2866 4593 3174 4660 simularet;
3210 4600 3266 4649 et
3302 4593 3424 4649 ideo
3460 4591 3541 4649 sic

1955 4690 2118 4761 erepit
2133 4707 2147 4744 :
2165 4688 2334 4744 Miror
2352 4687 2493 4761 quod
2508 4687 2584 4743 sic
2608 4695 2717 4741 tam
2735 4685 2837 4740 cito
2871 4683 3243 4754 transferimini
3272 4682 3337 4737 ab
3370 4699 3429 4737 eo
3447 4683 3539 4754 qui
3563 4723 3569 4731 .

1954 4799 2045 4838 vos
2081 4781 2276 4838 vocavit
2306 4781 2365 4835 in
2393 4779 2613 4852 gloriam
2641 4776 2869 4842 Christi,
2906 4775 2964 4829 in
2995 4774 3142 4830 aliud
3173 4772 3536 4845 Euangelium.

1959 4873 2142 4946 (Aug.)
2168 4873 2284 4930 Hoc
2311 4886 2442 4944 ergo
2466 4864 2688 4928 exordio
2710 4883 2891 4925 causa:
2916 4866 3279 4938 quaestionem.
3306 4864 3545 4921 breviter
3571 4896 3575 4900 -

1960 4964 2273 5031 insinuavit,
2311 4976 2617 5034 quanquam
2642 4967 2700 5016 et
2730 4960 2849 5031 ipsa
2888 4958 3229 5025 salutatione,
3261 4974 3385 5015 cum
3410 4957 3548 5015 dicit

1963 5070 2025 5113 se
2055 5054 2359 5127 apostolum
2390 5066 2537 5109 mon
2565 5052 2634 5107 ab
2653 5050 2965 5107 hominibus
3004 5064 3182 5120 neque
3221 5065 3321 5120 per
3358 5049 3539 5107 hami-

1956 5159 2109 5209 nem,
2144 5164 2163 5197 ι
2201 5143 2347 5214 quod
2380 5141 2434 5197 in
2468 5139 2614 5197 nulla
2638 5140 2743 5195 alia
2769 5138 3006 5211 Epistola
3026 5139 3225 5196 dixisse
3247 5139 3540 5205 invenitur,

1970 5234 2105 5291 satis
2140 5232 2396 5298 ostendit,
2412 5237 2475 5287 et
2511 5230 2751 5300 illosqui
2790 5229 2917 5286 talia
2968 5229 3383 5302 persuadebant,
3432 5245 3542 5289 non

1969 5339 2089 5382 esse
2115 5340 2147 5379 a
2172 5323 2432 5389 Deo,‘sed
2459 5323 2529 5379 ab
2567 5321 2894 5388 hominibus,
2941 5330 2998 5378 et
3031 5322 3245 5378 caeteris
3267 5322 3542 5387 apostolis,

1971 5422 2233 5486 quantum
2255 5413 2324 5468 ad
2350 5412 2729 5468 auctoritatem
2761 5410 3055 5469 testimonii
3092 5411 3398 5484 Evangeiici
3423 5426 3571 5480 perm

1973 5502 2124 5567 tinet,
2159 5501 2419 5571 imparem
2440 5513 2500 5556 se
2526 5498 2717 5556 haberi
2754 5514 2862 5554 non
2908 5506 3181 5569 oportere,
3209 5497 3569 5569 quandoqui-.

1974 5594 2098 5651 dem
2138 5606 2248 5648 non
2277 5592 2347 5648 ab
2396 5590 2708 5647 hominibus
2754 5604 2931 5660 neque
2974 5604 3072 5661 per
3106 5590 3399 5654 hominem,
3450 5587 3546 5645 sed

1974 5697 2070 5754 per
2111 5680 2293 5739 Iesum
2318 5680 2594 5738 Christum
2621 5688 2678 5737 et
2703 5679 2872 5736 Deum
2902 5679 3115 5736 Patrem
3150 5693 3210 5735 se
3243 5675 3546 5752 apostolum

1976 5775 2203 5832 noverit.
2239 5772 2459 5845 Singula
2507 5771 2669 5842 igitur
2708 5770 2774 5825 ab
2822 5771 2936 5840 ipso
2979 5767 3229 5841 Epistolm
3264 5765 3547 5832 vestibulo,
