4022 6338
484 411 589 469 N1

1113 411 1183 466 'B.
1224 411 1474 467 RABANI
1517 411 1735 467 MAURI
1767 409 2084 466 ARCHIEP.
2129 409 2432 469 MOGUNT.
2471 413 2758 471 OPEBUM
2789 413 2974 472 PARS
3011 410 3095 468 ιη.

3631 403 3736 464 ΞΙΘ

479 533 830 600 pernuttente
861 525 1088 580 Domino
1126 535 1179 580 et
1217 525 1504 594 adjuvante
1533 524 1765 580 studium
1799 532 2064 588 nostrum,
2091 524 2144 586 Α
2169 527 2315 596 quod
2336 542 2514 597 neque
2539 529 2608 585 ab
2631 523 2940 584 hominibus
2967 537 3070 592 est,
3101 539 3277 596 neque
3300 538 3398 594 per
3439 525 3728 589 hominem,

483 619 564 678 sic
589 614 977 674 consideranda
1015 624 1070 671 et
1098 615 1375 671 tractanda
1417 615 1772 685 suscepimus.

1004 743 1230 803 CAPUT
1280 743 1548 802 PRIMUM

482 837 784 910 Redarguit
801 837 1077 910 Apostolus
1107 835 1326 910 Galatas
1354 837 1417 890 de
1442 835 1599 910 ueloci
1628 836 2060 910 translationeab

549 904 855 978 Evangelia
876 906 1090 978 Christi,
1120 907 1258 978 quod
1287 916 1398 960 tum
1440 904 1715 977 Apostolus
1752 921 1856 959 non
1881 907 1944 959 ab
1970 907 2061 962 ho-

546 979 686 1032 mine
706 974 930 1047 accepit,
959 977 1047 1031 sed
1072 995 1105 1030 a
1131 974 1358 1031 Christo.

557 1084 764 1139 Paulus
801 1084 1064 1155 apostolus
1089 1101 1194 1158 non
1222 1084 1286 1138 ab
1311 1082 1628 1149 hominibus,
1655 1100 1818 1154 neque
1843 1100 1935 1155 per
1969 1083 2061 1137 ho-

485 1177 714 1241 minem,
747 1175 837 1228 sed
878 1191 970 1245 per
1001 1175 1183 1230 Iesum
1235 1173 1500 1229 Christum
1523 1184 1571 1229 et
1631 1173 1795 1229 Deum
1845 1173 2060 1229 Patrem

486 1267 577 1338 qui
601 1265 870 1320 suscitavit
909 1281 1025 1320 eum
1055 1282 1087 1319 a
1122 1265 1358 1344 mortuis.
1379 1263 1616 1336 (Ambr.)
1656 1263 1973 1333 Apostolum
2004 1277 2063 1319 se

479 1372 592 1411 non
614 1356 682 1410 ab
711 1355 1020 1412 hominibus
1045 1355 1297 1422 electum,
1323 1364 1379 1410 et
1408 1356 1634 1410 missum
1657 1357 1724 1411 ad
1764 1354 2063 1426 praedican-

481 1447 608 1500 dum
663 1453 924 1501 testatur:
971 1446 1112 1500 sicut
1165 1453 1322 1500 erant
1367 1445 1598 1515 quidam
1639 1445 1739 1516 qui
1779 1445 1946 1501 electi
1989 1445 2067 1500 ab

479 1537 739 1608 apostolis
781 1535 1134 1592 mittebantur
1167 1551 1230 1591 ao
1262 1536 1528 1592 Ecclesias
1571 1535 1932 1602 roborandus;
1963 1551 2059 1591 ne-

477 1643 582 1697 que
623 1628 762 1684 sicut
807 1627 897 1681 alii
945 1627 1036 1696 qui
1078 1642 1106 1680 a
1143 1625 1347 1682 ludatis
1377 1625 1732 1681 mittebantur
1756 1626 1825 1681 ad
1866 1625 2064 1681 distur-

451 1723 689 1778 ‘bandas
725 1721 1016 1787 Ecclesias,
1059 1735 1196 1792 quos
1249 1718 1722 1791 pseudoapostolos
1747 1727 1921 1784 vocat,
1966 1719 2061 1776 sed

483 1831 514 1868 a
548 1813 692 1874 Filio,
714 1814 809 1869 Dei
842 1813 1064 1868 missum
1096 1827 1174 1878 se,
1215 1827 1374 1883 quem
1419 1812 1475 1867 in
1498 1813 1602 1870 hac
1647 1827 1810 1869 causa
1858 1811 2059 1868 idcirco

479 1903 760 1958 hominem
795 1916 993 1974 negare
1016 1901 1256 1957 videtur:
1285 1902 1412 1972 quia
1435 1910 1702 1973 praecepta
1737 1903 1890 1972 quasi
1921 1902 2061 1968 Deus

476 1992 646 2059 dedit,
673 2008 779 2048 non
807 1994 958 2063 quasi
987 1995 1168 2059 homo,
1191 2003 1246 2049 et
1264 2008 1424 2064 quem
1447 1993 1625 2064 elegit,
1650 1993 1831 2048 divino
1857 1992 2062 2061 judicio

478 2087 659 2156 elegit.
694 2086 798 2142 Per
837 2086 982 2158 quod
1029 2087 1279 2142 idoneum
1306 2085 1601 2141 et'lirmum
1651 2100 1708 2142 se
1748 2085 2062 2156 praedicato-

478 2191 594 2230 rem
632 2175 930 2248 signiﬁcat:
959 2175 1084 2246 quia
1119 2175 1287 2231 multo
1318 2175 1501 2244 utique
1547 2173 1746 2230 melior
1763 2183 1847 2229 est
1898 2179 2059 2244 quem

480 2271 644 2336 Deus,
697 2284 860 2339 quam
899 2285 1058 2340 quem
1099 2269 1259 2326 homo
1296 2269 1461 2340 eligit.
1507 2268 1706 2340 Neque,
1748 2269 1939 2339 inquit,
1970 2285 2063 2339 per

478 2361 758 2426 hominem,
795 2361 934 2417 sicut
961 2361 1364 2418 arbitrabantur
1387 2362 1452 2416 de
1472 2359 1688 2417 Christo
1709 2360 1800 2432 qui
1827 2361 1926 2416 hos
1964 2375 2057 2416 co-

479 2451 680 2520 gebant
709 2451 1045 2518 circumcidi,
1070 2452 1159 2507 sed
1204 2469 1296 2522 per
1317 2451 1498 2506 Iesum
1534 2450 1824 2517 Christum,
1870 2451 1924 2506 id
1952 2459 2058 2516 est,

480 2555 581 2608 per
605 2554 726 2596 cum
762 2542 853 2612 qui
887 2543 1028 2597 Deus
1053 2550 1108 2597 et
1131 2543 1294 2598 homo
1329 2550 1431 2598 est.
1477 2541 1628 2608 Quod
1674 2543 1856 2598 statim
1887 2542 2061 2612 aperit

478 2646 603 2686 cum
643 2633 799 2688 dicit:
846 2633 914 2687 Et
943 2633 1111 2688 Deum
1170 2635 1383 2689 Patrem
1436 2635 1526 2706 qui
1568 2634 1834 2689 suscitavit
1867 2649 1984 2689 eum
2025 2650 2058 2687 a

480 2724 720 2777 mortuis.
772 2723 885 2779 Hoc
909 2724 1052 2780 dicto
1079 2724 1212 2779 duas
1259 2724 1490 2779 haereses
1524 2724 1823 2790 damnavit,
1849 2733 1906 2778 et
1949 2723 2060 2778 Ma-

481 2815 676 2870 nichtni
715 2823 771 2870 et
808 2814 1052 2881 Photini;
1087 2815 1212 2886 quia
1261 2814 1593 2870 Manichacus-
1631 2813 1902 2870 Christum
1961 2815 2060 2870 ho-

481 2905 682 2958 minem
727 2913 908 2975 negat,
935 2913 990 2960 et
1020 2920 1126 2960 non
1153 2915 1312 2974 negat
1333 2903 1648 2958 crucifixum
1669 2922 1694 2958 :-
1715 2911 1780 2958 et'
1795 2904 2060 2959 Photinus

480 2991 753 3048 Christum
785 2994 948 3049 Deum
989 3009 1108 3049 esse
1135 3009 1240 3048 non
1289 2991 1555 3057 concedit,
1582 3001 1640 3048 et
1673 3003 1850 3048 tamen
1880 2993 2053 3064 ipsum

482 3099 567 3148 se,
609 3083 712 3139 hoc
765 3092 871 3151 est,
920 3099 1116 3154 corpus
1155 3099 1309 3139 suum
1343 3082 1610 3138 excitasse
1637 3099 1668 3136 a
1705 3084 1929 3138 mortuis
1961 3098 2055 3139 ne-

488 3189 616 3245 gare
646 3190 753 3228 non
781 3174 975 3238 audet;
1000 3182 1060 3228 ut
1105 3172 1426 3227 Manichzeus
1464 3189 1586 3228 cum
1612 3172 1928 3228 cruciﬁxum
1949 3189 2060 3228 non

482 3273 670 3336 tegat,
697 3264 858 3320 stulte
900 3279 1024 3319 eum
1059 3264 1329 3319 hominem
1357 3279 1462 3318 non
1493 3261 1651 3318 fateri
1676 3262 1920 3318 videatur
1949 3278 1964 3328 ;
2001 3271 2064 3318 et-

487 3349 748 3409 Photinus
779 3353 1052 3424 impietate
1092 3353 1322 3422 quadam
1357 3351 1521 3408 Deum
1551 3367 1767 3426 negare,
1801 3369 1959 3423 quem
1978 3369 2060 3408 sc-

484 3443 658 3512 ipsum
683 3457 712 3497 a
743 3443 969 3498 mortuis
993 3443 1258 3498 excitasse
1286 3441 1498 3498 fatetur.
1521 3442 1674 3514 Legit
1691 3443 1834 3498 enim
1857 3443 2058 3499 dixisse

487 3531 802 3586 Dominum:
830 3531 1024 3588 holvite
1065 3532 1306 3604 templum
1335 3534 1450 3600 hoc,
1483 3543 1530 3588 et
1557 3551 1648 3606 ego
1679 3534 1841 3588 tribus
1877 3534 2056 3590 diebus

483 3622 718 3676 excitabo
766 3623 932 3677 illud:
961 3625 1056 3679 hoc
1083 3634 1254 3680 autem
1279 3626 1478 3680 dicebat
1503 3627 1567 3681 de
1594 3626 1784 3697 templo
1828 3628 2062 3698 corporis

485 3715 567 3768 sui
594 3714 772 3785 (Ioan.
793 3715 875 3786 ιι).
894 3715 1188 3787 lgituripse
1211 3717 1453 3774 excitans
1467 3733 1524 3774 se
1545 3733 1576 3772 a
1597 3719 1844 3784 mortuis,
1868 3733 2063 3790 corpus

489 3821 644 3860 suum
667 3806 936 3876 significat
958 3823 989 3861 a
1009 3808 1234 3863 mortuis
1258 3823 1316 3864 se
1343 3809 1628 3876 excitasse,
1647 3809 2063 3866 etnihilominus

486 3906 664 3954 tamen
693 3914 724 3952 a
757 3898 918 3953 Patre
946 3913 1044 3953 suo
1064 3899 1259 3954 dicitur
1292 3899 1578 3964 excitatus,
1603 3908 1904 3970 propterea.
1923 3899 2065 3970 quod

485 3987 663 4041 mnnis
681 3987 854 4042 virtus
869 3985 986 4041 Filii
1009 3987 1075 4042 de
1090 3987 1249 4042 Patre
1275 3995 1379 4051 est,
1407 3995 1464 4041 ut
1486 3997 1632 4056 gesta
1655 3987 1775 4042 Filii
1798 3988 1938 4042 facta
1959 3990 2068 4044 sint

486 4078 682 4144 Patris,
707 4095 773 4135 ex
795 4095 901 4148 quo
927 4087 1052 4134 sunt
1071 4079 1273 4134 omnia.
1303 4077 1498 4150 (Hier.)
1521 4078 1631 4134 Nec
1657 4080 2068 4150 prmtermitten-

483 4169 609 4222 dum
635 4169 777 4238 quod
807 4168 1014 4224 lliebrtei
1041 4168 1192 4223 aiunt
1213 4169 1352 4224 inter
1379 4169 1520 4239 ipsos
1543 4185 1753 4241 quoque
1779 4171 2072 4240 prophetas

483 4266 540 4311 et
568 4267 782 4313 sanctos
809 4260 953 4312 viros
985 4271 1104 4313 esse
1130 4259 1396 4328 quosdam
1432 4259 1521 4328 qui
1567 4269 1622 4314 et
1667 4261 1948 4329 propheta:
2000 4269 2056 4314 et

485 4348 710 4416 apostoli
759 4349 898 4414 sint,
951 4349 1085 4404 alios
1115 4365 1244 4404 vero
1271 4350 1361 4420 qui
1405 4352 1928 4420 tantum'prophetaa.
1958 4349 2064 4405 Dea-

486 4441 651 4510 niqne
674 4439 908 4511 Moysen.
940 4441 1026 4495 cui
1064 4441 1298 4496 dicitur:
1349 4439 1484 4495 Ecce
1531 4446 1626 4511 eg‘o
1669 4443 1968 4494 mittamvte'
1998 4441 2067 4495 ad

2164 619 2257 673 sed
2301 633 2399 688 per
2439 618 2623 674 Jesum
2664 619 2941 674 Christum
2971 625 3026 670 et
3053 617 3224 671 Deum
3271 613 3537 669 Patrem:
3567 615 3738 680 aliud,

2161 707 2302 777 quod
2327 721 2362 761 a
2402 707 2511 762 Deo
2533 707 2750 778 quidem
2781 715 2884 771 est,
2916 707 3010 761 sed
3035 720 3135 776 per
3154 703 3428 758 hominem
3455 721 3470 758 :
3500 704 3734 766 tertium,

2162 798 2302 868 quod
2328 795 2394 850 ab
2422 796 2636 851 homine
2659 805 2714 852 et
2737 811 2842 850 non
2868 812 2898 850 a
2916 796 3054 850 Deo:
3086 801 3362 864 quartum,
3389 794 3532 863 quod
3565 807 3738 863 neque

2163 903 2192 942 a
2221 885 2354 952 Deo,
2375 902 2550 957 neque
2576 903 2672 958 per
2695 888 2992 952 hominem,
3028 901 3201 956 neque
3223 885 3292 940 ab
3315 887 3558 952 homine,
3587 887 3680 942 sed
3705 903 3732 940 a

2160 979 2468 1048 semetipso.
2500 981 2577 1036 De
2617 979 2791 1052 primo
2837 991 3032 1048 genere
3082 985 3259 1046 potest
3309 991 3429 1033 esse
3469 977 3657 1042 Isaias,
3686 987 3742 1032 et

2161 1073 2340 1128 caeteri
2392 1074 2698 1144 prophetae,
2745 1079 2801 1126 et
2847 1070 2961 1140 ipse
3029 1068 3304 1136 apostolus
3355 1069 3592 1135 Paulus,
3646 1069 3740 1138 qui

2161 1176 2336 1232 neque
2363 1162 2432 1218 ab
2467 1161 2774 1217 hominibus
2811 1172 2986 1228 neque
3008 1172 3105 1230 per
3131 1159 3425 1224 hominem,
3454 1158 3596 1213 seda
3631 1157 3750 1212 Deo

2162 1252 2319 1308 Patre
2360 1261 2417 1308 et
2458 1251 2673 1310 Christo
2729 1254 2928 1308 missus
2979 1261 3080 1309 est.
3131 1253 3206 1308 De
3263 1249 3523 1314 secundo,
3579 1246 3744 1303 Jesus

2161 1343 2302 1399 ﬁlius
2341 1343 2508 1410 Nave,
2551 1345 2642 1414 qui
2687 1359 2718 1398 a
2761 1345 2870 1400 Deo
2898 1345 3112 1414 quidem
3151 1352 3234 1401 est
3279 1341 3552 1414 apostolus
3601 1356 3740 1396 cou-

2161 1435 2408 1500 stitutus,
2439 1436 2530 1491 sed
2554 1451 2654 1506 per
2680 1436 2972 1502 hominem,
3017 1435 3258 1508 Moysen.
3301 1434 3543 1489 Tertium
3571 1447 3745 1504 genus

2159 1535 2263 1592 est,
2302 1542 2422 1582 cum
2443 1527 2718 1582 hominum
2743 1527 2926 1582 favore
2955 1536 3010 1582 et
3029 1527 3206 1582 studio
3225 1527 3417 1596 aliquis
3434 1525 3742 1587 ordinatur,

2161 1624 2223 1671 ut
2261 1631 2404 1672 nunc
2431 1617 2673 1672 videmus
2696 1617 2955 1687 plurimos
2974 1633 3082 1672 non
3116 1617 3205 1672 Dei
3229 1616 3454 1686 judicio,
3505 1615 3599 1672 sed
3650 1630 3738 1669 re-

2160 1705 2374 1777 dempto
2397 1705 2580 1762 favore
2608 1708 2751 1780 vulgi
2779 1709 2832 1762 in
2852 1709 3208 1764 sacerdotium
3231 1707 3530 1780 subrogari.
3567 1706 3745 1773 Quar-

2163 1807 2274 1854 tum
2297 1809 2381 1855 est
2424 1802 3002 1872 pseudoprophetarum
3042 1811 3104 1858 et
3139 1801 3739 1873 pseudoapostolorum,

2090 1867 2135 1926 Β
2165 1888 2230 1944 de
2287 1867 2484 1959 quibus
2519 1867 2865 1960 Apostolus-:-
2908 1867 3234 1956 Istiusmodi,
3290 1867 3462 1962 inquit
3513 1890 3757 1961 pseudo-

2163 1977 2403 2047 apostoli,
2443 1979 2678 2048 operarii
2717 1979 3007 2050 iniquitatis
3033 2021 3049 2046 ,
3097 1982 3530 2050 transﬁgurantes
3580 1997 3638 2035 se
3687 1981 3756 2033 in-

2163 2067 2424 2137 apostolos
2452 2064 2645 2121 Christi
2665 2068 2755 2138 qui
2789 2068 2967 2122 dicunt
2991 2085 3009 2124 :
3041 2068 3170 2124 Haec
3211 2071 3336 2124 dicit
3364 2070 3624 2124 Dominus
3651 2085 3670 2121 :
3696 2078 3746 2123 et

2165 2157 2420 2212 Dominus
2444 2173 2548 2211 non
2586 2158 2726 2212 misit
2763 2175 2861 2214 eos.
2890 2158 2972 2230 (II
2999 2158 3122 2216 Cor.
3153 2161 3252 2232 xi).
3283 2162 3480 2218 Verum
3517 2177 3627 2216 non
3666 2171 3756 2215 ta-

2161 2244 2229 2301 lis
2269 2244 2555 2316 Apostolus
2580 2246 2799 2312 Paulus,
2832 2248 2922 2318 qui
2947 2264 3121 2318 neque
3147 2251 3214 2304 ab
3239 2251 3751 2321 hominibus-neque

2160 2349 2258 2405 per
2290 2335 2582 2402 hominem,
2610 2336 2704 2392 sed
2733 2352 2763 2390 a
2787 2337 2896 2392 Deo
2921 2337 3080 2394 Patre
3119 2355 3216 2410 per
3251 2337 3434 2396 Iesum
3464 2339 3747 2395 Christum

2161 2427 2358 2482 missus
2369 2435 2470 2481 est.
2489 2426 2568 2480 Ex
2585 2442 2691 2496 quo
2705 2428 3030 2496 approbatur
3043 2428 3264 2484 Ebionis
3283 2437 3337 2484 et
3351 2428 3562 2484 Photini
3576 2429 3748 2484 etiam

2161 2517 2286 2572 hinc
2311 2516 2538 2572 haeresis
2557 2518 3068 2590 retundenda,.quod
3089 2517 3347 2576 Dominus
3375 2529 3557 2574 noster
3582 2519 3750 2576 Iesus

2159 2607 2405 2662 Christus
2443 2607 2585 2662 Deus
2615 2607 2706 2673 sit,
2739 2607 2865 2662 dum
2896 2608 3184 2679 Apostolus
3211 2609 3304 2679 qui
3349 2625 3380 2664 a
3415 2608 3635 2666 Christo
3673 2612 3750 2666 ad

2159 2699 2593 2769 praedicationem
2631 2700 2906 2770 Evangelii
2947 2701 3145 2758 missus
3177 2712 3281 2768 est,
3322 2712 3480 2774 negat
3515 2718 3572 2758 se
3607 2704 3744 2758 mis-

2158 2808 2276 2848 sum
2295 2808 2416 2850 esse
2436 2795 2504 2870 ab
2527 2795 2763 2858 homine.
2790 2794 3100 2866 Subrepunt
3121 2799 3223 2854 hoc
3245 2798 3364 2855 loco
3388 2810 3603 2855 caetera:
3629 2802 3748 2858 ha.L

2161 2896 2471 2951 reses,qure
2519 2884 2816 2952 putativam
2862 2883 3063 2940 Christi
3117 2902 3333 2944 carnem
3383 2889 3747 2956 vindicantes,

2161 2973 2330 3029 Deum
2355 2973 2503 3029 aiunt
2533 2974 2810 3030 Christum
2851 2991 2992 3043 esse,
3033 2992 3141 3032 non
3171 2980 3464 3036 hominem.
3497 2981 3607 3037 Nec
3633 2997 3750 3036 non

2159 3071 2216 3118 et
2246 3077 2383 3117 nova
2407 3062 2647 3128 haeresis,
2678 3079 2799 3134 quae
2821 3065 3155 3121 dimidiatam
3183 3067 3383 3125 Christi
3407 3071 3603 3126 asserit
3628 3071 3751 3126 dis-

2158 3152 2544 3222 pensationem.
2594 3153 2770 3224 Atque
2817 3153 2891 3210 ita
2937 3155 3189 3213 Ecclesia:
3239 3158 3371 3216 fides
3406 3162 3550 3216 inter
3595 3169 3750 3216 tanta

2161 3241 2417 3300 falsorum
2464 3243 2772 3314 dogmatum
2825 3243 3103 3318 naufragia
3150 3249 3462 3316 constituta,
3512 3251 3557 3306 si
3585 3249 3720 3306 Chri

2159 3342 2299 3388 stum
2329 3332 2560 3390 fateatur
2595 3334 2896 3402 hominem,
2935 3336 3107 3392 Ebion
3151 3337 3519 3409 Photinusque
3546 3341 3748 3396 subre-

2161 3433 2346 3494 punt:
2399 3425 2444 3480 si
2501 3423 2667 3479 Deum
2717 3439 2836 3480 esse
2887 3428 3258 3494 contenderit,
3307 3427 3637 3486 Manichznus
3687 3442 3754 3486 et

2163 3513 2418 3581 Marcion,
2473 3524 2530 3570 et
2577 3515 2770 3571 novelli
2826 3516 3095 3587 dogmatis
3150 3526 3400 3576 auctores
3457 3521 3746 3578 ebulliunt.

2163 3608 2219 3663 ln
2249 3608 2740 3676 commune-itaque
2767 3609 2991 3663 audiant
3015 3609 3300 3666 Christum
3322 3621 3377 3667 et
3421 3613 3588 3668 Deum
3621 3629 3750 3670 esse

2163 3699 2544 3754 ethominem:
2575 3713 2682 3753 non
2705 3697 2848 3767 quod
2875 3697 3012 3754 alius
3032 3698 3274 3756 Deus—sit
3300 3711 3356 3757 et
3381 3702 3528 3758 alius.
3544 3704 3745 3760 homo:

2164 3791 2258 3846 sed
2290 3790 2432 3861 quod
2460 3790 2552 3861 qui
2597 3789 2739 3844 Deus
2767 3803 2980 3859 semper
3014 3799 3168 3856 erat,
3191 3792 3354 3847 homo
3391 3792 3461 3847 ob
3499 3802 3750 3849 nostram

2165 3883 2390 3939 salutem
2417 3897 2536 3938 esse
2562 3881 2811 3950 dignatus
2832 3889 2934 3936 est.
2970 3880 3152 3952 (Αίις.)
3187 3881 3291 3949 Qui
3333 3883 3402 3938 ab
3429 3883 3749 3941 hominibus

2167 3979 2416 4043 mittitur,
2456 3975 2683 4031 mendax
2735 3983 2850 4040 est;
2901 3975 2992 4044 qui
3023 3975 3436 4044 perhominem
3485 3976 3746 4040 mittitur,

2165 4079 2344 4142 potest
2369 4083 2490 4126 esse
2521 4083 2730 4123 verax:
2776 4066 2902 4136 quia
2935 4073 2990 4120 et
3033 4065 3175 4122 Deus
3216 4082 3379 4122 verax
3421 4075 3599 4138 potest
3645 4083 3748 4138 per

2167 4162 2434 4216 hominem
2458 4160 2690 4214 mittere.
2724 4158 2825 4226 Qui
2847 4174 2975 4228 ergo
2998 4172 3170 4227 neque
3196 4156 3262 4212 ab
3286 4157 3618 4222 hominibus,
3647 4174 3747 4213 ne-

2166 4267 2272 4322 que
2311 4267 2407 4321 per
2437 4249 2728 4312 hominem,
2767 4248 2862 4304 sed
2902 4263 3000 4318 per
3035 4247 3202 4303 Deum
3251 4247 3500 4310 mittitur,
3551 4248 3618 4302 ab
3650 4247 3747 4304 illo

2167 4356 2331 4397 verax
2363 4348 2491 4415 est:
2523 4339 2618 4410 qui
2653 4338 2817 4394 etiam
2845 4353 2942 4408 per
2979 4337 3253 4394 hominem
3298 4338 3492 4394 missos
3519 4353 3744 4394 veraces

2168 4432 2313 4487 facit.
2346 4431 2561 4486 Priores
2589 4445 2718 4502 ergo
2752 4429 2978 4500 apostoli
3010 4430 3375 4500 veraces,.qui
3405 4445 3510 4486 non
3546 4431 3614 4485 ab
3649 4431 3746 4486 ho-

487 4528 817 4586 Pharaonem
851 4529 1180 4602 (Exoritur);
1209 4539 1263 4586 et
1284 4532 1396 4601 ipse
1445 4531 1768 4600 respondeat
1794 4549 1807 4586 :
1839 4529 2061 4586 Provide

2167 4522 2402 4576 minibus
2433 4522 2583 4578 seda
2627 4522 2861 4590 Deoper
2901 4521 3174 4576 hominem
3202 4521 3352 4576 missi
3397 4530 3540 4584 sunt,
3565 4529 3619 4574 et
3643 4536 3746 4590 per

2173 4612 2244 4629 .,.
2331 4628 2334 4629 ν
2406 4613 2461 4629 η.
2641 4628 2666 4629 η
3211 4609 3484 4629 ___-_.-.___
3567 4608 3738 4629 .y____

487 4621 650 4675 alium
700 4639 850 4693 quem
899 4623 1092 4676 mittas
1115 4621 1332 4693 (-lbid.);
1374 4629 1430 4676 et
1479 4621 1676 4676 lsaiam
1707 4622 1793 4677 cui
1829 4621 2061 4690 loquitur

2165 4612 2346 4667 Jesum
2403 4612 2676 4668 ChriStum
2727 4610 2934 4667 scilicet
2987 4611 3164 4665 adhuc
3209 4609 3511 4664 mortalem.
3567 4608 3742 4665 Verax

491 4711 631 4766 Deus
657 4730 668 4764 :
713 4713 876 4778 Quem
908 4713 1132 4780 mittam,
1162 4722 1210 4767 et
1237 4715 1350 4784 quis
1371 4711 1462 4766 ibit
1495 4712 1565 4766 ad
1591 4710 1836 4782 populum
1865 4711 2062 4766 istum!

488 4800 624 4868 (ιω.
643 4801 740 4872 vr.)
757 4815 874 4856 esse
899 4809 953 4856 et
977 4800 1324 4871 apostolos-et
1345 4801 1652 4870 prophetas.
1714 4798 1863 4855 Unde
1889 4807 1943 4854 et
1960 4815 2058 4855 nos

491 4905 771 4959 possumus
808 4891 1107 4960 intelligere
1150 4889 1408 4944 Joannem
1446 4903 1662 4958 quoque
1685 4888 1979 4958 Baptistam
2006 4897 2060 4944 et

489 4982 806 5051 prophetam
854 4991 910 5036 et
967 4979 1264 5050 apostolum
1317 4978 1710 5048 appellandum,
1759 4979 2056 5048 siquidem,

491 5072 568 5126 ait
589 5070 867 5140 Scriptura
889 5089 902 5124 :
932 5069 1054 5123 Fuit
1071 5071 1224 5122 homo
1243 5068 1430 5122 missus
1456 5085 1488 5122 a
1509 5067 1618 5121 Deo
1638 5068 1721 5122 cui
1745 5084 1930 5121 nomen
1945 5079 2055 5122 erat

489 5161 722 5216 Joannes
760 5159 1032 5232 (Joan.t).
1056 5159 1124 5214 Et
1148 5159 1202 5212 in
1249 5157 1500 5227 Epistola:
1537 5157 1606 5212 ad
1659 5156 1912 5212 Hebraeos
1939 5171 2059 5228 pro-

493 5259 673 5319 pterea
702 5250 926 5304 Paulum
949 5248 1101 5304 solita
1123 5246 1526 5311 consuetudine,
1541 5261 1642 5301 nec
1664 5259 1859 5302 nomen
1883 5260 2060 5308 suum,

496 5358 596 5398 nec
656 5342 878 5411 apostoli
902 5339 1218 5395 vocabulum
1242 5337 1626 5410 praeposuisse,
1654 5337 1779 5407 quia
1810 5337 1876 5391 de
1903 5335 2062 5392 Chri-

494 5443 580 5488 sto
619 5443 736 5488 erat
765 5434 1038 5487 dicturus:
1070 5429 1330 5484 Habentes
1355 5445 1476 5497 ergo
1503 5427 1796 5497 principem
1822 5425 2065 5481 sacerdo-

495 5532 666 5576 tumet
688 5520 978 5589 apostolum
1007 5519 1344 5588 confessionis
1371 5526 1562 5572 nostra:
1589 5514 1960 5586 Jesum(Hebr.
1978 5515 2063 5585 ιι),

497 5631 597 5670 nec
635 5613 797 5668 fuisse
832 5628 1123 5683 congruum
1154 5621 1214 5667 ut
1247 5611 1335 5666 ubi
1383 5609 1632 5665 Christus
1683 5606 1956 5679 apostolus
1988 5606 2068 5661 di-

497 5705 700 5760 cendus
729 5713 878 5768 erat,
907 5704 978 5759 ibi
1005 5705 1166 5758 etiam
1205 5703 1400 5758 Paulus
1436 5701 1708 5772 apostolus
1757 5706 2065 5768 poneretur.

502 5796 740 5866 Quatuor
780 5805 955 5852 autem
1005 5813 1197 5869 genera
1269 5794 1628 5866 apostolorum
1682 5800 1806 5847 sunt
1849 5804 1862 5844 :
1903 5803 2066 5843 unum

2162 4704 2324 4759 etiam
2349 4702 2673 4758 novissimus
2705 4700 2995 4772 apostolus,
3020 4700 3112 4769 qui
3135 4714 3231 4770 per
3254 4697 3438 4754 Jesum
3461 4699 3740 4754 Christum

2163 4802 2334 4850 totum
2357 4791 2471 4860 jam
2522 4793 2688 4847 Deum
2736 4799 2857 4860 post
2895 4791 3342 4845 resurrectionem
3385 4787 3500 4858 ejus
3542 4791 3744 4847 missus

2161 4897 2266 4945 est.
2311 4887 2526 4942 Priores
2567 4896 2691 4941 sunt
2725 4885 2905 4940 cmteri
2949 4885 3192 4954 apostoli
3219 4884 3618 4956 per'Christum
3649 4887 3744 4940 ad—

2164 4978 2269 5031 huc
2291 4991 2358 5031 ex
2401 4985 2554 5046 parte
2602 4975 2892 5040 hominem,
2924 4971 2978 5030 id
3006 4983 3091 5029 est
3133 4975 3414 5030 mortalem
3448 4994 3460 5029 :
3505 4977 3740 5032 novissi—

2164 5082 2284 5122 mus
2309 5075 2392 5122 est
2429 5065 2626 5120 Paulus
2653 5064 2927 5134 apostolus
2968 5079 3066 5133 per
3105 5063 3379 5121 Christum
3414 5065 3527 5135 jam
3569 5075 3741 5120 totum

2165 5158 2359 5220 Deum,
2389 5157 2440 5211 id
2485 5164 2588 5220 est,
2618 5153 2764 5210 omni
2803 5169 2868 5209 ex
2910 5164 3061 5225 parte
3091 5155 3469 5212 immortalem.
3502 5156 3584 5212 Sit
3608 5172 3743 5228 ergo

2169 5247 2460 5304 testimonii
2482 5246 2599 5316 ejus
2619 5243 2838 5313 azqualis
2887 5245 3218 5310 auctoritas,
3243 5245 3298 5300 in
3341 5246 3495 5316 cujus
3533 5246 3742 5302 honore

2170 5337 2356 5406 implet
2380 5334 2693 5390 clariﬁcatio
2733 5334 2965 5399 Domini,
2997 5334 3042 5388 si
3080 5335 3208 5404 quid
3251 5336 3416 5390 habet
3438 5335 3573 5390 ordo
3597 5344 3739 5390 teni-

2168 5423 2316 5493 poris
2342 5423 2538 5477 minus.
2571 5423 2866 5478 Ideo-enim
2889 5439 3012 5478 cum
3046 5425 3289 5488 dixisset,
3318 5433 3366 5478 et
3409 5424 3578 5478 Deum
3627 5423 3737 5477 Ρη-

2167 5519 2318 5574 trem,
2341 5509 2565 5574 addidit,
2588 5511 2676 5580 qui
2699 5513 2961 5566 suscitavit
2987 5512 3136 5565 illum
3163 5530 3196 5566 a
3220 5513 3459 5576 mortuis,
3487 5521 3546 5566 ut
3570 5514 3736 5567 etiam

2167 5622 2231 5659 ex
2256 5606 2360 5660 hoc
2374 5605 2532 5660 modo
2539 5605 2649 5676 jam
2666 5621 2696 5660 a
2723 5605 3015 5660 clariﬁcato
3035 5605 3258 5660 missum
3286 5620 3480 5660 seesse
3500 5605 3739 5660 breviter

2168 5702 2630 5752 commemoraret.
2657 5696 2722 5750 Et
2746 5696 3056 5764 quimecum
3091 5706 3210 5749 sunt
3253 5697 3442 5764 fratres
3488 5695 3738 5750 Ecclesia:

2171 5782 2392 5839 Galatia:
2440 5777 2973 5855 (Anibr.)Postqnam
3003 5785 3374 5842 auctoritatem
3405 5801 3555 5840 suam
3581 5799 3735 5840 com-
