4022 6338
327 358 442 416 249

796 355 1344 416 ENARRATIONUM
1380 356 1448 415 IN
1486 359 1634 432 EPP.
1674 360 1879 418 PAULI
1915 361 2042 416 LIB.
2079 362 2218 417 XIV.
2253 393 2325 404 -
2359 361 2426 417 IN
2465 361 2680 417 EPIST.
2720 362 2810 416 AD
2849 359 3098 415 GALAT.

3469 326 3576 416 25η

328 469 629 536 meudavit,
663 468 839 524 adhuc
881 476 1040 541 auget
1076 467 1144 523 ad
1170 483 1409 535 causam,
1457 478 1516 524 ut
1549 479 1773 526 caeteros
1814 471 1906 540 qui
1932 475 1981 532 Α
2010 471 2241 526 secunda
2271 471 2570 533 nativitate,
2605 468 2699 523 filii
2747 467 2841 521 Dei
2871 466 3144 537 appellati.
3177 467 3310 522 Cum
3339 467 3482 523 enim
3521 469 3576 524 in

326 575 517 616 secum
543 567 718 625 erant,
741 573 929 614 omnes
960 567 1260 614 commotos
1302 559 1560 614 adversus
1603 574 1698 614 eos
1724 568 1906 615 osten-

327 651 503 704 deret.
535 648 794 716 Quamvis
834 646 1100 704 sufﬁceret
1129 649 1423 703 auctoritas
1464 648 1598 716 ejus,
1636 664 1738 705 nec
1777 665 1902 720 pos-

324 748 413 797 set
433 738 688 806 refutari,
715 746 896 793 tamen
924 746 984 792 ut
1024 745 1212 808 gravet
1248 736 1447 792 factum
1475 738 1707 804 illorum,
1737 754 1843 808 quo
1873 755 1904 794 a

311 828 502 908 ~prima
549 827 655 882 fide
699 827 1039 893 destiterant,
1081 827 1276 882 multos
1323 842 1505 882 secum
1537 843 1796 884 accensos
1837 829 1904 884 ad

321 934 566 974 errorem
606 918 820 974 illorum
867 917 1198 988 arguendum
1229 917 1513 989 designat:
1557 918 1715 974 facile
1759 919 1903 975 enim

320 1009 526 1080 poterit
549 1009 672 1080 quis
707 1007 1008 1078 intelligere
1040 1022 1224 1062 errare
1250 1023 1330 1074 se,
1368 1010 1415 1064 si
1451 1025 1483 1064 a
1513 1010 1696 1064 multis
1730 1025 1797 1065 se
1819 1011 1904 1065 vi-

321 1097 452 1151 deat
481 1096 822 1167 reprehendi.
868 1096 1066 1168 (Hier.)
1093 1096 1152 1150 In
1185 1095 1308 1152 aliis
1335 1096 1586 1166 Epistolis
1609 1097 1905 1155 Sosthenes

320 1195 379 1242 et
419 1185 689 1252 Silvanus,
721 1186 988 1240 interdum
1012 1195 1066 1241 et
1095 1185 1412 1242 Timotheus
1438 1188 1494 1242 in
1523 1189 1744 1244 exordio
1765 1204 1904 1259 prae-

316 1286 634 1344 ponuntur:
663 1276 717 1330 in
749 1276 851 1331 hac
884 1284 1110 1341 tantum,
1150 1275 1276 1346 quia
1318 1278 1624 1334 necessaria
1650 1285 1768 1333 erat
1805 1293 1903 1334 au-

317 1365 546 1420 ctoritas
569 1364 946 1434 plurimorum,
971 1364 1214 1420 omnium
1259 1363 1489 1421 fratrum
1516 1383 1713 1422 nomen
1747 1383 1904 1424 assa-

313 1457 526 1510 mitur:
555 1456 645 1524 qui
691 1463 746 1510 et
781 1455 884 1525 ipsi
920 1454 1150 1510 forsitan
1175 1471 1243 1511 ex
1287 1456 1698 1512 circumcisione
1721 1465 1898 1524 erant,

314 1555 374 1602 et
410 1562 440 1600 a
471 1545 676 1601 Calatis
702 1560 812 1600 non
851 1545 1185 1615 contemptui
1212 1546 1568 1601 ducebantur.
1599 1547 1899 1602 Plurimum

311 1637 516 1706 quippe
543 1634 674 1690 facit
716 1635 784 1690 ad
811 1635 1067 1706 populum
1095 1636 1493 1706 corrigendum,
1521 1636 1822 1692 multorum.
1839 1635 1895 1691 in

311 1742 422 1780 una
451 1739 512 1781 re
545 1725 812 1781 sententia
843 1734 1008 1794 atque
1045 1739 1364 1781 consensus.
1397 1725 1551 1793 Quod
1575 1734 1756 1781 autem
1796 1725 1894 1792 ait,

2005 560 2310 616 conditione
2348 559 2542 615 diaboli
2571 573 2736 630 genus
2753 557 3030 611 hominum
3061 564 3352 623 teneretur,
3384 557 3574 614 Salva-

2007 661 2093 708 tor
2119 651 2312 708 obtulit
2354 667 2412 706 se
2439 651 2638 706 volenti
2669 649 2916 712 diabolo,
2954 657 3016 702 ut
3058 648 3286 704 illudens
3311 665 3434 704 eum
3477 664 3572 718 po-
3643 685 3654 692 ρ

2006 753 2202 800 testate
2263 743 2478 798 virtutis
2529 757 2661 806 suae,
2715 755 2837 794 cum
2907 739 3154 808 accipere
3223 755 3347 794 eum
3383 739 3571 802 voluit,

2003 847 2164 903 quem
2207 833 2454 888 detinere
2491 847 2593 886 non
2637 831 2832 900 potuit,
2879 827 3116 885 auferret
3159 828 3228 894 ei,
3274 842 3393 898 quae
3432 829 3575 884 malo

1997 920 2120 992 j'ure
2173 921 2391 978 tenebat
2439 921 2691 977 obnoxia.
2731 920 3061 990 Exspeliatis
3120 919 3300 988 itaque
3355 918 3566 982 inferis,

2003 1014 2300 1085 tropbtnum
2353 1013 2653 1068 animarum
2699 1011 2920 1083 pertulit
2964 1012 3033 1066 ad
3075 1009 3312 1075 Patrem,
3350 1025 3417 1064 ex
3468 1026 3576 1079 quo

2001 1104 2348 1169 suntomnia;
2375 1103 2516 1173 quod
2537 1103 2623 1157 lex
2648 1103 2830 1171 utique
2848 1101 3026 1156 facere
3051 1117 3156 1154 non
3175 1101 3366 1170 p'otuit.
3389 1100 3572 1166 Quan-

2001 1207 2162 1262 quam
2193 1191 2473 1261 profutura
2513 1191 2640 1245 data
2676 1191 2780 1255 sit,
2812 1189 2968 1245 nobis
2999 1197 3178 1244 tamen
3229 1189 3574 1258 peccantibus

2000 1299 2261 1340 conversa
2304 1285 2388 1338 est
2433 1292 2494 1338 ut
2539 1283 2692 1338 fieret
2737 1282 2974 1348 inimica,
3002 1290 3057 1336 et
3096 1281 3260 1351 coepit
3301 1279 3572 1344 occidere,

1999 1389 2110 1430 non
2137 1373 2410 1429 vivificare
2435 1388 2451 1428 :
2497 1373 2744 1430 Christus
2774 1380 2954 1427 autem
2979 1371 3188 1426 donans
3213 1370 3429 1434 delicta,
3466 1383 3572 1422 non

1999 1463 2170 1518 solum
2196 1461 2488 1518 viviﬁcavit
2507 1476 2629 1527 nos,
2657 1461 2751 1516 sed
2774 1470 2834 1516 et
2857 1461 2960 1516 sibi
2991 1459 3250 1525 sociavit,
3267 1467 3330 1513 ut
3352 1458 3444 1513 filii
3475 1457 3571 1512 Dei

1997 1566 2254 1608 vocemur
2295 1550 2424 1606 facti
2471 1566 2568 1621 per
2607 1550 2786 1607 fidem.
2840 1549 3084 1617 Quantus
3128 1564 3256 1622 ergo
3292 1563 3446 1606 error
3491 1555 3576 1603 est

1996 1649 2118 1711 post
2139 1640 2367 1712 gratiam
2419 1641 2614 1696 reverti
2648 1639 2748 1695 sub
2771 1639 2964 1710 legem,
2996 1640 3100 1694 hoc
3124 1648 3208 1695 est
3249 1647 3371 1709 post
3412 1653 3572 1694 accc--

1995 1736 2143 1800 ptam
2167 1729 2469 1784 libertatem
2489 1729 2627 1784 velle
2647 1730 2873 1796 servire,
2899 1737 2960 1784 ut
2989 1729 3438 1800 ereptusgladio,
3469 1731 3567 1783 im-

308 1815 567 1869 Ecclesiis
597 1815 838 1880 Galatiae,
873 1825 929 1870 et
951 1816 1054 1872 hoc
1086 1815 1402 1880 notandum,
1427 1815 1560 1896 quia.
1577 1815 1667 1870 hic
1689 1822 1895 1869 tantum
1922 1811 1970 1872 B
1999 1818 2495 1886 memor-beneficii,
2518 1819 2694 1875 denuo
2714 1835 2774 1875 se
2796 1819 2998 1874 vendat
3015 1819 3573 1875 lanistte‘iAccusator

309 1907 640 1978 generaliter
660 1921 764 1961 non
795 1907 862 1962 ad
889 1921 1051 1960 unam
1074 1906 1368 1962 Ecclesram
1397 1905 1771 1978 uniusqurbis,
1795 1905 1896 1962 sed

308 1969 382 2052 ad
411 1997 578 2052 totius
603 1996 907 2067 provinciae
935 1996 1138 2051 scribat
1177 1995 1445 2051 Ecclesias
1473 1969 1808 2068 [Epistolas],
1838 2002 1894 2050 et

308 2086 584 2142 Ecclesias
611 2093 782 2150 vocet,
821 2100 963 2154 quas
983 2092 1168 2155 postea
1193 2099 1378 2140 errore
1405 2093 1594 2155 arguat
1626 2085 1892 2154 deprava-

309 2192 422 2238 tas.
450 2183 529 2236 Ex
555 2195 662 2251 quo
706 2179 1036 2236 noscendum
1081 2179 1368 2250 dupliciter
1395 2179 1690 2234 Ecolesiam
1736 2191 1892 2248 posse

310 2273 442 2338 dici,
479 2281 533 2328 et
559 2286 681 2327 eam
710 2285 828 2340 qua:
855 2285 962 2324 non
1007 2269 1202 2325 habeat
1241 2269 1526 2334 maculam,
1559 2277 1652 2322 aut
1679 2283 1889 2338 rugam,

308 2375 368 2420 et
396 2379 523 2420 vere
550 2379 745 2433 corpus
773 2360 972 2418 Christi
994 2361 1093 2426 sit,
1121 2369 1176 2417 et
1203 2376 1323 2416 eam
1353 2375 1473 2432 quae
1493 2361 1549 2415 in
1574 2359 1892 2414 Christi‘no-

308 2455 460 2511 mine
492 2455 693 2525 absque
729 2453 900 2526 plenis
943 2453 1301 2523 perfectisque
1342 2453 1630 2508 virtutibus
1663 2467 1888 2523 congre-

307 2557 487 2618 getur.
544 2546 823 2614 Quomodo
868 2547 1142 2616 sapientes
1191 2545 1440 2600 bifariam
1490 2553 1886 2615 nuncupantur,

306 2651 424 2694 tam
451 2639 505 2694 hi
531 2639 624 2709 qui
673 2647 798 2693 sunt
836 2636 1007 2706 plena:
1047 2636 1407 2707 perfectaeque
1445 2636 1698 2701 virtutis,
1727 2651 1888 2706 quam

306 2731 388 2785 illi
412 2731 503 2799 qui
535 2730 795 2799 incipiunt
829 2737 884 2784 et
911 2729 965 2783 in
995 2729 1239 2800 profectu
1268 2729 1430 2798 positi
1459 2735 1606 2784 sunt.
1651 2729 1727 2783 De
1760 2743 1886 2798 per-

303 2819 468 2876 fectis
489 2820 684 2875 dicitur
707 2837 720 2873 :
747 2818 953 2872 Mittam
974 2820 1028 2872 in
1043 2836 1130 2873 vos
1145 2819 1402 2889 sapientes
1461 2817 1679 2888 (Matth.
1703 2816 1885 2889 XXIII).

302 2909 387 2964 De
438 2907 812 2978 insipientibus
862 2925 882 2960 ε’
942 2907 1115 2978 Argue
1170 2907 1476 2977 sapientem,
1506 2917 1556 2960 et
1611 2906 1790 2977 diliget
1840 2917 1888 2961 te

302 3000 491 3074 (Prov.
519 3001 619 3074 rx).
652 2999 753 3068 Qui
775 3000 920 3056 enim
951 3000 1130 3069 plena:
1150 3008 1641 3070 consummataaque
1670 3000 1887 3055 virtutis

299 3103 410 3160 est,
439 3095 779 3164 correptione
809 3109 912 3147 non
941 3093 1158 3164 indiget.
1191 3090 1351 3147 Juxta
1378 3092 1522 3148 hunc
1549 3108 1771 3147 sensum
1819 3093 1884 3148 de

1992 1917 2076 1964 est
2101 1909 2245 1965 enim
2265 1910 2546 1980 emptoris,
2572 1910 2678 1980 qui.
2697 1910 2886 1965 relicto
2909 1925 2995 1975 eo,
3027 1923 3213 1965 rursus
3245 1910 3311 1965 ad
3333 1910 3568 1979 priorem

1993 2000 2268 2057 dominum
2299 2001 2456 2056 redit.
2494 1998 2558 2054 Ut
2583 2000 2855 2067 liberaret,
2886 2001 3080 2072 inquit,
3105 2017 3220 2064 nos,
3245 2001 3308 2054 de
3332 1993 3572 2070 presenti

1990 2092 2184 2146 sa'aulo
2218 2091 2465 2164 maligno.
2506 2091 2620 2147 Hoc
2648 2092 2804 2156 dicit,
2855 2092 2976 2162 quia
3015 2093 3135 2147 ideo
3163 2092 3322 2146 morti
3358 2107 3417 2146 se
3441 2107 3574 2148 con-

1993 2184 2155 2239 cessit
2189 2182 2466 2248 Dominus,
2493 2191 2552 2236 ut
2595 2198 2692 2237 nos
2732 2183 2800 2238 ab
2845 2196 3032 2238 errore
3065 2182 3246 2238 saeculi
3293 2181 3568 2249 liberaret,

1993 2271 2045 2328 id
2067 2280 2149 2326 est
2178 2275 2240 2324 ut
2265 2271 2335 2326 ab
2356 2270 2705 2340 intelligentia
2740 2269 2900 2339 hujus
2923 2271 3122 2337 seaculi,
3148 2273 3292 2342 quod
3321 2273 3567 2326 curricu-

1991 2363 2058 2419 lis
2113 2373 2438 2418 senescente
2461 2371 2620 2418 aetate
2645 2363 2891 2435 devergit
2915 2364 2968 2418 in
3005 2362 3186 2427 finem,
3224 2363 3383 2416 alieni
3418 2363 3570 2429 facti,

1991 2453 2156 2508 futuri
2195 2453 2375 2508 saeculi
2407 2452 2548 2524 quod
2584 2467 2835 2508 occasum
2860 2453 3055 2520 nescit,
3082 2453 3375 2523 participes
3402 2453 3572 2508 simus

1990 2547 2043 2601 in
2069 2559 2228 2602 sensu
2251 2545 2412 2601 unius
2456 2544 2571 2599 Dci.
2602 2544 2894 2600 Praesentis
2935 2543 3286 2600 cnim-smeuli
3317 2545 3433 2599 haec
3480 2552 3568 2599 εει

1990 2637 2318 2708 malignitas,
2353 2636 2480 2706 quia
2511 2651 2616 2692 non
2644 2637 2821 2692 reddit
2862 2650 3156 2706 congruam
3203 2635 3567 2691 reverentiam

1989 2730 2225 2785 creatori
2268 2729 2364 2784 Dei
2413 2736 2469 2784 et
2523 2728 2877 2784 restauratori
2925 2727 3162 2793 Christo,
3207 2727 3332 2783 dum
3375 2727 3572 2782 multos

1989 2823 2093 2880 sibi
2121 2823 2376 2894 conﬁngit
2403 2823 2532 2878 deos
2559 2838 2714 2878 error
2735 2821 3032 2887 humanus,
3083 2830 3178 2877 aut
3203 2822 3330 2876 dum
3353 2821 3567 2877 Christo

1990 2931 2020 2971 a
2047 2914 2592 2970 credentibusdebita
2622 2914 3031 2970 honorificentia
3078 2930 3184 2968 non
3225 2921 3558 2968 reservatur.

1991 3006 2287 3063 Secundum
2313 3005 2628 3061 voluntatem
2668 3006 2768 3061 Dei
2817 3005 3017 3070 Patris,
3062 3006 3147 3059 cui
3173 3006 3342 3076 gloria
3383 3007 3436 3060 in
3463 3022 3565 3059 ste-

1988 3097 2108 3152 cula
2131 3095 2474 3161 sazculorum,
2502 3097 2684 3151 Amen.
2726 3095 2883 3167 (Aug.
2892 3131 2908 3167 ,
2941 3095 3152 3162 Quanto
3196 3096 3359 3165 igitur
3395 3097 3567 3166 magis

301 3186 518 3240 czeteris
545 3200 758 3257 quoque
784 3157 1081 3240 virtutibus
1099 3184 1530 3255 intelligendum,
1573 3185 1714 3254 quod
1740 3185 1886 3240 scili-
1912 3157 1956 3218 θ
1989 3189 2234 3244 homines
2261 3203 2370 3243 non
2409 3157 2605 3243 debent
2633 3157 3042 3258 arroganterad
3087 3157 3295 3256 seipsos
3335 3157 3562 3250 referre,

299 3285 393 3331 cet
415 3275 570 3330 fortis
593 3283 646 3330 et
669 3277 926 3345 prudens,
967 3275 1106 3344 pius,
1149 3285 1350 3340 castus,
1388 3272 1568 3342 justus
1596 3284 1652 3328 et
1677 3285 1882 3345 tempe-

298 3383 454 3432 rans,
481 3367 745 3423 interdum
777 3367 951 3438 plene,
981 3366 1250 3422 interdum
1278 3366 1498 3421 abusive
1527 3365 1878 3436 accipiantur.

299 3461 490 3516 Gratia
539 3460 677 3515 vobis
709 3471 757 3515 et
801 3477 907 3531 pax
945 3478 977 3514 a
1003 3459 1114 3514 Deo
1142 3457 1302 3514 Patre
1345 3470 1522 3514 nostra
1567 3469 1614 3513 et
1658 3459 1880 3514 Domino

297 3551 432 3606 Iesu
459 3549 683 3606 Christo.
702 3551 763 3622 (Α
773 3550 883 3623 ag.)
899 3551 1085 3608 Gratia
1100 3550 1194 3607 Dei
1223 3559 1307 3605 est
1321 3566 1424 3621 qua
1441 3551 1596 3606 nobis
1612 3550 1882 3606 donantur

296 3651 524 3713 peccata
560 3661 572 3696 :
612 3651 670 3696 ut
700 3642 1107 3698 reconciliemur
1136 3643 1246 3698 Deo
1283 3659 1296 3696 :
1321 3659 1420 3714 pax
1447 3652 1626 3698 autem
1657 3659 1761 3714 qua
1789 3659 1876 3699 rc-

298 3733 653 3788 conciliamur
687 3733 817 3789 Deo.
862 3732 1112 3806 (Αηιίπ.)
1150 3733 1439 3806 Utriusque
1476 3735 1879 3791 beneficitrtam

295 3821 479 3877 Patris
501 3839 662 3894 quam
694 3822 816 3878 Filii
849 3839 1019 3894 genus
1039 3824 1314 3878 hominum
1337 3824 1672 3880 sublevatum
1693 3835 1879 3881 osten-

292 3915 400 3970 dit.
457 3915 566 3970 Nec
619 3916 881 3971 minorem
914 3915 1108 3970 Filium
1139 3915 1429 3987 significat,
1471 3932 1592 3972 cum
1623 3931 1751 3972 eum
1777 3917 1882 3972 Do-

297 4005 506 4059 minum
523 4013 767 4061 nostrum
783 4014 940 4061 vocat
974 4024 987 4060 :
1015 4021 1190 4076 neque
1213 4007 1429 4062 Patrem
1451 4007 1730 4077 majorem,
1755 4009 1880 4076 quia

295 4113 423 4151 eum
463 4099 629 4152 Deum
669 4107 911 4154 nostrum
950 4100 1210 4170 appellat;
1249 4101 1377 4170 quia
1427 4115 1532 4155 non
1563 4100 1670 4154 erit
1719 4115 1880 4156 verus

296 4187 440 4243 Deus
472 4185 653 4254 Pater,
683 4188 789 4242 nisi
830 4196 884 4242 et
915 4189 1172 4246 Dominus
1203 4191 1306 4252 sit;
1348 4205 1544 4260 neque,
1584 4205 1746 4245 verus
1775 4191 1880 4246 Do-

298 4279 480 4334 minus
509 4279 698 4346 Filius,
723 4281 826 4336 nisi
852 4289 907 4336 et
932 4282 1072 4337 Deus
1097 4283 1188 4337 sit.
1219 4281 1276 4337 Si
1302 4297 1430 4354 ergo
1457 4299 1562 4337 una
1586 4283 1756 4353 gratia
1778 4281 1881 4337 Pa-

295 4371 400 4424 tris
447 4377 500 4424 et
523 4370 642 4425 Filii
676 4385 802 4442 erga
832 4385 930 4427 nos
969 4381 1073 4438 est,
1106 4372 1232 4442 quid
1261 4380 1363 4438 est,
1390 4373 1585 4441 inquit,
1611 4380 1670 4426 ut
1696 4372 1760 4428 de
1785 4371 1878 4427 Fi-

1985 3278 2179 3349 siquid
2215 3287 2506 3350 operantur
2529 3277 2676 3343 boni,
2719 3276 2933 3347 quando
2954 3284 3009 3332 et
3047 3277 3158 3348 ipse
3187 3275 3283 3330 Dei
3314 3277 3480 3332 Filius
3509 3280 3562 3332 in

1984 3368 2295 3440 Evangelio,
2333 3383 2436 3422 non
2465 3367 2692 3440 gloriam
2732 3383 2885 3422 suam
2913 3383 2971 3422 se
2999 3383 3242 3436 qumrcre
3285 3367 3438 3432 dixit,
3471 3383 3565 3422 ne-

1984 3474 2090 3529 que
2122 3459 2456 3514 voluntatem
2505 3474 2658 3514 suam
2688 3459 2907 3515 venisse
2948 3459 3146 3523 facere,
3181 3458 3276 3514 sed
3321 3459 3566 3514 volunta-

1983 3559 2092 3606 tem
2123 3552 2238 3623 ejus
2261 3552 2352 3622 qui
2384 3567 2510 3607 eum
2536 3552 2702 3606 misit.
2730 3551 2900 3618 Quam
2927 3550 3280 3614 voluntatem,
3313 3549 3565 3619 gloriam-

1982 3659 2087 3714 que
2117 3643 2294 3698 Patris
2325 3657 2470 3696 nunc
2513 3641 2957 3697 commemoravit
2987 3640 3292 3710 Apostolus,
3341 3647 3400 3693 ut
3449 3640 3564 3710 ipse

1982 3747 2196 3805 quoque
2219 3732 2432 3786 Domini
2468 3730 2771 3800 exemplota
2799 3745 2906 3800 quo
2937 3730 3134 3785 missus
3164 3737 3265 3793 est,
3289 3737 3344 3783 et
3372 3744 3478 3784 non
3505 3745 3564 3784 se

1983 3841 2225 3894 quaerere
2252 3823 2492 3896 gloriam
2529 3839 2680 3879 suam
2726 3823 3074 3893 significaret,
3122 3837 3223 3877 nec
3262 3822 3442 3877 facere
3471 3839 3564 3878 vo-

1983 3915 2239 3969 luntatem
2272 3929 2423 3969 suam
2452 3915 2504 3968 in
2527 3914 2908 3984 pnedicatione
2941 3912 3238 3981 Evangelii,
3263 3912 3404 3966 sicut
3432 3925 3564 3980 pau-

1984 4003 2034 4056 lo
2063 4013 2183 4074 post
2211 4003 2372 4058 dicit:
2409 4001 2470 4058 Si
2518 4003 2811 4056 hominibus
2856 4002 3137 4072 placerem,
3167 3999 3360 4055 Christi
3387 4018 3562 4056 servus

1982 4109 2086 4147 non
2122 4109 2306 4147 essem.
2337 4090 2590 4165 (Ambr.)
2639 4090 2708 4146 Ut
2748 4091 2960 4144 firmum
2993 4090 3063 4144 sit
3107 4089 3429 4158 plenumque
3469 4105 3564 4143 au-

1983 4185 2231 4239 ctoritate
2265 4184 2407 4253 quod
2433 4183 2580 4243 dicit,
2614 4181 2740 4251 quia
2767 4179 3012 4236 Christus
3040 4194 3140 4234 nos
3168 4178 3434 4244 liberavit,
3463 4179 3559 4234 ad-

1980 4275 2079 4338 dit,
2110 4274 2234 4344 quia
2262 4274 2402 4328 istud
2424 4273 2601 4329 Patris
2624 4273 2749 4328 fecit
2771 4287 2892 4328 cum
2918 4270 3210 4327 voluntate.
3235 4269 3432 4342 (Ηὶεν.)
3455 4270 3563 4326 Νεε

1981 4365 2148 4420 Filius
2187 4380 2245 4420 se
2270 4364 2415 4419 dedit
2441 4380 2538 4434 pro
2560 4364 2798 4434 peccatis
2819 4363 3019 4420 nostris
3049 4363 3253 4432 absque
3279 4361 3560 4416 voluntate

295 4461 373 4515 lio
409 4461 590 4516 minus
634 4463 946 4528 sentientes,
977 4463 1148 4544 legem
1183 4463 1258 4517 illi
1291 4464 1536 4532 ωψιειίε,
1574 4471 1636 4517 ιη
1675 4463 1874 4533 partim
1903 4497 1954 4556 Β
1981 4453 2178 4519 Patris,
2202 4469 2376 4524 neque
2415 4453 2578 4508 Pater
2604 4451 2826 4508 tradidit
2850 4452 3044 4508 Filium
3072 4453 3188 4507 sine
3211 4451 3333 4506 Filii
3365 4451 3554 4555 volun:

295 4551 746 4621 Cbristo,partim
767 4552 871 4621 legi
897 4552 1162 4616 servietis,
1186 4568 1310 4608 cum
1334 4553 1570 4624 tegeritis
1591 4553 1876 4608 Dominum
1903 4543 1950 4556 ”
1983 4557 2113 4602 tate.
2169 4548 2276 4604 Sed
2313 4548 2428 4602 haec
2457 4556 2542 4603 est
2584 4546 2829 4602 voluntas
2879 4545 2974 4600 filii
3019 4545 3350 4601 voluntatem
3388 4543 3561 4600 Patris

295 4640 572 4696 dicentem
593 4659 605 4694 :
637 4640 782 4706 Quia
795 4641 1052 4695 Dominus
1073 4652 1146 4696 est
1161 4641 1310 4711 ﬁlius
1327 4642 1556 4696 hominis
1576 4641 1732 4696 etiam
1753 4641 1876 4696 sab-

296 4732 452 4785 bati?
495 4730 644 4803 (Luc.
697 4731 813 4802 vr.)
859 4739 918 4784 ut
945 4746 1043 4800 per
1097 4731 1200 4787 hoc
1237 4729 1458 4786 videant
1501 4737 1703 4800 quanta
1739 4744 1873 4785 con-

295 4823 520 4877 tumelia
565 4823 634 4878 ab
680 4823 760 4877 eis
805 4822 1031 4877 Domino
1059 4822 1344 4894 irrogetur,
1394 4836 1518 4877 cum
1564 4829 1878 4891 comparant

294 4914 582 4969 Dominum
630 4914 864 4970 famulae.
909 4914 1015 4980 Qui
1057 4913 1198 4968 dedit
1239 4914 1570 4983 semetipsum
1617 4928 1711 4982 pro
1752 4928 1874 4982 pec-

292 5007 427 5059 catis
481 5006 710 5068 nostris,
756 5015 810 5058 ut
858 5004 1077 5074 eriperet
1129 5019 1222 5057 nos
1273 5003 1338 5056 de
1383 5001 1629 5072 praesenti
1681 4999 1872 5056 swculo

291 5093 544 5164 maligno.
573 5091 755 5165 (Aug.)
809 5093 1072 5148 Saeculum
1131 5107 1369 5163 praesens
1397 5091 1713 5162 malignum,
1751 5106 1874 5162 pro-

292 5193 415 5254 pter
437 5183 700 5254 malignos
737 5184 1018 5250 homines;
1051 5183 1143 5253 qui
1174 5182 1231 5237 in
1268 5181 1358 5236 illo
1386 5189 1531 5247 sunt,
1570 5181 1873 5252 intelligen-

291 5278 421 5330 dum
442 5285 549 5341 est,
573 5275 714 5332 sicut
743 5275 971 5330 dicimus
990 5284 1046 5330 et
1074 5274 1362 5344 malignam
1385 5273 1624 5338 domum,
1655 5279 1877 5342 propter

293 5367 558 5438 malignos
585 5367 949 5424 inhabitantes
975 5366 1031 5421 in
1054 5381 1138 5422 ea.
1163 5364 1388 5437 (Ambr.)
1410 5363 1608 5434 Aperte
1637 5363 1875 5418 ostendit

291 5459 430 5513 nihil
456 5459 713 5528 prodesse
754 5457 952 5529 legem,
991 5457 1208 5527 quando
1247 5456 1522 5512 Christum
1553 5455 1686 5510 dicit
1718 5454 1874 5509 obtu-

291 5550 420 5605 lisse
446 5565 524 5613 δε,
557 5557 616 5602 ιιι
650 5565 748 5620 pro
775 5549 928 5604 nobis
957 5557 1252 5618 pateretur,
1283 5554 1343 5600 ut
1388 5561 1489 5602 nos
1525 5544 1869 5614 justificaret,

290 5659 430 5712 quos
479 5643 564 5697 lex
616 5657 736 5698 reos
784 5642 1036 5707 tenebat;
1069 5648 1126 5695 ut
1169 5640 1308 5695 eruti
1355 5654 1384 5692 a
1423 5638 1538 5707 lege
1571 5652 1668 5708 per
1711 5635 1870 5691 fidem

293 5732 643 5801 Christi,jam
675 5751 778 5790 non
807 5743 1118 5804 peccatores
1158 5748 1428 5798 essemus,
1462 5729 1555 5786 sed
1589 5727 1868 5798 iustificati

1982 4637 2227 4707 implere,
2253 4646 2311 4692 ut
2334 4638 2448 4708 ipse
2479 4636 2716 4706 loquitur
2752 4636 2804 4690 in
2828 4635 3035 4704 psalmo
3081 4651 3094 4687 :
3129 4631 3197 4686 Ut
3223 4633 3447 4703 facerem
3473 4651 3558 4688 uo-

1979 4727 2233 4781 luntatem
2259 4737 2428 4792 tuam,
2458 4725 2596 4780 Deus
2624 4741 2793 4789 meus,
2820 4722 2958 4777 volui
2985 4719 3157 4793 (Psal.
3204 4720 3414 4791 χχχιιι).
3451 4721 3556 4776 De-

1977 4819 2056 4874 dit
2087 4833 2144 4873 se
2173 4825 2350 4872 autem
2372 4814 2556 4880 Filius,
2593 4812 2984 4881 utinjustitiam
3012 4826 3131 4882 qua:
3149 4818 3267 4867 erat
3295 4811 3346 4865 in
3376 4809 3556 4873 nobis,

1971 4909 2180 4978 justitia
2208 4909 2321 4979 ipse
2345 4907 2711 4969 subverteret;
2739 4902 2959 4958 tradidit
2981 4916 3038 4957 se
3052 4899 3326 4972 Sapientia
3348 4908 3406 4954 ut
3427 4900 3559 4954 insi-

1980 4998 2235 5069 pientiam
2283 5001 2646 5066 expugnaret;
2698 4992 2959 5046 sanctitas
3006 4999 3060 5046 et
3089 4989 3348 5056 fortitudo
3373 5003 3432 5044 se
3462 4987 3557 5043 ob-

1981 5092 2120 5158 tulit,
2148 5099 2208 5146 ut
2241 5087 2554 5161 spurcitiam
2600 5084 3078 5154 infirmitatemque
3122 5083 3346 5138 deleret.
3380 5081 3556 5150 Atque

1981 5185 2056 5239 ita
2083 5198 2188 5238 non
2213 5181 2386 5236 solum
2409 5179 2464 5234 in
2495 5177 2673 5232 futuro
2697 5175 2896 5231 saeculo
2919 5174 3073 5245 juxta
3099 5173 3396 5244 promissas
3425 5185 3555 5240 spes

1981 5287 2116 5342 quas
2147 5269 2439 5333 credimus,
2471 5266 2565 5322 sed
2593 5264 2758 5321 etiam
2801 5265 2890 5320 hic
2929 5265 2995 5320 de
3033 5261 3283 5332 praesenti
3325 5273 3423 5315 nos
3451 5275 3552 5314 sa:-

1980 5361 2102 5417 culo
2125 5358 2412 5416 liberavit:
2452 5357 2577 5412 dum
2603 5355 2926 5412 commortui
2961 5354 3176 5409 Christo
3205 5351 3556 5422 transﬁgura—

1981 5469 2101 5507 mur
2144 5453 2200 5507 in
2263 5449 2554 5506 novitatem
2607 5462 2820 5513 sensus,
2869 5455 2924 5502 et
2970 5461 3078 5516 non
3118 5457 3304 5499 sumus
3340 5442 3407 5497 de
3453 5441 3554 5496 hoc

1979 5543 2202 5607 mundo,
2226 5557 2256 5597 a
2295 5557 2403 5611 quo
2443 5539 2636 5595 merito
2664 5553 2761 5594 nec
2797 5552 3062 5592 amantur.
3113 5533 3383 5602 Quaaritur
3423 5545 3556 5598 quo-

1980 5636 2138 5691 modo
2176 5648 2413 5705 pnesens
2451 5630 2704 5687 saeculum
2749 5629 2948 5684 malum
2991 5627 3190 5682 dictum
3231 5623 3320 5679 sit.
3369 5620 3554 5676 Solent

1979 5726 2176 5798 quippe
2204 5724 2441 5780 haeretici
2492 5723 2618 5778 hinc
2666 5734 2859 5792 capere
2911 5717 3241 5777 occasiones,
3281 5721 3339 5766 ut
3389 5709 3550 5765 alium
