4022 6338
471 368 568 422 251
1099 359 1161 414 Β.
1200 357 1452 413 ιιΑΒΑΝι
1492 357 1707 413 MAURl
1745 353 2060 410 ARClllEP.
2104 351 2411 408 MOGUNT.
2454 349 2737 407 OPERUM
2775 347 2954 403 PARS
2993 345 3080 401 lli.
3625 339 3727 396 252

472 479 610 534 lueis
633 483 687 531 et
725 473 889 529 futuri
921 471 1123 536 stimuli,
1156 471 1322 524 alium
1354 470 1700 524 tenebrarum
1733 475 1788 519 et
1813 480 2048 534 praesen-
2077 466 2124 524 A
2151 471 2210 516 ut
2232 462 2414 516 dicant
2435 477 2502 515 ex
2533 476 2598 516 eo
2628 469 2871 528 tempore
2901 458 3028 512 illud
3060 471 3181 511 esse
3213 453 3628 518 muneranduat,
3666 468 3727 508 ex

476 571 546 625 tis
577 577 824 624 asserant
872 568 1224 622 conditorem.
1289 563 1398 618 Nos
1446 573 1625 617 autem
1670 563 1897 616 dicimus
1941 574 2048 612 non
2153 569 2258 623 quo
2287 557 2483 611 cmlum
2512 562 2566 608 et
2593 560 2740 606 terra
2769 558 2894 605 sunt
2937 549 3179 612 condita,
3218 557 3274 601 et
3303 561 3527 601 currere
3569 559 3734 614 usque

475 664 586 735 iam
609 659 861 715 saeculum
886 659 1062 728 ipsum
1098 657 1239 727 quod
1270 656 1357 710 die
1383 663 1438 709 et
1479 665 1654 719 nocte,
1697 653 1852 708 annis
1879 651 2052 706 currit
2153 650 2220 705 ad
2241 643 2757 703 consummationem
2776 639 2978 704 mundi,
3001 652 3109 739 quo
3131 635 3378 739 Christus
3401 634 3734 739 iudicaturus

477 729 532 807 et
572 751 869 814 mensibus,
915 749 1172 820 appellari
1213 747 1438 813 malum,
1459 762 1629 815 quam
1659 746 1958 818 ὁμωνύμως,
1985 758 2051 798 ea
2152 749 2236 799 est
2254 741 2456 796 omnia.
2487 736 2768 791 Revocant
2794 746 3009 802 quoque
3037 729 3189 830 ultra
3225 729 3374 830 etnin
3407 729 3593 830 priora
3619 741 3734 830 pr‘o-

477 859 595 914 quae
619 843 672 897 in
704 842 900 898 steeulo
927 817 1062 896 ﬁant
1090 859 1102 895 :
1132 839 1402 911 quomodo
1433 817 1908 893 sullicererdicitur
1946 835 2052 890 diei
2153 838 2374 888 movent
2417 829 2664 900 gradum,
2717 825 2782 880 de
2836 821 3128 919 praeteritis
3169 827 3224 874 et
3287 818 3484 919 futu‘ris
3529 817 3738 919 saeculis

474 909 680 989 malitia
713 949 830 988 sua.
879 934 946 988 Et
985 934 1100 988 dies
1129 909 1298 987 Iacob
1341 931 1538 986 modici
1577 944 1699 984 esse
1742 929 2055 984 scribuntur
2155 923 2513 992 disputantes,
2552 919 2694 974 bona
2720 915 2958 1008 animala
2993 912 3216 978 fuerint,
3254 925 3349 1008 seu
3389 909 3738 1008 futurahsint,

475 1032 530 1078 et
547 1023 768 1092 pessimi
798 1022 950 1092 (Gen.
982 1022 1149 1092 xi.vn)
1187 1041 1200 1076 :
1233 1037 1339 1076 non
1371 1037 1478 1090 quo
1519 1019 1752 1090 spatium
1795 1017 2058 1087 temporis
2154 1023 2210 1071 et
2237 1013 2293 1068 in
2336 1022 2446 1068 tam
2475 1010 2770 1081 profundas
2799 1005 3042 1061 incidunt
3086 1003 3436 1073 quaestiones,
3473 1007 3536 1054 ut
3573 998 3742 1054 libros

475 1113 530 1167 in
555 1128 663 1182 quo
683 1113 816 1166 vixit
835 1112 1019 1177 Jacob,
1051 1113 1248 1166 malum
1271 1111 1455 1176 fuerit,
1486 1111 1580 1166 sed
1603 1126 1710 1181 quo
1730 1125 1794 1164 ea
1815 1125 1936 1179 quae
1959 1125 2052 1165 su-
2156 1123 2370 1180 quoque
2394 1114 2449 1163 et
2492 1105 2702 1160 inﬁnita
2731 1101 3004 1158 voiurnina
3033 1113 3197 1168 super
3237 1098 3339 1154 hac
3357 1093 3742 1151 dissertatione

476 1203 665 1258 stinuit
684 1218 784 1271 per
803 1203 952 1257 varia
981 1218 1104 1257 eum
1129 1203 1471 1258 exercuerim
1514 1209 1862 1256 tentamenta.
1897 1200 2058 1254 Deni-

476 1308 581 1362 que
621 1308 687 1348 eo
732 1302 972 1364 tempore
1003 1310 1110 1364 quo
1147 1295 1234 1347 ille
1271 1309 1371 1362 pro
1423 1292 1739 1362 coniugibus
1787 1291 2059 1346 serviebat

477 1383 631 1455 (Gen.
661 1388 836 1456 xxix),
863 1393 918 1441 et
943 1386 1126 1440 multis
1151 1384 1563 1440 conﬂictabatur
1601 1375 1896 1455 angustiis;
1915 1384 2060 1439 Esau

477 1479 533 1532 in
571 1480 758 1546 requie
805 1488 944 1544 erat,
981 1488 1142 1548 atque
1182 1479 1255 1533 ita
1305 1479 1446 1534 idem
1494 1479 1752 1549 temporis
1802 1479 2057 1549 spatium,

479 1567 573 1621 alii
599 1567 819 1634 bonum,
853 1568 946 1622 alii
975 1569 1174 1623 malum
1211 1568 1331 1622 fuit.
1375 1567 1487 1624 Nec
1529 1570 1792 1639 scriptum
1817 1575 1962 1624 esset
2005 1569 2062 1624 in

476 1658 801 1713 Ecclesiaste
823 1658 1016 1728 (Eccle.
1039 1660 1141 1728 vn)
1161 1678 1174 1713 :
1193 1659 1275 1713 Ne
1297 1660 1492 1713 dixeris
1512 1661 1636 1731 quia
1663 1661 1770 1714 dies
1799 1661 1900 1715 mei
1924 1661 2065 1730 pejo-

477 1765 560 1802 res
580 1758 726 1802 erant
753 1749 874 1802 boui
899 1751 1216 1818 superdstos,
1241 1749 1344 1804 nisi
1372 1750 1438 1803 ad
1471 1749 1872 1804 distinctionem
1892 1750 2060 1804 malo-

2157 1201 2518 1260 condiderint.
2546 1199 2701 1268 Quod
2727 1205 2910 1253 autem
2941 1195 3198 1267 prologus
3235 1193 3392 1248 Pauli
3419 1193 3607 1256 Amen,
3638 1188 3744 1244 Ile-

2157 1297 2304 1351 brazu
2320 1307 2570 1352 sermone
2595 1289 2967 1350 concludatur,
2987 1287 3174 1350 Amen,
3190 1283 3545 1354 Septuaginta
3567 1287 3745 1334 trans-

2161 1385 2396 1440 tulerunt
2445 1385 2656 1457 -γὲνοιτο,
2700 1379 2756 1435 id
2784 1377 2984 1447 estﬁat
3009 1392 3028 1430 :
3068 1373 3282 1444 Aquila,
3325 1371 3743 1442 πεπιστωμένωςν

2161 1493 2274 1533 vere
2300 1477 2415 1532 sive
2438 1473 2705 1544 ﬁdeliter:
2732 1471 2875 1542 quod
2899 1469 3063 1524 etiam
3091 1466 3147 1521 in
3181 1463 3472 1535 Evangelio
3494 1478 3524 1516 a
3555 1461 3748 1516 Salva-

2161 1578 2280 1625 tore
2296 1583 2510 1638 semper
2526 1565 2839 1630 assumitur,
2858 1577 2955 1618 sua
2980 1575 3076 1630 per
3098 1558 3261 1612 Amen
3281 1557 3448 1612 verba
3470 1554 3744 1608 ﬁrmante.

2235 1656 2404 1711 Miror
2439 1657 2577 1727 quod
2603 1655 2679 1710 sic
2703 1664 2810 1708 tam
2835 1653 2936 1706 cito
2963 1647 3344 1719 transferimini
3367 1646 3432 1700 ab
3459 1663 3518 1699 eo
3541 1645 3634 1715 qui
3661 1660 3749 1698 ros

2159 1729 2360 1804 Evocavit
2385 1750 2442 1802 in
2467 1749 2692 1819 gratiam
2719 1745 2915 1801 Christi
2941 1742 3090 1808 Iesu,
3138 1742 3192 1795 in
3218 1739 3364 1794 aliud
3401 1737 3750 1808 Evangelium

476 1851 616 1889 rum.
655 1835 807 1890 Unde
834 1811 1069 1892 Joannes
1097 1811 1212 1892 aiti
1245 1837 1478 1891 Mundus
1517 1839 1685 1891 omnis
1725 1839 1781 1892 in
1831 1838 2059 1910 maligno
2090 1811 2136 1870 Β
2161 1839 2300 1911 quod
2324 1855 2426 1893 non
2447 1811 2707 1893 estaliud.
2734 1836 2920 1908 (Aug)
2959 1832 3309 1904 Evangelium
3350 1831 3566 1887 enimsi
3601 1827 3752 1884 aliud

475 1928 672 1998 positus
703 1936 776 1980 est
821 1927 873 1997 (1
899 1928 1059 1983 Joau.
1089 1930 1167 2000 v),
1219 1944 1327 1983 non
1358 1930 1500 1998 quod
1543 1930 1774 1984 mundus
1828 1930 1943 1999 ipse
1991 1931 2060 1984 sit

477 2018 674 2082 malus,
713 2019 804 2072 sed
832 2020 974 2088 quod
998 2021 1135 2074 mala
1161 2022 1218 2075 in
1243 2023 1442 2077 mundo
1472 2023 1602 2077 ﬁant
1629 2024 1696 2078 ab
1723 2025 2057 2092 hominibus,

475 2110 847 2164 manducemus
873 2121 918 2164 et
947 2111 1200 2178 bibamus,
1241 2114 1561 2180 dicentibus,
1611 2133 1727 2170 cras
1771 2117 1906 2170 enim
1951 2133 2062 2170 mo-

476 2202 674 2255 riemur
695 2201 827 2271 (Isa.
871 2202 1040 2275 xxn);
1083 2215 1136 2259 et
1166 2206 1280 2274 ipse
1325 2206 1614 2276 Apostolus
1643 2225 1656 2260 :
1686 2206 2025 2264 ,Redimeutes
2044 2248 2058 2273 ,

477 2289 671 2360 inquit,
701 2300 922 2360 tempus,
965 2295 1089 2362 quia
1135 2295 1245 2349 dies
1293 2295 1420 2349 ntali
1465 2305 1606 2349 sunt.
1651 2295 1990 2350 lnfamantur
2008 2305 2063 2352 et

478 2378 669 2444 saltus,
694 2395 815 2434 cum
871 2382 1166 2436 latrociniis
1206 2383 1351 2452 pleni
1385 2392 1528 2448 sunt,
1577 2399 1682 2439 non
1731 2387 1871 2454 quod
1919 2395 2063 2441 terra

479 2478 668 2539 peccet
710 2479 766 2525 et
803 2472 984 2538 silvae,
1028 2475 1121 2528 sed
1149 2475 1292 2542 quod
1331 2475 1607 2530 infamiam
1637 2477 1911 2532 homicidii
1944 2477 2063 2533 loca

480 2577 694 2633 quoque
718 2565 998 2618 traxerint.
1025 2565 1370 2620 Dctestamur
1399 2575 1454 2620 et
1477 2568 1711 2638 gladium
1741 2583 1845 2638 quo
1869 2570 2063 2624 buma-

478 2669 583 2709 nus
623 2653 836 2710 effusus
854 2663 938 2710 est
979 2670 1178 2711 cruor:
1210 2665 1264 2711 et
1293 2657 1526 2722 palleem
1569 2660 1621 2713 in
1655 2674 1762 2730 quo
1795 2674 2064 2715 venenum

481 2754 840 2814 temperatum
880 2755 986 2812 est,
1017 2763 1123 2802 non
1161 2748 1324 2820 gladii
1354 2749 1645 2820 calicisque
1680 2760 1935 2820 peccato;
1969 2751 2078 2807 sed

480 2836 626 2905 quod
657 2837 839 2890 odium
887 2845 1200 2894 mereantur
1235 2839 1312 2893 illi
1354 2841 1443 2910 qui
1487 2841 1574 2895 his
1612 2841 1752 2897 male
1792 2843 1877 2896 usi
1919 2849 2062 2897 sunt.

475 2923 555 2978 lta
580 2933 636 2980 et
658 2925 910 2980 saaculum
940 2929 1082 2997 quod
1104 2937 1188 2984 est
1213 2930 1444 3000 spatium
1471 2939 1800 3002 temporum,
1831 2947 1940 2987 non
1969 2949 2067 3002 per

477 3015 822 3086 semetipsum
865 3025 959 3072 aut
1001 3018 1199 3074 bonum
1249 3029 1344 3075 aut
1371 3022 1568 3076 malum
1595 3031 1697 3087 est,
1724 3025 1816 3087 sed
1847 3039 1946 3093 per
1973 3037 2068 3080 eos

476 3105 570 3173 qui
598 3105 670 3158 in‘
691 3106 782 3160 illo
811 3114 956 3172 sunt,
993 3118 1087 3163 aut
1122 3112 1322 3165 bonum
1360 3113 1680 3182 appellatur,
1711 3123 1805 3168 aut
1840 3115 2058 3170 malum.

478 3193 817 3265 Quapropter
835 3195 1108 3253 Valentini
1137 3200 1488 3256 deliramenta
1513 3211 1568 3258 et
1601 3202 1795 3259 fabulae
1819 3215 2061 3260 contem-

478 3284 670 3338 nendae
702 3294 849 3353 sunt,
873 3287 965 3358 qui
990 3290 1206 3360 triginta
1246 3296 1426 3354 αἰῶνας
1450 3309 1598 3361 suos,
1644 3311 1710 3351 ex
1747 3311 1812 3351 eo
1841 3297 1983 3367 quod
2007 3297 2060 3351 in

478 3371 774 3442 Scripturis
802 3377 996 3431 stecula
1035 3378 1286 3450 legantur
1315 3381 1550 3452 afﬁnxit,
1597 3386 1781 3442 dicens
1822 3404 1917 3444 eos
1943 3404 2063 3446 csse

479 3463 731 3518 animalia
748 3506 762 3532 ,
790 3474 844 3520 et
863 3482 962 3537 per
983 3470 1273 3540 quadrigas
1296 3471 1646 3548 [quadradas]
1673 3485 1727 3532 et
1748 3477 2020 3548 ogdoadas
2045 3495 2061 3546 ;

480 3552 712 3608 decadas
738 3571 952 3626 quoque
979 3565 1036 3612 et
1066 3559 1431 3628 duodecadas,
1477 3572 1556 3620 tot
1597 3565 1830 3622 edidisse
1876 3583 2066 3623 nume-

477 3655 571 3697 ros
591 3643 905 3699 saeculorum
929 3657 1059 3717 quot
1093 3647 1287 3705 z‘Eneia
1320 3650 1460 3707 fetus
1503 3656 1733 3725 scroplia
1761 3658 2058 3727 generavit.

481 3733 844 3800 Quaerendum
889 3755 1102 3808 quoque
1133 3742 1262 3811 quid
1291 3744 1360 3797 sit
1389 3745 1532 3799 inter
1576 3747 1826 3802 saeculum
1874 3757 1928 3804 et
1960 3765 2062 3804 sae-

479 3823 662 3878 culum
702 3827 905 3894 saeculi,
953 3831 1066 3886 sive
1113 3833 1308 3888 sazcula
1352 3836 1693 3903 saeculorum,
1739 3847 1795 3894 et
1833 3840 1923 3896 ubi
1966 3856 2066 3910 pro

477 3915 628 3970 brevi
664 3920 919 3988 temporis
951 3924 1147 3991 spatio,
1195 3926 1285 3980 ubi
1315 3941 1414 3996 pro
1455 3930 1760 3985 aeternitate
1807 3939 2062 4002 ponatur,

476 4007 602 4077 quia
631 4009 684 4063 in
733 4009 960 4069 Hebraeo
1000 4017 1275 4084 smeulum,
1309 4018 1360 4072 id
1392 4028 1499 4085 est,
1533 4020 1693 4087 alam,
1725 4023 1813 4077 ubi
1854 4041 1944 4078 vav
1976 4023 2064 4078 lit-

479 4105 650 4153 teram
676 4102 908 4169 positam
951 4106 1223 4174 habuerit,
1266 4110 1626 4166 :eternitatem
1663 4113 1947 4184 signiﬁcat,
1973 4115 2064 4171 ubi

477 4202 608 4244 vero
655 4191 772 4246 sine
813 4211 904 4248 υαυ
953 4197 1228 4263 scribitur,
1280 4215 1481 4255 annum
1524 4204 2059 4276 quinquagesimum,

477 4293 642 4348 quem
669 4281 744 4336 illi
776 4282 1052 4352 iubilaeum
1090 4297 1304 4344 vocant.
1329 4291 1409 4346 Ob
1438 4293 1581 4349 hanc
1626 4310 1848 4350 causam
1880 4306 1938 4351 et
1971 4297 2060 4352 ille

479 4369 741 4428 Hebraeus
795 4377 886 4445 qui
958 4389 1184 4450 propter
1239 4396 1464 4438 uxorem
1529 4394 1584 4439 et
1630 4387 1830 4442 liberos
1873 4403 2061 4442 amans

2161 1937 2248 1984 est
2267 1928 2537 2000 praeter_id
2562 1929 2726 1997 quod,
2750 1928 2862 1982 sive
2889 1941 2988 1995 per
3015 1940 3094 1990 se,
3121 1925 3234 1979 sive
3256 1938 3354 1993 per
3373 1923 3610 1990 aliquem
3639 1919 3749 1974 Do—

2161 1993 2340 2074 min-us
2367 1993 2532 2082 dedit,
2553 1993 2668 2085 iam
2696 2030 2796 2070 nec
2827 1993 3180 2086 Evangelium
3223 2021 3370 2067 recte
3399 2011 3507 2065 dici
3544 2017 3750 2078 potest.

2162 2110 2458 2181 Vigilanter
2483 2117 2665 2163 autem
2714 2123 2835 2162 cum
2865 2106 3109 2170 dixisset,
3153 2101 3534 2172 transferimiui
3579 2099 3645 2152 ab
3691 2115 3754 2153 eo

2162 2201 2251 2272 qui
2296 2217 2382 2254 vos
2425 2199 2622 2254 vocavit
2671 2198 2728 2252 in
2775 2197 2999 2268 gloriam
3031 2195 3273 2250 Christi:
3304 2207 3466 2262 quam
3497 2188 3756 2245 volebant

2163 2293 2241 2349 illi
2263 2307 2544 2358 evacuare,
2575 2290 2728 2361 quasi
2767 2289 2970 2344 frustra
3011 2283 3511 2346 veneritChristus,
3549 2280 3594 2335 si
3635 2276 3754 2346 iam

2165 2382 2508 2438 circumcisio
2536 2381 2716 2436 carnis
2741 2389 2902 2450 atque
2933 2376 3236 2446 huiusmodi
3265 2389 3428 2444 opera
3457 2372 3593 2442 legis
3635 2380 3756 2423 tan-

2165 2481 2278 2526 tum
2336 2471 2626 2536 valebant,
2673 2479 2733 2524 ut
2775 2483 2875 2540 per
2918 2467 3004 2522 illa
3052 2465 3300 2520 homines
3349 2461 3484 2518 salvi
3530 2459 3749 2514 ﬁerent.

2167 2560 2288 2615 Nisi
2315 2569 2435 2614 sunt
2470 2560 2654 2630 aliqui,
2699 2559 2788 2629 qui
2835 2574 2923 2611 vos
2969 2556 3304 2620 conturbant,
3347 2563 3393 2608 et
3417 2552 3594 2607 volunt
3622 2567 3756 2604 con-

2164 2661 2357 2706 vertere
2387 2651 2726 2722 Evangelium
2749 2648 2963 2703 Christi.
2990 2648 3106 2703 Non
3134 2646 3586 2717 quemadmodum
3619 2647 3772 2701 istos

2167 2742 2510 2807 conturbant,
2564 2740 2638 2795 ita
2664 2740 2832 2795 etiam
2863 2746 3184 2795 convertunt
3215 2736 3562 2808 Evangelium
3595 2734 3760 2790 Chri-

2166 2834 2258 2900 sti,
2287 2834 2411 2903 quia
2440 2840 2618 2888 manet
2645 2831 3012 2887 ﬁrmissimum
3040 2849 3053 2884 :
3097 2831 3192 2886 sed
3223 2839 3400 2884 tamen
3431 2835 3760 2885 convertere

2165 2926 2372 2992 volunt,
2402 2927 2494 2997 qui
2529 2926 2596 2980 ab
2627 2923 3050 2995 spiritalibusad
3091 2921 3329 2978 carnalia
3361 2929 3619 2976 revocant
3664 2920 3756 2974 in-

2167 3015 2461 3072 tentionem
2488 3015 2845 3071 credentium.
2883 3014 2992 3069 lllis
3017 3015 3160 3068 enim
3209 3014 3275 3068 ad
3315 3014 3416 3068 ista
3445 3012 3756 3076 conversis,

2165 3117 2348 3163 manet
2403 3107 2752 3178 Evangelium
2806 3121 2912 3160 non
2962 3121 3304 3170 conversum,
3352 3113 3407 3160 et
3457 3105 3578 3159 ideo
3625 3119 3759 3159 eum

2165 3199 2390 3255 dixisset
2441 3198 2805 3252 conturbantes
2848 3213 2954 3260 vos,
2997 3211 3101 3251 non
3148 3195 3284 3250 dixit
3328 3203 3384 3251 et
3423 3202 3759 3251 converten-

2164 3300 2267 3356 tes,
2321 3289 2414 3345 sed
2466 3289 2726 3354 volentes,
2799 3287 3002 3358 inquit,
3063 3295 3356 3341 convertere
3409 3285 3760 3356 Evangelium

2162 3379 2375 3436 Christi.
2405 3378 2604 3452 (Hier.)
2638 3379 2863 3433 Miratur
2887 3379 3067 3448 itaque
3095 3377 3290 3432 Paulus
3321 3377 3575 3448 primum,
3605 3376 3761 3447 quod

2164 3471 2410 3527 translati
2468 3471 2578 3526 sint
2631 3471 2698 3525 ab
2745 3469 3022 3539 Evangelii
3075 3468 3344 3534 libertate,
3393 3467 3449 3522 in
3499 3466 3760 3538 legalium

2163 3578 2386 3634 operum
2415 3562 2729 3617 servitutem
2755 3577 2768 3615 :
2799 3560 2993 3616 deinde
3027 3560 3170 3632 quod
3205 3567 3314 3614 tam
3338 3559 3449 3614 cito
3481 3558 3756 3624 translati,

2164 3653 2290 3723 quia
2317 3667 2424 3707 non
2455 3653 2696 3723 ejusdem
2727 3659 2910 3707 reatus
2941 3659 3026 3707 est
3058 3649 3343 3706 transferri
3371 3651 3438 3705 ab
3468 3650 3668 3719 aliquo,
3697 3656 3776 3704 et.

2165 3742 2475 3797 difﬁcultate
2524 3741 2854 3798 transferri:
2901 3750 2964 3796 ut
3005 3743 3060 3796 in
3111 3743 3374 3813 martyrio
3405 3757 3511 3797 non
3559 3740 3756 3797 eadem

2164 3849 2322 3906 poena
2347 3835 2623 3906 plectitur,
2654 3836 2748 3906 qui
2784 3836 2987 3905 absque
3021 3835 3403 3891 colluctatione
3427 3842 3484 3891 et
3509 3843 3758 3890 tormen-

2166 3926 2234 3980 tis
2267 3925 2448 3980 statim
2477 3925 2744 3994 prosilivit
2773 3925 2840 3980 ad
2873 3927 3174 3997 negandum
3249 3935 3304 3981 et
3330 3925 3438 3992 ille,
3481 3926 3571 3997 qui
3607 3926 3760 3981 inter

2165 4017 2727 4086 equuleus,ﬁdiculas,
2750 4018 3006 4090 ignesque
3023 4019 3295 4084 distortus,
3328 4020 3637 4090 compulsus
3665 4029 3762 4076 est

2165 4109 2306 4178 quod
2329 4110 2601 4175 credebat,
2631 4124 2847 4181 negare.
2891 4111 3101 4166 Recens
3131 4111 3308 4166 adhuc
3334 4121 3452 4167 erat
3475 4112 3774 4183 Evangelii.

2163 4199 2495 4268 praedicatio,
2526 4215 2634 4254 non
2659 4200 2862 4270 grande
2893 4207 3107 4271 tempus
3134 4200 3188 4255 in
3229 4201 3428 4268 medio,
3457 4217 3564 4273 quo
3591 4201 3758 4257 Cala-

2166 4297 2250 4345 tas
2278 4289 2564 4360 Apostolus
2598 4290 2666 4346 ab
2697 4291 2853 4347 idolis
2906 4291 2974 4347 ad
3019 4291 3292 4348 Christum
3334 4295 3754 4362 transduxerat;

2165 4385 2396 4440 miratur
2418 4385 2598 4455 itaque
2626 4385 2897 4456 quomodo
2933 4396 3044 4442 tam
3069 4387 3180 4443 cito
3207 4388 3537 4444 recesserint
3564 4387 3633 4443 ab
3662 4405 3758 4455 eo,

479 4463 758 4565 dominum
804 4480 960 4522 suum
1007 4484 1139 4525 aure
1182 4481 1404 4542 pertusa
1457 4477 1680 4532 servitio
1722 4476 2058 4548 subiugatur,
2087 4514 2140 4574 D
2166 4476 2234 4530 ad
2263 4474 2414 4543 cuius
2442 4491 2639 4531 nomen
2665 4477 2864 4532 dudum
2895 4476 3023 4532 facti
3053 4477 3266 4532 fuerant
3295 4477 3610 4533 Christiani.
3641 4477 3756 4534 Ba-

478 4554 685 4608 servire
700 4555 922 4626 iubetur
947 4559 1002 4613 in
1037 4563 1314 4631 saeculum,
1360 4566 1464 4621 hoc
1503 4575 1610 4634 est,
1644 4583 1813 4638 usque
1857 4570 1925 4622 ad
1972 4554 2138 4624 ειη-ν
2166 4567 2258 4622 bet
2291 4575 2470 4620 autem
2514 4575 2569 4621 et
2598 4567 2750 4624 locus
2795 4568 2910 4638 ipse
2959 4568 3317 4638 hyperbaton,
3346 4568 3489 4638 quod
3534 4568 3612 4622 ita
3655 4582 3774 4622 suos

475 4647 1202 4736 numquinquagesimum‘:
1255 4664 1310 4710 et
1360 4656 1608 4712 Moabitae
1644 4665 1699 4712 et
1740 4657 2063 4715 Ammonitae

475 4747 585 4788 non
615 4735 994 4806 ingrediuntur
1020 4735 1318 4800 Ecclesiam
1347 4746 1561 4802 Domini
1592 4763 1761 4818 usque
1794 4749 1862 4804 ad
1901 4750 2061 4820 quin-

477 4832 590 4877 tam
629 4825 897 4883 decimam
937 4835 1343 4900 genera-tionem
1389 4845 1444 4890 et
1483 4852 1654 4906 usque
1700 4838 1753 4892 in
1785 4840 2059 4908 saeculum,

478 4913 603 4981 quia
624 4918 801 4973 omnis
821 4918 954 4975 dura
989 4925 1226 4981 conditio
1245 4927 1449 4996 iubilzei
1477 4927 1788 4984 solvebatur
1807 4931 2059 4986 adventu.

478 5003 706 5068 Quidam
733 5007 918 5065 dicunt
945 5014 1194 5070 eumdem
1211 5031 1331 5070 esse
1348 5032 1566 5072 sensum
1596 5019 1648 5073 in
1675 5020 1884 5076 saeculis
1900 5037 2067 5077 saecu-

476 5090 672 5160 lorum,
699 5113 857 5167 quem
891 5102 945 5156 in
981 5107 1184 5160 sanctis
1213 5116 1547 5176 sanctorum,
1577 5110 1631 5164 in
1661 5112 1915 5181 operibus
1939 5129 2068 5183 ope-

477 5200 618 5251 rum,
645 5185 698 5240 in
726 5187 962 5247 Canticis
991 5197 1329 5251 canticorum
1353 5215 1366 5251 :
1407 5207 1461 5254 et
1483 5217 1648 5270 quam
1687 5204 1890 5258 habent
1916 5204 2068 5260 ωπο-

477 5275 710 5331 rentiam
738 5279 861 5334 εαξιί
895 5283 962 5336 ad
1008 5299 1103 5340 eos
1151 5302 1379 5356 quorum
1427 5289 1548 5344 coeli
1594 5301 1744 5358 sunt,
1789 5300 1845 5346 et
1878 5303 2065 5351 sancta

479 5378 599 5434 qua:
647 5379 954 5427 sanctorum
1013 5379 1418 5446 comparatione
1472 5389 1598 5436 sunt
1664 5385 1960 5452 sanctiora,
2010 5394 2066 5442 et

478 5472 643 5526 opera
667 5477 786 5530 qua:
810 5478 1034 5534 operum
1057 5469 1371 5537 praelatione
1398 5473 1619 5528 meliora
1648 5487 1793 5541 sunt,
1836 5488 1892 5532 et
1919 5478 2062 5534 Can-

479 5547 586 5638 tica
627 5565 748 5620 quae
795 5553 937 5610 inter
962 5560 1175 5616 cantica
1220 5565 1476 5622 universa
1521 5571 1834 5638 prmcellunt
1861 5588 1876 5628 :
1908 5590 2064 5630 eam-

477 5635 597 5690 dem
644 5639 846 5696 habere
894 5653 950 5698 et
1001 5649 1216 5716 saecula,
1269 5668 1388 5723 quae
1425 5635 1742 5712 saeculorum
1775 5659 2064 5717 collatione

476 5735 602 5782 sunt
627 5731 838 5787 smcula.
866 5733 1111 5794 Prrescns
1137 5740 1318 5812 itaque
1350 5747 1603 5804 securium
1631 5749 1704 5804 ita
1733 5767 1762 5806 e
1785 5751 2060 5820 lisserunt,

2165 4657 2356 4712 ordine
2401 4656 2506 4728 legi
2551 4665 2744 4726 potest.
2793 4657 2959 4712 Miror
3001 4659 3146 4727 quod
3192 4659 3272 4714 sic
3307 4667 3414 4712 tam
3442 4659 3552 4714 cito
3581 4668 3761 4714 trans-

2163 4747 2402 4803 ferimini
2436 4763 2467 4802 a
2507 4747 2723 4803 Christo
2761 4746 2910 4814 Jesu,
2963 4749 3054 4818 qui
3087 4764 3183 4804 vos
3202 4751 3416 4804 vocavit
3439 4750 3494 4804 in
3523 4749 3760 4821 gratiam

2166 4838 2392 4893 dicens:
2428 4838 2552 4893 Non
2599 4840 2714 4894 veni
2740 4855 2923 4894 vocare
2962 4840 3156 4910 justas,
3207 4841 3297 4895 sed
3340 4851 3635 4911 peccatores
3685 4841 3757 4896 ad

2129 4930 2538 5000 paenitentiam
2585 4929 2747 5002 (Luc.
2789 4929 2951 5001 xxx);
3001 4933 3178 5002 gratia
3215 4933 3410 5004 quippe
3447 4935 3583 4991 salvi
3621 4935 3757 4992 facti

2168 5035 2370 5086 sumus,
2404 5029 2460 5077 et
2502 5036 2606 5076 non
2648 5037 2745 5092 per
2773 5021 2964 5092 legem.
2996 5021 3264 5080 Translati
3308 5033 3508 5091 autem,
3555 5027 3753 5097 inquit,

2167 5114 2301 5169 estis
2338 5115 2395 5168 in
2448 5113 2592 5169 aliud
2641 5114 2990 5184 Evangelium
3061 5116 3204 5185 quod
3261 5132 3368 5170 non
3419 5127 3506 5172 est
3553 5117 3752 5173 aliud:

2169 5204 2295 5274 quia
2339 5218 2499 5259 omne
2524 5203 2668 5274 quod
2708 5203 2902 5260 falsum
2948 5212 3058 5271 est,
3099 5221 3204 5261 non
3234 5207 3499 5274 subsistit,
3530 5215 3585 5264 et
3609 5209 3756 5279 quod

2167 5297 2383 5352 veritati
2432 5297 2764 5352 contrarium
2794 5303 2896 5364 est,
2924 5314 3031 5354 non
3059 5307 3144 5354 est
3172 5318 3185 5354 :
3229 5301 3308 5354 uti
3335 5299 3499 5355 illud:
3533 5300 3617 5354 Ne
3643 5311 3756 5356 tra-

2167 5389 2284 5449 das.
2312 5388 2552 5452 Domine,
2598 5399 2857 5460 sceptrum
2905 5400 3052 5446 tuum
3083 5391 3165 5444 his
3209 5392 3300 5463 qui
3346 5409 3449 5446 non
3475 5402 3596 5447 sunt
3621 5392 3754 5463 (Es-

2167 5479 2298 5534 ther.
2330 5479 2484 5551 xiv):
2527 5487 2584 5535 et
2621 5496 2682 5537 ea
2723 5497 2844 5552 quae
2886 5497 2993 5538 non
3023 5492 3183 5538 erant
3227 5485 3443 5540 vocavit
3475 5485 3637 5549 Deus,
3693 5494 3755 5540 ut

2166 5569 2370 5626 faceret
2393 5585 2515 5627 esse
2539 5572 2680 5642 quod
2718 5589 2828 5629 non
2860 5582 2995 5629 erat.
3031 5573 3088 5631 Si
3117 5584 3295 5631 autem
3321 5577 3425 5632 hoc
3447 5576 3515 5633 de
3543 5576 3631 5634 his
3657 5577 3752 5647 qui

2167 5663 2416 5718 euindem
2444 5663 2613 5720 Deum
2641 5673 2698 5721 et
2721 5667 2938 5722 easdem
2971 5667 3280 5739 Scripturas
3303 5669 3596 5737 habebant,
3624 5669 3756 5726 diei-

2172 5764 2278 5823 tur,
2317 5757 2461 5826 quod
2489 5757 2736 5815 translati
2777 5759 2889 5818 sint
2927 5760 2981 5816 in
3015 5759 3158 5816 aliud
3211 5761 3578 5834 Evangelium,
3607 5760 3756 5834 quod
