4022 6338
296 376 411 435 253

751 366 1297 430 ENARRATIONUM
1332 366 1399 422 IN
1433 365 1583 421 EPP.
1623 363 1825 421 PAULI
1865 362 1896 417 Ι.

1990 402 1994 413 .
2035 359 2174 418 XIV.
2207 350 2280 401 ἐξ
2311 359 2381 416 lN
2417 350 3051 419 EPISTTADoCGALHAT.

3426 360 3534 419 354

295 510 412 551 non
452 495 537 548 est
582 484 953 560 Evangelium,
982 484 1108 554 quid
1154 482 1221 539 de
1270 479 1537 536 Marciane
1563 483 1619 533 et
1663 476 1873 532 caeteris
1897 478 1951 539 Α
1973 487 2160 529 verum
2206 474 2351 545 quod
2380 475 2469 530 ab
2524 475 2604 532 eis
2648 490 2774 530 cum
2820 475 2955 546 legis
2998 475 3198 532 veteris
3246 478 3537 535 concordia

297 581 597 646 hareticis,
646 578 737 649 qui
787 574 1120 633 conditorem
1161 578 1420 641 respuunt
1443 576 1498 623 et
1523 566 1744 623 alterius
1769 564 1870 619 Dei

297 672 576 730 Christum
592 667 866 731 simulant,
879 666 1147 719 aestimare
1166 658 1453 717 debemus?
1469 656 1573 724 Qui
1590 671 1701 712 non
1716 653 1875 709 inter-

297 764 608 837 pretatione
618 759 752 832 legis
767 757 1052 821 etlitterze,
1076 753 1161 809 vel
1180 766 1356 822 pugna
1384 748 1564 805 carnis
1584 755 1639 801 et
1652 744 1877 816 spiritus

297 833 558 911 labuntur
610 858 665 907 et
698 852 970 909 corruunt,
1000 843 1096 898 sed
1121 843 1190 896 de
1218 848 1328 895 toto
1353 837 1606 894 Ecclesiae
1620 835 1745 907 jure
1768 833 1876 889 dis-

300 945 551 1003 cordant.
596 939 826 997 Pulchre
867 945 1046 992 autem
1096 933 1175 988 ait
1212 950 1229 987 :
1267 931 1388 987 Nisi
1430 938 1550 984 sunt
1592 925 1755 997 aliqui
1786 925 1877 996 qui

298 1053 395 1094 vos
423 1033 748 1098 conturbent,
774 1026 948 1085 volunt
974 1033 1268 1081 convertere
1296 1016 1637 1090 Evangelium
1661 1014 1872 1070 Christi.

304 1125 529 1190 Volunt,
549 1120 745 1191 inquit,
788 1115 1136 1188 Evangelium
1162 1110 1365 1169 Christi
1397 1116 1627 1173 mutare,
1650 1118 1877 1163 conver-

302 1226 443 1281 tere,
492 1213 733 1277 turbare,
774 1206 871 1263 sed
912 1219 1021 1261 non
1058 1203 1258 1268 valent,
1298 1200 1427 1271 quia
1476 1197 1637 1269 huius
1670 1202 1878 1250 natura:

303 1315 419 1372 est,
446 1313 511 1361 nt
542 1317 651 1359 non
675 1300 843 1372 possit
869 1295 1015 1353 aliud
1038 1309 1160 1351 esse
1188 1307 1351 1365 quam
1376 1289 1518 1362 quod
1544 1301 1731 1344 verum
1754 1292 1838 1342 est
1861 1303 1875 1340 :

305 1398 500 1455 Omnis
567 1394 661 1465 qui
708 1389 1055 1461 Evangelium
1099 1386 1205 1442 alio
1255 1386 1638 1452 interpretatur
1688 1377 1881 1449 spiritu

303 1498 366 1545 et
402 1492 584 1542 mente
621 1496 784 1552 quam
831 1478 1089 1550 scriptum
1123 1483 1236 1541 est,
1276 1473 1555 1529 credentes
1602 1468 1784 1524 turbat
1826 1474 1882 1521 et

302 1574 577 1633 convertit
615 1567 962 1641 Evangelium
1003 1565 1227 1631 Christi,
1256 1570 1316 1619 ut
1360 1562 1416 1618 id
1459 1560 1600 1631 quod
1644 1559 1701 1614 in
1745 1556 1883 1613 facie

302 1679 414 1737 est,
441 1675 563 1741 post
585 1675 794 1734 tergum
823 1661 1015 1727 faciat,
1054 1666 1112 1714 et
1141 1672 1206 1731 ea
1231 1671 1351 1727 quae
1374 1661 1497 1725 post
1524 1662 1734 1722 tergum
1758 1656 1888 1706 sunt

303 1770 488 1816 vertat
514 1759 569 1814 in
599 1755 811 1811 faciem.
861 1751 920 1808 Si
960 1751 1081 1822 quis
1110 1757 1315 1804 tantum
1354 1747 1587 1803 litteram
1615 1742 1880 1814 sequitur,

1968 565 2380 634 pnedicabatur.
2407 564 2475 620 Hi
2501 573 2627 620 sunt
2645 565 2739 635 qui
2764 566 3090 636 quaestiones
3112 563 3356 623 fecerunt
3373 566 3537 623 Paulo

1969 662 2024 710 et
2048 655 2310 715 Barnahm
2336 656 2402 713 de
2447 656 2555 712 hac
2580 669 2663 723 re,
2710 656 2851 712 sicut
2883 656 3193 712 continetur
3235 655 3292 712 in
3316 656 3542 714 Actibus

1971 746 2354 816 apostolorum.
2391 746 2486 802 Isti
2509 746 2932 803 enimdocebant
2950 761 3018 803 ex
3048 746 3294 816 gentibus
3317 747 3542 803 creden-

1972 843 2055 892 tes
2082 837 2208 906 quia
2234 837 2338 892 nisi
2373 836 2885 897 circumciderentur
2910 851 3063 892 more
3089 836 3258 907 Moysi
3294 845 3350 893 et
3366 835 3545 906 iudai-

1974 934 2177 994 zarent,
2221 927 2354 983 salvi
2379 941 2501 983 esse
2538 943 2645 983 non
2690 933 2928 997 possent.
2973 927 3117 993 Nisi,
3154 924 3349 996 inquit,
3380 925 3546 997 aliqui

1973 1015 2079 1071 sint
2109 1015 2199 1086 qui
2224 1014 2534 1071 conturbant
2562 1031 2670 1082 vos,
2699 1024 2747 1070 et
2771 1014 2951 1070 uolunt
2990 1024 3282 1073 convertere
3308 1014 3548 1086 Euange-

1974 1102 2104 1157 lium
2128 1102 2340 1160 Christi.
2356 1105 2617 1175 Apertum
2626 1113 2709 1160 est
2723 1104 2849 1177 quia
2865 1105 2968 1160 hoc
2989 1104 3229 1171 aiebant,
3253 1112 3548 1161 utconver-

1978 1197 2511 1268 terentEvangelium
2535 1197 2757 1265 Christi,
2770 1198 3121 1254 immutantes
3135 1197 3475 1266 traditiones,
3487 1206 3549 1253 ut

1980 1285 2081 1342 sub
2111 1287 2328 1343 nomine
2349 1287 2549 1343 Christi
2568 1295 2751 1343 essent
2781 1286 2986 1353 Judaei;
3012 1286 3067 1342 id
3099 1294 3199 1354 est,
3232 1294 3552 1342 convertere

1979 1375 2328 1447 Evangelium
2355 1373 2555 1431 Christi
2583 1375 2639 1431 in
2669 1375 2859 1447 legem.
2883 1374 3052 1430 Nemo
3072 1375 3298 1430 miretur
3320 1374 3549 1445 Aposto-

1981 1463 2218 1537 lum,qui
2238 1464 2506 1522 feritatem
2520 1481 2729 1521 morum
2748 1464 3145 1531 mansuetabat,
3165 1465 3245 1521 sic
3263 1479 3385 1521 esse
3404 1479 3553 1521 cont-

1983 1566 2208 1612 motum.
2243 1555 2350 1612 Pro
2372 1556 2682 1613 Galatarum
2724 1558 2871 1613 enim
2908 1556 3078 1613 salute
3114 1557 3425 1629 indignatur
3457 1558 3552 1615 ad—

1982 1660 2172 1702 versus
2182 1647 2428 1704 inimicos
2438 1645 2733 1718 disciplinae
2744 1646 3059 1703 Christianre
3076 1665 3090 1702 :
3105 1648 3398 1721 indignatio
3408 1648 3553 1703 enim

1985 1737 2101 1793 haec
2128 1736 2363 1793 ostendit
2385 1751 2494 1792 non
2521 1736 2635 1793 leve
2661 1744 2941 1808 peccatum
2968 1753 3089 1793 esse
3124 1746 3244 1809 post
3274 1747 3557 1809 acceptam

304 1851 612 1925 posteriora
638 1846 790 1917 ponit
829 1845 884 1899 in
914 1815 1125 1898 faciem.
1155 1840 1215 1895 Si
1244 1839 1366 1910 quis
1390 1835 1698 1895 Iudaeorum
1723 1835 1887 1890 inter-
1915 1815 1959 1875 B
1991 1826 2151 1885 ﬁdem
2176 1828 2417 1886 converti
2444 1830 2514 1885 ad
2538 1828 2745 1901 legem;
2770 1844 2894 1884 nam
2921 1837 3032 1885 tam
3060 1829 3277 1885 ﬁrmum
3297 1837 3353 1884 et
3366 1845 3557 1885 verum

305 1938 704 2015 pretationibus
725 1934 1043 2005 acquiescit,
1076 1940 1200 2003 post
1227 1938 1433 2000 tergum
1464 1927 1630 1983 mittit
1656 1942 1742 1992 ea,
1769 1940 1888 1995 quae

308 2050 383 2090 ex
404 2040 597 2087 natura
620 2044 716 2085 sua
743 2027 800 2082 in
837 2024 1035 2079 faciem
1057 2022 1351 2077 censtituta
1379 2027 1524 2074 sunt.
1556 2017 1668 2072 Nec
1698 2031 1805 2071 non
1833 2023 1891 2071 et

308 2124 448 2182 illud
504 2134 743 2193 congrue
789 2115 933 2186 quod
994 2111 1363 2168 translationis
1406 2109 1632 2166 verbum
1684 2105 1891 2164 Calatis

307 2223 624 2286 eoaptatum
651 2218 737 2268 est
760 2228 774 2265 :
800 2208 1009 2266 Calatia
1031 2206 1178 2263 enim
1203 2203 1601 2260 translationem
1624 2210 1810 2257 nostra
1833 2200 1892 2255 in

307 2308 496 2379 lingua
524 2312 698 2361 sonat.

316 2462 325 2470 ,
386 2395 493 2452 Sed
521 2393 636 2448 licet
671 2407 767 2448 nos
805 2398 897 2445 aut
922 2386 1137 2459 angelus
1165 2386 1229 2441 de
1257 2383 1382 2440 cwlo
1407 2380 1717 2453 evangeliset
1752 2380 1892 2435 vobis

306 2493 662 2558 praterquam
698 2480 837 2553 quod
861 2476 1273 2551 euangelizantus
1314 2476 1477 2542 vobis,
1502 2475 1779 2528 anathema
1800 2472 1891 2538 sit;

310 2579 451 2634 sicut
476 2575 814 2647 prazdiximus
838 2581 884 2626 et
929 2587 1066 2624 nunc
1090 2570 1279 2623 iterum
1321 2568 1438 2622 dico
1463 2580 1482 2619 :
1523 2564 1583 2622 Si
1609 2564 1725 2636 quis
1751 2563 1894 2618 vobis

311 2662 741 2737 euangelizarent
772 2668 963 2731 prwter
1000 2655 1055 2711 id
1079 2655 1216 2728 quod
1241 2654 1531 2725 accepistis,
1561 2651 1899 2706 anathemata

311 2757 405 2812 sit.
446 2751 628 2826 (Aug.)
672 2749 887 2807 Veritas
914 2755 1133 2819 propter
1175 2760 1234 2801 se
1277 2745 1451 2818 ipsam
1497 2739 1769 2812 diligenda
1790 2745 1899 2807 est,

310 2862 427 2902 non
472 2852 692 2915 propter
736 2840 1039 2904 hominem,
1088 2846 1183 2893 aut
1224 2842 1459 2908 propter
1480 2832 1751 2902 angelum,
1797 2844 1897 2901 per

310 2953 477 3007 quem
511 2932 860 2989 adnuntiatur
888 2948 900 2983 :
931 2928 1024 2998 qui
1052 2927 1199 2982 enim
1240 2932 1462 2996 propter
1487 2920 1897 2977 annuntiatores

310 3026 491 3098 diligit
511 3039 655 3088 eam,
683 3027 865 3092 potest
891 3027 947 3074 et
970 3016 1249 3074 mendacia
1284 3014 1529 3084 diligere,
1555 3012 1600 3067 si
1625 3026 1733 3081 qua
1759 3008 1899 3066 forte

312 3115 423 3187 ipsi
468 3127 563 3169 sua
606 3109 949 3183 protulerint.
1002 3105 1153 3162 Sicut
1193 3104 1555 3175 praediximus,
1604 3099 1797 3170 inquit,
1848 3108 1898 3153 et

313 3222 460 3262 nunc
484 3206 671 3259 iterum
693 3202 848 3255 dico:
870 3201 915 3254 si
939 3198 1055 3269 quis
1077 3196 1217 3252 vobis
1240 3193 1664 3265 euangelizaverit
1686 3200 1899 3262 praeter-

313 3311 479 3368 quam
502 3299 637 3365 quod
665 3290 955 3362 accepistis,
981 3286 1260 3343 anathema
1285 3285 1374 3338 sit.
1405 3282 1517 3339 Aut
1537 3296 1776 3353 praesens
1797 3282 1901 3337 hoc

310 3388 665 3460 praedixerat,
694 3393 789 3441 aut
814 3382 940 3454 quia
970 3378 1187 3436 iteravit
1222 3378 1368 3449 quod
1409 3376 1565 3442 dixit,
1614 3382 1899 3446 propterea

313 3478 492 3536 voluit
529 3478 730 3543 dicere,
764 3476 902 3530 sicut
927 3471 1312 3544 praediximus:
1352 3476 1533 3523 tamen
1569 3466 1685 3536 ipsa
1733 3466 1899 3520 itera-

318 3570 399 3625 tio
452 3566 802 3625 saluberrime
847 3561 1199 3619 intentionem
1240 3566 1423 3615 movet
1467 3556 1537 3612 ad
1581 3553 1897 3610 firmitatem

319 3659 593 3718 retinendi
614 3673 733 3714 eam
763 3671 884 3728 quae
921 3655 1000 3711 sic
1041 3651 1449 3709 commendatur
1478 3648 1660 3705 ﬁdem.
1696 3645 1895 3720 (Hier.)

316 3748 511 3809 Potest
542 3759 601 3807 et
642 3747 987 3822 hyperbolice
1013 3746 1220 3802 dictum
1263 3741 1457 3815 accipi,
1485 3755 1595 3796 non
1635 3739 1777 3810 quod
1805 3746 1900 3794 aut

318 3842 631 3916 Apostolus,
663 3848 756 3896 aut
792 3837 1014 3911 angelus
1055 3833 1330 3907 potuerint
1374 3832 1534 3887 aliter
1575 3829 1897 3901 praedicare,

321 3953 487 4010 quam
515 3934 681 3993 semel
726 3934 1015 3991 dixerant:
1043 3930 1139 3986 sed
1174 3927 1386 3984 etiamsi
1426 3926 1531 3982 hoc
1555 3931 1738 3995 posset
1778 3923 1899 3980 ﬁeri

321 4036 385 4083 ut
420 4037 477 4084 et
508 4024 737 4097 apostoli
763 4033 818 4080 et
844 4021 1020 4093 angeli
1046 4025 1381 4075 mutarentur
1406 4036 1419 4072 :
1452 4024 1630 4072 tamen
1653 4029 1760 4071 non
1777 4028 1897 4070 esse

323 4119 397 4174 ab
436 4131 523 4184 eo,
553 4104 696 4187 quod
727 4112 903 4178 semel
933 4117 1215 4180 acceptum
1253 4106 1451 4172 fuerat,
1488 4103 1847 4163 recedendum
1879 4116 1896 4157 :

320 4206 562 4262 maxime
598 4218 722 4260 cum
765 4202 880 4272 ipse
902 4197 1191 4270 Apostolus
1215 4195 1270 4251 in
1301 4195 1407 4250 alio
1433 4194 1551 4250 loco
1584 4192 1905 4248 ﬁrmitatem

324 4294 454 4352 ﬁdei
476 4309 589 4350 sua“:
614 4291 864 4349 ostendat
888 4289 1072 4344 dicens
1093 4285 1270 4359 (Rom.
1301 4284 1424 4357 vin)
1452 4302 1466 4339 :
1506 4281 1628 4340 Scio
1657 4283 1782 4354 quia
1806 4297 1900 4336 ne-

323 4403 425 4459 que
451 4401 617 4450 mors,
659 4398 821 4455 neque
848 4381 970 4448 vita,
1002 4394 1163 4449 neque
1204 4374 1397 4448 angeli,
1442 4390 1611 4444 neque
1637 4372 1899 4444 principa-

325 4489 436 4545 tus,
462 4492 624 4547 neque
650 4470 947 4545 prtesenlia,
992 4483 1153 4540 neque
1187 4467 1391 4538 futura,
1418 4481 1579 4554 neque
1624 4462 1899 4534 fortitudo,
1928 4493 1981 4554 Β

326 4582 491 4636 neque
514 4562 760 4629 altitudo,
782 4576 943 4631 neque
963 4557 1305 4631 profundum,
1328 4571 1488 4626 neque
1509 4553 1617 4609 alia
1638 4562 1905 4618 creatura,

327 4660 517 4731 poterit
542 4672 634 4710 nos
661 4668 907 4725 separare
932 4649 1261 4706 adilectione
1293 4647 1410 4714 Dei,
1433 4663 1549 4719 qua
1573 4654 1649 4701 est
1673 4647 1729 4700 in
1754 4643 1906 4699 Chri-

328 4758 409 4805 sto
434 4746 564 4803 Jesu
589 4746 813 4800 Domino
858 4751 1054 4796 nostra.
1090 4737 1378 4794 Veritatem
1419 4737 1536 4791 dico
1582 4736 1640 4790 in
1676 4733 1905 4798 Christo,

330 4857 441 4896 non
483 4838 733 4903 mentior,
750 4830 1098 4891 testimonium
1122 4830 1251 4885 mihi
1272 4828 1567 4901 perhibente
1591 4825 1905 4881 conscientia

329 4947 469 4986 mea.
508 4927 635 4984 Haec
668 4926 864 4997 quippe
900 4923 1043 4979 dicta
1068 4935 1176 4976 non
1205 4927 1330 4976 sunt
1374 4917 1492 4989 ejus
1536 4916 1629 4988 qui
1672 4916 1844 4988 possit
1875 4929 1907 4970 a

331 5021 536 5079 Christi
600 5018 705 5075 ﬁde
785 5024 841 5072 et
909 5013 1199 5071 dilectione
1275 5009 1568 5081 aliquando
1634 5007 1910 5064 discedere

334 5110 562 5185 (Anton)
605 5109 665 5165 In
694 5109 840 5165 aliud
882 5122 1010 5178 ergo
1064 5103 1414 5177 Evangelium
1444 5102 1624 5159 vocati
1671 5100 1909 5165 fuerant,

333 5220 499 5278 quam
541 5205 682 5275 quod
726 5204 787 5260 hi
830 5201 1215 5274 praedicabant,
1247 5197 1338 5269 qui
1367 5212 1462 5253 eos
1508 5195 1908 5260 subverterant,

333 5311 445 5352 non
476 5302 663 5349 tamen
695 5291 839 5347 aliud
868 5290 937 5346 ab
976 5304 1041 5347 eo
1063 5288 1208 5360 quod
1236 5286 1461 5357 apostoli
1492 5282 1907 5349 annuntiahant,

336 5386 481 5458 quod
510 5380 944 5455 pseudoapostoli
974 5378 1121 5435 aliud
1144 5392 1267 5434 esse
1302 5375 1639 5441 asserebant,
1670 5371 1738 5428 ad
1769 5371 1910 5426 invi-

336 5473 483 5529 diam
530 5471 756 5542 apostoli
801 5469 895 5541 qui
933 5483 1028 5525 eos
1075 5467 1406 5522 instruxerat
1440 5480 1455 5517 :
1493 5470 1550 5519 et
1585 5470 1645 5516 ut
1692 5459 1911 5517 Galatas

336 5582 438 5639 per
466 5566 609 5622 hanc
652 5563 917 5620 fallaciam
952 5558 1425 5624 circumvenirent,
1458 5570 1679 5613 necesse
1709 5561 1914 5610 eratut

338 5655 687 5726 Evangelium
749 5652 993 5726 Apostoli
1046 5650 1192 5706 aliud
1240 5663 1361 5705 esse
1419 5645 1695 5712 dicerent,
1746 5660 1909 5715 quam

341 5749 487 5823 quod
541 5747 682 5806 ratio
726 5744 1024 5804 Salvatoris
1061 5742 1288 5800 docebat
1334 5758 1349 5794 :
1408 5740 1511 5796 hoc
1557 5748 1737 5795 autem
1790 5754 1909 5795 esse

1987 1919 2359 1990 Evangelium,
2371 1920 2514 1992 quod
2540 1920 2620 1975 eis
2643 1921 3049 1990 praedicavcrat,
3071 1920 3282 1985 asserit,
3311 1927 3368 1973 ut
3394 1919 3556 1976 etiam

1988 2009 2213 2080 seipsos,
2233 2009 2286 2066 id
2310 2021 2394 2066 est
2416 2010 2707 2081 apostolos,
2730 2010 2776 2064 si
2795 2010 3063 2065 immutati
3085 2008 3225 2066 forte
3245 2008 3400 2064 aliter
3422 2024 3559 2079 prte-

1991 2101 2267 2167 dicarent,
2294 2115 2402 2156 non
2445 2100 2619 2155 audiri
2658 2100 2889 2166 diceret;
2934 2114 3164 2170 quorum
3198 2099 3383 2170 utique
3417 2098 3559 2155 fama

1992 2188 2135 2260 quod
2158 2196 2339 2244 essent
2366 2188 2592 2258 apostoli
2613 2186 2815 2243 Christi
2836 2195 3218 2259 peragraverat
3241 2201 3452 2242 omnem
3483 2186 3563 2241 lo—

1997 2293 2137 2335 cum.
2166 2276 2275 2332 Aut
2300 2277 2345 2332 si
2374 2276 2513 2331 forte
2536 2276 2777 2332 diabolus
2801 2276 3049 2346 angelum
3074 2274 3249 2330 Deise
3271 2274 3477 2346 ﬁngens
3502 2282 3562 2329 ut

1992 2366 2148 2423 facile
2181 2368 2350 2438 possit
2375 2367 2580 2433 audiri,
2605 2365 2672 2423 de
2706 2367 2859 2423 caelis
2882 2374 3197 2437 appareret,
3234 2375 3419 2435 contra
3446 2368 3563 2421 haec

1994 2457 2327 2528 przedicans,
2367 2457 2598 2512 sciretur
2630 2469 2751 2512 esse
2785 2457 3111 2512 contrarium
3148 2464 3203 2511 et
3236 2454 3571 2515 abominatio

1992 2546 2295 2602 haberetur.
2325 2544 2523 2618 (Ηὶεν.)
2563 2545 2733 2600 Porro
2774 2547 3065 2610 anathema,
3086 2547 3308 2601 verbum
3348 2545 3567 2616 proprie

1992 2635 2299 2691 Judaeorum
2314 2645 2419 2703 est,
2440 2645 2495 2692 et
2514 2636 2748 2707 positum
2781 2645 2889 2691 tam
2915 2636 2971 2690 in
2999 2635 3127 2692 Jesu
3153 2635 3300 2691 Nave
3325 2650 3488 2705 quam
3509 2636 3565 2693 iu

1993 2727 2275 2795 Numeris,
2323 2726 2537 2815 quando
2578 2717 2759 2782 omnt’a
2800 2742 2921 2799 quae
2953 2736 3108 2783 erant
3147 2727 3203 2782 in
3235 2725 3482 2793 Iericho,
3512 2734 3568 2781 et

1930 2822 1933 2825 ‘
1995 2818 2403 2873 Madianitarum
2448 2819 2787 2874 detestationi
2842 2825 2899 2873 et
2942 2817 3273 2872 anathemati
3322 2816 3567 2872 habenda

1984 2907 2257 2993 Dominus
2287 2906 2572 2978 imperavit
2606 2906 2795 2979 (Num.
2820 2922 2938 2973 xxI,
2967 2904 3083 2960 los.
3125 2905 3222 2977 vt).
3262 2906 3567 2977 Interrogo-

1996 3009 2116 3051 mus
2135 3009 2228 3051 eos
2249 2995 2341 3065 qui
2364 2994 2636 3049 Christum
2650 3003 2704 3049 et
2726 2993 3021 3063 apostolum
3048 2992 3270 3047 Paulum
3288 3033 3303 3059 ,
3326 2993 3454 3047 boni
3474 2993 3575 3048 Dei

2001 3091 2057 3139 et
2082 3099 2251 3154 usque
2275 3084 2342 3139 ad
2365 3082 2497 3139 illud
2521 3091 2726 3154 tempus
2750 3082 3000 3153 ignorati,
3021 3078 3110 3137 vel
3126 3076 3297 3135 ﬁlium
3323 3089 3571 3136 asserunt

1926 3153 1971 3215 C
2000 3190 2119 3231 esse
2144 3174 2229 3231 vel
2256 3189 2490 3242 servum,
2511 3172 2602 3243 qui
2632 3172 2952 3228 maledicere
2978 3172 3206 3238 nesciat,
3236 3186 3337 3227 nec
3363 3173 3574 3227 noverit

2000 3265 2231 3336 aliquem
2259 3264 2619 3319 condemnare
2643 3281 2656 3317 :
2683 3262 2949 3333 quomodo
2975 3277 3116 3318 nunc
3147 3262 3432 3333 Apostolus
3455 3263 3578 3333 ejus

1998 3355 2162 3409 verbo
2185 3352 2510 3420 Iudaeorum,
2541 3354 2594 3408 id
2622 3361 2734 3419 est,
2759 3352 3032 3409 Creatoris
3057 3361 3260 3418 utatur,
3296 3360 3353 3409 et
3392 3354 3571 3424 perire

1997 3445 2084 3501 vel
2095 3444 2351 3516 angelum
2373 3444 2457 3500 vel
2486 3444 2785 3515 apostolum
2812 3443 2959 3509 velit,
2983 3459 3106 3499 cum
3131 3444 3244 3515 ipse
3265 3459 3372 3500 non
3402 3444 3574 3500 soleat

1997 3534 2217 3591 ulcisci?
2261 3533 2416 3603 Quod
2451 3545 2633 3589 autem
2676 3532 2917 3590 addidit:
2945 3531 3094 3589 Sicut
3121 3534 3491 3603 prwdia'imus,
3523 3543 3573 3589 et

1997 3642 2135 3682 nunc
2186 3627 2375 3681 iterum
2419 3625 2536 3680 dico
2562 3641 2581 3680 :
2608 3625 2845 3680 ostendit
2883 3639 2941 3680 se
2984 3632 3039 3679 et
3078 3625 3133 3679 in
3173 3624 3440 3697 principio
3472 3625 3577 3681 hoc

1996 3717 2169 3788 ipsum
2199 3723 2503 3781 caventem,
2528 3713 2873 3770 denuntiasse
2900 3713 3185 3768 anathema
3206 3714 3284 3769 eis
3309 3714 3396 3783 qui
3421 3713 3579 3769 aliter

1994 3807 2336 3879 praedicaturi
2385 3814 2560 3872 erant,
2601 3814 2651 3860 et
2703 3820 2848 3860 nunc
2892 3812 3179 3876 postquam
3224 3804 3577 3874 praedicatum

1994 3908 2117 3968 est,
2159 3900 2211 3955 id
2259 3899 2549 3954 anathema
2598 3897 2917 3963 decernere,
2949 3895 3092 3968 quod
3138 3903 3262 3951 ante
3309 3895 3572 3965 praedixe-

1997 4000 2101 4047 rat.
2126 3990 2414 4061 Propterea
2455 3995 2634 4043 autem
2685 3995 2742 4042 et
2787 3987 2892 4045 sibi
2930 4000 3088 4056 quem
3130 3985 3275 4039 aliud
3310 3985 3366 4039 in
3392 3981 3577 4046 Iudaea

1999 4080 2205 4145 facere,
2257 4079 2402 4135 aliud
2451 4078 2646 4134 docere
2701 4077 2756 4132 in
2813 4076 3059 4147 gentibus
3113 4074 3579 4140 criminabantur,

2010 4179 2067 4227 et
2119 4169 2339 4241 angelo,
2401 4180 2562 4239 quem
2622 4163 2882 4234 majorem
2945 4165 3110 4220 etiam
3160 4162 3587 4233 praecessoribus.

2001 4261 2114 4319 suis
2164 4258 2419 4331 apostolis
2470 4271 2593 4314 esse
2645 4256 2965 4322 constabat,
3016 4254 3308 4309 anathema
3360 4252 3575 4309 nuntia-

2000 4352 2108 4418 vit;
2147 4358 2210 4405 ut
2256 4364 2365 4405 non
2411 4362 2608 4419 magna
2640 4344 2785 4402 Petri
2827 4352 2884 4400 et
2915 4342 3137 4400 Joannis
3164 4349 3444 4415 putaretur
3476 4357 3574 4396 au-

2004 4439 2261 4505 ctoritas,
2302 4453 2426 4494 cum
2470 4451 2570 4492 nec
2611 4435 2713 4491 sibi
2758 4434 2944 4490 ticeret
2980 4433 3070 4504 qui
3102 4447 3198 4488 eos
3227 4439 3352 4486 ante
3377 4428 3576 4486 docue-

2009 4543 2115 4602 rat,
2142 4548 2243 4588 nec
2264 4530 2453 4604 angelo
2482 4529 2638 4584 aliter
2672 4527 2965 4600 prmdicare
2988 4566 3003 4592 ,
3041 4540 3203 4595 quam
3241 4520 3408 4578 semel
3435 4522 3579 4578 didi-

2008 4631 2211 4682 cerant.
2235 4622 2307 4679 Sc
2328 4624 2505 4692 itaque
2529 4627 2585 4677 et
2603 4618 2849 4689 angelum
2873 4614 3189 4672 nominatim
3214 4613 3412 4683 posuit,
3442 4611 3583 4667 alios

2008 4729 2138 4770 vero
2160 4715 2361 4783 absque
2391 4710 2605 4765 nomine
2630 4726 2645 4762 :
2676 4704 2733 4762 Si
2761 4707 2898 4777 quis,
2927 4702 3129 4773 inquit,
3155 4701 3294 4757 vobis
3320 4699 3587 4771 evangeli—

2009 4804 2199 4859 zaverit
2250 4809 2311 4856 ut
2342 4802 2396 4856 in
2428 4796 2662 4871 generali
2702 4793 2964 4850 vocabulo
3003 4806 3105 4847 nec
3157 4791 3585 4862 praecessoribus

2011 4895 2214 4952 faceret
2246 4893 2494 4964 iniuriam
2515 4931 2531 4958 ,
2577 4896 2634 4944 et
2674 4896 2854 4942 tamen
2890 4885 3107 4939 nomina
3131 4898 3316 4940 eorum
3347 4882 3583 4938 latenter

2007 4985 2334 5042 ostenderet.
2379 4981 2539 5038 Modo
2581 4981 2719 5034 enim
2761 4975 3056 5032 hominibus
3098 4974 3293 5030 suadeo
3326 4991 3396 5028 an
3426 4972 3588 5027 ι)εοῖ

2008 5086 2099 5132 aut
2132 5091 2307 5149 quarm
2343 5070 2639 5127 hominibus
2680 5066 2926 5140 placere?
2964 5065 3024 5122 Si
3067 5064 3242 5119 adhuc
3278 5062 3585 5119 hominibus

2007 5166 2285 5238 placerem,
2303 5160 2496 5218 Christi
2518 5175 2692 5215 seruus
2718 5173 2822 5212 non
2843 5173 3024 5211 essem.
3048 5152 3281 5228 (Ambr.)
3299 5151 3583 5225 Signiﬁcat

2009 5258 2170 5329 igitur
2205 5257 2305 5311 hos
2349 5268 2381 5307 a
2415 5250 2611 5322 quibus
2646 5247 2858 5304 fuerant
2892 5246 3098 5315 eversi,
3138 5261 3246 5302 non
3293 5245 3437 5311 Deo,
3485 5241 3591 5298 sed
3674 5281 3678 5285 .

2011 5347 2318 5404 hominibus
2362 5343 2576 5416 placere
2623 5340 2679 5397 in
2723 5338 3036 5396 Galatarum
3091 5335 3461 5393 subversione.
3512 5331 3584 5387 Ut

2011 5437 2155 5492 enim
2172 5434 2391 5490 laudari
2422 5448 2452 5488 a
2487 5431 2686 5487 Iudaeis
2711 5437 2962 5501 possent,
2994 5427 3289 5484 secundum
3329 5424 3581 5479 volunta-

2011 5538 2119 5585 tem
2146 5524 2377 5591 illorum,
2405 5524 2574 5595 legem
2597 5520 2916 5578 servandam
2943 5518 3210 5582 dicebant,
3236 5530 3303 5588 ne
3328 5513 3373 5570 si
3393 5524 3583 5566 verum

1974 5662 1981 5673 .
2014 5617 2357 5691 Evangelium
2394 5614 2593 5672 Christi
2623 5610 3008 5683 praedicarent,
3036 5606 3281 5663 inimicos
3310 5619 3403 5659 eos
3429 5600 3582 5654 face-

2012 5718 2149 5767 rent.
2167 5688 2265 5765 llic
2288 5714 2465 5763 autem
2490 5702 2761 5776 apostolus
2778 5700 2993 5765 Paulus,
3012 5698 3103 5768 qui
3126 5696 3272 5755 ctuni
3298 5688 3591 5749 devotione

4008 3716 4009 3733 1

4007 3828 4009 3853 1

4008 3876 4009 3891 1

4008 3914 4009 3941 1

4008 3954 4009 3989 1

4008 4004 4009 4017 1

4008 4040 4009 4071 1
