4022 6338
419 299 523 363 253

1055 309 1114 364 Β.
1157 309 1407 364 MBAN!
1446 307 1665 365 MAURI
1702 307 2019 364 ARCHIEP.
2060 304 2366 362 MOGUNT.
2407 303 2692 362 OPERUM
2731 302 2908 357 PARS
2947 297 3030 355 Ill.

3568 297 3688 354 25‘6-

419 419 530 474 Deo
549 417 762 488 placere
786 418 1030 484 docebat,
1055 435 1161 475 non
1190 420 1410 474 timebat
1432 419 1678 474 homines
1701 417 1990 483 offendere,
2020 420 2070 480 Α
2097 432 2254 473 suam
2279 417 2503 488 gloriam
2533 430 2805 488 quaerens,
2851 415 2948 470 sed
2991 413 3084 468 Dei
3125 422 3184 468 ut
3221 413 3354 469 salvi
3386 414 3539 481 ﬁant,
3565 431 3669 472 non

417 508 707 564 dummodo
747 509 840 563 Dei
884 508 1109 578 gloriam
1152 510 1594 566 commendaret:
1633 510 1814 564 omnia
1851 510 1994 564 enim
2088 508 2202 578 jam
2225 508 2554 573 hominibus,
2578 507 2673 563 sed
2703 509 2812 562 Deo
2831 505 3041 576 placet;
3075 515 3170 560 aut
3207 514 3356 561 certe
3387 505 3504 576 jam
3541 522 3692 562 eum.

415 599 706 670 praesen-tia
731 606 1080 668 postponens,
1105 598 1322 664 futuris,
1346 614 1404 654 se
1427 599 1841 672 commendabat
1870 613 1994 669 spe-

418 689 541 753 bus,
565 695 623 742 ut
646 686 849 742 Christi
893 688 1118 742 idoneus
1147 702 1336 742 servus
1360 688 1580 742 :-id'onei
1621 695 1802 742 autem
1853 687 1996 743 servi

417 793 538 833 esse
582 793 686 832 non
726 786 982 846 possunt,
1020 778 1112 847 qui
1138 778 1241 832 sub
1270 777 1494 832 nomine
1523 777 1734 833 Domini
1767 779 1998 848 propriis

421 869 586 924 lucris
617 869 856 924 student.
887 867 1088 940 (Hien)
1111 867 1226 924 Non
1245 879 1508 940 putemus
1531 868 1598 924 ab
1616 871 1876 940 Apostolo
1897 885 1998 926 nos

421 961 623 1024 doceri,
657 968 720 1015 ut
743 959 985 1030 exemplo
1015 975 1113 1015 suo
1142 961 1418 1016 hominum
1441 960 1644 1029 judicia
1683 970 1998 1022 contemna-

419 1068 572 1119 mus,
611 1052 704 1122 qui
745 1052 799 1106 in
847 1051 954 1108 alio
990 1051 1108 1106 loco
1136 1051 1334 1105 dixerit
1376 1047 1458 1123 (11
1497 1049 1620 1105 Cor.
1645 1050 1699 1120 v)
1724 1070 1737 1106 :
1765 1051 1999 1107 Scientes

420 1160 542 1215 ergo
563 1144 802 1196 timorem
853 1141 981 1206 Dei,
1017 1141 1310 1195 hominibus
1358 1140 1660 1205 suademus,
1685 1140 1794 1196 Deo
1821 1149 1996 1196 autem

421 1233 686 1298 manifesti
707 1249 930 1298 sumus;
951 1241 1022 1288 et'
1043 1231 1174 1286 illud
1214 1231 1266 1303 (Ι
1300 1229 1424 1286 Cor.
1447 1229 1502 1304 ι)
1531 1249 1546 1284 :
1572 1230 1697 1286 Sine
1717 1231 2000 1300 oﬁ‘ensio‘ne

421 1336 582 1382 estote
607 1325 812 1380 Iudaeis
837 1335 886 1380 et
912 1325 1166 1396 gentibus,
1201 1334 1248 1379 et
1273 1323 1521 1379 Ecclesia?
1550 1323 1665 1389 Dei,
1686 1323 1819 1378 sicut
1838 1333 1884 1378 et
1907 1341 1999 1394 ego

421 1416 664 1471 omnibus
689 1416 986 1486 peremnia
1010 1413 1188 1485 placeo
1209 1455 1225 1480 ,
1263 1431 1380 1469 non-
1411 1429 1646 1485 quaerens
1691 1413 1830 1484 quod
1872 1413 2000 1466 mihi

415 1506 550 1562 utile
573 1515 682 1572 est,
715 1506 805 1561 sed
819 1507 969 1577 'quod
999 1505 1206 1572 multis,
1248 1516 1304 1560 ut
1334 1505 1617 1560 salventur.
1641 1504 1760 1574 Sed
1797 1505 1842 1560 si
1879 1503 1999 1560 ﬁeri

421 1605 616 1668 potest,
651 1605 711 1651 ut
744 1597 948 1666 pariter
990 1603 1044 1652 et
1080 1597 1192 1652 Deo
1220 1594 1617 1651 et-hominibus
1653 1593 1996 1664 placeamus,

420 1687 848 1759 placendum-est
876 1668 1293 1742 et-hominibus.
1333 1685 1428 1740 Sin
1465 1692 1642 1740 autem
1686 1685 1843 1740 aliter
1890 1698 1997 1739 non

2096 607 2150 655 et
2175 600 2286 664 Deo
2311 598 2506 668 placet,
2535 597 2694 654 simul
2723 605 2778 652 et
2807 597 3138 661 hominibus,
3158 612 3265 651 non
3289 597 3478 666 utique
3501 597 3675 651 homi-

2096 688 2254 744 nibus
2271 688 2477 759 placet;
2503 687 2649 742 aliud
2675 696 2758 744 est
2777 686 2920 742 enim
2941 685 3154 758 placere
3179 686 3507 750 hominibus,
3528 686 3672 744 aliud

2097 787 2154 835 et
2179 779 2290 834 Deo
2325 788 2382 834 et
2408 779 2738 834 hominibus.
2780 778 2938 844 Item,
2975 778 3068 848 qui
3112 775 3426 833 hominibus
3451 788 3676 850 propter

2095 869 2380 924 veritatem
2422 868 2630 938 placet,
2667 884 2776 923 non
2820 868 2964 923 enim
2997 868 3113 938 ipse
3147 867 3286 933 illis,
3328 867 3424 923 sed
3470 869 3675 924 veritas

2095 956 2303 1028 placet;
2335 956 2543 1028 placere
2568 965 2752 1012 autem
2782 956 2938 1022 dixit,
2967 964 3229 1027 quantum
3267 957 3320 1012 in
3355 957 3535 1027 seipse
3569 967 3674 1022 est.

2097 1053 2355 1115 quantum
2383 1046 2449 1100 ad
2477 1043 2594 1113 ejus
2623 1045 2958 1100 voluntatem
2992 1044 3225 1111 attinet;
3254 1060 3336 1101 ac-
3359 1046 3405 1100 si
3435 1047 3675 1111 diceret,

2097 1137 2313 1207 placere
2338 1137 2526 1192 vellem
2554 1155 2567 1190 :
2597 1152 2716 1191 non
2734 1137 2879 1192 enim
2909 1137 2954 1192 si
2978 1137 3083 1193 hoc
3103 1153 3168 1192 eo
3203 1153 3311 1193 non
3338 1147 3534 1210 agente
3558 1140 3680 1209 pla-

2098 1235 2216 1282 ceat
2247 1226 2430 1292 alicui,
2472 1227 2624 1296 quasi
2664 1235 2884 1298 propter
2912 1227 3176 1296 seipsum,
3219 1237 3275 1283 et
3320 1245 3426 1284 non
3455 1239 3682 1300 propter

2099 1317 2267 1371 Deum
2305 1325 2465 1386 atque
2485 1316 2867 1387 Evangelium,
2893 1317 3036 1387 quod
3065 1319 3382 1383 annuntiat,
3409 1321 3682 1389 superbia:

2100 1405 2266 1476 ipsius
2292 1407 2470 1478 potius
2519 1422 2680 1478 quam
2705 1407 2880 1462 errori
2907 1407 3047 1478 ejus,
3077 1408 3164 1463 cui
3194 1423 3450 1478 perverse
3475 1408 3680 1479 placet,

2099 1496 2441 1551 tribuendum
2476 1505 2578 1552 est.
2619 1497 2724 1552 Iste
2761 1498 2944 1566 itaque
2973 1511 3165 1552 sensus
3199 1505 3320 1553 est:
3355 1498 3510 1554 Modo
3537 1513 3676 1569 ergo
3707 1537 3712 1546 ι

2097 1587 2402 1643 hominibus
2427 1589 2627 1643 suadeo
2653 1603 2719 1642 an
2743 1588 2851 1643 Deo
2872 1629 2887 1654 ,
2915 1595 3004 1643 aut
3042 1588 3168 1657 quia
3202 1588 3508 1642 hominibus
3541 1603 3675 1643 sua-

2099 1678 2218 1743 deo,
2257 1693 2439 1748 quer
2467 1678 2773 1734 hominibus
2798 1678 3050 1748 placere?
3073 1677 3132 1732 Si
3153 1678 3330 1733 adhuc
3361 1677 3676 1733 hominibus
3707 1720 3716 1726 .

419 1778 696 1850 placemus
741 1778 1085 1842 hominibus,
1117 1777 1219 1832 nisi
1249 1775 1362 1831 Deo
1407 1775 1786 1846 displiceamus
1827 1793 1840 1828 :
1880 1775 1994 1829 Deo
2027 1767 2071 1826 Β
2099 1786 2398 1841 qumrerem
2424 1771 2640 1842 placere
2659 1813 2676 1838 ,
2700 1769 2904 1827 Christi
2932 1785 3126 1826 servus
3157 1786 3263 1827 non
3291 1785 3487 1825 essem.
3517 1769 3686 1825 Jubet

422 1869 592 1939 magis
614 1884 773 1938 quam
801 1868 1109 1924 hominibus
1136 1866 1349 1938 placere
1369 1865 1657 1922 debemus:
1688 1864 1922 1935 alioquin
1946 1872 2002 1919 et

425 1961 540 2032 ipse
585 1961 787 2028 infert,
834 1961 1215 2016 cur-omnibus
1257 1975 1353 2030 per
1389 1960 1571 2015 omnia
1617 1960 1856 2030 placeat,
1897 1975 2000 2013 non

422 2067 680 2120 qurerens,
711 2051 978 2120 inquiens,
1003 2050 1143 2121 quod
1171 2051 1296 2104 mihi
1324 2049 1451 2104 utile
1475 2049 1676 2113 est,sed
1693 2049 1832 2121 quod
1857 2048 1999 2104 mul—

422 2142 489 2196 tis
532 2150 587 2195 ut
633 2140 916 2196 saluentur.
955 2141 1057 2208 Qui
1086 2148 1267 2195 autem
1310 2155 1376 2195 ex
1401 2139 1704 2204 charitate,
1739 2153 1858 2210 quae
1893 2153 2000 2193 non

423 2234 763 2304 quaerit-qua:
785 2251 878 2289 sua
911 2241 1056 2299 sunt,
1090 2234 1185 2290 sed
1208 2249 1327 2304 qua:
1357 2233 1562 2299 aliena,
1610 2233 1788 2304 placet
1829 2233 2005 2288 omni-

421 2323 560 2389 bus,
604 2333 677 2378 ut'
703 2325 1010 2390 salventur;
1037 2326 1224 2393 utique
1264 2325 1374 2379 Deo
1409 2325 1642 2394 primum
1684 2324 1884 2395 placet,
1913 2325 2003 2380 eui

425 2412 572 2467 salus
623 2413 906 2468 hominum
951 2429 1094 2469 cura:
1123 2423 1240 2468 est.
1271 2413 1446 2468 [labet
1483 2421 1662 2468 autem
1696 2421 1750 2467 et
1779 2412 2002 2468 verbum

425 2506 570 2575 quod
603 2507 692 2562 hic
715 2507 1022 2578 specialiter
1042 2508 1282 2563 additum
1309 2515 1420 2573 est,
1445 2506 1599 2561 modo
1619 2547 1634 2573 ,
1670 2506 1753 2562 vel
1788 2506 2004 2577 placen-

426 2596 552 2652 dum
580 2611 700 2652 esse
727 2612 828 2667 pro
854 2605 1096 2667 tempore
1122 2597 1432 2658 hominibus
1454 2596 1538 2651 vel
1569 2596 1994 2666 'displicendum,,

427 2695 488 2742 ut
514 2703 620 2757 quo
642 2689 800 2744 modo
822 2705 928 2744 non
959 2689 1134 2760 placet
1152 2698 1376 2759 propter
1389 2689 1663 2762 EVangelii
1690 2689 1998 2754 veritatem,

423 2778 686 2846 placuerit
701 2781 968 2850 quondam
985 2780 1054 2834 ob
1079 2779 1306 2834 salutem
1327 2779 1700 2848 plarimorum.
1720 2779 2003 2836 Placuerat

427 2866 624 2924 Paulus
649 2869 933 2940 aliquando
952 2861 1170 2934 Iudaeis,
1197 2883 1316 2925 eum
1348 2869 1630 2924 mmulator
1653 2868 1890 2924 existens
1911 2883 2004 2939 pa-

426 2965 701 3012 ternarum
729 2959 1076 3014 traditionum
1112 2957 1255 3024 (Gal.
1287 2957 1364 3030 1).,
1396 2958 1513 3013 sine
1536 2958 1758 3029 querela
1790 2968 1914 3013 ante
1948 2955 2001 3012 in

427 3046 544 3115 lege
573 3051 914 3103 'versatusest
940 3067 952 3102 :
971 3057 1026 3104 et
1049 3056 1258 3103 tantum
1275 3047 1462 3104 habuit
1477 3049 1529 3102 in
1557 3049 1821 3116 majorum
1837 3063 2024 3104 caerev

429 3109 624 3191 nmniis
652 3136 862 3192 ardoris
889 3146 943 3192 et
967 3137 1117 3203 ﬁdei,
1137 3147 1196 3192 ut
1218 3139 1271 3193 in
1297 3138 1555 3209 Stephani
1581 3109 1710 3195 nece
1732 3131 2000 3210 particeps
2029 3109 2074 3170 Ο

429 3225 602 3291 ﬁeret,
631 3234 686 3281 et
719 3227 1044 3282 Damascum
1087 3228 1388 3298 perrexerit
1427 3228 1496 3283 ad
1533 3243 1626 3284 eos
1665 3229 1755 3299 qui
1804 3243 1835 3282 a
1884 3227 2002 3299 lege

429 3313 784 3382 desciverant,
810 3315 1124 3371 vinciendos
1164 3315 1300 3388 (Act.
1333 3316 1431 3388 ix).
1465 3318 1570 3373 Sed
1613 3327 1914 3388 postquam.
1945 3311 1997 3372 in

427 3421 522 3461 vas
551 3406 826 3462 electionis
848 3407 920 3462 de
944 3417 1292 3477 persecutore
1315 3409 1602 3464 translatus
1629 3417 1732 3474 est,
1759 3419 1814 3466 et
1836 3410 2000 3480 erepit

426 3497 719 3568 praedicare
747 3498 928 3564 tidem,
955 3515 1114 3568 quam
1146 3501 1415 3570 quondam
1445 3510 1866 3572 expugnaverat,
1888 3518 1997 3558 ca-

426 3589 506 3660 pit
531 3590 735 3659 pariter
753 3590 1036 3661 displicere
1068 3590 1299 3657 Iudaeis,
1323 3593 1515 3661 quibus
1545 3600 1670 3646 ante
1705 3592 1997 3665 placuerat.

427 3679 542 3734 Hoc
566 3688 650 3735 est
684 3695 812 3752 ergo
840 3681 984 3752 quod
1024 3683 1100 3736 ait
1132 3697 1146 3736 :
1184 3680 1433 3752 Nunquid
1462 3699 1645 3753 quaero
1667 3682 1866 3739 Iudaeis
1889 3684 2004 3754 pla-

428 3785 574 3834 cere,
596 3770 794 3840 quibus
811 3771 1160 3840 displicendo,
1176 3773 1284 3828 Deo
1299 3773 1474 3844 placui
1488 3775 1510 3827 ?
1526 3773 1583 3829 Si
1597 3774 1739 3829 enim
1760 3774 1864 3830 illis
1890 3775 2004 3846 pla-

425 3875 603 3916 cerem
623 3901 637 3925 ,
665 3861 840 3916 adhuc
865 3861 1065 3918 Christi
1097 3879 1288 3919 servus
1310 3880 1416 3918 non
1443 3881 1617 3921 essem
1648 3883 1661 3920 :
1696 3879 1998 3921 assererem

427 3952 624 4023 quippe
649 3951 838 4023 legem,
864 3961 918 4008 et
940 3955 1216 4027 Evangelii
1237 3957 1465 4026 gratiam
1483 3958 1834 4013 destruerem.
1851 3955 2002 4014 Nunc

426 4052 608 4098 autem
639 4055 927 4115 propterea
954 4062 1053 4102 nec
1072 4047 1126 4100 in
1151 4047 1546 4104 simulationem
1573 4049 1789 4119 quidem
1818 4049 2002 4104 obser-

421 4135 612 4188 vanda:
639 4134 772 4206 legis
799 4135 1071 4191 adducor:
1095 4137 1220 4206 quia
1245 4153 1350 4193 non
1376 4154 1556 4208 quacro
1581 4149 1643 4193 et
1661 4140 1770 4194 Deo
1790 4138 2000 4207 placere

423 4223 630 4292 pariter
655 4232 710 4278 et
728 4223 929 4280 Iudaeis
950 4265 964 4290 ,
993 4226 1189 4295 quibus
1209 4228 1513 4298 quicunque
1537 4228 1742 4299 placet,
1784 4229 1892 4282 Deo
1920 4228 2000 4282 di-.

425 4310 636 4378 splieet.
662 4311 729 4365 Et
757 4311 930 4380 ipsum
959 4328 1176 4384 quoque
1195 4316 1418 4370 verbum
1447 4317 1698 4384 suadere,
1725 4317 1791 4372 de
1813 4317 2000 4371 huma-

432 4418 502 4458 no
530 4418 629 4458 usu
657 4412 930 4474 sumptum
960 4412 1076 4473 est,
1125 4422 1250 4462 cum
1287 4408 1408 4478 quis
1435 4407 1490 4462 id
1514 4408 1656 4478 quod
1688 4409 1804 4478 ipse
1834 4410 1996 4464 habet

423 4497 479 4544 et
514 4491 678 4547 semel
710 4493 951 4561 imbibit,
986 4495 1149 4550 etiam
1183 4496 1395 4550 caeteris
1435 4505 1664 4550 conatur
1707 4497 1944 4553 inserere
1976 4515 1989 4552 :

422 4588 478 4636 et
506 4581 559 4635 in
589 4582 835 4651 plurimis
861 4583 1266 4656 Seripturarum
1293 4584 1427 4640 locis
1452 4585 1666 4656 legitur,
1708 4601 1773 4640 ex
1803 4587 1996 4658 quibus

425 4669 555 4725 illud
578 4679 696 4726 est:
728 4671 920 4728 Suasio
945 4675 1057 4728 lucc
1104 4693 1207 4730 non
1249 4683 1325 4729 est
1370 4691 1435 4729 ea;
1473 4691 1533 4728 eo
1566 4677 1654 4746 qui
1684 4677 1879 4732 vocavit
1908 4694 1994 4734 vos

427 4764 572 4836 (Gal.
595 4765 681 4838 v);
724 4783 823 4822 nec
866 4784 973 4824 non
1007 4778 1062 4825 et
1101 4770 1156 4824 in
1195 4769 1421 4825 Actibus
1457 4767 1859 4840 apostolorum:
1897 4770 1997 4828 Ve-

425 4869 612 4914 nerunt
640 4877 760 4931 ergo
785 4861 854 4914 ad
884 4877 999 4914 eum
1024 4861 1202 4916 Judcei
1226 4862 1280 4915 in
1304 4862 1583 4932 hospitium
1613 4862 1782 4929 multi,
1806 4864 1994 4934 quibus

425 4949 730 5017 exponebat,
763 4959 1056 5003 contestans
1093 4966 1178 5004 eos
1209 4951 1275 5005 de
1305 4968 1458 5022 regno
1502 4951 1631 5017 Dei,
1671 4953 1997 5024 suadensque

425 5038 499 5091 cis
533 5037 598 5092 de
640 5036 801 5105 Iesu,
836 5055 902 5093 ea:
939 5038 1047 5110 lege
1093 5037 1267 5111 Moysi
1306 5051 1352 5094 et
1399 5041 1698 5113 prophetis,
1730 5059 1888 5113 usque
1927 5044 1996 5098 ad

425 5146 693 5196 vesperum
721 5129 857 5200 (Act.
890 5130 1103 5203 xxvm).
1141 5131 1255 5187 Hoc
1284 5138 1463 5186 autem
1511 5141 1680 5188 totum
1728 5133 1848 5189 ideo
1869 5134 1994 5204 quia

425 5216 756 5272 dill‘amatum
792 5219 856 5274 de
885 5234 948 5275 eo
976 5219 1174 5286 fuerat,
1197 5220 1408 5276 occulte
1433 5221 1585 5277 illum
1610 5223 1882 5279 custodire
1913 5223 1990 5280 le-

426 5325 547 5378 gem
571 5309 1019 5383 etllierosolymis
1045 5327 1166 5368 eum
1183 5312 1269 5368 his
1291 5313 1381 5384 qui
1398 5312 1751 5382 judaizabant
1776 5330 1996 5374 consor-

430 5400 564 5454 tium
592 5401 890 5458 miseuisse.
912 5402 1092 5475 (Aug)
1110 5403 1278 5460 Nemo
1297 5405 1410 5460 Deo
1440 5406 1650 5472 suadet,
1674 5406 1798 5477 quia
1827 5407 1998 5460 mani-

429 5488 562 5544 festa
591 5500 716 5547 sunt
737 5492 808 5547 illi
831 5493 1032 5559 omnia;
1057 5494 1150 5549 sed
1171 5495 1479 5550 hominibus
1505 5496 1594 5550 ille
1619 5497 1757 5552 bene
1778 5498 1986 5561 suadet,

431 5581 522 5650 qui
555 5597 660 5637 nou
692 5597 748 5637 se
779 5583 881 5638 illis
915 5583 1127 5654 placere
1150 5584 1286 5649 vult,
1307 5585 1400 5640 sed
1429 5585 1598 5654 ipsam
1629 5603 1786 5655 quam
1813 5585 2002 5642 suadet

430 5675 731 5730 veritatem.
760 5674 858 5742 Qui
883 5676 1024 5731 enim
1052 5675 1226 5746 placet
1259 5677 1567 5732 hominibus
1586 5719 1598 5742 ,
1631 5695 1732 5734 non
1767 5679 1832 5734 ab
1863 5678 1990 5748 ipsis

2099 1861 2363 1918 enimille
2393 1862 2562 1917 servis
2590 1861 2724 1928 suis,
2764 1870 2824 1917 ut
2870 1862 3081 1918 discant
3109 1862 3178 1917 ab
3214 1861 3333 1931 ipso
3365 1862 3521 1916 mites
3557 1876 3682 1916 esse

2099 1963 2154 2010 et
2195 1955 2425 2010 humiles
2457 1955 2617 2012 corde
2651 1953 2866 2026 (Matth:
2889 1954 2968 2027 χι)
2996 1955 3176 2025 :quod
3197 1955 3355 2010 ‘nullo
3397 1955 3558 2012 modo
3583 1971 3685 2026 po-

2102 2053 2240 2113 test,
2282 2047 2392 2117 qui'
2418 2055 2638 2118 propter
2677 2062 2737 2103 se
2782 2047 2978 2117 ipsum,
3027 2047 3085 2102 id
3111 2055 3226 2114 est,
3264 2055 3489 2118 propter
3517 2064 3678 2104 suam

2100 2139 2254 2209 quasi
2283 2139 2550 2209 privatam
2576 2147 2630 2194 et
2653 2138 2928 2208 propriam
2952 2137 3179 2208 gloriam
3202 2138 3417 2208 placere
3439 2139 3682 2195 homini-

2099 2231 2202 2288 bus
2222 2232 2445 2303 quaerit,
2481 2231 2614 2286 dicit
2641 2238 2822 2284 autem
2849 2237 2905 2285 et
2934 2229 3060 2284 alibi
3087 2247 3101 2284 :
3132 2229 3446 2285 Hominibus
3482 2232 3682 2285 suade:

2101 2340 2237 2390 mus,
2259 2323 2371 2378 D20
2394 2333 2566 2377 autem
2582 2322 2908 2392 manif'e'stati
2933 2331 3114 2376 Sumus
3135 2320 3228 2391 (II
3249 2321 3375 2376 Cor.
3405 2322 3491 2394 v);
3516 2332 3576 2378 ut
3597 2325 3684 2378 in-

2103 2415 2308 2486 telllgas
2329 2414 2471 2484 quod
2499 2414 2700 2478 hieait,
2733 2412 3026 2467 hominibus
3052 2413 3269 2479 suadeo,
3298 2431 3368 2468 an
3391 2414 3536 2480 Deo;
3570 2431 3681 2470 non

2101 2505 2288 2574 utique
2335 2505 2466 2570 Deo,
2491 2505 2584 2559 sed
2630 2503 2939 2560 hominibus
2991 2505 3345 2560 suadendum.
3383 2505 3500 2561 Non
3549 2521 3682 2578 ergo

2102 2603 2318 2651 moveat
2357 2595 2500 2665 quod
2547 2593 2673 2649 alibi
2694 2593 2879 2649 ‘dixit:
2907 2592 3052 2648 Sicut
3095 2603 3143 2648 et
3188 2611 3280 2666 ego
3326 2595 3560 2650 omnibus
3587 2611 3683 2664 per

2102 2685 2276 2740 omnia
2301 2684 2478 2756 placeo
2510 2683 2563 2757 (1
2593 2683 2716 2739 Cor.
2747 2683 2840 2755 x);
2871 2683 3076 2739 addidit
3102 2685 3244 2740 enim
3270 2726 3285 2751 ,
3318 2702 3426 2739 non
3441 2701 3680 2756 quarens

2101 2777 2238 2848 quod
2283 2775 2411 2830 mihi
2447 2774 2676 2846 prodest,
2707 2775 2797 2828 sed
2834 2774 2979 2844 quod
3024 2773 3225 2840 multis,
3250 2783 3308 2828 ut
3352 2775 3484 2829 salvi
3519 2775 3673 2843 ﬁant.

2101 2865 2241 2920 Nulli
2265 2873 2443 2921 autem
2465 2865 2686 2936 prodest
2703 2873 2764 2919 ut
2784 2865 2962 2920 salvus
2987 2865 3103 2932 liat,
3127 2866 3172 2921 si
3199 2866 3359 2922 homo
3381 2867 3431 2922 ei
3459 2876 3682 2936 propter

2101 2955 2337 3027 seipsum
2362 2955 2590 3026 placeat,
2605 2955 2694 3026 qui
2722 2970 2827 3010 non
2851 2955 3026 3026 placet
3048 2955 3269 3020 utiliter,
3289 2956 3391 3011 nisi
3418 2971 3536 3010 cum
3555 2971 3682 3026 pro-

2104 3055 2225 3117 pter
2245 3046 2412 3102 Deum
2443 3047 2637 3116 placet,
2681 3047 2734 3102 id
2761 3054 2865 3111 est,
2893 3052 2953 3100 ut
2979 3047 3121 3102 Deus
3147 3046 3356 3118 placeat
3396 3055 3448 3101 et
3473 3045 3681 3117 gloriﬁ-

2106 3146 2259 3194 eetur
2286 3153 2386 3208 per
2407 3153 2564 3204 eum,
2605 3152 2728 3193 cum
2758 3137 2897 3191 dona
2939 3135 3056 3206 ejus
3098 3136 3446 3192 attenduntur
3488 3135 3542 3190 in
3582 3136 3680 3190 ho—

2105 3231 2252 3286 mine
2279 3271 2294 3296 ,
2326 3238 2418 3284 aut
2459 3245 2558 3300 per
2607 3229 2972 3284 ministerium
3021 3228 3256 3283 hominis
3317 3226 3675 3297 accipiuntur.

2104 3321 2240 3378 Cum
2269 3330 2449 3377 autem
2485 3322 2565 3377 sic
2603 3323 2766 3377 homo
2795 3321 3006 3391 placet,
3046 3321 3159 3392 jam
3191 3336 3299 3376 nou
3336 3321 3530 3385 hamo,
3579 3321 3676 3375 sed

2105 3412 2246 3468 Deus
2266 3413 2462 3484 pla‘cet;
2494 3420 2782 3482 utrumque
2803 3427 2933 3482 ergo
2955 3419 3100 3467 recte
3125 3411 3232 3466 dici
3254 3419 3454 3482 potest,
3471 3419 3546 3477 et,
3563 3410 3677 3482 Ego

2104 3503 2310 3572 placeo,
2328 3511 2382 3558 et
2405 3517 2512 3556 non
2539 3516 2638 3572 ego
2663 3503 2879 3572 placeo;
2912 3503 2958 3557 si
2984 3503 3128 3556 enim
3160 3502 3301 3557 adsit
3325 3503 3497 3557 bonus
3519 3502 3680 3558 intel-

2103 3594 2294 3658 lector,
2321 3593 2548 3663 piusque
2575 3591 2837 3662 pulsator,
2868 3592 3075 3662 patebit
3109 3601 3398 3662 utrumque
3415 3632 3430 3659 ,
3455 3600 3510 3646 et
3533 3591 3679 3647 nulla

2101 3682 2245 3737 inter
2271 3697 2329 3737 se
2349 3681 2702 3752 repugnantia
2725 3680 2948 3750 repellet
2973 3681 3284 3736 intrantem.

2177 3771 2374 3826 Notum
2403 3772 2540 3825 enim
2571 3771 2713 3826 vobis
2748 3771 2908 3841 facio,
2937 3770 3150 3839 fratres,
3173 3771 3512 3842 Evangelium
3537 3773 3680 3842 quod

2101 3859 2518 3930 euangelizatum
2541 3869 2616 3914 est
2643 3877 2677 3914 α
2707 3876 2804 3925 me,
2832 3859 2956 3930 quia
2979 3875 3081 3913 non
3102 3869 3177 3914 est
3197 3861 3482 3915 secundum
3509 3862 3681 3916 homi-

2102 3965 2218 4003 nem
2241 3962 2260 4000 :
2291 3965 2452 4020 neque
2478 3950 2614 4003 enim
2651 3967 2743 4020 ego
2775 3949 2838 4003 ab
2869 3949 3077 4004 homine
3104 3953 3279 4020 accepi
3306 3951 3478 4017 illud,
3516 3969 3682 4022 neque

2101 4043 2301 4109 didici,
2349 4043 2439 4098 sed
2473 4057 2580 4114 per
2613 4041 2977 4098 reuelationem
3019 4043 3146 4098 Jesu
3193 4043 3406 4098 Christi.
3443 4043 3680 4115 (Ambr.)

2100 4133 2254 4190 Nune
2283 4135 2548 4206 principia
2576 4134 2830 4206 Epistolas
2855 4136 3060 4206 aperit;
3085 4135 3259 4205 ipsum
3285 4137 3430 4191 enim
3458 4151 3680 4191 sensum

2104 4225 2222 4280 vult
2271 4211 2605 4282 manifestari
2627 4267 2642 4293 ,
2682 4225 2807 4296 quia
2842 4241 2948 4281 non
2974 4241 3038 4282 ea
3066 4243 3184 4296 qua:
3213 4226 3440 4281 docebat
3477 4225 3679 4282 ab‘h‘o—

2100 4318 2244 4373 mine
2265 4319 2545 4385 didicerat,
2573 4335 2642 4376 ne
2678 4319 2816 4376 forte
2843 4319 3180 4376 dubitaretur
3215 4322 3282 4376 de
3309 4322 3398 4376 liis'
3426 4337 3548 4392 qua:
3579 4323 3682 4378 (lo-

2101 4411 2256 4466 eebat
2285 4429 2299 4465 :
2328 4426 2503 4482 neque
2545 4413 2840 4468 secundum
2870 4412 3164 4467 humanum
3199 4410 3461 4480 judicium
3490 4422 3677 4482 aptata

2100 4508 2220 4556 erat
2247 4502 2593 4570 praedicatio,
2622 4510 2682 4557 ut
2712 4503 2928 4574 indigna
2963 4503 3143 4556 divina
3172 4503 3494 4558 auctoritate
3529 4503 3683 4559 vide-

2098 4601 2274 4659 retur;
2300 4593 2395 4649 sed
2425 4609 2454 4646 a
2478 4594 2572 4649 Dei
2589 4593 2726 4649 Filio
2750 4593 2883 4650 dicit
2907 4610 2967 4650 se
2991 4594 3243 4652 didicisse
3268 4610 3368 4665 per
3395 4595 3681 4652 revelatio-

2097 4698 2224 4739 nem
2247 4723 2264 4750 ,
2292 4699 2414 4738 cum
2439 4682 2552 4752 jam
2593 4692 2716 4753 post
2743 4685 3194 4740 resurrectionem
3225 4694 3372 4741 esset
3410 4686 3465 4740 in
3497 4687 3678 4743 caelis.

2099 4769 2281 4842 (Aug)
2322 4771 2674 4842 Evangelium
2714 4772 2857 4841 quod
2903 4775 3194 4830 secundum
3237 4776 3509 4831 hominem
3556 4786 3676 4841 est,

2097 4864 2446 4919 mendae-ium
2459 4873 2562 4930 est,
2578 4865 2746 4919 omnis
2758 4866 2901 4940 enim
2923 4866 3075 4920 homo
3091 4867 3318 4922 mendax
3329 4867 3499 4938 (Psal;
3513 4872 3640 4942 cxv)
3661 4885 3677 4924 :

2100 4952 2224 5021 quia
2256 4950 2518 5023 quidquid
2539 4955 2782 5009 veritatis
2809 4955 3079 5010 invenitur
3103 4957 3154 5011 in
3180 4957 3425 5024 homine,
3453 4974 3557 5014 non
3589 4971 3675 5017 est

2101 5043 2168 5098 ab
2198 5042 2434 5110 homine,
2469 5044 2562 5099 sed
2593 5059 2622 5098 a
2651 5045 2760 5099 Deo
2787 5060 2883 5115 per
2904 5045 3196 5102 hominem.
3223 5048 3346 5104 Ideo
3373 5047 3488 5118 jam
3518 5052 3668 5120 quod

2101 5135 2396 5190 secundum
2432 5136 2704 5191 hominem
2732 5145 2845 5203 est,
2872 5152 2974 5193 nec
3001 5137 3345 5210 Evangelium
3387 5141 3676 5197 dicendum

2107 5233 2210 5290 est,
2243 5225 2400 5295 quale
2431 5225 2504 5280 illi
2541 5225 2858 5292 aﬂ‘erebant,
2890 5228 2978 5297 qui
3003 5227 3056 5282 in
3080 5230 3393 5283 servitutem
3417 5244 3484 5284 ex
3514 5229 3682 5285 liber-

2104 5323 2215 5370 tate
2259 5316 2602 5372 attrahehant
2651 5332 2778 5384 eos,
2825 5333 2960 5390 quos
3015 5319 3156 5374 Deus
3199 5334 3266 5374 ex
3319 5303 3578 5375 servitute
3621 5323 3675 5375 in

2099 5405 2404 5459 libertatem
2437 5407 2684 5462 vocabat.
2718 5405 2930 5480 (Hier.)
2962 5407 3031 5462 Et
3061 5423 3124 5464 ex
3159 5409 3261 5465 hoe
3303 5409 3420 5465 loco
3456 5411 3678 5465 Ebionis

2101 5503 2156 5548 et
2186 5494 2395 5549 Photini
2423 5496 2614 5567 dogma
2643 5499 2960 5566 conteritur,
2976 5498 3114 5570 quod
3143 5503 3284 5556 Deus
3312 5503 3382 5556 sit
3403 5502 3672 5566 Christus,

2105 5592 2158 5640 et
2183 5599 2286 5639 non
2317 5595 2522 5640 tantum
2553 5588 2732 5642 homo.
2762 5587 2820 5642 Si
2851 5591 2992 5644 enim
3017 5591 3366 5664 Evangelium
3393 5592 3542 5648 Pauli
3566 5609 3672 5647 non

2103 5683 2185 5732 est
2231 5679 2523 5732 secundum
2573 5677 2877 5746 hominem,
2909 5695 3077 5749 neque
3123 5683 3190 5738 ab
3227 5684 3441 5740 homine
3471 5683 3675 5743 acct‘vﬂ
