4022 6338
297 307 407 364 957

766 313 1312 374 ENARRATIONUM
1347 319 1412 373 IN
1448 319 1844 378 EPPJPAL'LI
1885 323 2011 379 LIB.
2051 324 2186 379 XLV.
2229 356 2299 366 —
2335 303 2402 382 lN
2442 329 2656 408 EPIST.
2695 332 2788 386 AD
2822 332 3068 388 CALAT.

3434 339 3539 398 258

301 429 456 495 illud,
487 436 580 482 aut
613 427 816 494 didicit,
851 423 945 516 sed
971 447 1067 502 per
1092 436 1472 492 revelationem
1495 437 1622 494 Jesu
1646 421 1870 506 Christi,
1899 442 1953 503 Α
1979 438 2072 505 ιίο,
2101 442 2598 510 quomodo'Paulus,
2626 454 2869 501 vastator
2888 449 3154 516 quondam
3184 451 3456 518 Ecclesiae,
3483 464 3540 511 et

299 535 412 574 non
437 526 523 574 est
547 519 732 590 utique
758 514 1100 580 homo‘Jesus
1127 523 1374 582 Christus
1397 529 1489 598 qui
1510 527 1677 584 Paulo
1697 529 1871 585 Evan-

279 609 499 680 ‘gelium
517 610 800 666 'revelavit.
837 611 988 681 Quod
1019 615 1063 670 si
1087 631 1194 671 non
1224 626 1308 672 est
1332 617 1513 685 homo,
1539 633 1872 688 consequen-

277 709 386 755 ‘ter
427 699 571 756 Deus
614 711 732 767 est;
759 718 866 758 non
897 705 1038 774 quod
1068 705 1338 763 hominem
1379 725 1636 780 negemus
1668 725 1872 764 assum-

1969 526 2230 584 Judaismi
2261 533 2557 590 acerrimus
2583 533 2910 602 defensator,
2935 539 3003 591 ad
3035 537 3233 613 Christi
3265 541 3424 597 ﬁdem
3454 559 3538 599 re-

1967 625 2444 688 pente‘conversus
2476 622 2582 688 sit,
2626 631 2681 678 et
2711 625 2814 680 hoc
2843 638 2908 680 eo
2933 632 3193 696 tempore,
3230 643 3337 697 quo
3365 634 3538 688 cruci-

1970 708 2108 765 ﬁxus
2133 713 2366 781 primum
2395 715 2817 783 annuntiabatur
2837 717 2892 771 in
2922 719 3154 785 mundo,
3192 734 3298 790 quo
3336 737 3536 778 novunt

279 799 452 859 ptum
483 808 497 844 :
538 792 631 845 sed
675 792 817 860 quod
857 800 1063 848 tantum
1093 793 1363 851 hominem
1411 811 1722 852 renuamus.
1760 796 1871 851 Nec
1967 795 2160 867 dogma
2181 806 2238 853 et
2261 813 2292 853 a
2325 802 2574 870 gentibus
2593 811 2648 857 et
2672 802 2928 860 aJudzeis
2956 807 3121 862 totius
3154 809 3301 864 orbis
3342 809 3538 866 ﬁnibus

279 888 552 951 putemus
598 880 650 934 in
681 882 860 938 verbis
891 881 1294 953 Scripturarum
1330 901 1450 942 esse
1483 886 1830 958 Evangelium
1851 927 1866 955 ,

281 971 401 1026 'sed
431 971 486 1024 in
514 985 708 1025 sensu:
733 987 842 1026 non
861 973 918 1027 in
946 973 1246 1042 superﬁcie,
1269 975 1362 1030 sed
1391 975 1444 1029 in
1467 975 1696 1030 medulla
1721 995 1734 1030 :
1760 991 1867 1031 non

277 1059 350 1136 iu
376 1074 685 1114 sermonum
713 1058 875 1126 foliis,
903 1061 998 1116 sed
1025 1063 1080 1116 in
1109 1063 1291 1117 radice
1316 1064 1562 1118 rationis.
1585 1064 1792 1120 Diciltll‘
1811 1066 1865 1120 in

275 1151 555 1222 “propheta
587 1151 653 1206 de
687 1151 796 1206 Deo
824 1170 838 1206 :
885 1151 1158 1208 Sermones
1186 1153 1301 1223 ejus
1330 1153 1448 1209 boni
1475 1165 1597 1210 sunt
1633 1171 1747 1210 cum
1781 1171 1862 1210 eo.

275 1242 450 1296 «Tunc
479 1241 758 1313 Scriptura
783 1244 930 1300 utilis
966 1256 1052 1300 eSt
1097 1244 1470 1312 audientibus,
1499 1261 1622 1301 cum
1661 1247 1866 1316 absque

299 1331 527 1388 Christo
552 1347 659 1388 non
688 1333 902 1399 dicitur,
935 1349 1056 1390 cum
1079 1333 1281 1405 absque
1307 1334 1470 1391 Patre
1511 1351 1622 1391 non
1659 1335 1864 1405 profer-

267 1430 402 1486 οων,
433 1437 554 1476 cum
579 1421 701 1477 sine
723 1421 922 1494 Spiritu
953 1439 1056 1479 non
1083 1439 1201 1478 eam
1227 1423 1464 1480 insinuat
1490 1425 1579 1481 ille
1603 1427 1694 1495 qui
1721 1441 1864 1496 pra:-

273 1512 471 1568 'dicat:
497 1513 733 1583 alioquin
751 1522 806 1569 et
827 1515 1069 1571 diabolus
1088 1516 1178 1585 qui
1197 1516 1434 1587 loquitur
1453 1517 1520 1572 de
1543 1516 1862 1588 Scripturis,

283 1612 343 1658 et
371 1619 562 1659 omnes
595 1605 827 1660 haereses
865 1605 1157 1661 secundum
1184 1606 1432 1663 Ezechiel
1462 1606 1674 1679 (Ezech.
1708 1608 1859 1680 xui),

1959 887 2285 956 pellebatur.
2315 889 2505 945 Dicere
2526 893 2668 946 enim
2689 901 2978 961 poterant:
3005 895 3067 950 Si
3090 896 3180 952 ille
3201 899 3342 968 quia
3369 915 3535 969 parva
3631 933 3642 945 κ

1965 984 2125 1031 :etate
2168 976 2568 1035 Pharisaeorum
2616 981 2896 1039 institutus
2946 993 3031 1040 est
3075 987 3396 1058 disciplinis,
3441 991 3534 1060 qui

1957 1062 2163 1121 ‘omne‘s
2192 1069 2496 1124 coietancos
2523 1084 2647 1125 suos
2675 1071 2728 1126 in
2746 1071 2978 1128 ‘Judaica
3006 1075 3292 1131 traditione
3319 1093 3536 1146 supera-

1963 1157 2088 1223 bat,
2119 1174 2265 1214 nunc
2307 1159 2546 1216 defendit
2569 1162 2861 1218 Ecclesiam
2880 1204 2894 1231 ,
2919 1179 3080 1234 quam
3105 1167 3371 1237 quondam
3399 1169 3532 1224 vali-

1963 1247 2184 1326 dissime
2206 1251 2658 1322 persequebatur;
2693 1263 2748 1309 et
2771 1256 2943 1326 magis
2973 1256 3175 1312 Christi
3215 1261 3442 1330 gratiam
3481 1270 3536 1316 et

1961 1341 2256 1396 novitatem
2279 1343 2396 1398 vult
2426 1344 2624 1400 habere
2667 1361 2790 1402 cum
2830 1347 3028 1403 invidia
3065 1350 3334 1416 omnium,
3371 1366 3534 1421 quam

1957 1441 2288 1510 vetustatem
2327 1433 2457 1506 legis
2485 1451 2609 1490 cum
2638 1435 2795 1492 laude
2821 1438 3107 1494 multorum
3127 1441 3293 1510 ;-quid
3329 1457 3428 1497 nos
3455 1441 3536 1496 fa-

1963 1509 2084 1578 cere
2111 1531 2354 1594 oportet,
2385 1527 2476 1596 qui
2505 1541 2570 1582 ex
2601 1527 2904 1599 gentilitate
2933 1509 3199 1599 coepimus
3223 1547 3342 1589 esse
3381 1532 3534 1588 Chri-

1961 1611 2154 1666 stiani?
2177 1612 2406 1669 Pulchre
2427 1631 2554 1670 vero
2573 1615 2834 1686 adiunxit,
2849 1635 3017 1688 supra
3035 1621 3244 1674 modum
3262 1638 3536 1692 perseque-

283 1692 418 1748 iude
443 1695 545 1748 sibi
567 1705 830 1750 eonsuunt
851 1696 1158 1762 cervicalia,
1182 1712 1302 1766 qua:
1327 1706 1533 1769 ponant
1555 1699 1657 1766 sub
1669 1699 1862 1755 cubito
1955 1699 2059 1753 ‘bar
2079 1699 2368 1757 Ecclesiam
2400 1703 2519 1771 Dei,
2549 1712 2609 1760 ut
2633 1705 2760 1760 hinc
2781 1721 2996 1777 quoque
3023 1709 3307 1764 admiratio
3349 1725 3533 1766 nasce-

282 1784 559 1839 uuiversa:
604 1785 800 1840 aetatis.
845 1783 1062 1840 Grande
1087 1786 1384 1856 periculum
1413 1795 1497 1843 est
1525 1789 1579 1842 in
1617 1783 1862 1844 Ecclesia
1891 1781 1939 1842 B
1965 1798 2138 1858 retur,
2200 1794 2343 1861 quod
2389 1809 2495 1849 non
2539 1796 2908 1866 unusquisque
2957 1797 3024 1852 de
3077 1798 3162 1853 his
3205 1800 3295 1870 qui
3347 1799 3536 1855 leviter

273 1874 458 1945 'loqui,
491 1891 561 1931 ne
584 1875 724 1932 forte
752 1876 1192 1948 interpretatione
1219 1893 1470 1949 perversa
1492 1920 1506 1946 ,
1531 1881 1596 1936 de
1619 1879 1862 1952 Evange-
1966 1880 2438 1950 persequebantur
2470 1883 2766 1939 Ecclesiam
2788 1925 2804 1950 ,
2836 1885 2932 1940 sed
2976 1885 3064 1940 ille
3101 1887 3191 1956 qui
3229 1898 3452 1944 caeteros
3479 1890 3534 1944 in

280 1966 360 2022 tio
391 1965 614 2032 Christi,
642 1968 872 2023 hominis
900 1967 998 2022 ﬁat:
1020 1968 1388 2040 Evangelimn,
1410 1980 1520 2038 aut,
1543 1971 1861 2041 quod'pejus
1952 1971 2340 2038 persecutione
2381 1973 2671 2039 vincebat,
2715 1989 3010 2032 conversus
3051 1978 3120 2033 ad
3153 1978 3312 2033 ﬁdem
3343 1980 3430 2034 sit.
3465 1981 3534 2034 Et

286 2067 396 2124 est,
415 2059 632 2115 diaboli.
655 2059 802 2114 Inter
820 2061 1065 2132 accipere
1091 2068 1344 2116 autemet
1361 2062 1590 2127 discere,
1612 2063 1862 2118 hocinte-
1952 2062 2250 2131 prudenter
2276 2064 2400 2118 dum
2423 2063 2566 2118 aliud
2594 2073 2806 2131 narrat,
2840 2065 3118 2123 interserit
3139 2084 3252 2123 non
3293 2081 3400 2124 tam
3437 2071 3532 2126 Dei

285 2160 434 2216 rest,
461 2151 604 2222 quod
631 2151 716 2208 ille
743 2153 940 2222 accipit
971 2153 1315 2224 Evangelium
1352 2154 1437 2210 cui
1465 2155 1699 2224 primum
1729 2154 1859 2210 insi-

283 2250 509 2308 nuatur,
533 2251 590 2298 et
618 2242 686 2296 ad
721 2242 878 2297 ﬁdem
907 2243 1026 2314 ejus
1067 2243 1373 2310 adducitur,
1416 2252 1478 2299 ut
1513 2245 1700 2300 credat
1730 2259 1858 2301 vera

284 2349 412 2389 esse
439 2348 558 2404 quae
587 2334 788 2404 scripta
827 2343 986 2401 sunt;
1015 2335 1172 2390 discit
1205 2343 1386 2391 autem
1412 2335 1477 2400 is,
1505 2335 1597 2407 qui
1629 2351 1716 2403 ea,
1739 2351 1858 2406 qua:

285 2425 343 2480 in
369 2425 461 2480 illo
487 2441 587 2496 per
606 2426 887 2497 aenigmata
913 2433 966 2481 et
993 2425 1276 2496 parabolas
1311 2425 1539 2498 ﬁgurata
1564 2435 1726 2494 sunt,
1756 2443 1855 2484 ex-

283 2517 506 2588 planata
526 2525 580 2572 et
603 2518 832 2574 disserta
859 2517 1152 2589 cognoscit,
1181 2529 1236 2573 ct
1254 2518 1530 2588 cognoscit
1553 2533 1659 2573 non
1682 2518 1857 2575 bomi-
1909 2525 1916 2533 '

288 2626 358 2666 ne
400 2610 690 2676 revelante,
724 2611 818 2666 sed
843 2610 1083 2676 Christo,
1109 2611 1200 2680 qui
1230 2610 1484 2665 revelavit
1519 2611 1686 2668 Paulo
1712 2649 1727 2678 ,
1765 2620 1858 2666 aut

275 2714 386 2770 per
411 2699 646 2753 Paulum
658 2699 711 2754 in
732 2715 838 2768 quo
861 2700 1096 2770 loquitur
1109 2697 1375 2754 Christus.
1392 2697 1627 2754 Verbum
1643 2714 1856 2771 quoque

285 2787 468 2858 ipsum
523 2787 912 2860 ἀποκαῖύψεως,
963 2788 1015 2843 id
1062 2796 1178 2854 est,
1213 2788 1587 2852 revelationis,
1635 2789 1856 2859 proprie

287 2875 692 2948 Scripturarum
717 2886 822 2943 est,
845 2889 900 2932 et
917 2892 956 2932 a
984 2877 1130 2931 nullo
1159 2877 1688 2946 sapientium'sazculi
1713 2878 1856 2946 apud

283 2970 508 3026 Gmcos
533 2981 868 3041 usurpatum.
899 2968 1052 3026 Unde
1079 2968 1210 3024 mihi
1232 2967 1491 3022 videntur
1509 2969 1856 3040 quemadmo-

285 3062 418 3116 dum
436 3061 489 3115 in
511 3061 628 3116 aliis
647 3062 826 3117 verbis
844 3052 960 3131 quae
973 3061 1037 3116 de
1051 3059 1277 3115 Hebrum
1299 3059 1351 3114 in
1366 3057 1610 3115 Graecum
1628 3060 1858 3130 Septua—

1958 2165 2017 2207 se
2041 2153 2271 2208 servisse
2295 2153 2398 2226 legi
2424 2171 2586 2225 quam
2607 2157 2873 2226 paternis,
2915 2159 2968 2214 id
3005 2169 3106 2227 est,
3143 2161 3533 2218 Pharisaeorum

1959 2244 2336 2302 traditionibus
2353 2287 2366 2312 ,
2387 2249 2479 2318 qui
2501 2248 2986 2306 docentdoctrinas
3009 2261 3064 2306 et
3085 2253 3335 2308 mandata
3363 2255 3536 2309 homi-

1956 2352 2107 2404 num,
2136 2346 2192 2394 et
2219 2337 2470 2408 rejiciunt
2497 2340 2668 2412 legem
2694 2343 2792 2397 Dei
2841 2351 2902 2398 ut
2939 2353 3176 2399 statuant
3214 2346 3534 2402 traditiones

1958 2445 2103 2486 suas.
2136 2430 2307 2499 Quam
2352 2432 2570 2504 elegans
2616 2443 2798 2490 autem
2849 2437 3188 2504 observatio,
3221 2439 3536 2509 pondusque

1955 2527 2244 2581 verborum
2267 2535 2351 2584 est
2377 2546 2390 2581 :
2415 2527 2650 2582 Audistis
2673 2529 2830 2594 enim,
2857 2529 3062 2599 inquit,
3093 2533 3530 2585 conversationem
3553 2543 3574 2564 ο

1955 2628 2125 2672 meum
2147 2618 2430 2690 aliquando
2462 2620 2517 2673 in
2539 2617 2859 2674 Ju‘daismu'?
2875 2619 3057 2692 (Aug.‘)
3075 2619 3140 2674 Si
3159 2623 3532 2690 persequendo

1956 2716 2010 2764 et
2038 2711 2300 2766 vastando
2322 2710 2618 2766 Ecclesiam
2643 2711 2763 2776 Dei,
2790 2711 3108 2780 proﬁciebat
3131 2712 3185 2765 in
3219 2709 3492 2766 Judaismo
3515 2751 3530 2778 ,

1957 2808 2181 2871 apparet
2208 2801 2540 2856 contrarium
2568 2801 2964 2856 esse'EcélcSia:
2992 2801 3107 2866 Dei,
3139 2817 3244 2854 non
3267 2817 3362 2870 per
3389 2801 3533 2854 illam

1958 2888 2257 2958 spiritalem
2309 2887 2510 2959 legem,
2541 2890 2710 2957 quam
2735 2898 3055 2960 acceperunt
3089 2888 3257 2944 Judmi
3283 2909 3294 2919 -
3322 2891 3413 2944 sed
3439 2905 3536 2958 per

1961 2977 2237 3034 carnalem
2269 2979 2729 3036 conversationem
2779 2979 3056 3036 servitutis
3084 2980 3325 3052 ipsorum
3387 2980 3454 3037 Et
3486 2980 3532 3038 si

1961 3069 2264 3136 aemulator,
2295 3071 2350 3126 id
2374 3074 2486 3134 es‘t,
2519 3068 2758 3124 imitator
2794 3079 3141 3140 paternarum
3169 3087 3386 3126 suarum
3418 3080 3530 3126 tra-

285 3156 438 3227 ginta
463 3156 780 3225 interpretes
812 3153 1217 3218 transtulerunt,
1246 3153 1316 3207 ita
1344 3162 1398 3208 et
1423 3153 1477 3207 in
1506 3154 1609 3209 hoc
1635 3168 1854 3224 magno.
1883 3121 1927 3183 Ο
1959 3155 2221 3218 animum.
2249 3163 2671 3232 persequebatur
2700 3121 2898 3218 paurlus
2943 3163 3239 3218 Ecclesiam
3267 3163 3394 3230 Dei;
3437 3179 3530 3234 pa-

275 3262 419 3317 pere
447 3261 566 3301 esse
589 3254 830 3310 conatos,
857 3254 915 3299 ut
941 3245 1324 3315 pr0prietatem
1347 3243 1619 3314 peregrini
1646 3257 1853 3298 sermo-

286 3338 375 3392 nis
402 3337 784 3406 exprimerent,
820 3351 956 3391 nova
985 3337 1135 3416 novis
1161 3333 1322 3390 rebus
1346 3335 1507 3390 verba
1547 3333 1848 3404 ﬁngentes:

281 3437 340 3485 et
357 3443 570 3494 sonare,
602 3444 722 3484 eum
749 3429 874 3500 quid
904 3437 1100 3483 tectum
1127 3435 1183 3482 et
1208 3426 1462 3490 velatum,
1493 3425 1672 3481 ablato
1694 3426 1852 3480 deSu-

281 3536 388 3592 per
428 3521 784 3590 operimento,
813 3519 1117 3575 ostenditur
1153 3526 1210 3574 et
1249 3516 1520 3587 profertur
1547 3516 1603 3571 in
1653 3516 1847 3571 lucem.

271 3610 401 3666 Hoc
429 3618 488 3664 ut
513 3609 848 3666 manifestius
874 3610 994 3676 ﬁat,
1025 3607 1248 3677 accipite
1274 3606 1578 3676 exemplum
1603 3623 1615 3658 :
1643 3604 1853 3676 Moyses

283 3721 410 3760 cum
436 3703 546 3758 Deo
571 3702 801 3759 revelata
831 3711 885 3757 et
910 3709 1095 3772 aperta
1123 3693 1631 3767 facie"!oquebatur,
1662 3696 1849 3762 idest,

284 3798 492 3864 absque
518 3793 779 3850 velamine
807 3811 820 3846 :
852 3793 918 3847 ad
943 3789 1194 3862 populum
1226 3796 1404 3844 autem
1441 3787 1695 3857 loquens,
1725 3785 1850 3854 quia

279 3885 491 3940 vultum
521 3881 636 3951 ejus
669 3883 951 3938 attendere
966 3897 1072 3937 non
1097 3879 1651 3946 valebant,‘velamen
1672 3889 1852 3948 pone-

267 3976 379 4031 bat
413 3975 467 4030 iu
495 3974 652 4030 faeie.
684 3973 824 4029 Ante
869 3987 1050 4028 arcam
1079 3985 1290 4041 quoque
1335 3969 1639 4025 testamenti
1674 3967 1850 4024 velum

280 4079 580 4136 oppausum
603 4072 720 4120 erat
746 4082 759 4118 :
789 4063 930 4133 quod
954 4077 1077 4118 cum
1107 4061 1296 4116 fuisset
1317 4061 1618 4126 reductum,
1641 4074 1703 4114 ea
1733 4074 1854 4129 qua:

281 4165 412 4212 ante
466 4154 775 4211 abscondita
821 4153 1064 4218 fuerant,
1108 4151 1490 4222 prodebantur,
1535 4157 1590 4205 et
1637 4156 1698 4204 ut
1737 4148 1854 4218 ipso

281 4247 456 4304 verbo
491 4254 647 4311 utar,
687 4243 1064 4298 revelabantur.
1089 4240 1306 4314 .iPaulus
1344 4238 1608 4310 apostolus
1648 4256 1749 4293 non
1783 4237 1849 4292 ab

275 4336 582 4392 hominibus
622 4351 786 4406 neque
816 4350 909 4404 per
944 4334 1242 4398 “hominem,
1287 4331 1361 4386 ita
1403 4339 1459 4386 et
1503 4330 1558 4384 in
1600 4328 1851 4401 pratsenti

275 4429 402 4484 loco
431 4427 646 4498 oblique
674 4427 728 4482 in
750 4425 972 4481 Petrum
995 4423 1188 4494 accipi,
1211 4432 1266 4480 et
1293 4422 1345 4478 in
1368 4431 1591 4478 ceteros
1617 4436 1851 4492 prasces-

281 4533 438 4574 sores
459 4519 594 4590 ejus,
609 4516 750 4587 quod
771 4515 965 4572 nullius
987 4529 1086 4586 pro
1105 4514 1220 4585 lege
1236 4520 1290 4568 et
1304 4514 1621 4569 auctoritate
1635 4525 1851 4566 movea-

281 4619 393 4675 tur,
417 4609 507 4679 qui
525 4607 799 4663 Christum
837 4606 1007 4662 solum
1035 4603 1308 4675 Evangelii
1326 4602 1534 4658 habeat
1557 4608 1854 4672 praecepto-

1877 4481 1928 4542 D

1899 4519 1927 4572 ."
1954 4526 2116 4581 batur
2154 4541 2168 4578 :
2208 4523 2302 4579 sed
2343 4531 2403 4577 ut
2453 4537 2600 4578 nunc
2658 4521 2862 4586 credit,
2909 4519 3198 4574 Ecclesium
3262 4520 3392 4585 Dei,
3441 4521 3524 4575 vel

1958 3261 2126 3325 terna:
2147 3252 2317 3322 ipsius
2348 3251 2662 3308 traditiones
2684 3253 2968 3308 contrariae
2994 3262 3120 3308 sunt
3141 3254 3390 3309 Ecclesia:
3412 3255 3525 3309 Dei.
3571 3285 3582 3300 κ

1953 3337 2070 3394 Non
2101 3347 2279 3395 autem
2307 3339 2439 3411 legis
2466 3341 2606 3396 illius
2633 3341 2784 3410 culpa
2815 3353 2898 3396 est
2935 3359 2947 3395 :
2979 3341 3063 3396 lex
3091 3343 3235 3398 enim
3274 3343 3528 3412 spiritalis

1955 3443 2058 3500 est,
2085 3437 2186 3492 nec
2212 3432 2504 3491 carnaliter
2527 3451 2585 3490 se
2609 3436 2752 3506 cogit
2777 3435 3038 3506 intelligi;
3069 3435 3162 3491 sed
3190 3435 3400 3491 illorum
3442 3437 3526 3491 vi-

1949 3526 2089 3580 tium
2110 3533 2220 3593 est,
2247 3522 2337 3597 qui
2364 3533 2418 3581 et
2440 3525 2531 3580 illa
2559 3541 2678 3596 qua:
2702 3535 3055 3594 acceperunt,
3081 3525 3370 3581 carnaliter
3397 3542 3524 3581 sen-

1957 3617 2113 3680 tiunt,
2149 3624 2204 3671 et.
2229 3614 2395 3672 multa
2434 3616 2598 3672 etiam
2623 3632 2720 3671 sua
2747 3617 3109 3683 tradiderunt,
3137 3615 3523 3696 dissolveutcs,

1953 3707 2374 3765 sicut'Dominus
2402 3709 2560 3772 dicit,
2587 3709 2897 3763 mandatum
2924 3709 3020 3764 Dei
3043 3717 3262 3780 prapter
3285 3711 3526 3766 traditio-

1955 3815 2054 3856 nes
2073 3815 2218 3855 suas.
2251 3798 2450 3872 (Πίον.)
2480 3799 2930 3854 Conversationem
2949 3839 2964 3865 ,
2991 3816 3100 3856 non
3131 3801 3390 3870 gratiam;
3420 3801 3521 3855 ali-

1951 3889 2198 3961 quando,
2227 3905 2335 3944 non
2376 3889 2564 3954 modo;
2607 3888 2663 3941 in
2689 3887 2996 3953 Judaismo,
3026 3903 3131 3942 non
3161 3889 3216 3942 in
3244 3889 3360 3960 lege
3397 3890 3520 3944 Dei.

1947 3976 2227 4044 'Quomodo
2255 3995 2414 4048 supra
2439 3976 2652 4030 modum
2696 3977 3034 4048 persequebar
3062 3976 3352 4032 Ecclesiam
3393 3979 3524 4043 Dei,

1951 4077 2001 4122 et
2033 4067 2361 4124 devastabam
2393 4065 2558 4120 illam.
2607 4063 2723 4121 Non
2760 4066 3184 4136 persequebatur
3212 4075 3274 4122 ut
3311 4069 3485 4122 ueteri
3506 4109 3522 4133 ,

1952 4159 2047 4216 sed
2069 4173 2228 4230 supra
2253 4157 2468 4212 modum
2493 4174 2506 4211 :
2531 4173 2632 4212 nec
2659 4154 2953 4212 subiciebat
2975 4157 3218 4226 quamvis
3238 4157 3525 4214 vehemens

1950 4249 2274 4321 persecutio,
2306 4248 2398 4304 sed
2422 4247 2574 4318 quasi
2604 4247 2820 4318 quidam
2848 4255 3124 4318 grassator
3150 4247 3446 4304 Ecclesiam
3468 4260 3522 4304 et

1951 4339 2134 4412 praedo
2162 4338 2424 4394 vastabat.
2453 4337 2565 4394 Nec
2603 4338 2697 4402 ait,
2731 4336 3020 4392 Ecclesiam
3055 4336 3269 4404 Christi,
3311 4347 3370 4393 ut
3399 4347 3527 4395 tunc

1951 4436 2196 4506 putabat,
2224 4449 2384 4504 quem
2406 4433 2636 4489 ducebat
2661 4431 3024 4502 contemptui,
3045 4445 3206 4502 quem
3232 4447 3523 4503 perseque-

1957 4619 2130 4688 ipsum
2159 4614 2429 4672 Christum
2450 4613 2618 4670 Deum
2649 4628 2770 4668 esse
2797 4609 3140 4682 signiﬁcans;
3171 4611 3252 4664 vel
3283 4609 3522 4680 ejusdem

273 4713 420 4753 rem.
488 4696 658 4752 Porro
721 4692 1100 4750 revelationem
1165 4693 1312 4748 illam
1369 4691 1672 4763 signiﬁcat,
1729 4703 1851 4766 cum

1954 4704 2052 4762 Dei
2077 4720 2198 4761 esse
2231 4703 2559 4770 Ecclesiam,
2603 4702 2694 4772 qui
2739 4701 3008 4771 quondam
3039 4699 3174 4769 legis
3209 4700 3365 4755 dator
3398 4699 3518 4754 fuit.

281 4789 606 4845 Damascum
634 4788 835 4843 vadens
869 4786 922 4840 in
960 4785 1154 4839 itinere
1191 4781 1393 4838 Christi
1431 4795 1618 4836 vocem
1655 4779 1855 4834 meruit

283 4879 503 4944 audire,
542 4887 595 4934 et
634 4878 849 4934 caecatis
881 4875 1072 4940 oculis,
1112 4888 1299 4928 verum
1333 4870 1743 4946 lumeu'mundi
1769 4870 1852 4925 in-

270 4971 454 5026 tuitus
478 4978 562 5026 est
595 4969 730 5041 (Act.
759 4967 854 5038 ix).

353 5081 588 5136 Audistis
624 5080 760 5134 enim
791 5074 1231 5134 conversationem
1268 5067 1436 5130 meum
1472 5070 1850 5144 aliquandojin

277 5173 578 5228 Judaismo.
603 5185 851 5240 quoniam
877 5185 1035 5239 supra
1070 5164 1280 5222 modum
1305 5163 1646 5235 persequebar
1669 5161 1851 5217 Eccle-

275 5263 414 5317 sium
442 5259 560 5324 Dei,
591 5270 639 5314 et
668 5258 1025 5330 expugnabam
1055 5255 1223 5322 illam,
1244 5264 1292 5310 et
1315 5251 1647 5326 proﬁciebam
1671 5251 1724 5307 in
1752 5249 1853 5304 Ju-

273 5352 483 5406 daismo
506 5368 666 5421 supra
691 5350 881 5422 multos
908 5359 1196 5403 cowtaneos
1224 5347 1279 5400 in
1308 5361 1489 5417 genere
1514 5360 1650 5410 meo,
1681 5342 1848 5396 abun-

275 5445 491 5498 dantius
513 5442 788 5496 tumulatur
809 5440 1029 5495 existens
1051 5449 1387 5508 paternarum
1412 5451 1645 5489 mearum
1681 5432 1851 5486 tradi-

274 5536 498 5588 tionum.
533 5531 764 5604 (Ambr.)
802 5530 1135 5601 Propositum
1164 5544 1321 5583 suum
1354 5527 1494 5598 quod
1523 5527 1672 5596 prius
1697 5523 1851 5595 juxta

273 5638 496 5681 carnem
519 5621 753 5693 vigebat,
775 5636 1074 5692 repugnans
1100 5618 1370 5680 Ecclesiae,
1393 5619 1626 5672 breviter
1652 5630 1854 5670 memo—

277 5727 384 5772 rat.
408 5713 610 5776 (Iliun)
630 5712 733 5771 Sed
757 5714 1041 5782 plurimum
1068 5712 1286 5778 prodest
1305 5710 1511 5765 Calatis
1536 5710 1634 5764 ista
1668 5725 1732 5762 na
1743 5723 1852 5761 rra-

1955 4795 2025 4852 Et
2051 4795 2402 4867 proﬁciebam,
2427 4793 2617 4862 inquit,
2641 4792 2694 4846 in
2708 4790 2990 4845 Juduismo
3005 4807 3163 4860 supra
3175 4790 3363 4846 multos
3389 4807 3524 4846 cow-

1956 4897 2135 4942 taneos
2160 4886 2215 4940 in
2241 4902 2424 4956 genere
2457 4901 2592 4950 meo,
2619 4881 2971 4937 abundantius
2997 4879 3271 4935 wmulator
3291 4881 3517 4936 existens

1939 4984 2287 5049 paternarum
2310 4991 2542 5030 mearum
2573 4972 2934 5028 traditionum.
2961 4969 3195 5026 Rursum
3217 4969 3515 5040 profectum

1952 5083 2058 5124 non
2081 5067 2214 5139 legis
2239 5067 2358 5133 Dei,
2386 5065 2480 5121 sed
2502 5063 2762 5119 Judaismi
2783 5070 2971 5128 vocat;
2999 5076 3101 5138 nec
3126 5075 3286 5131 super
3308 5075 3516 5126 omnes,

1934 5155 2048 5215 sed
2077 5173 2238 5229 super
2258 5157 2546 5228 plurimos;
2569 5169 2668 5209 nec
2695 5168 2856 5223 super
2881 5168 3058 5218 senes,
3080 5151 3173 5207 scd
3201 5167 3362 5222 super
3384 5168 3522 5208 eoa:-

1954 5259 2142 5305 taneos
2165 5290 2180 5316 ,
2223 5259 2283 5302 ut
2309 5256 2360 5302 et
2400 5247 2634 5302 studium
2661 5260 2816 5302 suum
2844 5246 3072 5300 referret
3099 5245 3151 5299 in
3177 5244 3328 5315 lege,
3355 5252 3412 5300 et
3438 5243 3521 5315 ja-

1955 5340 2551 5398 ctantiam'declinaret:
2581 5347 2833 5409 paternas
2852 5344 3028 5392 autem
3053 5337 3390 5402 traditiones,
3416 5350 3523 5390 non

1957 5431 2170 5488 Domini
2207 5430 2463 5485 mandata
2499 5443 2958 5493 commemorans,
2990 5434 3046 5482 et
3069 5442 3128 5482 se
3151 5425 3482 5482 Phariszeum
3502 5466 3518 5490 ,

1957 5539 2023 5578 ex
2071 5509 2356 5576 Pharisaeis
2412 5520 2698 5582 indicavit,
2749 5527 2804 5574 et
2857 5517 3109 5572 habuisse
3160 5515 3374 5586 quidem
3427 5530 3518 5569 zc—

1957 5612 2064 5666 lum
2097 5612 2216 5677 Dei,
2247 5611 2341 5666 sed
2372 5626 2478 5665 non
2505 5609 2797 5665 secundum
2827 5607 3128 5662 scientiam.
3161 5605 3341 5672 Usque
3362 5603 3520 5656 hodie

1958 5715 2132 5760 autem
2167 5704 2253 5775 qui
2283 5702 2506 5758 Judaico
2532 5717 2691 5757 sensu
2722 5699 3030 5770 Scripturas
3055 5695 3375 5764 intelligunt,
3401 5707 3520 5759 per-
