4022 6338
501 404 606 462 259

1148 397 1209 452 n.
1251 395 1504 451 uanam
1540 393 1758 450 MAUitl
1793 358 2452 455 menterﬁuacusr.
2493 384 2775 443 OPERUM
2810 383 2988 440 rans
3020 382 3106 437 lli.

3631 379 3735 437 ξω

502 520 801 587 sequuntur
812 510 1107 569 Ecclesium
1126 506 1349 573 Christi,
1370 505 1760 577 etpapulantur
1779 502 1946 568 illam,
1966 517 2073 558 non

2177 500 2406 571 aliquem
2452 499 2637 555 retulit
2686 497 2998 579 quidqesset
3042 504 3261 552 acturus
3296 511 3309 550 :
3359 495 3455 553 sed
3495 495 3740 567 protinus

503 604 681 662 studia
704 602 840 671 legis
868 599 997 665 Dei,
1026 596 1132 653 sed-
1151 595 1531 651 traditionibus
1568 593 1847 649 hominum
1880 592 2073 660 depra-

503 695 638 751 vati.
663 691 794 747 Cum
817 698 992 744 autem
1015 685 1211 758 placuit
1226 685 1296 751 ei,
1312 685 1400 757 qui
1426 700 1506 739 me
1534 672 1814 755 segregavit
1841 680 1906 736 de
1926 690 2073 735 utero

504 780 689 836 matris
716 793 865 842 mete,
890 784 940 830 et
962 773 1163 829 vocavit
1178 772 1518 844 pergratiam
1546 786 1716 836 suam,
1742 778 1798 824 ut
1827 768 2073 824 revelare!

503 867 704 923 Filium
729 880 881 920 suum
901 865 957 918 in
977 879 1078 927 me,
1104 870 1161 915 ut
1190 859 1533 931 evangelizem
1554 856 1705 912 illum
1733 857 1789 912 in
1813 854 2071 928 gentibus.

502 956 621 1011 Non
652 955 825 1012 solum
858 954 913 1008 in
942 954 1046 1009 hac
1071 951 1223 1017 loco,
1255 951 1349 1007 sed
1372 958 1428 1006 et
1464 951 1533 1006 ad
1568 950 1840 1005 Romanas
1878 948 2075 1004 Paulus

502 1055 843 1119 segregatum
871 1046 924 1100 in
951 1043 1294 1115 Evangelium
1322 1041 1418 1098 Dei
1441 1056 1561 1098 esse
1582 1056 1642 1097 se
1668 1040 1875 1097 scribit.
1898 1039 1967 1095 Et
1989 1038 2075 1098 Je-

504 1137 726 1203 remias,
740 1145 1028 1206 antequam
1048 1133 1374 1191 farmaretur
1392 1134 1447 1188 in
1467 1141 1623 1188 utero
1635 1140 1690 1187 et
1702 1132 2078 1203 conciperetur

503 1232 561 1288 in
582 1231 738 1286 vulva
762 1229 952 1285 matris
977 1244 1107 1295 sum,
1132 1236 1291 1283 notus
1308 1227 1421 1283 Dea
1443 1224 1578 1298 (λετ.
1594 1223 2078 1298 t),‘sanctiﬁcatus-

503 1336 612 1392 que
635 1320 964 1392 perhibetur.
996 1319 1064 1374 Et
1094 1333 1161 1373 ex
1184 1315 1348 1386 justi,
1379 1317 1493 1372 sive
1520 1325 1583 1373 ut
1606 1316 1826 1387 quidam
1845 1320 2074 1386 putant,

502 1425 573 1467 ex
602 1396 897 1466 Salvataris
925 1422 1155 1479 persona
1193 1407 1391 1462 dicitur
1415 1424 1430 1461 :
1454 1406 1524 1461 In
1562 1415 1611 1461 te
1646 1404 1909 1476 projectus
1956 1419 2075 1459 sum

502 1515 569 1556 ea:
609 1499 787 1565 uulua,
833 1515 899 1554 ea;
950 1507 1097 1552 utero
1143 1497 1328 1552 matris
1379 1513 1507 1552 mea:
1557 1495 1700 1551 Deus
1744 1510 1889 1550 meus
1934 1510 1989 1549 es
2017 1501 2075 1549 tu

507 1586 681 1661 (Psal.
701 1587 838 1661 xxi).
861 1586 1061 1643 Contra
1086 1586 1152 1641 de
1160 1584 1533 1656 peccatoribus
1554 1583 1723 1640 David
1743 1583 1917 1639 canit:
1942 1580 2077 1638 Ecce

504 1681 642 1736 enim
680 1681 737 1735 in
774 1679 1135 1750 iniquitatibus
1179 1686 1455 1748 conceptus
1496 1693 1643 1741 sum,
1687 1685 1735 1731 et
1781 1676 1838 1730 in
1874 1674 2076 1731 delictis

505 1769 736 1839 concepit
775 1784 854 1823 me
895 1775 1065 1823 mater
1094 1783 1210 1822 mea
1247 1765 1420 1839 (Psal.
1457 1764 1543 1839 1.);
1581 1773 1637 1821 et
1682 1766 1739 1821 in
1776 1765 1884 1822 alia
1908 1765 2071 1822 loco:

2169 586 2781 661 prmdicavitChristum,
2796 587 2922 659 quia
2940 587 3029 642 hic
3044 585 3304 643 estFilius
3314 585 3408 642 Dei
3426 603 3441 641 :
3456 602 3582 641 nam
3603 586 3745 655 sicut

2170 678 2337 734 futuri
2363 677 2488 733 mali
2516 676 2825 747 frequenter
2849 685 2973 733 ante
3019 675 3144 733 sunt
3169 675 3318 742 boni,
3364 675 3439 732 ita
3482 684 3541 733 et
3573 676 3745 732 solent

2172 767 2337 824 futuri
2369 767 2496 824 boni
2541 768 2691 838 prius
2723 780 2844 824 esse
2878 766 3026 822 mali.
3070 765 3269 840 (Hier.)
3314 764 3439 823 Scio
3461 766 3744 837 plerasque

2172 863 2240 917 de
2274 859 2528 935 apostolis
2564 859 2669 914 hoc
2705 856 2906 914 dictum
2934 856 3186 913 arbitrari
3214 875 3228 911 :
3266 872 3391 911 nam
3416 866 3472 911 et
3497 856 3745 928 Porphy-

2172 952 2286 1007 rius
2328 950 2533 1021 objicit,
2581 949 2724 1021 quad
2773 956 2898 1023 post
2938 949 3319 1005 revelationem
3366 948 3593 1010 Christi,
3638 964 3746 1004 non

2172 1040 2335 1098 fuerit
2354 1042 2601 1111 dignatus
2640 1041 2720 1098 ire
2744 1042 2813 1098 ad
2841 1032 3104 1107 homines,
3143 1048 3201 1096 et
3242 1056 3364 1097 cum
3393 1041 3474 1097 eis
3499 1039 3749 1096 conferre

2174 1146 2497 1200 sermonem,
2522 1146 2592 1188 ne
2611 1139 2734 1203 post
2758 1130 3061 1188 doctrinam
3083 1130 3334 1187 videlicet
3372 1129 3493 1197 Dei,
3519 1141 3557 1185 a
3581 1146 3750 1187 carne

2173 1240 2231 1286 et
2250 1229 2513 1301 sanguine
2541 1228 2921 1284 instrueretur.
2969 1226 3078 1283 Sed
3101 1226 3243 1283 absit
3276 1235 3337 1282 ut
3376 1241 3477 1299 ego
3504 1225 3748 1294 Petrum,

2172 1318 2436 1381 Joannem
2475 1328 2533 1375 et
2578 1318 2855 1385 Jacobum,
2876 1333 3095 1374 carnem
3120 1326 3175 1373 et
3201 1308 3513 1389 sanguinem
3541 1326 3748 1388 putem,

2174 1427 2295 1485 qua:
2318 1425 2543 1484 regnum
2570 1409 2666 1466 Dei
2687 1408 2962 1481 possidere
2989 1424 3096 1466 nan
3116 1416 3359 1480 possunt.
3383 1407 3503 1464 Non
3524 1406 3755 1463 contulit

2173 1503 2372 1558 Paulus
2390 1509 2514 1572 post
2542 1492 2931 1559 'revelationem
2955 1499 3155 1556 Christi
3192 1514 3318 1555 cum
3343 1513 3510 1556 carne
3536 1506 3594 1554 et
3624 1514 3754 1555 san-

2174 1591 2357 1663 guine,
2385 1590 2511 1661 quia
2542 1588 2715 1646 noluit
2742 1588 3067 1662 margaritas
3090 1589 3356 1661 projicere
3379 1596 3505 1644 ante
3532 1602 3752 1659 parcas,

2176 1695 2276 1737 nec
2300 1680 2432 1736 dare
2469 1686 2718 1735 sanctum
2755 1677 3001 1735 canibus.
3033 1677 3189 1735 Dicat
3228 1678 3516 1750 quispiam.
3556 1677 3615 1733 Si
3641 1687 3755 1734 sta-

2176 1768 2272 1825 tim
2294 1784 2401 1825 non
2427 1767 2653 1826 contulit
2668 1784 2791 1825 cum
2815 1781 2975 1824 carne
2996 1774 3053 1824 et
3078 1769 3337 1840 sanguine
3362 1767 3714 1839 Evangelium
3735 1809 3752 1833 .

505 1858 800 1915 Abalienati
831 1867 952 1915 sunt
978 1867 1269 1930 peccatores
1297 1875 1330 1912 a
1356 1856 1503 1913 vulva
1528 1855 1701 1931 (Psal.
1729 1856 1881 1928 Lvn).
1929 1857 1998 1912 Et
2022 1856 2075 1912 in
2103 1848 2152 1909 Β
2178 1866 2355 1914 tamen
2379 1858 2812 1929 subintelligitur,
2834 1858 2977 1929 quod
2995 1859 3332 1929 postmodum
3347 1874 3472 1916 cum
3491 1859 3756 1929 sanguine

506 1954 790 2017 utramque
834 1954 1076 2017 partem,
1119 1954 1410 2018 antequam
1454 1946 1665 2016 parvuli
1700 1952 2074 2012 nascerentur,

506 2035 646 2091 Deus
676 2036 841 2092 Iacob
868 2036 1084 2103 dilexit,
1119 2037 1264 2092 Esau
1298 2046 1473 2092 antem
1498 2036 1619 2092 adio
1643 2036 1823 2091 habuit
1854 2034 2074 2106 (Malae.

508 2143 564 2191 ις
596 2127 748 2182 Rom.
778 2128 876 2202 Ix).
903 2128 1187 2184 lnveniunt
1210 2128 1386 2184 locum
1420 2127 1681 2193 haeretici,
1717 2127 1807 2196 qui
1838 2125 2078 2183 diversas

507 2227 733 2274 naturas
759 2234 880 2274 esse
904 2218 1258 2288 prteleudunt,
1286 2216 1585 2289 spiritalem
1610 2216 1858 2272 videlicet
1878 2222 1933 2271 et
1955 2215 2078 2271 ani-'9

506 2308 725 2375 malem,
755 2316 811 2365 et
834 2309 1078 2364 choicam
1105 2306 1352 2380 [vim],
1375 2315 1432 2363 et
1457 2307 1616 2361 aliam
1651 2304 1881 2372 salvari,
1916 2304 2075 2361 aliam

506 2401 703 2471 perire,
725 2400 885 2455 aliam
908 2401 962 2454 in
986 2408 1270 2470 utramque
1291 2399 1610 2463 consistere,
1632 2396 1777 2468 quod
1806 2410 2076 2466 nunquam

509 2498 603 2545 aut
622 2489 801 2559 justus
828 2490 1116 2561 eligeretur
1141 2497 1429 2559 antequam
1453 2487 1658 2558 aliquid
1683 2485 1810 2542 boni
1840 2484 2043 2541 faceret
2059 2527 2074 2553 ,

509 2588 601 2635 aut
630 2587 885 2651 peccator
922 2579 1166 2635 adiretur
1189 2586 1312 2633 ante
1349 2576 1629 2640 delictum,
1664 2574 1768 2630 nisi
1804 2581 1945 2631 esset
1980 2589 2077 2645 pe-

509 2669 781 2724 reuntium
821 2675 878 2724 et
914 2667 1292 2725 salvandorum
1323 2675 1515 2722 natura
1557 2665 1787 2722 diversa.
1818 2663 1902 2719 Ad
1936 2663 2078 2734 quod

506 2765 683 2828 potest
704 2757 1020 2829 simpliciter
1044 2757 1378 2828 responderi,
1400 2757 1502 2812 hoc
1526 2772 1594 2812 ex
1618 2755 1715 2811 Dei
1742 2754 2078 2826 prmscientia

505 2846 744 2913 evenire,
775 2852 836 2900 ut
862 2860 1021 2915 quem
1048 2845 1150 2901 scit
1164 2844 1372 2914 justum
1401 2843 1661 2909 futurum,
1691 2843 1842 2913 prius
1890 2840 2077 2912 diligat

503 2950 663 3007 quam
693 2936 903 2991 oriatur
925 2950 993 2991 ex
1021 2942 1173 2990 utero
1199 2951 1213 2989 :
1239 2944 1295 2989 et
1324 2949 1481 3004 quem
1510 2941 1873 3004 peceatorem,
1904 2930 2079 2987 oderit

502 3035 792 3097 antequam
820 3034 1007 3098 peccet
1038 3046 1051 3080 :
1083 3042 1188 3082 non
1212 3027 1354 3096 quod
1382 3036 1436 3082 et
1460 3026 1514 3080 in
1536 3040 1720 3080 amore
1747 3032 1840 3080 aut
1867 3025 1924 3078 in
1952 3023 2077 3080 adio

503 3116 761 3188 iniquitas
789 3117 884 3172 Dei
905 3117 993 3183 sit,
1016 3118 1113 3173 sed
1138 3117 1280 3187 quod
1310 3131 1416 3173 non
1439 3117 1595 3171 aliter
1622 3131 1715 3172 eos
1749 3115 1952 3171 habere
1988 3117 2077 3172 (ιε.

503 3205 646 3272 beat,
673 3220 810 3277 quos
823 3207 923 3262 scit
935 3205 1018 3261 vel
1037 3214 1348 3276 peccatores
1374 3204 1584 3260 futuros
1604 3220 1745 3273 esse,
1760 3205 1847 3261 vel
1863 3204 2040 3275 justas
2056 3224 2070 3261 :

501 3312 602 3354 nos
644 3308 704 3353 ut
749 3299 996 3355 homines
1045 3307 1248 3353 tantum
1291 3298 1359 3354 de
1398 3300 1750 3369 praesentibus
1792 3298 2067 3370 judicare,

502 3386 655 3442 illum
685 3387 777 3443 cui
806 3387 984 3442 futura
1004 3385 1119 3456 jam
1156 3386 1298 3442 facta
1323 3396 1449 3444 sunt
1488 3388 1555 3443 de
1589 3388 1696 3443 line
1723 3402 1934 3455 rerum,
1963 3403 2072 3445 non

505 3479 573 3536 de
598 3479 837 3535 exordiis
858 3479 1002 3534 ferre
1027 3480 1369 3534 sententiam.
1405 3477 1522 3534 Non
1556 3485 1641 3534 est
1665 3486 1843 3533 autem
1870 3478 2071 3549 ipsum,

503 3569 647 3641 quod
678 3568 824 3633 dicit,
849 3578 904 3623 ut
931 3567 1174 3624 reuelaret
1199 3567 1397 3622 Filium
1424 3585 1576 3623 suum
1606 3570 1662 3624 in
1688 3585 1787 3637 me,
1818 3569 1972 3639 quasi
2000 3568 2076 3624 di-

504 3669 685 3727 ceret,
707 3670 764 3715 ut
784 3659 1028 3716 reuelaret
1058 3658 1258 3715 Filium
1277 3677 1429 3716 suum
1454 3662 1580 3715 mihi
1604 3678 1622 3716 :
1650 3662 1736 3717 cui
1772 3662 1915 3717 enim
1943 3662 2074 3732 quid

504 3750 791 3818 revelatur,
820 3751 946 3806 huic
976 3750 1104 3805 illud
1128 3758 1306 3821 potest
1330 3750 1587 3817 revelari,
1616 3751 1760 3821 quod
1785 3760 1908 3806 ante
1930 3751 1982 3806 in
2010 3767 2073 3807 eo

504 3859 611 3900 non
638 3851 775 3899 erat.
800 3843 856 3899 ln
883 3858 989 3914 qua
1010 3857 1142 3901 vero
1165 3842 1454 3910 revelatur,
1482 3843 1613 3898 illud
1640 3843 1907 3899 revelatur
1928 3844 2073 3915 quod

503 3932 653 4004 prius
682 3930 782 3987 fuit
806 3933 860 3988 in
890 3948 974 3998 eo,
1006 3940 1062 4012 et
1084 3939 1271 4003 postea
1296 3934 1593 3989 revelatum
1621 3942 1724 3989 est.
1767 3933 1951 3990 Simile
1989 3942 2074 3990 est

504 4025 637 4081 illud
673 4025 728 4080 in
766 4024 1090 4097 Evangelia:
1123 4024 1332 4081 Medius
1370 4025 1426 4079 in
1461 4024 1601 4081 vobis
1629 4034 1763 4094 stat,
1792 4042 1941 4096 quem
1981 4041 2071 4080 vos

504 4114 710 4169 nescitis
743 4113 923 4186 (Joan.
956 4112 1032 4187 1);
1059 4122 1114 4169 et
1136 4113 1296 4169 alibi:
1322 4112 1453 4169 Erat
1477 4114 1571 4169 lux
1594 4131 1712 4169 vera
1730 4131 1847 4187 qum
1870 4114 2069 4169 illumi—

505 4216 597 4261 nat
637 4222 839 4261 omnem
878 4207 1137 4262 hominem
1162 4206 1447 4261 venientem
1478 4207 1534 4261 in
1566 4207 1835 4261 mundum.
1856 4204 1936 4261 Ex
1964 4222 2072 4278 quo

502 4298 843 4369 perspicuum
866 4296 947 4363 ﬁt,
981 4305 1174 4351 natura
1201 4297 1449 4353 omnibus
1473 4296 1569 4352 Dei
1598 4298 1773 4353 inesse
1801 4298 2067 4365 notitiam,

505 4400 610 4443 uec
653 4400 978 4457 quemquam
1019 4386 1137 4441 sine
1178 4386 1396 4442 Christo
1436 4387 1586 4442 nasci
1603 4418 1635 4453 ,ο
1650 4394 1706 4442 et
1739 4401 1845 4442 non
1872 4388 2072 4445 habere

509 4478 716 4534 semina
752 4477 805 4533 in
845 4493 905 4535 se
958 4478 1235 4549 sapientiae
1283 4486 1339 4535 et
1375 4479 1600 4550 justitiae
1640 4479 2072 4553 reliquarumque

2177 1957 2232 2005 et
2253 1963 2415 2005 carne
2453 1948 2781 2005 contulerit:
2812 1955 2869 2004 et
2893 1963 3084 2004 sensus
3114 1948 3224 2015 hic,
3251 1963 3359 2019 quo
3392 1947 3623 2021 apostoli
3650 1962 3756 2002 ex-

2173 2047 2451 2106 cusantur,
2484 2054 2553 2096 ne
2572 2054 2700 2095 cara
2724 2047 2780 2094 et
2806 2038 3023 2110 sanguis
3053 2037 3183 2107 sint,
3210 2047 3358 2095 stare
3379 2054 3487 2094 non
3508 2039 3752 2109 poterit:

2176 2128 2670 2185 dum'nihilaminus
2698 2127 2790 2199 qui
2831 2127 3171 2199 in.principio
3197 2142 3320 2183 cum
3347 2142 3512 2183 carne
3532 2135 3591 2183 et
3626 2142 3758 2183 san-

2174 2217 2337 2291 guine
2369 2235 2481 2276 non
2512 2218 2756 2284 contulit,
2786 2219 3148 2289 postmodum,
3190 2226 3253 2275 ut
3297 2217 3432 2285 dixi,
3472 2233 3598 2274 cum
3624 2233 3757 2274 san-

2180 2293 2343 2381 guine
2370 2318 2427 2365 et
2444 2324 2607 2367 carne
2625 2309 2932 2365 contulerit.
2963 2321 3092 2378 Quae
3117 2310 3425 2382 praepositio
3468 2324 3568 2365 nos
3595 2325 3757 2365 coar-

2172 2409 2306 2467 ctat,
2355 2408 2417 2456 ut
2461 2400 2541 2456 sic
2569 2400 2979 2471 distinguamus,
3023 2414 3092 2455 ne
3126 2384 3303 2455 statim
3348 2402 3463 2457 sive
3503 2402 3757 2455 continuo

2177 2509 2298 2550 cum
2324 2508 2489 2548 carne
2509 2491 2799 2563 jungamus
2824 2498 2879 2545 et
2912 2492 3202 2563 sanguine,
3230 2491 3325 2547 sed
3366 2506 3488 2547 cum
3508 2491 3758 2561 superia-

2176 2584 2326 2639 ribus
2352 2584 2558 2639 haerere
2581 2581 2862 2649 iaciamus,
2890 2590 2940 2638 et
2972 2581 3212 2653 legatur:
3251 2579 3384 2636 Cum
3423 2589 3600 2636 autem
3635 2580 3757 2653 pla-

2176 2672 2282 2726 cuit
2325 2670 2373 2727 ei
2413 2672 2501 2742 qui
2545 2686 2627 2724 me
2669 2657 2952 2741 segregavit
2985 2669 3048 2724 de
3095 2679 3241 2725 utero
3294 2677 3478 2725 matris
3503 2687 3654 2736 mete,
3690 2686 3757 2727 ac

2176 2760 2387 2827 deinde,
2414 2768 2469 2814 ut
2497 2759 2739 2815 reuelaret
2763 2758 2964 2815 Filium
2987 2777 3137 2815 suum
3162 2760 3214 2815 in
3253 2777 3335 2815 me
3356 2774 3375 2813 :
3406 2769 3462 2816 et
3485 2760 3553 2816 ad
3572 2768 3758 2816 extre-

2176 2865 2347 2916 mum,
2373 2860 2430 2904 ut
2458 2849 2865 2921 euangelizarcm
2890 2850 3038 2906 illum
3066 2852 3121 2906 in
3147 2852 3380 2922 gentibus
3400 2853 3670 2914 continuo.
3698 2861 3761 2907 ut

2178 2954 2208 2995 a
2240 2941 2455 3012 proprio
2482 2941 2702 3011 incipiat
2725 2942 2970 3008 exordio,
3008 2940 3131 2997 Non
3156 2944 3351 2998 contuli
3379 2960 3497 2999 cum
3516 2961 3679 2999 carne
3710 2956 3760 3000 et

2175 3032 2446 3101 sanguine.
2481 3031 2665 3104 (Aug.)
2695 3031 3022 3103 Segregatur
3050 3034 3444 3104 quodammodo
3469 3033 3536 3090 de
3564 3044 3761 3091 ventre

2176 3123 2386 3189 matris,
2418 3124 2661 3195 quisquis
2682 3139 2709 3178 a
2738 3125 3036 3180 carnalium
3060 3134 3345 3197 parentum
3364 3127 3762 3183 consuetudine

2100 3198 2145 3261 (ἶ
2179 3229 2322 3270 cmca
2347 3223 2646 3285 separatur.
2680 3216 2987 3286 Acquiescit
3021 3225 3199 3273 autem
3233 3217 3459 3273 carniet
3479 3218 3758 3289 sanguini,

2179 3306 2423 3376 quisquis
2447 3306 2754 3363 carnalibus
2782 3307 3095 3378 propinquis
3127 3316 3182 3364 et
3202 3309 3616 3381 consanguineis
3640 3310 3761 3364 suis

2177 3395 2471 3453 carnaliter
2497 3396 2844 3452 suadentibus
2868 3398 3179 3454 assentitur.
3212 3397 3393 3469 Neque
3420 3399 3537 3453 veni
3568 3397 3761 3453 Hiero--

2177 3486 2430 3556 salymam
2461 3486 2531 3540 ad
2562 3501 2899 3557 praecessores
2931 3504 3071 3542 meas
3099 3489 3358 3558 apostolos
3377 3527 3394 3555 ,
3437 3488 3529 3543 sed
3562 3488 3670 3542 abii
3702 3490 3761 3542 in

2176 3575 2446 3643 Arabiam,
2462 3586 2509 3632 et
2530 3577 2715 3632 iterum
2739 3593 2967 3633 reversus
2981 3594 3096 3633 sum
3117 3579 3173 3633 in
3194 3578 3527 3635 Damascum.
3548 3578 3761 3652 (Amb.)

2178 3664 2294 3722 Non
2325 3666 2491 3724 fuisse
2519 3668 2651 3723 dicit
2693 3669 3017 3725 necessitate
3063 3669 3294 3726 electum
3336 3686 3395 3727 se
3430 3686 3460 3726 a
3496 3670 3609 3727 Deo
3630 3686 3765 3745 per-

2176 3757 2333 3828 gendi
2367 3758 2434 3813 ad
2458 3773 2813 3829 praecessores
2831 3774 2956 3816 suos
2983 3761 3270 3831 apostolos,
3299 3769 3360 3817 ut
3385 3760 3583 3832 aliquid
3613 3762 3763 3820 forte

2177 3846 2412 3903 disceret
2446 3848 2514 3903 ab
2555 3848 2658 3916 eis,
2702 3849 2828 3918 quia
2857 3848 3000 3906 Deus
3025 3849 3077 3906 ei
3119 3851 3374 3907 revelavit
3413 3867 3513 3924 per
3554 3850 3761 3909 Filium

2175 3949 2333 3992 suum
2369 3939 2636 4008 quomodo
2668 3940 2905 3996 doceret.
2936 3941 3048 3998 liae
3085 3941 3205 3998 ideo
3229 3942 3465 4013 loquitur
3494 3950 3554 3999 ut
3575 3952 3763 4000 osten-

2176 4027 2269 4084 dat
2292 4043 2399 4084 nan
2438 4029 2584 4085 aliud
2615 4030 2906 4086 tenendum
2929 4046 3049 4089 esse
3080 4048 3239 4103 quam
3265 4033 3408 4103 quod
3447 4032 3623 4100 docet,
3655 4050 3763 4089 nec

2175 4120 2483 4177 hominibus
2515 4120 2683 4187 credi,
2709 4121 2805 4178 sed
2842 4121 2974 4190 Deo,
3014 4139 3043 4178 a
3072 4138 3178 4194 qua
3216 4139 3276 4180 se
3315 4124 3563 4181 didicisse
3590 4133 3764 4180 testa-

2176 4218 2301 4278 tur;
2329 4226 2393 4267 ac
2419 4225 2516 4282 per
2538 4211 2643 4268 hac
2689 4227 2785 4270 eos
2828 4212 2923 4283 qui
2951 4213 3070 4270 illos
3106 4214 3161 4269 in
3197 4214 3366 4283 legem
3401 4214 3760 4280 induxerant,

2175 4317 2295 4358 esse
2320 4302 2486 4359 falsos
2518 4303 2786 4371 doctores,
2818 4305 2943 4375 quia
2987 4321 3091 4362 non
3120 4321 3152 4361 a
3193 4306 3304 4362 Deo
3330 4308 3586 4362 traditum
3635 4316 3762 4363 erat

2175 4393 2318 4463 quod
2344 4392 2628 4449 docebant.
2676 4394 2721 4449 A
2768 4395 3030 4453 Damasco
3070 4412 3200 4469 ergo
3246 4397 3301 4452 in
3346 4395 3599 4453 Arabiam
3629 4414 3762 4469 pro-

2176 4480 2350 4539 fectus
2373 4490 2459 4538 est
2476 4483 2546 4539 ad
2575 4482 2998 4555 praedicandum,
3027 4486 3119 4542 ubi
3148 4485 3325 4542 nullus
3356 4494 3476 4542 erat
3533 4496 3757 4557 aposto-

506 4569 783 4627 virtutum.
814 4569 999 4627 Potest
1030 4579 1086 4626 et
1116 4555 1272 4625 aliter
1297 4570 1489 4641 accipi,
1516 4571 1570 4626 in
1593 4569 1759 4627 Paulo
1782 4571 1879 4627 Dei
1905 4571 2072 4628 Filius
2096 4558 2150 4619 Β
2174 4570 2364 4638 lorum,
2400 4580 2461 4627 ut
2478 4573 2594 4644 ipse
2630 4574 2740 4629 illic
2765 4573 3016 4630 fundaret
3040 4575 3330 4643 Ecclesias,
3356 4590 3425 4632 ne
3452 4555 3755 4647 subrepen-

509 4659 798 4729 revelatus,
825 4661 969 4732 quod
992 4661 1321 4732 praedicante
1347 4660 1440 4716 illa
1475 4660 1689 4735 agnitus
1726 4661 1797 4716 sit
1832 4661 2077 4732 gentibus

505 4762 666 4819 quem
697 4758 823 4806 ante
844 4751 1177 4806 nesciebant.
1192 4747 1451 4806 Continuo
1476 4768 1581 4807 non
1607 4753 1835 4823 acquievi
1857 4752 2003 4807 carni
2028 4762 2079 4807 et

504 4842 751 4914 sanguini
772 4842 907 4915 (sive
933 4844 1067 4899 utin
1085 4842 1275 4901 Graeco
1294 4846 1488 4902 melius
1509 4844 1715 4918 habet),
1733 4846 1857 4901 Non
1886 4846 2081 4901 contuli

506 4948 626 4987 cum
653 4948 809 4988 carne
836 4942 882 4987 et
907 4935 1178 5006 sanguine.
1209 4935 1441 5009 (Ambr.)
1458 4936 1806 4993 Prmscicntia
1829 4951 1960 5007 ergo
1982 4935 2080 4993 Dei

506 5030 821 5094 segregatus
842 5030 926 5079 est
946 5024 1012 5080 de
1042 5034 1197 5083 utero
1224 5027 1417 5084 matris
1436 5044 1568 5095 sure,
1585 5028 1639 5083 id
1662 5036 1770 5096 est,
1785 5036 2077 5097 antequam

505 5120 840 5180 nasceretur,
866 5113 948 5171 vel
973 5115 1154 5171 statim
1184 5125 1370 5172 natum
1408 5117 1513 5173 scit
1552 5117 1693 5172 Deus
1723 5114 1964 5172 futurum
1988 5118 2082 5174 ho-

509 5217 657 5269 uum,
689 5202 828 5259 sicut
855 5203 1364 5262 dicitadJeremiam
1378 5208 1732 5279 prophetam:
1757 5204 2079 5279 Priusquam

504 5301 556 5347 te
575 5292 853 5363 formarem
873 5296 928 5350 in
952 5304 1122 5364 utero,
1146 5298 1263 5353 navi
1286 5306 1355 5365 te,
1379 5306 1435 5355 et
1454 5307 1648 5356 caetera
1674 5298 1809 5371 (Jer.
1824 5298 1898 5372 1);
1927 5299 2002 5356 ita
2026 5307 2081 5357 et

510 5381 810 5451 apostolum
844 5383 1089 5452 Paulum,
1129 5387 1305 5443 sciens
1338 5388 1459 5459 quis
1494 5397 1639 5446 esset
1674 5388 1919 5456 futurus,
1942 5406 2081 5461 pra:-

503 5472 653 5528 veuit
692 5488 854 5540 eum,
905 5485 967 5531 ut
1011 5485 1301 5549 antequam
1348 5491 1798 5549 converteretur,
1860 5493 2082 5541 vocaret

504 5575 661 5629 eum,
699 5564 824 5635 quia
862 5574 982 5622 erat
1016 5569 1373 5626 necessarius.
1413 5571 1654 5644 Denique
1683 5574 1867 5628 statim
1897 5590 2081 5631 susce-

505 5651 585 5722 pit
609 5650 1063 5725 dispensationem
1101 5659 1224 5714 doni
1264 5661 1390 5727 Dei,
1425 5663 1571 5718 omni
1605 5666 1906 5735 postposita
1947 5680 2078 5721 cura

508 5743 709 5799 carnali
733 5759 747 5800 :
775 5760 875 5801 nec
893 5748 1035 5803 enim
1067 5750 1347 5806 consilium
1373 5751 1684 5823 cujusquam
1703 5755 1877 5825 petiit,
1893 5762 1986 5809 aut
2007 5754 2076 5810 ad

2176 4664 2321 4720 tibus
2358 4665 2839 4737 pseudoapostalis,
2888 4664 3197 4723 Judaismus
3244 4669 3631 4725 seminaretur.
3682 4671 3759 4727 Et

2176 4754 2299 4811 inde
2325 4756 2521 4811 iterum
2570 4770 2848 4827 regressus
2888 4764 2973 4812 est
3021 4756 3365 4827 Damascum,
3408 4766 3469 4814 ut
3506 4760 3760 4817 visitaret

2176 4849 2371 4920 quibus
2410 4848 2561 4905 rudis
2603 4847 2985 4918 pmdicaverat
3032 4849 3379 4921 Evangelium
3417 4852 3604 4923 gratia:
3634 4851 3755 4908 Dei.

2176 4937 2378 4993 Deinde
2400 4947 2514 5009 post
2551 4954 2716 4992 annos
2740 4947 2844 4993 tres
2882 4939 3093 4994 ascendi
3136 4938 3556 5011 Hierosolymam
3583 4942 3759 4997 ridere

2175 5029 2414 5095 Petrum,
2464 5039 2514 5084 et
2560 5029 2788 5084 remansi
2836 5030 2975 5101 apud
3012 5028 3161 5085 illum
3210 5030 3390 5086 diebus
3432 5031 3753 5103 quindecim.

2176 5120 2403 5191 Dignum
2426 5118 2528 5175 fuit
2556 5127 2618 5175 ut
2644 5128 2864 5190 cuperet
2896 5118 3079 5176 videre
3107 5119 3354 5188 Petrum,
3382 5121 3509 5191 quia
3546 5120 3757 5191 primus

2176 5219 2295 5266 erat
2318 5210 2458 5266 inter
2479 5209 2768 5279 apostolos,
2796 5208 2883 5264 cui
2914 5208 3253 5281 delegaverat
3290 5209 3540 5266 Salvator
3562 5224 3755 5266 curam

2178 5300 2540 5359 Ecclesiarum
2572 5317 2586 5355 :
2615 5316 2720 5356 non
2760 5300 2948 5371 utique
2971 5308 3033 5356 ut
3081 5298 3280 5371 aliquid
3304 5302 3373 5357 ab
3400 5315 3465 5357 eo
3496 5300 3755 5366 disceret,

2180 5392 2272 5465 qui
2294 5392 2407 5464 jam
2433 5392 2501 5448 ab
2539 5402 2763 5450 auctare
2789 5393 3073 5462 didicerat,
3120 5410 3151 5451 a
3177 5411 3286 5466 quo
3332 5404 3389 5452 et
3415 5395 3530 5467 ipse
3556 5394 3752 5452 Petrus

2180 5482 2358 5539 fuerat
2382 5484 2696 5551 instructus,
2718 5485 2811 5542 sed
2838 5480 3060 5558 propter
3103 5485 3354 5544 ali'ectum
3397 5486 3750 5558 apostolatus,

2179 5580 2312 5628 etut
2338 5574 2503 5630 sciret
2524 5573 2712 5631 Petrus
2736 5576 2875 5631 hanc
2901 5576 2977 5631 illi
3003 5576 3180 5633 datam
3201 5574 3492 5644 licentiam,
3510 5592 3673 5647 quam
3695 5584 3753 5632 et

2180 5665 2296 5737 ipse
2338 5674 2636 5736 acceperat.
2668 5666 2901 5722 Veniens
2943 5681 3073 5738 ergo
3111 5668 3178 5723 ad
3221 5682 3345 5723 eum
3390 5667 3624 5739 hospitio
3668 5680 3753 5721 re-

2177 5764 2364 5825 ceptus
2384 5765 2467 5812 est
2536 5764 2589 5811 et
2636 5758 2774 5826 apud
2799 5770 2921 5812 eum
2966 5757 3165 5813 mansit
3206 5758 3395 5813 diebus
3422 5756 3748 5826 quindecim,
