4022 6338
297 339 401 396 εει

771 339 1322 400 ENARRATIONUM
1357 342 1428 398 IN
1463 344 1610 401 EPP.
1655 344 1855 400 PAULI
1892 344 2018 399 LIB.
2063 345 2204 401 XIV.
2237 377 2302 387 —
2338 347 2407 402 IN
2446 348 2662 404 EPIST.
2704 351 2794 406 AD
2833 350 3080 406 GALAT.

3465 354 3571 410 262

299 453 458 526 quasi
492 450 762 507 unanimis
803 453 1164 523 coapostolus.
1213 453 1338 509 [hec
1383 455 1504 509 ideo
1552 454 1892 520 manifestat,
1912 455 1961 515 Α
1991 461 2102 508 tum
2125 470 2245 511 esse
2271 472 2300 510 a
2331 457 2531 527 Spiritu
2555 466 2744 513 sancto
2767 459 2986 514 verbum
3021 461 3070 513 iu
3108 462 3234 514 Asxa
3261 464 3428 532 loqui.
3464 464 3571 518 Ali-

299 553 368 600 ut
392 543 646 600 ostendat
683 543 1030 598 concordiam
1060 559 1118 600 se
1145 560 1281 606 cum,
1313 545 1570 616 apostolis
1609 546 1883 613 habuisse,

299 652 409 694 nec
434 636 491 691 in
537 635 718 706 aliquo
755 635 1094 702 dissensisse,
1142 637 1282 692 sicut
1329 638 1683 693 susurrabant
1729 639 1795 693 de
1823 652 1888 693 eo

299 726 738 797 pseudoapostoli
764 743 776 779 :
811 736 872 781 ut
895 741 1018 782 eum
1041 728 1181 798 apud
1208 727 1478 783 Ecclesias
1515 729 1753 800 gentium
1789 729 1887 784 de-

300 815 630 883 formarent,
679 825 734 871 et
769 832 868 872 sua
918 817 1060 872 mala
1107 817 1520 888 simplicioribus
1560 819 1886 885 insererent,

303 909 552 965 dicentes
594 925 657 964 ea
685 909 974 965 convenire
1041 923 1166 963 cum
1217 909 1465 964 doctrina
1523 909 1887 979 apostolorum

301 1001 592 1070 majorum.
623 999 821 1072 (llier.)
849 1000 967 1056 Non
992 1000 1092 1056 sibi
1115 999 1325 1056 videtur
1342 1000 1581 1055 historia:
1601 1000 1735 1055 ordo
1752 1016 1889 1056 con-

295 1091 512 1157 cinere,
542 1089 808 1146 referente
829 1089 974 1144 Luca
1005 1090 1056 1144 in
1079 1089 1302 1145 Actibus
1329 1090 1714 1160 apostolorum,
1745 1092 1887 1160 quod

275 1197 428 1237 cum
453 1182 647 1237 Paulus
666 1191 788 1252 post
817 1181 975 1237 fidem
1000 1180 1198 1237 Christi
1221 1197 1318 1252 per
1347 1182 1462 1238 dies
1489 1183 1688 1237 multos
1713 1182 1888 1237 Evan-

297 1274 504 1345 gelium
531 1273 776 1327 Damasci
812 1272 1127 1342 loqueretur
1164 1273 1442 1337 audenter,
1484 1271 1641 1328 facta:
1687 1273 1888 1328 fuerint

297 1365 607 1430 ei‘insidiae,
643 1371 700 1419 et
737 1364 792 1419 in
828 1372 1010 1434 sporta
1053 1378 1150 1433 per
1191 1378 1405 1417 murum
1448 1371 1606 1418 nocte
1633 1362 1886 1419 dimissus

296 1457 395 1522 sit,
444 1465 499 1512 et
522 1455 730 1512 venerit
755 1455 1181 1526 Hierosolymam
1211 1462 1423 1510 tentans
1466 1468 1524 1510 se
1547 1453 1773 1525 jungere
1800 1455 1883 1510 di-

1991 553 2111 600 ter:
2138 543 2248 618 Sed
2285 549 2389 602 abii
2418 551 2471 603 in
2499 550 2748 603 Arabiam
2779 561 2824 604 et
2852 554 3038 605 iterum
3069 568 3298 607 reversus
3324 571 3438 609 sum
3468 557 3570 612 Da-

1986 652 2242 692 mascum.
2277 638 2415 705 Quid
2463 641 2592 694 mihi
2643 641 2859 710 prodest
2893 641 2994 695 ista
3045 641 3255 706 relatio,
3301 643 3346 696 si
3393 644 3570 715 legam

1986 731 2126 798 quod
2157 729 2354 784 Paulus
2383 740 2506 800 post
2553 732 2934 788 revelationem
2979 732 3179 787 Christi
3225 735 3404 789 statim
3447 738 3571 792 ierit

1988 818 2042 871 in
2090 818 2371 886 Arabiam,
2399 829 2450 875 ct
2480 821 2546 876 de
2585 823 2781 877 Arabia
2825 824 3009 878 statim
3043 823 3364 880 Damascum
3409 827 3574 885 fuerit

1987 924 2257 976 reversus,
2297 927 2398 966 nec
2427 913 2594 966 sciam
2636 914 2764 984 quid
2796 914 2867 968 ibi
2920 917 3166 984 gesserit,
3197 918 3392 986 quidve
3426 921 3572 974 utili-

1987 999 2113 1054 tatis
2138 999 2389 1056 habuerit
2420 1003 2528 1056 itus
2565 1018 2630 1058 ac
2673 1005 2919 1060 reditus?
2948 1007 3047 1060 Dat
3073 1007 3205 1061 mihi
3231 1010 3569 1066 occasionem

1986 1088 2194 1144 altioris
2247 1090 2609 1161 intelligentiae
2662 1093 2716 1146 in
2777 1095 2879 1150 hac
2926 1097 3112 1152 eadem
3161 1097 3398 1167 Epistula
3454 1101 3569 1171 ipse

1984 1179 2291 1248 Apostolus,
2338 1195 2458 1235 cum
2507 1182 2572 1236 de
2599 1182 2891 1250 Abraham,
2926 1185 3072 1256 Agar
3119 1197 3169 1242 et
3201 1189 3336 1244 Sara
3387 1193 3568 1261 dispu-

1987 1276 2126 1333 tans,
2156 1285 2274 1338 qua:
2307 1269 2516 1338 quidem
2544 1280 2685 1337 sunt,
2719 1272 2912 1342 inquit,
2935 1291 3027 1344 per
3047 1274 3351 1346 allegoriam
3377 1279 3515 1332 dicta
3547 1297 3566 1333 :

1983 1359 2096 1412 ha’c
2122 1359 2257 1412 enim
2283 1368 2402 1413 sunt
2429 1361 2534 1414 duo
2561 1371 2904 1418 testamenta:
2927 1381 3086 1418 unum
3114 1368 3321 1436 quidem
3342 1386 3373 1421 a
3393 1379 3566 1425 monte

1985 1447 2119 1504 Sina
2171 1450 2226 1505 in
2273 1453 2567 1506 seruitutem
2613 1470 2896 1524 generous,
2932 1473 3049 1526 qua:
3093 1468 3167 1512 est
3212 1459 3403 1530 Agar:
3434 1461 3567 1517 Sina

296 1545 544 1615 scipulis.
567 1545 612 1598 A
641 1545 836 1616 quibus
859 1561 980 1600 cum
1010 1545 1276 1600 vitaretur
1308 1553 1357 1600 et
1393 1545 1646 1600 timerent
1671 1546 1737 1599 ad
1759 1560 1882 1600 eum
1979 1543 2120 1594 enim
2145 1556 2293 1594 ηιοη8
2318 1551 2394 1596 εει
2432 1543 2488 1596 in
2517 1544 2736 1611 Αναόια,
2771 1547 2861 1616 qui
2879 1548 3095 1617 junctus
3122 1559 3194 1604 est
3219 1552 3266 1604 ei
3287 1569 3402 1621 qua!
3430 1569 3565 1606 nunc

295 1638 586 1704 accedere,
617 1653 648 1692 α
677 1637 925 1692 Barnaba
947 1637 1014 1692 ad
1049 1637 1322 1708 apostolos
1346 1637 1496 1692 illum
1539 1638 1882 1708 esse'perdu-
1975 1637 2056 1682 est
2083 1627 2378 1684 Jerusalem
2405 1629 2546 1702 (Cal.
2565 1632 2638 1705 IV)
2659 1651 2672 1700 ;
2695 1646 2750 1688 ει
2776 1636 2930 1691 dOCCI.
2949 1636 3113 1692 Vetus
3139 1639 3561 1709 Testamentum,

275 1740 468 1796 Ictum,
499 1740 553 1784 et
592 1731 664 1786 ibi
708 1745 959 1786 narrasse
989 1730 1256 1800 quomodo
1299 1730 1586 1785 Dominum
1609 1731 1804 1786 viderit
1829 1731 1882 1786 in
1913 1801 1942 1802 ί
1982 1717 2087 1773 hoc
2120 1729 2224 1785 est.
2251 1721 2460 1776 300ith
2489 1721 2655 1777 ﬁlium
2684 1725 2738 1778 ίη
2773 1725 2992 1793 Arabia,
3033 1743 3150 1797 qua?
3181 1729 3566 1802 interpretatur

277 1824 514 1889 “mare,
574 1831 629 1878 ει
678 1821 925 1878 Damasci
982 1821 1305 1877 ﬁduciam“
1347 1821 1519 1892 egerit
1563 1820 1619 1876 in
1667 1801 1959 1878 nomineB
1987 1809 2206 1866 humilis
2243 1820 2297 1866 et
2332 1813 2575 1877 occidua,
2624 1816 2997 1871 constitutum.
3039 1818 3230 1874 Statim
3275 1821 3457 1890 itaque
3505 1831 3566 1876 ut

295 1917 457 1974 Iesu:
483 1917 632 1984 Erat,
661 1917 852 1987 inquit,
882 1932 998 1970 cum
1022 1914 1128 1970 illis
1152 1917 1354 1970 intrans
1382 1924 1431 1969 et
1463 1916 1636 1970 exiens
1675 1915 1729 1970 in
1751 1913 1882 1970 Hie-

293 2006 546 2074 riualem,
571 2015 619 2061 et
642 2004 962 2075 fiducialiter
995 2021 1151 2075 agens
1181 2005 1234 2059 in
1266 2003 1470 2058 nomine
1505 2003 1739 2058 Domini.
1785 2002 1886 2059 Lo-

293 2097 555 2169 quebatur
571 2113 774 2168 quoque
793 2105 842 2150 et
863 2095 1162 2166 disputabat
1197 2111 1316 2150 cum
1338 2092 1379 2148 ϐ
1389 2096 1567 2159 necis;
1607 2095 1686 2149 illi
1708 2104 1883 2151 autem

291 2187 599 2259 qurerebant
614 2185 846 2240 occidere
867 2201 1004 2238 eum.
1025 2183 1178 2249 Quod
1197 2185 1548 2254 cognovissent
1569 2185 1776 2254 fratres,
1794 2185 1884 2239 de-

295 2278 558 2331 Juazerunt
585 2291 703 2330 eum
727 2273 1022 2330 Caesaream
1043 2283 1090 2328 et
1117 2274 1427 2328 dimiserunt
1463 2273 1721 2328 Tliarsum
1739 2273 1877 2346 (Act.

277 2369 398 2438 αι).
424 2366 523 2422 Hic
549 2376 730 2421 autem
753 2364 884 2420 dicit
913 2378 971 2419 se
991 2365 1226 2435 primum
1276 2365 1382 2420 isse
1429 2365 1485 2420 in
1526 2364 1802 2433 Arabiam,
1827 2378 1884 2422 et

279 2470 495 2517 iterum
521 2475 793 2517 reversum
818 2460 1138 2516 Damascum
1165 2478 1178 2515 :
1208 2468 1330 2532 post
1358 2461 1648 2517 triennium
1667 2461 1881 2518 venisse

289 2553 747 2624 Hierosolymam,
781 2551 990 2608 vidisse
1018 2549 1260 2619 Petrum,
1292 2561 1493 2608 etcum
1527 2568 1591 2608 eo
1617 2553 1881 2610 mansisse

295 2641 490 2698 diebus
541 2640 848 2712 quindecim
875 2682 889 2707 ,
941 2655 1039 2696 nec
1089 2648 1288 2711 praeter
1333 2640 1597 2696 Jacobum
1653 2642 1878 2698 fratrem

287 2732 530 2796 Domini,
559 2738 784 2786 alterum
815 2732 1149 2787 convenisse.
1179 2731 1308 2798 Quae
1335 2740 1397 2787 ut
1424 2747 1553 2787 vera
1594 2731 1883 2788 credantur

293 2822 485 2896 (dubia
513 2821 710 2893 quippe
738 2821 905 2877 videri
937 2821 1248 2877 absentibus
1274 2819 1566 2890 poterant,)
1591 2821 1689 2876 sub
1718 2830 1882 2877 testa-

291 2913 450 2968 tione
493 2912 779 2968 confirmat
803 2911 986 2966 dicens
1011 2929 1024 2964 :
1054 2909 1186 2976 Qua:
1223 2921 1396 2965 autem
1430 2910 1547 2965 dico
1582 2911 1742 2978 vobis,
1767 2927 1882 2966 ecce

295 3018 480 3057 coram
505 3001 615 3056 Deo
659 3001 782 3072 quia
813 3018 918 3055 non
939 3002 1179 3056 mentior.
1211 3000 1502 3056 Possumus
1533 3000 1694 3072 igitur
1733 3001 1878 3055 aesti-

299 3107 476 3160 mare,
507 3094 615 3150 isse
661 3094 876 3163 quidem
905 3093 1154 3159 Paulum,
1185 3093 1475 3148 secundum
1509 3093 1668 3147 Luca:
1713 3093 1883 3148 histo—

301 3187 465 3253 riam,
494 3185 940 3257 Hierosolymam,
969 3201 1074 3241 non
1103 3186 1255 3256 quasi
1275 3187 1342 3240 ad
1362 3194 1733 3242 antecessores
1754 3201 1884 3256 apo-

300 3276 492 3342 stolos,
517 3285 577 3330 ut
610 3277 810 3346 aliquid
840 3277 907 3330 ab
961 3275 1066 3330 illis
1097 3277 1346 3341 disceret,
1392 3275 1484 3330 sed
1531 3285 1589 3330 ut
1627 3291 1882 3344 persecu-

297 3366 468 3421 tionis
494 3367 752 3436 impetum
781 3366 1099 3432 declinaret,
1131 3367 1222 3435 qui
1253 3367 1352 3421 sibi
1388 3366 1637 3421 Damasci
1666 3378 1886 3436 propter

302 3458 654 3529 Evangelium
679 3457 877 3512 Christi
910 3455 1088 3510 fuerat
1113 3457 1411 3511 concitatus
1441 3471 1457 3510 :
1487 3465 1541 3510 et
1567 3456 1645 3510 sic
1672 3458 1886 3512 venisse

301 3553 730 3624 Hierosolymam
772 3551 923 3628 quasi
963 3551 1030 3606 ad
1067 3566 1442 3620 quamcunque
1490 3549 1650 3604 aliam
1694 3551 1885 3605 civita-

303 3657 460 3700 tem:
505 3645 627 3700 inde
660 3660 782 3700 eum
827 3645 1008 3699 statim
1038 3651 1258 3715 propter
1304 3643 1527 3698 insidias
1576 3644 1883 3710 recessisse,

301 3746 362 3792 et
389 3738 602 3792 venisse
630 3737 883 3791 Arabiam
911 3737 1024 3791 sive
1053 3735 1394 3800 Damascum,
1423 3745 1584 3804 atque
1617 3736 1739 3790 inde
1766 3745 1888 3805 post

295 3831 599 3885 triennium
646 3829 713 3884 ad
750 3829 1038 3883 videndum
1078 3828 1295 3882 Petrum
1338 3828 1762 3898 Hierosolymam
1805 3843 1889 3884 reb

307 3922 554 3977 vertisse.
583 3919 680 3975 Vel
720 3928 865 3974 certe
894 3919 966 3972 ita
1001 3937 1013 3972 :
1041 3918 1238 3973 Statim
1276 3927 1334 3972 ut
1364 3918 1669 3988 baptizatus
1712 3919 1802 3984 sit,
1834 3926 1892 3974 et

305 4024 531 4082 accepto
553 4011 674 4066 cibo
706 4008 1062 4076 confortatus,
1088 4009 1254 4064 fuisse
1291 4023 1413 4064 eum
1462 4023 1584 4063 cum
1615 4008 1890 4077 discipulis

307 4106 404 4175 qui
453 4112 608 4159 erant
639 4102 887 4158 Damasci
917 4117 1015 4172 per
1050 4101 1165 4156 dies
1199 4101 1420 4170 aliquot,
1449 4108 1503 4154 et
1551 4101 1889 4170 stupentibus

295 4196 522 4252 cunctis
546 4196 598 4249 in
627 4193 910 4265 synagogis
935 4192 1240 4248 Iudaeorum
1265 4193 1589 4263 praedicasse
1635 4192 1891 4247 continuo

309 4288 461 4360 quod
493 4286 648 4348 Jesus
669 4295 812 4342 esset
837 4285 1002 4340 Filius
1026 4285 1142 4351 Dei,
1167 4293 1220 4339 et
1245 4293 1372 4341 tunc
1398 4285 1504 4340 isse
1528 4286 1582 4339 in
1609 4284 1888 4352 Arabiam,

310 4389 369 4434 et
417 4379 486 4434 de
534 4377 731 4433 Arabia
772 4375 1094 4431 Damascum
1141 4375 1446 4440 revertisse,
1480 4382 1534 4428 et
1583 4375 1656 4429 ibi
1703 4374 1892 4430 fecisse

307 4473 636 4529 triennium:
654 4485 790 4542 quos
802 4471 914 4525 dies
929 4469 1124 4523 multos
1141 4468 1414 4537 Scriptura
1436 4474 1662 4523 testatur
1675 4467 1887 4522 dicens:

312 4563 449 4620 Cum
480 4562 816 4634 implerentur
837 4571 1010 4614 autem
1031 4559 1141 4613 dies
1171 4559 1340 4624 multi,
1369 4557 1640 4612 consilium
1663 4558 1890 4628 fecerunt

309 4656 516 4720 Judazi,
542 4665 597 4708 ut
645 4670 761 4708 eum
790 4651 1133 4720 interﬁcerent
1159 4668 1178 4705 :
1207 4660 1341 4706 nota:
1377 4657 1548 4704 autem
1587 4648 1741 4719 facta:
1773 4657 1893 4702 sunt

309 4747 485 4804 .Saulo
531 4745 733 4799 insidia;
761 4758 961 4808 eorum,
1010 4751 1056 4795 et
1087 4740 1442 4794 custodiebant
1489 4748 1665 4809 portas
1700 4739 1784 4792 die
1831 4755 1892 4792 ac

313 4846 488 4901 nocte,
521 4844 576 4888 ut
599 4849 716 4889 eum
752 4832 1117 4900 interﬁcerent.
1145 4825 1465 4899 Accipientes
1503 4843 1623 4898 ergo
1653 4827 1895 4896 discipuli

317 4929 436 4998 ejus
465 4934 610 4980 nocte
657 4940 748 4993 per
790 4938 997 4975 murum
1027 4917 1332 4973 dimiserunt
1377 4935 1492 4972 eum
1539 4917 1892 4971 submittentes

310 5021 376 5073 in
419 5026 612 5087 sporta.
663 5013 796 5068 Cum
839 5023 1013 5066 autent
1059 5010 1272 5065 venisset
1309 5006 1625 5072 Jerusalem,
1664 5006 1894 5060 tentabat

318 5110 538 5181 iungere
564 5123 619 5161 se
652 5103 940 5175 discipulis.
979 5102 1181 5157 Lucam
1210 5116 1339 5155 vero
1382 5099 1584 5154 idcirco
1609 5099 1674 5152 de
1697 5098 1894 5153 Arabia

317 5199 647 5274 prteterisse,
671 5197 796 5266 quia
825 5195 1050 5250 forsitan
1077 5193 1209 5248 nihil
1247 5193 1466 5262 dignum
1505 5189 1805 5258 apostolatu
1843 5189 1894 5243 in

322 5294 522 5350 Arabia
563 5289 933 5362 perpetrabat,
962 5296 1017 5340 et
1048 5300 1110 5340 ea
1155 5285 1332 5356 potius
1361 5281 1736 5353 compendiosa
1775 5295 1898 5334 nar-

324 5385 537 5440 ratione
575 5382 796 5446 dixisse,
827 5393 948 5448 qum
993 5376 1150 5446 digna
1180 5373 1378 5429 Christi
1424 5369 1712 5440 Evangelio
1755 5368 1901 5422 vidc-

325 5477 543 5532 bantur.
569 5470 680 5527 Nec
732 5471 834 5525 hoc
881 5466 1123 5538 segnitia:
1161 5462 1401 5534 Apostoli
1440 5460 1819 5530 deputandum,
1855 5457 1897 5512 si

325 5567 530 5622 frustra
547 5565 600 5620 iu
614 5561 807 5616 Arabia
826 5567 1068 5615 moratus
1088 5556 1177 5621 sit,
1201 5553 1294 5609 sed
1322 5552 1462 5622 quod
1481 5551 1658 5620 aliqua
1688 5549 1898 5618 dispen-

323 5658 466 5715 satio
500 5665 557 5711 et
601 5654 696 5709 Dei
745 5657 1071 5722 praeceptum
1115 5645 1277 5701 fuerit
1306 5653 1364 5698 ut
1409 5648 1632 5696 taceret.
1669 5637 1806 5692 Nam
1847 5645 1902 5692 et

325 5756 514 5806 postea
547 5744 773 5810 legimus
795 5740 1019 5796 Paulum
1045 5752 1165 5793 cum
1208 5733 1317 5790 Sila
1351 5744 1628 5804 egressum
1663 5726 1902 5798 prohibi-

1987 1900 2220 1955 credidit
2245 1901 2442 1958 Paulus
2467 1905 2538 1958 ad
2571 1903 2762 1975 legem,
2809 1907 2876 1960 ad
2909 1909 3220 1976 prophetas,
3245 1910 3315 1963 ad
3353 1911 3562 1966 Veteris

1987 1989 2319 2048 Testamenti
2363 1991 2478 2062 jam
2509 1995 2562 2050 in
2592 1997 2818 2052 occiduo
2857 1999 3020 2068 positi
3061 2011 3398 2056 sacramenta
3434 2018 3565 2057 con-

1983 2103 2192 2153 versus,
2222 2089 2470 2158 quaasivit
2495 2090 2548 2144 in
2580 2090 2658 2145 eis
2706 2089 3002 2158 Christum,
3034 2107 3194 2161 quem
3226 2091 3412 2161 jussus
3451 2094 3564 2149 fue-

1983 2186 2070 2232 rat
2102 2179 2157 2232 in
2185 2179 2433 2250 gentibus
2457 2180 2789 2250 praedicare:
2816 2191 2869 2236 et
2897 2191 3111 2252 reperto
3136 2183 3225 2237 illo
3251 2200 3356 2238 non
3382 2193 3466 2239 est
3491 2185 3562 2238 ibi

1983 2268 2186 2324 diutius
2219 2279 2582 2326 commoratus
2609 2313 2622 2325 .
2653 2272 2750 2326 sed
2790 2287 3040 2328 reversus
3089 2282 3172 2328 est
3221 2273 3560 2339 Damascum,

1983 2360 2087 2416 hoc
2113 2369 2197 2416 est
2222 2360 2288 2415 ad
2319 2362 2632 2432 sanguinem
2676 2371 2732 2417 et
2774 2363 3076 2434 passionem
3107 2363 3329 2430 Christi,
3357 2374 3411 2419 et
3439 2365 3563 2420 inde

1979 2453 2295 2522 prophetica
2337 2451 2566 2508 lectione
2614 2453 2854 2508 firmatus
2889 2455 3064 2525 pergit
3111 2453 3560 2525 Hierosolymam,

1979 2540 2156 2596 locum
2175 2541 2399 2596 visionis
2419 2550 2473 2597 et
2492 2543 2642 2612 pacis
2661 2557 2675 2596 :
2694 2558 2798 2598 non
2825 2552 2933 2598 tam
2956 2545 3248 2600 disciturus
3268 2545 3468 2616 aliquid
3491 2548 3560 2600 ab

1977 2632 2271 2703 Apostolis,
2304 2651 2463 2704 quam
2495 2651 2617 2690 cum
2640 2636 2722 2691 eis
2750 2633 3095 2707 Evangelium
3131 2638 3272 2708 quod
3303 2638 3562 2692 docuerat

1981 2723 2294 2778 collaturus.
2323 2724 2523 2778 Deinde
2546 2734 2658 2794 post
2683 2743 2846 2780 annos
2873 2736 2975 2780 tres
3003 2728 3114 2780 ueni
3138 2726 3557 2797 Hierosolymam

1979 2813 2150 2868 videre
2206 2813 2444 2870 Petrum.
2507 2815 2621 2870 Non
2658 2825 2717 2871 ut
2758 2817 2963 2884 oculos,
3014 2834 3196 2888 genas,
3244 2819 3556 2887 vultumque

1981 2901 2100 2972 ejus
2145 2903 2428 2973 aspiceret,
2479 2913 2659 2958 utrum
2707 2907 3047 2971 macilentus,
3073 2922 3140 2960 an
3180 2907 3424 2977 pinguis,
3461 2909 3556 2964 ad-

1982 3009 2123 3049 unco
2168 3009 2300 3049 naso
2327 3002 2491 3060 esset,
2519 3009 2584 3049 an
2615 3003 2792 3060 recto;
2830 2991 2882 3051 et
2925 3005 3105 3050 utrum
3135 2996 3364 3050 frontem
3391 2999 3557 3052 vesti-

1985 3097 2070 3142 ret
2092 3103 2267 3153 coma,
2299 3102 2388 3152 an,
2413 3095 2471 3140 ut
2507 3085 2754 3142 Clemens
2780 3087 2834 3140 in
2873 3087 3118 3142 Periodis
3146 3085 3262 3156 ejus
3291 3087 3474 3152 refert,
3505 3097 3565 3142 ut

1987 3177 2261 3234 calvitium
2313 3177 2537 3232 haberet
2581 3177 2638 3231 in
2687 3177 2880 3246 capite.
2930 3175 3039 3232 Nec
3079 3186 3210 3247 puto
3256 3178 3562 3247 apostolica!

1985 3267 2149 3323 fuisse
2179 3267 2477 3335 gravitatis,
2509 3275 2569 3321 ut
2591 3275 2712 3337 post
2735 3276 2936 3321 tantam
2971 3268 3188 3322 triennii
3211 3269 3560 3338 praeparatio-

1986 3377 2108 3416 nem
2140 3362 2339 3431 aliquid
2389 3363 2679 3416 humanum
2711 3362 2766 3416 in
2811 3362 2967 3418 Petro
3017 3361 3248 3417 voluerit
3281 3363 3559 3432 aspicere:

1987 3453 2081 3508 sed
2109 3454 2194 3508 his
2220 3453 2391 3508 oculis
2420 3453 2628 3522 aspexit
2674 3469 2818 3518 eum,
2849 3453 3042 3522 quibus
3076 3461 3130 3506 et
3165 3453 3326 3508 modo
3355 3453 3408 3507 in
3437 3455 3564 3524 Epio

1987 3544 2138 3599 stolis
2162 3544 2274 3598 suis
2297 3544 2526 3598 videtur.
2561 3543 2656 3598 His
2695 3543 2866 3598 oculis
2899 3543 3096 3597 Paulus
3138 3543 3272 3597 vidit
3304 3545 3562 3614 Cepham,

1986 3635 2182 3704 quibus
2223 3649 2364 3689 nunc
2404 3650 2435 3688 a
2479 3634 2834 3705 prudentibus
2874 3635 3174 3703 quibusque
3211 3633 3408 3690 Paulus
3451 3636 3565 3705 ipse

1989 3724 2335 3792 conspicitur.
2370 3723 2522 3789 Quod
2550 3725 2594 3778 si
2625 3723 2712 3778 cui
2749 3739 2856 3778 non
2883 3724 3111 3788 videtur,
3147 3739 3268 3779 cum
3301 3727 3564 3794 superiori

1988 3829 2150 3868 sensu
2189 3812 2379 3883 jungat
2415 3813 2531 3868 hazc
2573 3814 2776 3880 omnia,
2821 3813 2964 3882 quod
3013 3812 3146 3866 nihil
3193 3813 3294 3867 sibi
3341 3815 3567 3884 apostoli

1988 3906 2330 3962 contulerint.
2381 3905 2517 3960 Nam
2552 3914 2607 3959 et
2649 3905 2792 3975 quod
2819 3905 2967 3958 visus
3011 3905 3080 3958 sit
3135 3904 3215 3958 ire
3264 3903 3569 3978 Hierosoly-

1988 4012 2155 4060 mam,
2174 3997 2240 4050 ad
2263 3995 2366 4049 hoc
2390 3995 2520 4060 isse,
2545 4003 2604 4048 ut
2623 3989 2829 4048 videret
2847 3994 3180 4062 Apostolum,
3199 4011 3305 4049 non
3328 3996 3567 4051 discendi

1990 4087 2187 4151 studio,
2217 4086 2343 4154 quia
2370 4093 2425 4138 et
2471 4084 2584 4154 ipse
2634 4084 2881 4137 eumdem
2919 4083 3317 4152 praedicationis
3344 4085 3571 4138 haberet

1991 4187 2309 4233 auctorem:
2351 4175 2444 4230 sed
2493 4174 2713 4229 honoris
2755 4173 2919 4242 priori
2971 4172 3228 4243 Apostolo
3271 4173 3565 4228 deferendi.

1991 4269 2059 4323 Et
2090 4267 2259 4321 mansi
2311 4265 2449 4336 apud
2473 4281 2591 4318 eum
2637 4263 2817 4317 diebus
2859 4262 3152 4333 quindecim
3185 4278 3202 4316 :
3233 4260 3348 4316 Non
3379 4263 3568 4334 grandi

1991 4357 2218 4428 indiguit
2259 4355 2591 4427 magisterio,
2622 4354 2714 4424 qui
2751 4361 2899 4409 tanto
2929 4367 2986 4408 se
3029 4355 3126 4408 ads
3158 4353 3444 4407 videndum
3472 4353 3571 4407 Pc-

1993 4457 2138 4503 trum
2160 4456 2402 4518 tempore
2428 4445 2767 4515 praeparavit.
2790 4444 2856 4497 Et
2880 4443 3004 4498 licet
3033 4443 3354 4512 quihusdam
3387 4458 3572 4512 supcr-

1994 4540 2158 4596 ﬂuum
2207 4539 2454 4595 videatur
2492 4551 2744 4591 numeros
2786 4549 2998 4605 quoque
3043 4533 3133 4604 qui
3183 4533 3236 4586 in
3279 4532 3571 4602 Scripturis

1997 4642 2122 4690 sunt
2162 4632 2469 4696 observare,
2528 4638 2711 4684 tamen
2747 4643 2854 4682 non
2896 4627 2992 4680 abs
3040 4640 3100 4679 re
3137 4625 3372 4678 arbitror
3417 4624 3573 4693 quin-

1996 4727 2168 4782 decim
2215 4725 2330 4780 dies
2375 4724 2570 4794 quibus
2612 4723 2750 4791 apud
2778 4721 2996 4775 Petrum
3040 4717 3238 4772 Paulus
3285 4717 3569 4783 habitavit,

1994 4817 2207 4888 plenam
2276 4814 2582 4884 significare
2643 4811 2971 4876 scientiam,
3041 4817 3573 4878 consummatamque

1997 4907 2293 4963 doctrinam
2338 4922 2350 4958 :
2400 4904 2666 4973 siquidem
2709 4902 3011 4971 quindecim
3056 4910 3183 4957 sunt
3235 4901 3473 4955 carmina
3521 4902 3574 4955 in

1993 4997 2278 5062 Psalterio,
2307 5004 2361 5051 et
2390 4994 2695 5065 quindecim
2730 4994 2927 5063 gradus
2970 5007 3068 5062 per
3093 5005 3227 5059 quos
3271 4990 3337 5044 ad
3380 5005 3576 5045 canen-

1996 5087 2122 5142 dum
2152 5087 2261 5142 Deo
2287 5093 2341 5140 et
2367 5086 2418 5138 in
2445 5083 2597 5138 atriis
2623 5080 2738 5150 ejus
2769 5081 3164 5135 consistendum
3183 5079 3360 5149 just-us
3389 5094 3576 5134 ascen-

1998 5179 2094 5234 dit.
2127 5176 2386 5231 Ezechias
2412 5188 2626 5243 quoque
2645 5171 2946 5241 quindecim
2975 5185 3237 5224 annorum
3273 5169 3446 5240 spatio
3473 5168 3575 5223 sibi

2002 5269 2069 5322 ad
2096 5267 2262 5320 vitam
2291 5265 2440 5328 dato,
2491 5263 2700 5333 signum
2748 5262 2991 5330 accipere
3019 5269 3256 5315 meretur
3304 5260 3358 5314 in
3405 5259 3578 5329 gradi-

2003 5360 2134 5423 bus;
2173 5365 2228 5411 el
2273 5355 2641 5410 solemnitates
2672 5353 2764 5408 Dei
2808 5369 2839 5406 a
2884 5353 3072 5422 quinto
3101 5352 3311 5406 decimo
3339 5351 3422 5406 die
3443 5351 3578 5404 inci-

2001 5450 2173 5519 piunt.
2206 5446 2425 5501 Necnon
2471 5444 2597 5514 quia
2647 5443 2910 5514 duplicem
2958 5441 3361 5510 intelligentiam
3394 5439 3574 5509 sequi-

2004 5558 2149 5606 mur,
2184 5548 2465 5610 pr0pterea
2511 5536 2818 5606 quindecim
2866 5534 3017 5605 ponit
3063 5534 3199 5597 dies,
3229 5539 3289 5586 ut
3331 5529 3580 5585 ostendat

2003 5649 2109 5689 non
2145 5631 2308 5686 fuisse
2331 5629 2531 5701 grande
2561 5636 2772 5697 tempus
2799 5641 2907 5696 quo
2929 5624 3166 5696 potuerit
3192 5620 3391 5691 aliquid
3417 5635 3445 5673 a
3476 5619 3578 5673 Pe-

2005 5732 2088 5780 tro
2114 5723 2356 5786 discere,
2385 5729 2442 5775 ut
2467 5719 2535 5774 ad
2564 5717 2708 5772 illum
2736 5731 2952 5772 sensum
2983 5731 3013 5770 a
3041 5729 3147 5786 quo
3175 5712 3358 5781 coepit,
3386 5718 3578 5764 cuncta
