4022 6338
483 341 590 395 263

1122 339 1182 394 Β.
1221 339 1471 396 RABANl
1506 338 1725 397 MAURI
1762 337 2082 396 ARCHlEP.
2125 335 2436 394 MOGUNT.
2469 332 2754 393 OPERUM
2791 331 2970 390 PARS
3007 332 3090 390 Ill.

3637 340 3738 391 ιω

483 451 806 513 referantur,
853 463 912 505 se
941 464 1046 504 non
1094 450 1161 504 ab
1196 449 1413 505 homine
1457 449 1674 506 doctum
1718 464 1861 514 esse,
1905 449 2001 505 sed
2028 465 2058 503 a
2085 454 2135 514 Α
2163 449 2277 503 cite.
2306 446 2500 520 (Hier.)
2522 447 2651 502 Post
2673 446 3056 518 Hierosolyma:
3081 445 3341 502 visionem
3369 447 3518 503 venit
3543 445 3612 501 ad
3639 446 3736 519 Sy-

485 544 616 597 Deo.
645 541 822 594 Alium
858 548 1031 593 autem
1063 539 1416 610 apostolorum
1441 541 1545 594 vidi
1568 540 1820 593 neminem
1850 539 1950 592 nisi
1967 537 2064 594 Ja-

482 632 666 686 cabum
697 629 912 698 fratrem
953 627 1183 682 Domini.
1210 626 1445 700 (Ambr.)
1477 627 1734 682 Iacobum
1779 626 1914 681 vidit
1941 626 2066 682 Hie-

485 718 789 788 rosolymis,
830 717 953 786 quia
1001 717 1112 772 illic
1162 725 1280 771 erat
1325 718 1646 772 constitutus
1695 718 1763 772 ab
1807 717 2065 786 apostolis

481 809 785 878 episcopus,
812 807 904 876 qui
925 815 981 860 et
1000 807 1113 876 ipse
1133 807 1283 878 prius
1302 805 1476 860 fuerat
1491 806 1816 870 incredulus,
1833 807 1972 861 sicut
1985 807 2067 862 di-

483 903 558 957 cit
573 901 899 970 evangelista
914 899 1095 971 (Jaan.
1110 900 1229 970 vu),
1244 899 1368 968 quia
1387 915 1477 952 nec
1505 899 1694 968 fratres
1715 898 1848 968 ejus,
1868 898 2061 968 inquit,

483 991 656 1046 adhuc
685 989 956 1043 credebant
994 990 1050 1042 in
1089 1006 1224 1043 eum.
1261 988 1458 1060 (Hier.)
1493 988 1678 1043 Potest
1697 997 1752 1042 et
1779 990 1880 1044 hoc
1909 989 2065 1044 aliter

482 1081 726 1152 intelligi,
759 1081 903 1149 quod
949 1088 1168 1148 propter
1195 1081 1441 1150 egregios
1485 1094 1664 1134 mores
1693 1087 1748 1134 et
1793 1081 2067 1150 incompa-

483 1169 708 1225 rabilem
759 1168 938 1234 fidem,
981 1170 1407 1239 sapientiamque
1458 1185 1565 1224 non
1598 1169 1848 1235 mediam,
1896 1169 2066 1226 frater

482 1261 659 1314 dictus
695 1259 765 1312 sit
803 1259 1041 1324 Domini,
1074 1267 1128 1312 et
1156 1258 1298 1328 quod
1327 1260 1532 1328 primus
1556 1259 1604 1313 ei
1645 1258 1899 1314 Ecclesiae
1929 1273 2066 1328 prcc-

483 1346 666 1413 fuerit,
696 1362 816 1416 qua:
841 1347 1012 1416 prima
1058 1346 1109 1400 in
1153 1347 1428 1402 Christum
1468 1347 1716 1412 credens,
1764 1363 1828 1401 ex
1859 1345 2066 1402 ·.1υόιείε

481 1434 659 1490 fuerat
687 1441 1030 1505 congregata.
1081 1433 1345 1488 Dicuntur
1382 1434 1598 1503 quidem
1643 1442 1698 1488 et
1724 1434 2068 1504 casteriApo-

482 1525 604 1579 stoli
627 1525 824 1579 fratres
869 1523 1102 1587 Domini,
1133 1523 1276 1577 sicut
1304 1524 1357 1577 in
1404 1522 1693 1594 Evangelia
1726 1541 1739 1577 :
1780 1522 1944 1587 Vade,
1980 1524 2066 1576 dic

481 1613 736 1684 fratribus
763 1613 890 1666 meis
914 1625 932 1663 :
976 1610 1118 1666 Vada
1154 1611 1223 1664 ad
1244 1610 1459 1664 Patrem
1484 1619 1652 1666 meum
1677 1620 1724 1664 et
1752 1609 1963 1664 Patrem
1985 1628 2067 1665 ve-

479 1713 667 1768 strum,
695 1701 864 1757 Deum
891 1717 1062 1754 meum
1102 1709 1150 1754 et
1194 1700 1362 1754 Deum
1401 1709 1625 1755 vestrum
1663 1698 1878 1771 (Matth.
1905 1715 2062 1767 XVIII,

2165 541 2326 606 riam,
2354 556 2474 612 qum
2503 542 2784 596 nobiscum
2821 541 3021 596 dicitur
3047 539 3251 595 excelsa
3279 547 3442 611 atque
3481 535 3738 596 sublimis.

2165 631 2369 687 Deinde
2421 631 2633 686 transiit
2677 632 2746 686 ad
2789 628 3056 696 Ciliciam,
3106 644 3268 699 quam
3309 629 3363 684 in
3396 628 3501 684 llde
3540 628 3741 687 CbriSti

2165 721 2416 790 cupiebat
2457 734 2750 784 assumere,
2783 718 3158 789 evangelizans
3180 718 3231 773 ei
3254 718 3592 774 vocationem
3629 734 3742 788 pm-

2168 811 2448 877 nitentize;
2488 810 2674 866 Cilicia
2724 811 2922 880 quippe
2971 810 3358 880 interpretatur
3405 809 3694 878 assumptio
3725 850 3742 872 ,

2165 901 2286 957 sive
2312 902 2512 955 vacatio
2555 900 2923 956 lamentabilis.
2951 899 3116 954 Eram
3157 909 3331 954 autem
3375 899 3584 969 ignotus
3608 898 3745 968 facie

2165 992 2412 1048 Ecclesiis
2439 991 2804 1064 Judteaz,qua:
2847 999 2996 1046 erant
3043 991 3098 1043 in
3141 989 3349 1044 Christo
3369 989 3518 1043 Iesu.
3555 987 3743 1059 (Aug.)

2163 1081 2720 1136 Animadvertendum
2749 1096 2857 1137 non
2898 1082 2952 1135 in
2996 1079 3110 1136 sola
3135 1079 3504 1150 Hierosolyma
3527 1077 3750 1134 Iudaeos

2166 1173 2220 1227 in
2253 1171 2470 1228 Christo
2496 1171 2819 1239 credidisse;
2847 1187 2950 1226 nec
2983 1179 3090 1225 tam
3119 1185 3322 1240 paucos
3346 1169 3532 1236 fuisse,
3560 1177 3623 1225 ut
3647 1170 3750 1224 Ec-

2165 1263 2345 1318 clesiis
2387 1263 2624 1334 gentium
2664 1263 3044 1330 miscerentur,
3075 1263 3168 1318 sed
3212 1272 3324 1318 tam
3355 1264 3553 1319 multos
3582 1273 3643 1318 ut
3680 1278 3752 1318 ex

2165 1353 2274 1409 illis
2292 1353 2548 1408 Ecclesia:
2577 1354 2784 1408 fierent.
2812 1353 3037 1407 Tantum
3057 1353 3296 1408 auditum
3319 1354 3600 1420 habebant,
3624 1351 3752 1424 quo-

2165 1444 2308 1496 niam
2331 1443 2419 1514 qui
2445 1443 2844 1513 persequebatur
2883 1458 2976 1496 nos
3014 1441 3317 1512 aliquando,
3353 1457 3490 1496 nunc
3525 1459 3754 1514 evange-

2164 1533 2290 1588 lizat
2311 1535 2488 1603 fidem,
2505 1550 2664 1604 quam
2687 1533 2950 1604 quandam
2978 1534 3327 1604 expugnabat,
3351 1543 3397 1588 et
3418 1535 3472 1587 in
3496 1551 3577 1588 me
3596 1535 3757 1604 glori-

2164 1623 2392 1694 ﬁcabant
2433 1622 2812 1695 Deum.(Aug.)
2844 1622 2959 1678 Hoc
2983 1632 3067 1680 est
3094 1625 3239 1694 quod
3274 1624 3438 1679 etiam
3487 1625 3757 1682 Dominus

2165 1713 2519 1786 dicit(Matth.
2546 1714 2623 1786 v):
2639 1713 2832 1768 Luceat
2853 1713 2948 1769 lux
2967 1725 3133 1770 uestra
3157 1731 3333 1769 caram
3350 1716 3669 1780 hominibus,
3697 1725 3758 1769 ut

477 1793 640 1848 Jaan.
663 1791 777 1863 xx).
809 1791 878 1845 Et
899 1791 954 1844 in
980 1791 1189 1860 psalmo
1221 1808 1236 1844 :
1269 1789 1514 1844 Narrabo
1545 1805 1730 1843 nomen
1776 1798 1923 1842 tuum
1952 1789 2063 1859 fra-

2173 1805 2371 1860 videant
2417 1805 2552 1858 bona
2582 1803 2724 1873 facta
2762 1813 2959 1870 vestra;
3001 1812 3050 1858 et
3085 1803 3376 1874 gloriﬁcent
3414 1801 3634 1859 Patrem
3670 1822 3761 1859 re-

478 1881 645 1936 tribus
691 1881 842 1944 meis,
871 1880 926 1932 in
975 1879 1149 1932 media
1187 1876 1423 1932 Ecclesia
1449 1878 1668 1931 cantabo
1709 1876 1985 1950 [laudabo]
2014 1888 2062 1932 te

479 1969 653 2042 (Psal.
686 1970 819 2041 xxi).
844 1967 952 2024 Sed
995 1968 1264 2038 praecipue
1293 1967 1384 2022 hic
1417 1966 1585 2021 frater
1615 1967 1831 2031 dicitur,
1869 1968 1958 2022 cui
1996 1967 2061 2022 θα

479 2064 580 2120 lios
601 2065 788 2119 matris
816 2078 926 2117 suae
947 2064 1014 2118 ad
1040 2061 1254 2116 Patrem
1284 2061 1542 2116 Dominus
1570 2060 1774 2116 vadens
1796 2075 2065 2115 commen-

479 2159 720 2224 daverat.
745 2156 815 2210 Et
849 2155 1116 2226 quomodo
1141 2153 1244 2209 Joh
1284 2162 1340 2208 et
1364 2153 1544 2208 caueri
1574 2153 1903 2222 patriarchae
1932 2153 2063 2208 dicti

478 2257 603 2304 sunt
632 2247 846 2317 quidem
888 2245 1074 2299 famuli
1115 2244 1231 2311 Dei,
1265 2245 1358 2300 sed
1387 2245 1542 2313 quasi
1589 2245 1863 2315 egregium
1903 2245 2064 2314 quid-

481 2341 606 2394 dam
641 2339 852 2409 Moyses
892 2337 1078 2392 habuit
1108 2335 1294 2407 (Hebr.
1326 2336 1433 2408 m),
1477 2344 1536 2390 ut
1583 2336 1841 2390 scribitur
1863 2336 1927 2391 de
1951 2351 2018 2391 eo
2047 2353 2062 2390 :

480 2429 588 2484 Sed
631 2445 733 2482 non
758 2429 892 2482 sicut
935 2425 1140 2497 Moyses
1168 2427 1402 2496 famulus
1445 2443 1626 2492 meus;
1673 2427 1753 2483 sic
1786 2436 1841 2481 et
1873 2428 2066 2484 beatus

479 2519 712 2574 Jacobus
735 2517 1042 2588 specialiter
1065 2517 1234 2572 frater
1279 2517 1514 2584 Domini,
1552 2526 1611 2572 ut
1635 2528 1760 2574 ante
1806 2519 2062 2584 diximus,

480 2610 779 2681 appellatus
807 2619 909 2665 est.
955 2608 1086 2675 Quae
1119 2620 1291 2664 autem
1337 2611 1506 2664 scriba
1553 2611 1714 2677 vobis,
1745 2627 1860 2666 ecce
1885 2628 2064 2666 caram

481 2701 592 2756 Dea
616 2701 740 2772 quia
771 2717 874 2755 non
916 2701 1156 2756 mentior.
1183 2700 1376 2772 (llier.)
1410 2701 1534 2756 Sive
1580 2701 1896 2771 simpliciter
1923 2703 2066 2758 acci-

479 2793 756 2865 piendum,
803 2800 862 2847 ut
897 2793 1012 2847 sit:
1054 2791 1182 2860 Quae
1234 2792 1412 2848 scribo
1459 2792 1610 2847 vobis
1657 2808 1784 2848 vera
1823 2803 1969 2859 sunt,
2014 2803 2070 2850 et

484 2885 593 2940 Deo
623 2891 758 2939 teste
784 2884 1063 2948 confirmo,
1097 2883 1223 2952 quia
1263 2882 1406 2938 nulla
1439 2891 1556 2938 arte
1584 2885 1893 2951 verborum,
1921 2885 2067 2942 nullo

479 2983 606 3032 sunt
646 2973 822 3030 fucata
851 2974 1150 3028 mendacio.
1180 2972 1306 3028 Sive
1331 2973 1511 3038 altius,
1541 2983 1602 3028 ut
1643 2974 1851 3046 legatur
1883 2996 1896 3030 :
1939 2976 2069 3042 Quae

479 3066 660 3122 scribo
685 3067 836 3122 vobis
859 3082 1043 3122 coram
1075 3067 1185 3122 Deo
1225 3075 1372 3132 sunt,
1411 3067 1465 3122 id
1496 3075 1598 3133 est,
1628 3066 1722 3122 Dei
1753 3067 1913 3137 digna
1941 3084 2069 3123 con-

2163 1905 2332 1949 strum
2354 1894 2443 1965 qui
2469 1895 2524 1947 in
2551 1893 2692 1948 caelis
2719 1902 2814 1948 est.
2850 1893 3044 1966 (Hier.)
3068 1893 3340 1958 Ecclesim,
3373 1909 3492 1966 quae
3515 1906 3676 1951 erant
3699 1897 3758 1950 in

2164 1981 2366 2048 Judaea,
2390 1981 2614 2037 Paulum
2647 1991 2855 2038 tantum
2885 1998 3101 2038 rumore
3124 1993 3507 2054 cognoverant,
3537 1999 3604 2040 ex
3626 1988 3758 2055 qui-

2165 2075 2266 2130 bus
2289 2074 2558 2145 pleneque
2584 2089 2707 2129 eum
2730 2075 2902 2145 magis
2919 2082 3320 2146 persecutorem
3344 2090 3504 2145 quam
3517 2076 3761 2146 Aposto-

2166 2168 2276 2222 lum
2307 2168 2552 2222 viderant
2577 2181 2592 2220 :
2618 2165 2774 2238 Syria
2799 2181 2930 2222 vero
2955 2174 3010 2221 et
3028 2175 3210 2236 partes
3231 2165 3450 2232 Ciliciae,
3478 2167 3680 2224 Arabia
3703 2176 3765 2223 et

2166 2255 2480 2322 Damascus,
2509 2271 2576 2310 ex
2601 2256 2752 2310 vultu
2794 2271 3004 2326 quoque
3031 2271 3155 2311 eum
3206 2255 3434 2310 forsitan
3460 2265 3756 2322 noverant,

2166 2347 2290 2417 quia
2311 2345 2499 2401 doctor
2513 2346 2752 2416 gentium
2790 2345 3141 2416 Evangelium
3166 2343 3366 2400 Christi
3393 2361 3502 2401 non
3527 2344 3758 2413 Iudaeis,

2166 2436 2262 2492 sed
2297 2437 2550 2507 gentibus
2575 2435 2922 2507 praedicabat.
2979 2435 3173 2490 Totum
3211 2443 3392 2491 autem
3430 2437 3572 2507 quod
3619 2440 3758 2509 agit,

2167 2526 2298 2582 illud
2355 2529 2457 2592 est,
2512 2534 2572 2581 ut
2617 2527 2808 2581 doceat
2855 2540 2915 2581 se
2968 2539 3240 2595 nunquam
3289 2526 3358 2581 de
3406 2534 3762 2596 persecutore

2167 2615 2307 2686 apud
2337 2630 2431 2671 eos
2457 2615 2602 2685 ipsos
2623 2631 2759 2685 quos
2777 2615 2927 2685 prius
2945 2623 3261 2685 persecutus
3291 2614 3484 2680 fuerat,
3510 2617 3762 2686 potuisse

2171 2709 2408 2764 existere
2441 2708 2752 2780 gloriosum,
2783 2706 2885 2762 nisi
2928 2706 3238 2776 praedicatio
3262 2704 3379 2775 ejus
3403 2721 3591 2762 eorum
3613 2721 3759 2776 quo-

2167 2814 2292 2870 que,
2342 2798 2434 2868 qui
2489 2805 2612 2852 ante
2657 2811 2780 2852 eum
2833 2795 2973 2850 male
3020 2804 3298 2858 noverant,
3352 2803 3501 2850 esset
3546 2793 3762 2864 judicio

2167 2892 2538 2960 comprobata.
2583 2889 2650 2944 Et
2696 2889 2763 2943 ad
2806 2888 3139 2959 propositum
3165 2887 3374 2942 occulte
3419 2887 3600 2952 rediit,
3640 2896 3763 2940 tam

2166 2985 2329 3040 breve
2361 2992 2570 3051 tempus
2619 2998 2676 3037 se
2726 2983 2778 3035 in
2825 2979 3011 3036 Iudaea
3056 2979 3248 3036 fecisse
3290 2979 3642 3045 conﬁrmans,
3693 2990 3763 3034 ut

2166 3074 2331 3128 etiam
2357 3073 2503 3126 vultu
2541 3073 2883 3127 credentibus
2921 3079 3067 3127 esset
3115 3071 3349 3140 ignotus.
3399 3070 3477 3125 Ex
3516 3086 3624 3142 quo
3660 3086 3760 3124 os-

479 3168 686 3228 spectu.
720 3158 898 3226 Quare
925 3167 1106 3212 autem
1130 3159 1224 3213 Dei
1249 3159 1410 3228 digna
1449 3161 1775 3228 conspectu?
1797 3160 1932 3227 Quia
1961 3161 2070 3215 sci-
2098 3153 2142 3216 C
2174 3164 2345 3218 tendit
2382 3178 2488 3217 non
2519 3161 2764 3228 Petrum,
2797 3177 2902 3216 non
2931 3161 3213 3227 Jacobum,
3257 3177 3364 3216 non
3409 3159 3668 3216 Joannem
3694 3175 3763 3215 se

481 3250 611 3305 licet
633 3265 740 3304 non
770 3251 1024 3305 mentior.
1048 3250 1116 3304 Et
1151 3251 1442 3320 quomodo,
1481 3249 1636 3305 Oculi
1679 3251 1888 3306 Domini
1915 3270 2071 3323 super

472 3340 650 3410 justas
697 3338 869 3409 (Psal.
919 3339 1132 3408 xxxui),
1169 3340 1364 3393 avertit
1407 3348 1588 3394 autem
1621 3339 1811 3396 faciem
1858 3357 2008 3396 suam
2038 3357 2069 3396 a

479 3439 777 3499 conspectu
829 3429 1119 3500 impiorum
1162 3448 1174 3484 :
1231 3429 1308 3484 lta
1363 3446 1506 3486 nunc
1551 3446 1615 3485 ea
1663 3446 1782 3501 qum
1827 3433 2071 3486 scribun-

483 3530 572 3576 tur
607 3535 788 3576 coram
834 3520 1064 3576 Domino
1115 3529 1274 3586 sunt,
1332 3536 1419 3575 me
1478 3535 1584 3575 non
1639 3521 1933 3576 mentiente
1977 3523 2068 3592 qui

480 3611 693 3677 scribo;
727 3626 848 3680 qua:
876 3626 983 3665 non
1023 3617 1206 3666 essent
1245 3626 1428 3666 coram
1460 3611 1687 3667 Domino
1709 3612 1753 3666 si
1790 3612 2066 3668 mentirer.

481 3702 599 3758 Hoc
625 3711 718 3756 aut
743 3717 850 3756 non
882 3701 1055 3756 solum
1079 3702 1146 3756 de
1174 3701 1258 3756 his
1282 3716 1402 3772 quae
1431 3718 1576 3758 nunc
1601 3702 1791 3757 scribit
1820 3702 1886 3757 ad
1910 3701 2069 3757 Gala-

483 3800 568 3847 tas
593 3799 772 3862 potest
791 3790 992 3860 accipi;
1026 3791 1122 3846 sed
1146 3799 1200 3846 et
1224 3791 1550 3862 generaliter
1571 3792 1638 3847 de
1667 3791 1918 3847 omnibus
1945 3791 2070 3862 Epi-

481 3885 655 3952 stolis,
677 3885 802 3954 quia
848 3900 954 3939 non
997 3891 1123 3938 sunt
1165 3883 1299 3938 falsa
1325 3899 1444 3953 qua:
1488 3884 1712 3949 scribat,
1739 3891 1794 3938 et
1833 3899 1926 3938 cor
1954 3885 2071 3954 ejus

481 3977 756 4045 verbaque
776 3991 882 4030 non
911 3975 1236 4046 discrepent.
1267 3975 1447 4046 (Aug.)
1477 3973 1579 4041 Qui
1614 3974 1746 4029 dicit
1771 3991 1783 4027 :
1813 3973 1945 4028 Ecce
1985 3990 2070 4028 co-

482 4083 599 4122 ram
634 4067 740 4121 Dea
784 4083 887 4121 non
935 4067 1198 4120 mentiar:
1234 4065 1382 4135 jurat
1407 4065 1612 4135 utique.
1660 4065 1728 4119 Et
1770 4064 1900 4135 quid
1944 4079 2069 4120 sau-

483 4168 604 4214 ctus
647 4159 748 4214 hac
781 4157 1091 4226 juratione?
1119 4155 1225 4211 Sed
1255 4171 1361 4210 non
1393 4163 1476 4210 est
1513 4161 1700 4208 contra
1741 4163 2068 4224 przeceptum

477 4250 680 4321 iuratio
707 4263 826 4319 quae
855 4265 887 4301 a
914 4247 1054 4300 mala
1088 4257 1183 4312 est,
1213 4262 1318 4302 non
1344 4245 1602 4316 jurantis,
1635 4245 1731 4300 scd
1783 4245 2069 4300 increduli-

489 4340 615 4394 tatis
659 4337 776 4406 ejus
802 4337 888 4391 cui
926 4335 1112 4405 jurare
1142 4336 1388 4406 cogitur;
1421 4350 1546 4390 nam
1579 4335 1706 4390 hinc
1755 4335 2069 4406 intelligitur

487 4431 560 4486 ita
593 4428 876 4483 Dominum
898 4425 1242 4496 prohibuisse
1281 4439 1311 4478 a
1335 4423 1593 4493 jurando,
1631 4432 1692 4478 ut
1725 4434 1984 4494 quantum
2013 4427 2068 4480 in

2170 3252 2425 3308 habuisse
2465 3253 2730 3317 doctores,
2763 3253 2857 3306 sed
2887 3251 3182 3315 Christum,
3213 3253 3303 3320 qui
3357 3250 3460 3306 sibi
3512 3251 3765 3320 Evange-

2171 3341 2299 3397 lium
2333 3343 2643 3398 revelasset.
2675 3342 2847 3398 Simul
2888 3353 3066 3398 autem
3104 3343 3399 3398 notandum
3423 3343 3564 3412 quod
3589 3357 3762 3412 supra

2170 3436 2379 3490 dicatur
2393 3434 2689 3490 Ecclesiam
2702 3449 3057 3506 expugnasse,
3074 3435 3162 3488 hic
3178 3434 3334 3488 fidem
3353 3476 3366 3488 .
3392 3435 3464 3488 ibi
3489 3435 3757 3496 homines.

2169 3528 2256 3582 hic
2278 3543 2422 3593 rem;
2447 3535 2506 3580 ut
2531 3541 2676 3581 nunc
2696 3526 3048 3596 opportunius
3068 3523 3387 3578 inferretur:
3411 3521 3761 3594 Erangelizat

2167 3617 2325 3687 ﬁdem
2382 3634 2540 3688 quam
2607 3615 2892 3687 aliquando
2961 3614 3310 3685 expugnabat.
3379 3614 3456 3669 De
3514 3614 3761 3668 Ecclesia

2168 3707 2312 3762 enim
2335 3708 2583 3763 similiter
2603 3723 2796 3763 sonare
2815 3722 2922 3762 non
2944 3715 3215 3778 poterant.
3237 3705 3434 3777 (Δηώ.)
3454 3705 3586 3760 Cum
3603 3705 3766 3760 Chri-

2169 3797 2237 3851 sti
2264 3797 2350 3850 lex
2377 3797 2523 3852 aliud
2550 3798 2882 3868 impenderet
2903 3811 3064 3866 quam
3087 3795 3432 3860 ludaismus;
3464 3794 3574 3850 illic
3609 3795 3760 3849 enim

2168 3887 2510 3943 circumcisio
2533 3886 2715 3942 carnis
2736 3894 2840 3953 est,
2865 3886 2952 3941 hic
2971 3885 3152 3940 cordis
3178 3903 3190 3938 :
3222 3883 3330 3940 illic
3353 3884 3454 3939 sub
3475 3882 3761 3938 elementis

2169 3978 2409 4034 servitur
2435 3976 2734 4032 neomeniis
2766 3983 2821 4030 et
2867 3975 3112 4040 sabbato,
3140 3974 3232 4029 hic
3257 3972 3357 4029 soli
3382 3973 3493 4028 Deo
3523 3973 3580 4028 in
3627 3971 3758 4042 Spi-

2169 4069 2296 4134 ritu,
2327 4067 2455 4138 quia
2484 4067 2648 4122 corde
2675 4066 2916 4122 creditur
2948 4081 2964 4132 ;
3020 4064 3130 4120 illic
3169 4063 3408 4119 conditio
3457 4070 3540 4118 est
3588 4077 3759 4117 causa

2167 4158 2397 4231 peccati,
2419 4157 2510 4212 hic
2529 4157 2749 4212 libertas
2769 4171 2835 4211 ex
2860 4155 3182 4212 remissione
3199 4162 3568 4226 peccatorum.
3591 4150 3760 4206 Multa

2169 4251 2353 4320 itaque
2377 4247 2636 4304 distantia
2658 4256 2763 4302 est.

2786 4375 3012 4433 CAPUT
3063 4375 3128 4430 ll.

486 4522 604 4591 ipso
628 4528 711 4576 est
754 4486 982 4589 quisque
1016 4531 1120 4572 non
1161 4517 1328 4588 juret.
1369 4515 1522 4583 Quod
1556 4515 1708 4571 multi
1757 4515 1979 4580 faciunt,
2011 4518 2064 4572 in
2095 4511 2144 4571 ι)
2171 4492 3755 4591 0‘Eﬂ‘ﬂfpffﬂ‘i’j‘iﬁ‘jff'g‘ffffﬁ‘gn3:03,:fiff_"fﬁﬁfff‘

485 4628 582 4668 ore
597 4612 862 4666 habentes
877 4609 1202 4680 iurationem
1227 4617 1482 4677 tanquam
1507 4622 1756 4677 magnum
1791 4615 1884 4661 aut
1905 4622 2068 4663 suave

487 4704 710 4775 aliquid.
751 4702 885 4758 Nam
933 4706 1118 4774 utique
1159 4707 1384 4757 noverat
1413 4700 1700 4770 Apostolus
1743 4709 2068 4771 praeceptum

486 4794 721 4860 Domini,
749 4793 1031 4862 etjuravit
1077 4801 1274 4847 tamen.
1315 4791 1430 4847 Non
1462 4793 1607 4846 enim
1653 4792 1904 4846 audiendi
1943 4800 2072 4845 sunt

486 4889 578 4958 qui
603 4888 702 4941 has
718 4887 1018 4958 jurationes
1038 4900 1158 4940 esse
1181 4901 1285 4940 non
1315 4893 1532 4956 putant:
1551 4884 1678 4954 quid
1697 4884 1842 4940 enim
1873 4883 2070 4938 facient

487 4979 553 5033 de
583 4978 668 5031 illa
699 4996 712 5030 :
746 4975 990 5041 Quotidie
1015 4978 1312 5046 moriorper
1339 4984 1558 5030 vestram
1582 4974 1823 5044 gloriam,
1856 4974 2067 5042 fratres,

484 5084 643 5139 quam
690 5067 852 5120 habeo
878 5066 934 5119 in
980 5063 1185 5119 Christo
1219 5064 1350 5119 Jesu
1399 5064 1619 5119 Domiuo
1651 5076 1824 5118 nostra
1864 5063 1915 5135 (l
1943 5061 2066 5118 Car.

488 5161 603 5230 xv),
640 5174 800 5230 quam
840 5157 1026 5213 Grtcca
1058 5157 1383 5226 exemplaria
1417 5157 1906 5212 manifestissimam
1926 5157 2069 5228 jura-

488 5252 690 5306 tionem
719 5265 839 5304 esse
864 5249 1225 5304 convincunt?
1253 5247 1522 5314 Quantum
1557 5263 1686 5318 ergo
1729 5248 1781 5300 in
1819 5247 1934 5318 ipso
1959 5257 2063 5312 est,

487 5354 595 5394 non
636 5339 785 5409 jurat
822 5337 1132 5407 Apostolus,
1175 5352 1280 5391 non
1329 5337 1471 5391 enim
1511 5339 1713 5407 appetit
1735 5337 2064 5407 jurationem

489 5432 780 5502 cupiditate
807 5439 901 5485 aut
938 5430 1225 5485 dilectione
1247 5428 1486 5498 jurandi,
1518 5429 1742 5500 amplius
1779 5442 1852 5484 est
1896 5430 2062 5496 enim,

487 5539 672 5588 quam,
698 5521 792 5576 Est
823 5530 933 5575 est:
954 5520 1097 5587 Non,
1119 5537 1246 5586 non,
1271 5528 1324 5575 et
1349 5522 1468 5576 ideo
1493 5538 1525 5574 a
1555 5521 1693 5574 mala
1723 5530 1830 5583 est;
1863 5519 1956 5575 sed
1987 5521 2067 5574 in-

489 5615 760 5670 firmitatis
789 5623 878 5668 aut
905 5613 1295 5668 Incredulitatis
1312 5627 1499 5668 eorum
1526 5612 1616 5682 qui
1645 5628 1750 5667 non
1776 5611 1934 5666 aliter
1959 5626 2068 5666 mo-

489 5718 682 5765 ventur
715 5707 778 5763 ad
811 5707 986 5764 fidem.
1017 5707 1212 5763 Deinde
1237 5707 1350 5764 veni
1372 5708 1426 5762 in
1452 5717 1624 5776 partes
1665 5705 1832 5777 Syriis
1867 5717 1913 5761 et
1940 5705 2066 5760 Cili-

2243 4565 2378 4618 riam
2400 4561 2870 4634 ea:‘_approbatione
2889 4572 2936 4615 et
2960 4561 3267 4634 auctoritate
3288 4561 3512 4634 aliorum
3541 4573 3756 4634 aposto-

2243 4635 2434 4688 lorum.
2459 4626 2544 4686 Et'
2565 4626 2748 4688 restitit
2777 4631 3012 4702 apostolo
3042 4629 3222 4702 Petra,
3245 4631 3334 4701 qui
3358 4626 3634 4702 uidebatur
3655 4631 3759 4702 cir—

2243 4704 2610 4758 cumcisionem
2637 4700 2936 4772 aliqua-liter
2962 4700 3203 4772 palliare,
3221 4700 3534 4754 cancludens
3563 4700 3759 4772 legalia

2247 4790 2353 4828 non
2371 4789 2480 4828 8886
2507 4789 2784 4828 servanda.

2244 4885 2442 4939 Dehinc
2486 4895 2600 4955 post
2651 4901 2821 4939 annos
2845 4883 3240 4955 quatuordecim
3287 4899 3496 4937 rursum
3542 4882 3758 4936 escendi

2175 4977 2593 5048 Hierosolymam
2636 4994 2754 5031 cum
2794 4977 3060 5039 Barnaba,
3111 4985 3374 5046 assumpto
3401 4985 3449 5028 et
3491 4973 3628 5028 Tito.
3658 4974 3759 5027 Ase

2172 5067 2322 5121 ceudi
2344 5078 2518 5120 autem
2559 5066 2845 5120 secundum
2893 5065 3282 5129 reuelationem,
3333 5074 3381 5118 et
3419 5063 3616 5118 contuli
3637 5081 3758 5116 cum

2171 5160 2244 5213 eis
2291 5158 2653 5229 Evangelium,
2701 5159 2839 5218 quod
2887 5158 3115 5227 pratdic'o
3140 5158 3194 5211 in
3245 5157 3501 5227 gentibus.
3553 5154 3755 5226 (Cass)

2172 5249 2304 5315 Quis
2337 5264 2465 5318 ergo
2494 5256 2598 5302 tam
2628 5257 2986 5317 prmsumptor
3012 5255 3068 5303 et
3114 5262 3290 5302 caecus
3324 5247 3415 5312 sit,
3457 5245 3549 5316 qui
3576 5259 3636 5301 se
3665 5261 3758 5299 au-

2171 5341 2294 5395 deat
2351 5353 2449 5394 suo
2488 5339 2693 5409 judicio
2738 5339 3160 5410 discretionique
3202 5339 3576 5402 committere,
3628 5351 3752 5390 CIIII!

2170 5447 2267 5486 vas
2294 5430 2573 5487 electionis
2605 5431 2899 5502 indiguisse
2945 5447 3005 5486 se
3056 5431 3486 5499 coapostolorum
3529 5445 3753 5486 suorum

2169 5519 2456 5577 collatione
2501 5522 2768 5576 testatur?
2819 5521 2970 5578 Unde
3019 5519 3458 5576 manifestissime
3500 5535 3750 5589 compro-

2169 5613 2350 5680 batur,
2379 5613 2510 5668 nulli
2537 5630 2567 5668 a
2595 5613 2820 5669 Domino
2844 5613 2986 5667 viam
3017 5611 3370 5683 perfectionis
3395 5614 3628 5679 ostendi,
3659 5612 3753 5682 qui

2169 5705 2374 5762 habens
2411 5706 2550 5761 unde
2599 5705 2771 5760 valeat
2819 5705 3040 5771 erudiri,
3097 5705 3400 5761 doctrinam
3449 5706 3751 5769 seniorum,
