4022 6338
246 349 363 407 265

715 346 1266 407 ENARRATIONUM
1302 348 1374 406 IN
1408 349 1563 408 EPI’.
1596 348 1807 407 PAULI
1842 349 1971 406 LIB.
2012 349 2152 409 XIV.
2190 380 2263 395 —
2296 350 2366 409 IN
2400 350 2619 409 EPIST.
2657 350 2753 408 AD
2787 350 3040 410 GALA'I‘.

3421 351 3528 409 260
3552 376 3561 384 κ

246 462 339 517 vel
385 458 633 517 instituta
686 461 1091 531 contempserit,
1132 461 1527 532 parvipendens
1566 460 1697 516 illud
1725 460 1836 517 elo-
1858 468 1912 528 Α
1936 462 2066 533 quid
2090 462 2206 519 veri
2249 471 2447 531 tacere,
2485 463 2618 520 utile
2636 472 2740 521 est.
2769 463 3163 523 Perfectionem
3195 467 3364 539 ipsius
3384 483 3523 543 opus

259 555 474 625 quium,
503 552 648 624 quod
670 560 885 624 oportet
904 553 1315 624 diligentissime
1342 552 1602 609 custodiri
1628 551 1851 608 {litter-

252 660 389 715 roga
410 652 616 715 patrem
642 652 817 711 tuum,
837 652 888 699 et
925 643 1258 699 annuntiabit
1285 643 1419 698 tibi:
1441 643 1670 699 seniores
1708 650 1847 705 tuos,

248 734 516 791 et.dicent
540 734 634 790 tibi
659 734 838 807 (Deut.
860 735 1061 807 χχχιι).

330 832 582 890 Seommt
621 841 796 889 autem
834 833 916 887 Itis
955 833 1048 904 qui
1078 833 1386 888 videbantur
1411 831 1612 904 aliquid
1636 847 1766 898 esse,
1788 847 1853 887 ne

250 925 395 995 forte
423 927 479 980 in
523 940 748 980 uacuum
775 938 1059 991 currerent,
1102 933 1194 979 aut
1236 926 1604 980 cucurrissent.
1652 922 1852 995 (Ηὶιν.)

251 1017 521 1073 Ascendit
544 1016 709 1088 igitur
730 1024 853 1087 post
894 1016 1304 1086 quatuordecim
1346 1031 1519 1072 annos
1545 1015 1853 1085 Hierosoly-

252 1122 427 1173 mam,
443 1116 501 1163 et
523 1107 615 1177 qui
640 1107 796 1177 prius
815 1107 882 1162 ad
895 1104 1182 1162 videndum
1199 1114 1406 1161 tantum
1426 1114 1741 1176 perrexerat
1756 1105 1855 1159 Pe-

256 1210 429 1265 trum,
457 1206 513 1253 et
532 1198 724 1255 diebus
743 1194 1050 1269 quindecim
1078 1204 1351 1252 manserat
1376 1196 1517 1267 apud
1543 1208 1691 1261 eum,
1711 1208 1857 1250 nunc

252 1304 319 1346 se
346 1290 482 1346 dicit
516 1288 637 1345 ideo
663 1286 990 1359 perrexisse,
1025 1295 1087 1341 ut
1134 1285 1408 1342 conferret
1434 1301 1557 1341 cum
1584 1283 1856 1354 Apostolis

250 1379 630 1452 Evangelium,
667 1387 943 1449 assumpto
981 1377 1230 1434 Barnaba
1267 1379 1609 1443 circumciso,
1641 1384 1697 1432 et
1733 1376 1857 1433 Tito

252 1488 327 1528 ex
353 1471 604 1545 gentibus
644 1470 876 1527 habente
900 1470 1243 1541 praeputium,
1281 1478 1340 1525 ut
1370 1469 1472 1525 sub
1492 1483 1587 1524 ore
1625 1467 1856 1523 duorum

250 1573 313 1620 et
332 1564 503 1619 trium
518 1563 735 1620 testium
757 1570 927 1619 staret
944 1551 1110 1618 omne
1130 1562 1375 1617 verbum.
1400 1559 1560 1616 Aliud
1575 1567 1659 1616 est
1676 1568 1855 1615 autem

252 1654 531 1720 conferre,
566 1652 714 1708 aliud
739 1652 970 1709 discere.
1018 1651 1165 1709 Inter
1207 1650 1549 1709 conferentes
1576 1650 1857 1720 aequalitas

251 1752 365 1811 est,
392 1744 536 1800 inter
563 1742 847 1801 docentem
873 1750 931 1799 et
954 1741 1272 1807 discentem,
1299 1743 1480 1797 minor
1509 1750 1594 1799 est
1631 1740 1721 1796 ille
1760 1739 1853 1811 qui

1945 561 2067 609 erat
2092 561 2154 608 ut
2172 554 2374 612 scirent
2395 555 2577 613 caeteri
2601 555 2852 626 apostoli.
2878 555 2998 611 Non
3028 557 3174 614 enim
3205 564 3533 630 sequebatur

1948 651 2008 697 ut
2050 643 2096 699 si
2138 644 2316 701 ﬁdelis
2373 654 2564 711 esset,
2614 660 2910 716 veramque
2947 656 3003 703 et
3059 655 3269 704 rectam
3318 658 3533 711 teneret

1948 730 2140 799 ﬁdem,
2164 733 2281 805 jam
2322 724 2495 791 etiam‘
2522 735 2799 807 apostolus
2825 750 2949 792 esse
2982 736 3224 794 deberet.
3267 738 3402 796 Illud
3435 756 3534 799 au-

1950 827 2062 875 tem
2089 822 2231 891 quod
2270 822 2568 895 subiungit,
2608 824 2695 879 Ne
2725 825 2863 895 forte
2900 827 2956 881 in
2980 842 3204 882 vacuum
3246 844 3532 900 currerent,

1952 919 2043 964 aut
2085 913 2425 979 cucurissem,
2472 929 2579 970 non
2609 914 2678 969 ad
2723 914 2843 970 illos
2885 931 3010 972 cum
3047 917 3244 988 quibus
3285 930 3534 977 seorsum

1952 1001 2179 1056 contulit
2224 1003 2597 1075 Evangelium,
2642 1004 2739 1060 sed
2783 1005 2850 1061 ad
2892 1005 3041 1071 istos,
3080 1008 3278 1078 quibus
3319 1011 3532 1078 scribit,

1953 1092 2106 1161 quasi
2129 1106 2227 1162 per
2252 1093 2733 1165 interrogationem
2759 1095 2960 1151 dictum
2983 1097 3393 1169 intelligendum
3422 1109 3529 1167 est,

1953 1189 2015 1235 ut
2036 1196 2102 1236 ex
2134 1195 2200 1236 eo
2225 1192 2515 1252 appareret
2541 1199 2647 1239 non
2673 1200 2795 1239 eum
2828 1186 2881 1241 in
2908 1201 3135 1242 vacuum
3163 1204 3406 1257 currere,
3439 1198 3535 1248 aut

1955 1272 2302 1348 cucurrisse:
2334 1272 2463 1342 quia
2483 1269 2597 1340 jam
2619 1275 2784 1329 etiam
2815 1276 3162 1334 attestatione
3190 1287 3532 1348 creterorum,

1954 1344 2088 1416 nihil
2130 1362 2197 1417 ab
2253 1362 2526 1433 Evangelii
2576 1365 2804 1420 veritate
2849 1366 3139 1424 dissentire
3178 1344 3530 1440 approbatur.

1956 1449 2188 1523 (Ambr.)
2241 1451 2378 1511 Nam
2430 1453 2683 1522 quoniam
2739 1454 2909 1511 multo
2950 1463 3192 1527 tempore
3231 1458 3376 1515 fama
3416 1459 3535 1530 ejus

1956 1540 2335 1597 crebrescebat
2371 1543 2512 1612 apud
2544 1557 2732 1599 omnes
2769 1544 3003 1612 Iudaeos,
3044 1546 3181 1604 facie
3213 1558 3394 1606 autem
3424 1566 3535 1609 non

1954 1631 2271 1700 videbatur;
2314 1635 2724 1704 perambulabat
2758 1639 2905 1693 enim
2933 1638 3161 1698 fundare
3190 1651 3248 1699 et
3271 1646 3532 1703 roborare

1956 1722 2216 1779 ecclesias
2262 1724 2419 1780 solita
2468 1727 2772 1783 constantia
2815 1728 2958 1784 inter
3004 1738 3223 1803 gentes,
3267 1747 3299 1789 a
3335 1732 3536 1794 Iudaeis

252 1802 442 1888 (iacit.
468 1832 527 1888 In
554 1833 822 1904 principio
849 1833 995 1897 ﬁdei,
1026 1834 1083 1889 in
1112 1802 1342 1890 transitu
1361 1833 1647 1905 Apostolos
1668 1802 1849 1888 videt:
1880 1802 1928 1861 Β
1955 1823 2135 1870 amem
2165 1831 2329 1872 causa
2364 1816 2524 1888 ιθεὶεν
2555 1817 2699 1873 mala
2727 1818 2801 1873 Ῐηί
2829 1820 2993 1877 ﬁebat
3013 1822 3212 1893 Opinio»
3242 1826 3398 1896 quasi
3418 1826 3534 1883 ἀίε-

252 1931 387 1995 post
414 1937 604 1990 annos,
626 1931 689 1979 ut
716 1908 851 1994 ipse‘
874 1924 973 1992 ait,
1004 1924 1190 1981 decem
1215 1932 1271 1980 et
1292 1932 1498 1994 septem
1526 1922 1683 1994 plene
1728 1937 1852 1977 cum

252 2013 340 2070 eis
366 2013 638 2083 loquitur;
671 2022 729 2069 et
767 2027 825 2069 se
864 2014 1131 2081 humiliat,
1163 2024 1219 2069 et
1249 2028 1317 2069 ne
1347 2013 1488 2070 forte
1539 2013 1591 2068 in
1620 2028 1851 2069 vacuum

254 2114 355 2159 aut
383 2111 629 2160 curreret
669 2111 764 2158 aut
791 2105 1158 2170 cucurrisset,
1200 2104 1457 2174 inquirit;
1489 2102 1753 2173 duplicem
1779 2101 1850 2158 ob

252 2209 505 2261 causam,
535 2208 644 2265 quo
696 2202 753 2250 et
800 2194 1078 2249 humilitas
1129 2194 1507 2249 ostenderetur
1543 2192 1718 2257 Pauli,
1756 2192 1849 2263 qui

252 2286 452 2343 doctor
498 2287 552 2342 in
600 2293 716 2342 toto
757 2286 891 2343 orbe
928 2284 1042 2355 jam
1088 2286 1455 2361 Gentium_ad
1493 2298 1852 2357 praecessores

254 2375 536 2447 apostolos
574 2375 928 2443 cucurrisset,
959 2384 1016 2432 et
1043 2375 1246 2433 Galate
1284 2376 1588 2442 discerent,
1625 2391 1733 2430 non
1764 2391 1849 2431 re-

254 2467 523 2538 probasse
542 2465 891 2538 Evangelium
918 2465 1057 2535 ejus.
1083 2482 1178 2525 eos
1205 2482 1418 2537 quoque
1454 2467 1548 2538 qui
1580 2466 1633 2522 in
1657 2466 1847 2523 Iudaea

252 2556 521 2614 Ecclesiis
545 2558 927 2627 praesidebant.
982 2557 1152 2614 Simul
1179 2568 1359 2614 autem
1409 2568 1466 2614 et
1503 2558 1633 2615 illud
1667 2560 1845 2624 docet,

253 2645 405 2715 quod
433 2661 533 2716 pro
576 2644 777 2702 Christi
820 2646 926 2701 fide
969 2654 1025 2702 et
1049 2645 1326 2718 Evangelii
1357 2647 1625 2712 libertate,
1663 2648 1731 2702 ad
1753 2661 1849 2703 eos

256 2736 410 2808 ipsos
446 2737 538 2808 qui
566 2736 634 2793 de
671 2752 738 2794 eo
784 2736 938 2808 plura
964 2746 1351 2808 cognoverant,
1380 2738 1524 2808 quod
1552 2736 1726 2808 legem
1770 2737 1850 2793 in-

254 2826 546 2900 fringeret,
599 2827 817 2901 Moysen
868 2829 1198 2895 destrueret,
1244 2827 1712 2884 circumcisionem
1754 2841 1851 2898 pe.

258 2921 413 2976 nitus
438 2919 694 2985 auferret,
726 2936 888 2977 ausus
917 2921 990 2976 sit
1018 2921 1219 2976 ducere
1255 2919 1433 2974 Titum
1462 2919 1735 2976 hominem
1766 2919 1850 2974 in-

1953 1911 2204 1967 cordaret
2229 1927 2261 1967 a
2299 1911 2681 1983 praedicatione
2706 1922 3025 1972 casterorum
3054 1918 3440 1987 apostolorum,
3478 1928 3535 1978 et

1950 2002 2080 2060 hinc
2105 2003 2266 2059 fiebat
2294 2005 2478 2061 multis
2526 2007 2812 2077 scrupulus
2833 2048 2849 2074 ,
2891 2007 2966 2064 ita
2994 2018 3056 2064 ut
3082 2018 3269 2081 gentes
3311 2020 3533 2083 possent

1949 2095 2277 2163 perturbari,
2316 2110 2385 2150 ne
2432 2095 2489 2150 in
2535 2096 2680 2152 aliud
2727 2098 3113 2154 inducerentur
3143 2099 3213 2155 ab
3239 2115 3324 2168 eo,
3367 2116 3529 2172 quam

1949 2185 2236 2241 tradebant
2262 2187 2520 2257 apostoli,
2559 2188 2649 2259 qui
2689 2204 2813 2244 cum
2856 2191 3083 2247 Domino
3126 2190 3359 2248 fuerant.
3394 2192 3537 2252 Nam

1948 2276 2054 2332 hac
2096 2275 2213 2346 ipsa
2249 2278 2535 2335 occasione
2579 2280 2824 2336 subversi
2863 2290 2991 2336 sunt
3017 2281 3220 2339 Galatae
3258 2298 3289 2339 a
3333 2281 3535 2342 Judzeis

1949 2350 2275 2431 dicentibus,
2310 2367 2437 2438 quia
2491 2368 2640 2424 aliud
2688 2370 2938 2427 tradebat
2978 2371 3180 2430 Paulus
3230 2387 3395 2444 quam
3432 2372 3536 2431 Pe-

1949 2466 2084 2513 trus.
2110 2457 2245 2514 Hinc
2274 2457 2476 2515 factum
2508 2468 2611 2527 est,
2648 2468 2709 2516 ut
2732 2462 3036 2520 admonitus
3065 2465 3396 2521 revelatione
3422 2464 3532 2522 Do-

1948 2548 2101 2612 mini,
2133 2535 2451 2606 ascenderet
2478 2549 2910 2624 Hierosolymam
2940 2569 3064 2610 cum
3087 2554 3318 2612 testibus
3335 2554 3534 2627 praedi-

1948 2640 2181 2696 cationis
2209 2656 2338 2703 suae,
2371 2641 2427 2696 id
2465 2651 2569 2710 est,
2599 2642 2851 2699 Barnaba
2898 2653 2956 2700 et
3003 2644 3146 2713 Tito,
3192 2663 3303 2703 uno
3334 2662 3402 2704 ex
3442 2646 3536 2704 Ju-

1949 2734 2089 2799 daco,
2129 2742 2185 2788 et
2227 2734 2400 2790 altero
2444 2750 2513 2790 ex
2539 2738 2744 2807 gentili,
2769 2746 2831 2792 ut
2855 2736 2902 2793 si
2927 2739 3021 2808 qui
3064 2740 3133 2795 de
3161 2754 3228 2795 eo
3269 2739 3537 2797 haberent

1950 2822 2284 2887 scandalum,
2313 2824 2506 2879 horum
2533 2826 2844 2883 testimonio
2874 2828 3176 2895 tolleretur,
3212 2831 3535 2903 adaperiens

1950 2911 2058 2967 illis
2089 2926 2305 2968 sensum
2345 2912 2745 2983 praedicationis
2775 2930 2914 2981 suae;
2957 2932 3082 2973 cum
3108 2920 3364 2989 apostolis
3401 2934 3534 2977 vero

259 3010 739 3077 circumcisum,et
755 3011 897 3065 inter
911 3007 1430 3065 tantamludmorum
1446 3009 1847 3065 multitudinem
1951 3012 2163 3060 secreto
2204 3004 2470 3073 contulit,
2502 3015 2563 3062 ut
2593 3007 2801 3063 scirent
2842 3023 2953 3064 non
2983 3008 3133 3065 illum
3159 3011 3470 3067 discordare
3499 3027 3534 3067 a

259 3106 320 3155 et
340 3100 591 3156 inimicos
617 3115 769 3165 suos,
789 3100 881 3170 qui
906 3100 1057 3169 quasi
1082 3100 1152 3165 ob
1175 3099 1348 3155 zelum
1370 3099 1508 3171 legis
1530 3099 1845 3170 sanguinem
1874 3139 1921 3171 τ,
1952 3094 2139 3167 regula
2175 3095 2483 3167 evangelica
2516 3112 2530 3150 :
2576 3097 2681 3153 hoc
2705 3106 2791 3153 est
2816 3111 2885 3154 ne
2909 3105 3164 3168 putarent
3188 3099 3335 3155 illum
3357 3101 3413 3156 in
3435 3116 3532 3157 va-

261 3189 387 3259 ejus
413 3190 630 3248 haurire
656 3191 976 3261 cupiebant;
1026 3205 1128 3246 nec
1168 3191 1283 3261 ipse
1338 3205 1440 3246 nec
1487 3190 1640 3247 Titus
1666 3191 1849 3260 aliquo
1877 3187 1921 3205 “
1954 3199 2115 3240 cuum
2141 3199 2363 3242 currere
2388 3192 2483 3241 aut
2513 3187 2843 3254 cucurrisse,
2885 3188 3028 3244 sicut
3062 3190 3406 3247 aestimabant
3429 3190 3535 3247 ali-

262 3280 379 3336 sint
416 3289 625 3335 terrore
664 3279 905 3351 superati
949 3280 1262 3335 necessitati
1284 3280 1502 3347 cedere,
1532 3295 1651 3350 quae
1678 3282 1853 3351 potuit

261 3371 472 3427 habere
516 3371 754 3436 veniam,
800 3368 886 3425 vel
934 3385 1035 3441 pro
1076 3370 1214 3436 loco,
1246 3370 1330 3425 vel
1376 3385 1476 3440 pro
1526 3370 1850 3425 auctoritate

261 3459 556 3530 majorum,
584 3459 669 3515 vel
701 3474 800 3531 pro
826 3475 1051 3515 numero
1098 3458 1482 3525 Ecclesiarum,
1525 3475 1645 3530 qua:
1666 3474 1733 3515 ex
1756 3458 1848 3515 Ju-

261 3550 399 3607 dazis
427 3550 483 3605 in
508 3549 728 3606 Christo
756 3550 1071 3615 credebant,
1094 3549 1179 3604 vel
1208 3565 1309 3621 pro
1338 3558 1601 3621 tempore,
1642 3565 1712 3605 ne
1737 3558 1853 3606 tan-

262 3652 379 3698 tam
418 3641 577 3698 simul
607 3641 864 3697 invidiam
912 3642 1265 3697 sustinerent.
1308 3640 1536 3710 Quidam
1565 3648 1688 3712 post
1716 3657 1869 3712 qua-,

264 3733 571 3790 tuordecim
626 3749 799 3790 annos
864 3748 989 3788 eum
1053 3732 1482 3805 Hierosolymam
1539 3734 1848 3790 ascendisse

262 3834 399 3881 tunc
426 3825 632 3891 dicunt,
662 3824 877 3895 quando
903 3823 959 3878 in
978 3822 1201 3880 Actibus
1226 3824 1591 3894 apostolorum
1612 3825 1679 3879 de
1704 3839 1849 3894 quae-

262 3915 535 3973 ationibus
558 3915 905 3972 observandae
926 3913 1013 3968 vel
1032 3914 1501 3983 praetermittendte
1528 3913 1680 3985 legis,
1704 3915 1848 3969 inter

262 4006 554 4062 credentes
599 4005 898 4061 Antiochiae
940 4013 1062 4059 orta
1110 4004 1376 4059 dissensio
1415 4012 1522 4069 est,
1565 4012 1621 4058 et
1644 4003 1846 4075 placuit

262 4097 332 4153 iri
352 4095 775 4168 Hierosolymam
797 4102 851 4149 et
872 4094 1196 4150 sententiam
1223 4093 1486 4162 majorum
1508 4093 1839 4164 praestolari:

262 4185 486 4257 quando
510 4186 623 4257 ipse
662 4199 877 4255 quoque
905 4183 1104 4240 Paulus
1124 4193 1181 4239 et
1210 4184 1484 4239 Barnabas
1512 4182 1663 4239 missi
1692 4195 1838 4240 sunt.

263 4276 333 4331 Et
352 4276 459 4331 hoc
483 4289 603 4330 esse
622 4274 766 4344 quod
788 4274 842 4328 in
867 4273 1145 4330 codicibus
1168 4273 1347 4327 latinis
1378 4272 1617 4344 legatur:
1639 4272 1842 4340 Quibus

262 4366 334 4420 ad
374 4366 559 4419 horam
606 4365 852 4419 cessimus
897 4362 1227 4428 subiectioni,
1271 4371 1326 4416 ut
1354 4363 1542 4416 veritas
1570 4361 1844 4433 Evangelii

261 4462 612 4527 perseveraret
636 4454 776 4525 apud
821 4471 928 4508 vos.
957 4453 1110 4522 Quod
1138 4452 1346 4508 scilicet
1380 4451 1578 4508 Paulus
1622 4462 1682 4507 et
1705 4453 1838 4508 Bar-

264 4544 439 4599 nabas
482 4543 549 4599 de
579 4558 639 4598 re
667 4541 951 4598 manifesta
999 4542 1154 4613 quasi
1197 4541 1357 4596 dubia
1401 4556 1461 4596 se
1512 4541 1652 4596 mitti
1696 4545 1843 4613 passi

262 4632 378 4688 sint
422 4630 848 4702 Hierosolymam
879 4671 895 4698 ,
949 4638 1012 4686 ut
1064 4628 1325 4699 majorum
1375 4644 1587 4700 quoque
1636 4630 1844 4701 judicio

265 4714 539 4793 Evangelii
599 4723 771 4793 gratia
825 4723 1140 4777 confirmata
1199 4720 1541 4777 credentibus
1585 4723 1844 4791 probare—

265 4821 404 4879 tur,
453 4823 511 4868 et
552 4812 683 4867 nulli
736 4812 999 4868 resideret
1049 4812 1189 4866 ultra
1251 4811 1512 4867 dubitatio
1562 4811 1845 4867 circumci-

263 4901 438 4958 sionis
507 4901 720 4956 omissae
761 4940 776 4966 ,
851 4915 973 4955 cum
1033 4900 1391 4971 apostolorum
1444 4908 1590 4956 esset
1648 4900 1843 4959 litteris

264 4992 613 5063 imperatum,
652 4988 839 5059 jugum
866 4988 998 5060 legis
1037 4990 1105 5045 ab
1139 4989 1223 5045 his
1246 4990 1336 5060 qui
1376 4990 1428 5045 in
1471 4990 1745 5045 Christum
1773 5007 1841 5047 ex

264 5081 519 5154 gentibus
544 5080 884 5136 crediderant
902 5079 1273 5135 auferendum.
1305 5079 1486 5152 (Λείᾳ.)
1520 5081 1669 5148 Quod
1692 5096 1843 5136 seor-

264 5188 388 5228 sum
411 5170 659 5241 exposuit
678 5170 1023 5241 Evangelium
1045 5170 1123 5225 eis
1140 5172 1230 5241 qui
1252 5172 1560 5227 eminebant
1578 5172 1632 5227 in
1658 5172 1843 5228 Eccle-

266 5265 384 5330 sia,
412 5279 535 5319 cum
555 5262 666 5334 jam
688 5261 819 5318 illud
842 5263 1185 5334 exposuisset
1220 5279 1402 5319 coram
1432 5264 1702 5329 omnibus,
1732 5279 1839 5319 non

264 5352 390 5407 ideo
411 5349 614 5405 factum
643 5356 746 5415 est,
784 5351 927 5420 quod
957 5349 1136 5421 aliqua
1170 5350 1301 5406 falsa
1335 5352 1566 5419 dixerat,
1603 5360 1662 5406 ut
1690 5368 1839 5408 seor-

264 5454 389 5494 sum
416 5437 760 5510 paucioribus
786 5452 918 5493 vera
943 5438 1150 5494 diceret
1174 5456 1189 5493 :
1222 5439 1318 5495 sed
1357 5440 1534 5510 aliqua
1566 5449 1839 5509 tacuerat,

266 5543 389 5597 quae
417 5526 596 5583 adhuc
617 5527 824 5598 parvuli
847 5536 1067 5599 portare
1087 5545 1193 5585 non
1214 5538 1489 5601 poterant,
1509 5531 1757 5601 qualibus
1782 5547 1841 5591 se

267 5618 335 5674 ad
358 5616 667 5675 Corinthios
690 5618 773 5675 lac
799 5618 932 5675 dicit
955 5619 1167 5678 dedisse
1187 5637 1292 5678 non
1308 5636 1485 5677 eseam
1508 5621 1559 5693 (Ι
1575 5622 1696 5678 Cor.
1720 5624 1838 5696 ιιι);

268 5704 468 5765 falsum
494 5707 642 5764 enim
668 5707 847 5764 dicere
874 5709 1007 5763 nihil
1042 5709 1196 5775 licet,
1230 5710 1517 5783 aliquando
1543 5720 1720 5769 autem
1746 5714 1843 5769 ali-

673 5800 947 5875 ΡΑτιιοι.
990 5800 1186 5864 CXII.

1868 4497 1922 4558 D

1952 3276 2044 3345 qui
2080 3290 2149 3331 ex
2175 3274 2374 3333 Iudaeis
2407 3276 2774 3334 credentibus.
2808 3279 2920 3335 Nec
2942 3281 3086 3336 enim
3124 3281 3325 3352 aliquid
3350 3282 3419 3338 ab
3451 3283 3533 3340 eis

1951 3367 2166 3423 discere
2207 3375 2443 3439 poterat,
2487 3369 2613 3440 quia
2657 3384 2687 3425 a
2731 3369 2843 3427 Deo
2871 3370 3049 3428 fuerat
3077 3372 3394 3429 instructus.
3424 3372 3535 3432 Sed

1950 3467 2173 3528 propter
2196 3460 2543 3515 concordiam
2581 3469 2640 3516 et
2672 3476 2884 3532 pacem,
2924 3463 3019 3518 Dei
3048 3471 3183 3521 nutu
3204 3463 3406 3520 factum
3448 3472 3534 3522 est

1949 3554 2011 3602 ut
2055 3546 2333 3603 tolleretur
2385 3548 2668 3621 scrupulus
2712 3559 2805 3605 aut
2846 3550 3084 3622 su5picio
3128 3549 3389 3609 fratribus
3437 3559 3535 3610 aut

1948 3637 2272 3708 coapostolis
2298 3637 2434 3708 ejus,
2457 3649 2514 3695 et
2540 3649 2599 3695 ut
2621 3641 2869 3712 gentibus
2888 3640 3175 3711 proliceret
3199 3658 3531 3716 cognoscen-

1948 3728 2095 3783 tibus
2140 3729 2267 3798 quia
2296 3729 2659 3786 concordabat
2705 3729 3053 3800 Evangelium
3083 3731 3201 3802 ejus
3237 3748 3359 3789 cum
3394 3748 3531 3804 apo-

1946 3817 2121 3873 stolis.
2150 3816 2424 3873 Prazterea
2459 3834 2584 3874 cum
2610 3817 2783 3889 legem
2814 3819 3088 3875 dedissent
3112 3836 3222 3877 non
3249 3821 3529 3881 molestari

1946 3922 2038 3963 eos
2071 3909 2163 3980 qui
2190 3924 2255 3964 ex
2284 3909 2535 3980 gentibus
2553 3909 2845 3966 credebant
2873 3927 2886 3963 :
2921 3910 3016 3966 sed
3040 3918 3097 3967 ut
3123 3912 3194 3967 ab
3213 3912 3299 3968 bis
3320 3921 3529 3971 tantum

1944 3998 2318 4065 observarent,
2361 3997 2415 4053 id
2452 4006 2555 4062 est,
2603 4012 2633 4052 a
2682 3998 2943 4070 sanguine
2980 4006 3036 4054 et
3073 3999 3426 4059 fornicatione
3470 4014 3529 4061 et

1943 4087 2267 4143 idololatria.
2304 4086 2459 4142 Nunc
2482 4088 2665 4142 dicant
2691 4088 2946 4158 sophistae
2970 4088 3279 4146 Graecorum
3305 4093 3397 4163 qui
3423 4093 3530 4150 sibi

1943 4177 2195 4248 peritiam
2223 4177 2510 4233 vendicant
2527 4217 2544 4243 ,
2577 4177 2900 4232 naturaliter
2923 4179 3219 4236 subtilitate
3240 4180 3439 4255 ingenii
3466 4198 3527 4240 se

1941 4268 2144 4341 vigere,
2167 4285 2286 4340 quae
2332 4270 2528 4326 tradita
2555 4279 2682 4326 sunt
2719 4271 2968 4344 gentibus
3000 4274 3373 4331 observanda?
3405 4292 3529 4347 quas

1942 4360 2286 4433 ignorabant,
2318 4377 2389 4417 an
2410 4377 2531 4433 quae
2559 4362 2840 4419 sciebant?
2869 4360 2976 4419 Sed
2996 4366 3266 4435 quomodo
3292 4366 3408 4423 fieri
3432 4383 3530 4439 po-

1946 4460 2075 4518 test,
2096 4460 2157 4507 ut
2175 4450 2370 4522 aliquis
2397 4466 2460 4507 ea
2489 4452 2660 4509 discat
2686 4468 2809 4524 qua:
2834 4452 3021 4509 novit?
3040 4453 3181 4526 Ergo
3201 4454 3317 4511 hzec
3337 4456 3527 4514 illicita

1945 4554 2087 4606 esse,
2116 4549 2336 4597 ostensa
2372 4551 2499 4597 sunt
2527 4542 2776 4614 gentibus
2799 4558 2919 4613 qua
2949 4544 3213 4615 putabant
3244 4544 3427 4613 licere,
3460 4562 3526 4605 ac

1944 4644 2043 4699 per
2061 4631 2165 4686 hoc
2190 4646 2298 4685 non
2318 4631 2503 4703 utique
2525 4633 2595 4688 ab
2618 4633 2908 4689 homicidio
2935 4633 3192 4702 prohibiti
3220 4644 3365 4703 sunt,
3391 4652 3517 4697 cum

1937 4716 2196 4787 jubentur
2221 4734 2253 4774 a
2293 4720 2552 4793 sanguine
2589 4723 2910 4788 observare‘;
2947 4722 3043 4778 sed
3070 4722 3173 4777 hoc
3197 4734 3528 4794 acceperunt

1943 4809 2085 4879 quod
2100 4807 2209 4864 Noe
2222 4825 2253 4863 a
2272 4810 2379 4865 Deo
2392 4811 2669 4875 didicerat,
2686 4821 2745 4867 ut
2758 4811 3107 4867 observarent
3126 4827 3185 4868 se
3203 4828 3235 4868 a
3252 4814 3521 4886 sanguine

1943 4900 2152 4955 edendo
2187 4916 2310 4956 cum
2350 4916 2531 4957 carne.
2574 4899 2708 4956 Nam
2736 4891 3007 4971 quomodo
3040 4902 3158 4959 fieri
3196 4912 3429 4975 poterat,
3458 4911 3521 4960 ut

1943 4988 2201 5044 Romanis
2229 4990 2435 5060 legibus
2460 4990 2670 5056 imbuti,
2701 5006 2930 5061 quorum
2961 4999 3110 5047 tanta
3133 4995 3429 5051 auctoritas
3462 4995 3520 5051 in
3566 5038 3577 5046 .

1943 5079 2220 5134 servandis
2249 5079 2515 5134 mandatis
2558 5088 2660 5145 est,
2705 5080 2978 5136 nescirent
3024 5081 3372 5138 homicidium
3407 5100 3519 5141 non

1943 5183 2064 5223 esse
2106 5167 2441 5234 faciendum;
2484 5167 2682 5238 quippe
2704 5185 2827 5225 cum
2850 5170 3121 5227 adulteros
3139 5178 3196 5227 et
3222 5172 3522 5230 homicidas

1943 5266 2000 5313 et
2037 5258 2200 5314 falsos
2231 5266 2397 5315 testes
2441 5267 2497 5315 et
2540 5259 2687 5317 fures
2722 5268 2777 5317 et
2804 5261 3078 5319 maleficos
3115 5270 3171 5318 et
3197 5273 3520 5322 ceterorum

1944 5351 2210 5408 malorum
2236 5351 2564 5408 admissores
2584 5353 2808 5424 puniant
2821 5354 2969 5426 leges
2982 5355 3263 5410 Romanae?
3282 5357 3523 5429 Denique

1946 5442 2050 5496 tria
2084 5442 2201 5497 haec
2228 5442 2478 5497 mandata
2508 5443 2576 5497 ab
2603 5444 2858 5515 apostolis
2882 5453 2940 5500 et
2962 5445 3265 5501 senioribus
3285 5447 3409 5502 data
3437 5462 3524 5505 re-

1945 5533 2226 5604 periuntur
2267 5547 2388 5601 quae
2430 5533 2682 5605 ignorant
2720 5535 2866 5605 leges
2903 5535 3181 5602 Romanae,
3233 5535 3286 5591 id
3326 5545 3428 5601 est,
3462 5545 3522 5592 ut

1949 5623 2258 5678 abstineant
2277 5638 2335 5679 se
2355 5623 2424 5678 ab
2449 5623 2771 5692 idololatria,
2795 5641 2825 5680 a
2848 5625 3126 5697 sanguine,
3153 5626 3294 5680 sicut
3312 5625 3441 5690 Noe,
3468 5633 3523 5681 et

1949 5727 1979 5768 a
2002 5711 2359 5771 fornicatione
2386 5731 2400 5771 :
2428 5730 2549 5785 quae
2573 5716 2826 5786 sophista“:
2853 5714 3162 5789 Graecorum
3180 5728 3290 5769 non
3316 5714 3522 5770 intelli-
