4022 6338
500 303 604 360 267

1129 304 1190 359 Β.
1229 300 1483 358 RABANI
1521 299 1740 358 MAURI
1775 297 2093 355 ARCHIEP.
2131 295 2437 355 MUGUNT.
2474 300 2757 387 QPERUM
2794 301 2975 360 PARS
3010 303 3097 361 ill.

3629 308 3740 365 268

500 428 711 491 gentes,
762 416 999 474 scientes
1036 425 1233 472 ctamen
1281 432 1312 471 a
1358 415 1620 487 sanguine
1669 412 2063 476 abstinendum,
2095 413 2145 473 Α
2169 412 2349 478 enim,
2396 413 2448 479 si
2476 376 2665 467 .ﬁlium
2709 411 2905 469 Iudaeae
2944 413 3377 473 incircumcisum
3416 376 3736 487 susciperet,

499 508 864 565 adulterarunt
889 506 1243 577 Scripturam,
1264 513 1515 576 quartum
1534 501 1844 559 mandatum
1869 499 2068 555 adden-

501 608 583 656 tes
601 606 700 654 eta
719 595 981 653 suﬁ‘ocato
1000 594 1419 661 observandum,
1441 593 1605 665 quod,
1627 601 1781 663 puto,
1809 605 1953 646 nunc
1972 590 2069 644 Dei

498 697 634 744 nutu
678 685 999 743 intellecturi
1032 695 1194 750 sunt,
1230 684 1355 754 quia
1397 683 1510 753 jam
1545 682 1909 754 supradictum
1952 690 2072 735 erat

498 775 643 846 quod
662 774 999 830 addiderunt.
1015 772 1122 829 Sed
1143 788 1303 843 neque
1319 770 1464 825 Titus
1483 772 1571 842 qui
1584 786 1783 825 mecum
1803 778 1938 835 erat,
1951 785 2068 823 cum

498 877 627 924 esset
655 883 720 922 ex
753 866 1009 937 gentibus,
1046 863 1339 934 compulsus
1362 879 1471 917 non
1503 872 1576 917 est
1603 860 1927 916 circumcidi.
1956 859 2070 915 Hoc

499 966 610 1023 est,
640 957 730 1012 illo
754 963 995 1025 tempore
1018 954 1135 1024 ipso
1174 969 1281 1025 quo
1310 951 1407 1019 fui,
1434 950 1630 1022 inquit,
1661 949 2065 1020 Hierosolymis,

499 1036 653 1100 Titus
676 1043 768 1114 qui
794 1058 1003 1098 mecum
1027 1050 1145 1098 erat
1168 1041 1475 1111 compulsus
1495 1055 1602 1095 non
1629 1048 1714 1095 est
1732 1036 2066 1102 circumcidi,

498 1150 622 1191 cum
652 1134 837 1204 utique
866 1134 1006 1189 inter
1027 1134 1298 1203 apostolos
1326 1141 1381 1187 et
1406 1146 1500 1187 eos
1518 1131 1611 1201 qui
1632 1146 1699 1187 ex
1723 1124 1925 1186 Judmis
1942 1144 2069 1185 cre-

498 1229 747 1285 diderant
766 1241 1022 1290 essemus,
1053 1243 1210 1284 nemo
1236 1227 1406 1292 illum,
1428 1226 1483 1281 id
1508 1234 1616 1292 est,
1638 1224 1817 1279 Titum
1845 1238 2067 1294 compu-

498 1323 560 1378 lit
588 1320 923 1377 circumcidi.
953 1320 1020 1375 Et
1044 1319 1480 1391 subintelligitur,
1512 1319 1641 1389 quid
1659 1329 1743 1375 est
1765 1326 1825 1373 ut
1846 1333 1940 1374 vos
1952 1317 2071 1373 cir-

500 1412 900 1479 cumcidamini,
918 1427 1041 1467 cum
1058 1410 1210 1467 Titus
1232 1412 1300 1467 ab
1328 1411 1603 1482 apostolis,
1633 1410 1727 1481 qui
1750 1409 2070 1465 videbantur

500 1503 703 1574 aliquid
731 1517 872 1568 esse,
898 1517 1005 1557 non
1029 1511 1115 1557 est
1139 1500 1448 1570 compulsus
1467 1500 1802 1565 circumcidi,
1826 1499 1920 1554 sed
1945 1508 2085 1554 susb‘

498 1603 689 1665 ceptus
742 1601 827 1649 est
882 1591 1335 1649 incircumcisus?
1385 1588 1607 1660 Propter
1651 1587 2069 1644 subintroductos

500 1694 672 1740 autem
708 1682 870 1753 falsos
901 1683 1109 1752 fratres,
1136 1680 1225 1751 qui
1257 1679 1678 1733 subintraverunt
1710 1676 1981 1747 explorare
2004 1676 2068 1730 li-

2169 514 2424 576 parantes
2452 506 2802 568 seditionem,
2834 505 2961 575 quia
2987 505 3035 561 si
3061 506 3129 562 de
3160 504 3364 564 Graecis
3396 509 3743 566 contradice-

2168 594 2262 649 bat
2298 610 2406 650 non
2443 608 2561 650 esse
2603 593 3082 659 circumcidendos,
3124 595 3265 651 sicut
3301 602 3357 650 et
3392 593 3630 666 Epistola
3666 597 3744 654 ab

2168 682 2424 752 apostolis
2447 682 2516 738 de
2547 683 2651 739 hac
2676 696 2736 737 re
2761 680 2939 738 fuerat
2967 681 3091 738 data
3115 723 3132 749 ,
3162 684 3250 741 vel
3280 683 3420 743 ﬁlios
3436 684 3604 741 lsrael
3626 686 3739 741 cir—

2169 771 2400 826 cumcidi
2442 786 2548 827 non
2596 779 2822 838 vetaret,
2861 771 2987 842 quia
3031 772 3166 827 nihil
3199 775 3266 830 de
3301 774 3386 830 his
3413 774 3467 830 in
3496 758 3741 846 Epistolas

2167 861 2355 916 eadem
2392 854 2826 932 signiﬁcaverant
2854 862 3107 933 apostoli,
3145 879 3211 919 ex
3236 865 3388 935 cujus
3408 866 3741 923 auctoritate

2167 949 2287 1020 plus
2324 949 2674 1006 iusasviebant
2712 952 2994 1008 credentes
3032 953 3199 1010 Judazi
3224 994 3239 1021 ,
3267 955 3393 1025 quia
3419 971 3524 1011 non
3552 955 3743 1025 prohi-

2166 1043 2328 1099 bebat
2356 1040 2568 1100 Iudaeos
2595 1042 2732 1102 ﬁlios
2756 1062 2882 1102 suos
2918 1046 3304 1103 circumcidere
3336 1047 3453 1119 ipsa
3475 1046 3741 1117 Epistola,

2171 1133 2332 1202 Tunc,
2364 1135 2567 1205 inquit,
2595 1138 2853 1208 accipiens
2893 1124 3215 1192 circumcidit
3252 1155 3371 1193 eum
3392 1148 3603 1208 propter
3630 1137 3739 1193 Ju—

2166 1224 2306 1279 daeos
2331 1225 2420 1295 qui
2458 1235 2605 1280 erant
2636 1226 2691 1279 in
2732 1225 2859 1281 locis
2902 1224 3006 1281 illis
3056 1240 3075 1277 :
3117 1227 3183 1282 de
3226 1227 3517 1298 gentilibus
3554 1235 3745 1283 autem

2167 1314 2477 1370 scandalum
2509 1328 2616 1371 non
2652 1317 2957 1382 habebant,
2990 1317 3134 1373 unde
3164 1318 3318 1374 Titus
3344 1326 3450 1374 non
3474 1327 3559 1375 est
3583 1334 3745 1374 com-

2167 1404 2351 1475 pulsus
2375 1400 2703 1460 circumcidi.
2745 1396 2825 1460 λϐ
2854 1407 3043 1462 horam
3073 1420 3200 1478 ergo
3229 1408 3410 1474 cessit,
3441 1416 3501 1463 ut
3541 1408 3749 1464 veritas

2168 1494 2438 1569 Evangelii
2456 1507 2783 1567 'permaneat
2808 1500 2946 1569 apud
2977 1508 3183 1571 gentes,
3211 1516 3333 1556 cum
3359 1517 3417 1558 se
3443 1518 3551 1558 non
3572 1500 3745 1573 subji-

2166 1582 2771 1670 ciunt.circumcisioni.
2823 1587 2975 1658 Apud
3017 1587 3229 1644 Iudaeos
3259 1597 3437 1645 autem
3477 1606 3585 1646 non
3621 1600 3751 1647 erat

2166 1671 2370 1728 veritas
2394 1673 2698 1746 Evangelii,
2727 1676 2854 1745 quia
2888 1676 3168 1744 credentes
3194 1674 3657 1733 circumcidebant
3683 1677 3749 1733 ﬁ-

499 1776 749 1831 bertatem
783 1783 1011 1829 nostram
1043 1787 1199 1843 quam
1229 1770 1476 1824 habemus
1502 1769 1557 1823 in
1592 1767 1797 1822 Christo
1822 1767 1969 1822 Iesu.
1999 1764 2066 1821 Ut
2094 1755 2144 1815 Β
2169 1760 2272 1821 lios
2326 1780 2492 1821 suos:
2525 1765 2591 1821 In
2621 1765 2825 1822 Christo
2860 1767 3008 1822 enim‘
3036 1758 3165 1822 Iesu
3217 1784 3379 1839 neque
3427 1770 3749 1840 prcrputium

499 1879 595 1919 nos
644 1864 701 1918 in
747 1863 1043 1918 servitutem
1097 1860 1429 1940 subjicerent,
1486 1858 1554 1912 ad
1599 1856 1783 1912 horam
1826 1859 2072 1912 cessimus

499 1952 835 2023 subjectioni,
866 1960 923 2005 ut
950 1951 1142 2004 veritas
1181 1946 1448 2017 Evangelii
1470 1956 1767 2016 permaneat
1796 1946 1934 2016 apud
1959 1962 2070 2001 vos.

501 2045 704 2113 Titum,
731 2044 857 2114 quia
883 2041 1103 2098 Graecus
1128 2036 1636 2103 eratsicutGalatae,
1660 2037 2072 2109 negatcircum—

394 2125 410 2141 ⁶
498 2136 671 2191 cisum
706 2153 719 2189 :
747 2147 853 2204 quo
880 2132 1025 2187 dicto
1054 2131 1153 2185 hos
1186 2130 1384 2200 arguit,
1417 2128 1508 2198 qui
1548 2136 1862 2197 paterentur
1887 2143 1948 2183 se
1973 2129 2076 2184 cir-

500 2222 731 2280 cumcidi
754 2236 877 2278 cum
901 2227 1082 2275 essent
1101 2216 1294 2273 Graeci.
1325 2215 1429 2271 Sed
1453 2231 1522 2272 ne
1553 2216 1690 2272 forte
1711 2225 2077 2287 opponeretur

501 2315 573 2381 ei,
595 2313 721 2385 quia
744 2312 857 2384 ipse
885 2308 1302 2367 circumciderat
1322 2307 1685 2373 Timotheum,
1717 2322 1860 2363 nunc
1881 2322 2076 2364 causas

500 2405 721 2477 exponit
739 2418 836 2459 cur
856 2401 1064 2467 fecerit,
1093 2400 1234 2470 quod
1250 2397 1549 2453 faciendum
1578 2399 1827 2468 negabat,
1849 2398 2033 2452 dicens
2058 2414 2071 2451 :

504 2500 725 2572 Propter
756 2497 1177 2573 subintroductos
1205 2504 1380 2549 autem
1406 2490 1568 2562 falsos
1595 2490 1809 2562 fratres,
1830 2491 1920 2561 qui
1948 2489 2074 2545 sub-

501 2593 827 2646 intraverunt
846 2588 1116 2661 explorare
1137 2587 1423 2642 libertatem
1453 2594 1704 2649 nostram,
1737 2599 1893 2655 quam
1922 2582 2079 2661 habe-

501 2698 619 2737 mus
639 2683 693 2737 in
719 2658 925 2737 Christo
950 2679 1103 2745 Jesu,
1136 2689 1195 2733 ut
1221 2694 1313 2733 nos
1343 2679 1397 2732 in
1421 2677 1717 2732 servitutem
1742 2658 2074 2746 subiicerent,

503 2771 573 2825 ad
599 2771 784 2827 horam
822 2771 1070 2826 cessimus
1106 2769 1438 2839 subjectioni,
1476 2776 1532 2821 ut
1574 2768 1766 2822 veritas
1807 2765 2078 2837 Evangelii

500 2872 801 2933 permaneat
832 2861 971 2932 apud
1005 2875 1113 2914 vos.
1146 2854 1319 2916 Grtcci
1363 2874 1393 2913 e
1418 2867 1610 2913 contra
1646 2856 1852 2923 dicunt,
1883 2872 1974 2911 nec
2009 2855 2089 2909 ad‘

501 2950 685 3004 horam
715 2949 982 3004 cessimus.
1008 2947 1075 3002 Et
1101 2948 1202 3002 hoc
1226 2947 1376 3001 aiunt
1401 2943 1688 3000 convenire
1725 2958 1924 3007 causas,
1955 2941 2079 3012 quia

504 3039 597 3110 qui
627 3038 740 3094 ﬁeri
763 3037 1099 3108 prohibebat,
1136 3050 1241 3090 non
1268 3034 1571 3104 oportebat,
1594 3030 1865 3103 inquiunt,
1896 3031 2077 3086 dicere

505 3095 565 3183 se
586 3095 798 3193 fecisse,
815 3143 882 3182 ne
903 3095 1156 3196 probaret
1176 3139 1296 3180 esse
1304 3095 1642 3179 iaciendum.
1669 3095 1776 3177 iied
1792 3095 2077 3190 Apostolus
2090 3095 2149 3159 'C

503 3219 589 3272 vir
611 3217 846 3283 divinus,
875 3217 1052 3271 sciens
1078 3231 1234 3284 posse
1277 3216 1378 3269 hoc
1403 3213 1628 3283 opponi,
1661 3212 1773 3282 ipse
1807 3207 1932 3265 illud
1954 3225 2079 3280 pro-

506 3306 679 3376 ponit,
727 3309 788 3358 ut
836 3302 1125 3374 praeveniat
1165 3301 1541 3363 calumniosos,
1579 3307 1634 3354 et
1670 3298 1844 3354 reddit
1886 3308 2082 3353 causas

507 3394 702 3464 quibus
741 3391 1048 3463 compulsus
1073 3399 1156 3445 est
1196 3386 1377 3445 facere
1414 3389 1555 3459 Quod
1588 3387 1820 3444 nolebat.
1860 3385 2083 3458 Propter

507 3481 930 3539 subintroductos
958 3488 1156 3545 autem,
1192 3478 1383 3549 inquit,
1434 3474 1594 3546 falsos
1639 3477 1848 3547 fratres.
1885 3474 2084 3531 Subin-

507 3570 790 3628 troductos
826 3568 981 3636 dicit,
1020 3567 1149 3638 quia
1198 3582 1321 3622 cum
1355 3566 1477 3622 dolo
1511 3565 1872 3629 intraverunt,
1900 3570 2083 3619 osten-

510 3662 700 3719 dentes
727 3675 785 3717 se
807 3658 1004 3715 fratres
1030 3700 1045 3724 ,
1076 3674 1199 3714 cum
1228 3666 1412 3713 essent
1439 3655 1658 3710 inimici.
1686 3654 1789 3722 Qui
1814 3654 2081 3709 subintro-

510 3761 713 3820 eerunt,
736 3754 839 3809 hoc
863 3760 965 3819 est,
990 3768 1110 3808 cum
1138 3751 1439 3806 humilitate
1460 3749 1796 3803 intraverunt
1822 3746 2084 3817 ﬁngentes

510 3844 824 3911 amicitiam,
864 3844 1135 3915 explorare
1165 3842 1451 3897 libertatem
1486 3850 1717 3895 nostram
1748 3854 1907 3909 quam
1927 3838 2085 3892 habe-

508 3952 628 3991 mus
650 3935 704 3990 in
723 3928 930 3990 Christo
959 3932 1110 3997 Jesu,
1138 3943 1191 3987 ut
1227 3949 1320 3987 nos
1346 3932 1399 3987 in
1427 3933 1721 3987 servitutem
1748 3929 2078 3996 subjicerent.

508 4024 804 4097 Explorare
842 4031 926 4080 est
960 4023 1040 4079 sic
1078 4024 1283 4078 intrare
1307 4062 1322 4088 ,
1370 4030 1428 4078 ut
1453 4021 1597 4077 aliud
1643 4019 1811 4092 ﬁngat
1854 4026 1909 4075 et
1939 4017 2085 4073 aliud

506 4121 718 4187 quaerat
774 4128 881 4184 quo
943 4108 1114 4183 posSit
1186 4126 1443 4167 accusare
1502 4109 1791 4164 libertatem
1850 4116 2083 4162 nostram

506 4215 666 4273 quam
710 4202 957 4256 habemus
990 4201 1045 4254 in
1074 4197 1283 4254 Christo
1314 4200 1461 4254 Jesu.
1500 4198 1747 4254 Libertas
1784 4197 1839 4252 in
1865 4194 2085 4252 Christo

508 4297 638 4351 Jcsu
661 4336 677 4361 ,
708 4296 823 4351 haec
850 4302 964 4359 est,
992 4308 1097 4348 non
1129 4289 1317 4359 subjici
1346 4292 1467 4361 legi.
1502 4288 1569 4344 Ut
1596 4307 1687 4345 nos
1710 4291 1767 4345 in
1789 4290 2085 4344 servitutem

2174 1872 2332 1927 neque
2361 1858 2681 1912 circumcisio
2707 1858 2841 1913 valet
2862 1856 3082 1929 aliquid,
3118 1858 3207 1912 sed
3235 1852 3365 1927 ﬁdes
3385 1872 3476 1929 per
3499 1848 3748 1913 dilectio-

2172 1958 2288 1999 nem
2316 1962 2534 2015 operans
2555 1944 2699 2017 (Cal.
2722 1944 2815 2017 γι).
2844 1942 3027 2018 [Aug]
3048 1944 3303 2001 Potestet
3324 1945 3398 1999 ita
3420 1945 3522 2019 legi
3550 1960 3755 2001 secun-

2172 2037 2298 2094 dum
2324 2036 2376 2093 id
2403 2041 2543 2110 quod
2572 2039 2769 2095 habent
2790 2038 2963 2095 Graeci
2990 2036 3226 2104 codices,
3266 2038 3369 2094 hoc
3394 2045 3496 2103 est,
3543 2036 3753 2104 Quibus

2174 2147 2336 2203 neque
2376 2131 2446 2185 ad
2490 2131 2673 2186 horam
2717 2130 2962 2186 cessimus
2999 2128 3329 2199 subjectioni,
3373 2128 3502 2198 quia
3558 2127 3754 2182 Timo-

2174 2210 2356 2275 theum
2386 2228 2667 2290 propterea
2707 2212 3044 2275 circumcidit
3084 2232 3151 2271 ne
3179 2210 3378 2272 Judaeis
3418 2224 3472 2271 et
3512 2216 3759 2271 maxime

2173 2308 2476 2378 cognationi
2507 2309 2622 2379 ejus
2649 2316 2905 2365 materna:
2929 2307 3009 2363 sic
3027 2306 3339 2363 viderentur
3362 2306 3452 2375 qui
3481 2320 3547 2360 ex
3574 2306 3758 2376 genti-

2175 2404 2277 2456 bus
2304 2400 2647 2456 crediderunt
2682 2401 2737 2455 in
2771 2399 3045 2456 Christum
3089 2398 3342 2455 detestari
3378 2398 3756 2453 circumcisio-

2176 2504 2319 2554 nem,
2351 2489 2492 2544 sicut
2530 2486 2828 2543 idololatria
2853 2488 3165 2543 detestanda
3187 2495 3291 2553 est,
3317 2502 3437 2543 cum
3468 2486 3615 2541 illam
3636 2484 3758 2541 Do-

2175 2581 2354 2636 minus
2379 2579 2493 2634 ﬁeri
2528 2580 2863 2650 praeceperit,
2897 2579 3034 2634 hanc
3057 2578 3286 2634 Satanas
3301 2576 3667 2648 persuaserit;
3702 2574 3762 2631 et

2176 2668 2355 2726 Titum
2371 2677 2651 2740 propterea
2671 2683 2776 2723 non
2789 2666 3143 2731 circumcidit,
3162 2681 3228 2720 ne
3242 2665 3580 2720 occasionem
3595 2662 3762 2720 dare!

2177 2760 2256 2818 eis
2280 2759 2371 2831 qui
2393 2759 2510 2815 sine
2530 2757 2620 2813 illa
2643 2757 3053 2814 circumcisione
3075 2755 3325 2811 dicebant
3344 2762 3533 2825 gentes
3568 2754 3758 2809 salvas

2177 2866 2412 2909 essenon
2427 2848 2741 2922 posse,etad
2755 2847 3122 2918 deceptionem
3149 2845 3386 2918 gentium
3399 2844 3502 2900 hoc
3521 2842 3757 2899 Paulum

2179 2941 2381 2997 sentire
2414 2940 2702 3012 iactarent.
2737 2938 2889 3007 Quod
2918 2938 3033 3009 ipse
3065 2936 3197 2992 satis
3225 2934 3493 3006 signiﬁcat
3516 2934 3606 2989 ubi
3631 2932 3755 2989 ait‘:

2182 3031 2287 3087 Sed
2318 3048 2477 3103 neque
2511 3030 2678 3097 Titus,
2707 3032 2795 3101 qui
2822 3046 3020 3084 mecum
3042 3037 3174 3093 erat,
3201 3043 3317 3082 cum
3352 3036 3483 3081 esset
3512 3023 3760 3091 Cra-cus,

2181 3121 2475 3192 compulsus
2492 3130 2566 3176 est
2591 3120 3143 3191 circumcidifpropter
3155 3117 3573 3173 subintroductos
3589 3116 3763 3186 falsos

2181 3204 2370 3279 fratres
2395 3213 2908 3283 quisubintroierunt
2933 3209 3201 3280 explorare
3218 3208 3504 3264 libertatem
3519 3217 3759 3263 nostram

2181 3312 2236 3357 ut
2251 3318 2344 3355 nos
2367 3302 2420 3355 in
2441 3302 2735 3356 servitutem
2756 3300 3062 3371 redigerent,
3087 3298 3275 3369 quibus
3287 3314 3447 3369 neque
3469 3297 3538 3352 ad
3565 3298 3759 3351 horam

2181 3392 2426 3451 cessimus
2465 3390 2810 3461 subjectioni,
2848 3397 2903 3443 ut
2934 3388 3124 3442 veritas
3156 3386 3427 3458 Evangelii
3449 3394 3762 3456 permaneat

2179 3482 2320 3554 apud
2342 3498 2447 3537 vos.
2476 3480 2612 3536 ilinc
2635 3489 2857 3551 apparet
2881 3480 3010 3549 quid
3039 3493 3133 3534 eos
3169 3488 3385 3548 captare
3404 3474 3762 3541 intellexerit,

2181 3582 2241 3629 ut
2265 3587 2372 3628 non
2402 3571 2605 3628 faceret
2640 3571 2783 3641 quod
2811 3572 2866 3625 in
2894 3568 3177 3625 Timotheo
3202 3569 3425 3633 fecerat,
3450 3577 3505 3624 et
3522 3568 3668 3639 quod
3694 3584 3763 3624 ea

2178 3664 2432 3719 libertate
2456 3664 2635 3718 facere
2658 3669 2889 3732 poterat,
2911 3677 3072 3731 quam
3095 3660 3423 3726 ostenderet,
3455 3659 3544 3713 illa
3568 3672 3764 3714 sacra-

2180 3763 2382 3819 menta,
2420 3768 2519 3808 nec
2549 3763 2801 3824 tanquam
2841 3752 3147 3807 necessaria
3178 3751 3373 3806 debere
3415 3748 3618 3820 appeti,
3659 3760 3766 3803 nec

2182 3857 2439 3919 tanquam
2465 3847 2721 3916 sacrilega
2750 3846 2945 3901 debere
2967 3845 3230 3900 damnari.
3260 3842 3335 3896 Ab
3367 3842 3447 3896 his
3470 3851 3648 3894 autem
3669 3841 3764 3910 qui

2183 3936 2490 3992 videbantur
2508 3935 2706 4007 aliquid
2723 3951 2852 3999 esse,
2871 3934 3051 4005 quales
3072 3931 3357 4004 aliquando
3379 3930 3611 3998 fuerunt,
3628 3927 3765 3983 nihil

2183 4046 2297 4085 mea
2338 4028 2568 4082 interest.
2620 4025 2759 4080 Deus
2808 4039 3083 4096 personam
3124 4022 3346 4076 hominis
3396 4036 3499 4074 non
3543 4018 3760 4084 accipit.

2185 4118 2392 4191 (Δηὼ.)
2422 4117 2534 4173 Hoc
2561 4116 2833 4188 signiﬁcat
2868 4114 2993 4185 quia
3032 4111 3259 4184 apostoli
3294 4110 3445 4182 prius
3483 4107 3763 4177 simplices

2184 4208 2431 4263 homines
2457 4213 2632 4271 erant,
2660 4214 2716 4260 et
2743 4204 2995 4275 imperiti,
3019 4201 3215 4257 nullius
3237 4198 3514 4270 dignitatis
3540 4198 3594 4250 in
3618 4195 3765 4267 lege,

2185 4303 2280 4358 sed
2318 4303 2421 4357 hoc
2448 4316 2556 4355 non
2597 4300 2820 4363 obesse;
2862 4297 2985 4369 quis
3017 4296 3163 4352 enim
3198 4300 3412 4350 accuset
3442 4306 3566 4346 eum
3598 4305 3765 4361 quem

506 4385 841 4467 subjicerent,
887 4383 993 4439 hoc
1040 4389 1143 4446 est,
1187 4381 1253 4435 ad
1288 4380 1392 4435 hoc
1436 4379 1773 4433 intraverunt
1809 4394 1931 4434 cum
1957 4379 2079 4434 dolo

2186 4390 2330 4448 Deus
2369 4389 2626 4446 excusat?
2653 4388 2787 4456 Quia
2824 4402 2930 4443 non
2956 4385 3233 4456 queritur,
3269 4381 3391 4454 quis
3415 4378 3545 4450 quid
3574 4378 3765 4443 fuerit,

507 4484 563 4529 et
582 4442 794 4528 fallacia
816 4442 838 4535 ,⁷
859 4479 923 4527 ut
947 4442 1184 4526 nostram
1207 4468 1509 4524 libertatem
1536 4467 1592 4521 in
1613 4467 1925 4522 servitutem
1951 4465 2081 4522 sub-
2109 4442 2162 4502 D
2447 4442 2831 4535 $5,313,“,
2859 4442 3004 4532 δηίιῇ
3024 4490 3127 4531 nec
3144 4442 3503 4530 οοέιάὲιηηεήι
3518 4484 3619 4526 nec
3639 4442 3764 4536 qi".

501 4567 753 4638 jicerent,
786 4572 1040 4636 cogentes
1063 4577 1160 4617 nos
1181 4559 1368 4629 subjici
1398 4559 1502 4630 legi
1529 4556 1975 4614 circumcisionis.
2000 4558 2082 4612 Ad

508 4659 693 4710 horam
735 4656 981 4709 cessimus
1022 4649 1360 4721 subjectioni,
1396 4648 1497 4704 hoc
1519 4655 1622 4714 est,
1666 4647 1734 4702 ad
1767 4648 1955 4702 horam
1984 4660 2083 4702 nos

509 4743 837 4813 subiecimus
859 4743 1127 4806 servituti,
1150 4738 1494 4796 humiliantes
1512 4752 1610 4793 nos
1624 4736 1749 4809 legi,
1772 4745 1831 4792 ut
1853 4737 2083 4793 circum.

509 4844 625 4900 ciso
668 4840 954 4898 Timotheo
996 4846 1234 4896 cessaret
1258 4838 1413 4895 dolus
1442 4844 1498 4893 et
1535 4835 1846 4892 scandalum
1873 4833 2084 4891 Judaeo-

510 4948 652 4989 rum.
675 4932 855 4988 Parati
876 4932 1018 4988 enim
1036 4941 1213 4998 erant,
1237 4932 1377 4987 sicut
1399 4927 1814 4997 daturintelligi,
1841 4943 2081 4983 commo-

510 5039 641 5080 vere
688 5022 766 5078 illi
808 5021 1092 5077 tumultum
1139 5028 1195 5076 et
1219 5020 1558 5076 seditionem.
1593 5016 1716 5071 Fuit
1753 5019 1896 5072 enim
1922 5032 2084 5072 causa

512 5114 779 5185 quomodo
808 5113 1073 5169 haberent
1098 5112 1302 5166 aditum
1343 5102 1625 5166 calumnia:
1650 5108 1926 5169 faciendae,
1958 5109 2085 5178 quia

513 5202 828 5258 Timotheus
865 5208 985 5256 erat
1024 5208 1199 5255 matre
1237 5198 1454 5268 quidem
1479 5190 1684 5263 Judzea,
1719 5206 1875 5266 patre
1904 5206 2084 5251 autem

512 5293 723 5353 Graeco.
752 5291 905 5349 Unde
927 5291 1128 5347 factum
1155 5298 1240 5345 est
1259 5298 1318 5344 ut
1337 5290 1629 5344 secundum
1660 5288 1832 5357 legem
1859 5288 2086 5343 circum-

512 5385 661 5445 cisus
693 5382 870 5443 infans
894 5398 1002 5437 non
1029 5390 1191 5438 esset.
1236 5379 1424 5436 Yolens
1446 5386 1624 5433 autem
1647 5376 1936 5449 Apostolus
1963 5392 2088 5431 eum

514 5490 793 5533 assumere
823 5484 883 5530 ut
916 5473 1193 5530 ordinaret
1231 5470 1382 5526 illum
1419 5470 1729 5539 episcopum
1767 5468 1907 5524 sicut
1940 5466 2088 5531 fecit,

2183 4570 2366 4628 dicant
2395 4588 2410 4624 :
2445 4569 2541 4626 sed
2572 4579 2750 4624 tamen
2777 4567 2888 4621 vult
2908 4564 3152 4636 intelligi,
3178 4564 3305 4636 quia
3326 4570 3382 4618 et
3404 4560 3611 4633 peritus
3644 4567 3767 4614 erat

2184 4661 2242 4717 in
2294 4659 2431 4732 lege,
2475 4668 2531 4714 et
2582 4658 2761 4714 clarus
2800 4657 2932 4721 vita,
2984 4671 3047 4710 ac
3084 4669 3182 4724 per
3224 4655 3348 4717 hoc,
3390 4660 3448 4707 et
3482 4652 3767 4721 dispensa-

2183 4750 2333 4805 tione
2369 4746 2641 4819 Evangelii
2678 4745 2980 4817 prazcipuus
3013 4743 3274 4798 minister.
3316 4736 3449 4795 Mihi
3501 4740 3643 4794 enim
3676 4737 3767 4809 qui

2182 4840 2551 4894 existimantur
2580 4835 2780 4906 aliquid
2818 4850 2929 4888 esse
2970 4831 3102 4887 nihil
3140 4828 3491 4885 contulerunt.
3522 4826 3668 4882 Nihil
3706 4840 3766 4882 se

2190 4930 2324 4987 dicit
2361 4929 2429 4984 ab
2471 4926 2726 4998 apostolis
2769 4932 3137 4988 consecutum,
3176 4921 3269 4977 sed
3297 4936 3327 4974 a
3352 4918 3493 4986 Deo;
3525 4918 3655 4989 quia
3674 4918 3766 4988 qui

2192 5021 2456 5092 imperitis
2513 5019 2702 5073 tribuit
2767 5033 2985 5073 sensum
3035 5016 3329 5086 disciplinae
3383 5013 3706 5070 Christianas
3748 5052 3764 5077 ,

2191 5114 2306 5182 ipse
2331 5120 2386 5167 et
2420 5110 2569 5173 mihi,
2598 5109 2790 5179 inquit,
2818 5124 2939 5163 cum
2971 5122 3146 5163 essem
3172 5106 3306 5177 legis
3326 5105 3551 5175 peritus,
3580 5102 3767 5174 digna-

2194 5211 2280 5257 tus
2313 5209 2397 5256 est
2439 5199 2715 5269 impertire
2742 5213 2960 5253 sensum
2990 5197 3214 5251 rationis
3262 5194 3586 5264 huiusmodi.
3624 5192 3766 5260 Quo-

2191 5291 2351 5347 modo
2386 5304 2514 5358 ergo
2541 5287 2655 5343 ﬁeri
2683 5296 2896 5356 poterat
2919 5295 2977 5341 ut
2999 5286 3089 5341 hic
3123 5287 3191 5339 ah
3215 5286 3300 5340 his
3330 5284 3582 5345 disceret,
3606 5296 3766 5351 quem

2188 5382 2419 5453 petitum
2460 5380 2770 5443 inveniens,
2809 5379 3122 5447 peritiorem
3159 5376 3289 5432 fecit
3308 5376 3477 5448 gratia
3519 5372 3772 5430 Christi?

2193 5470 2343 5528 Sede
2369 5480 2549 5525 contra
2588 5486 2706 5523 cum
2747 5469 2996 5525 vidissent
3030 5468 3171 5537 quod
3217 5466 3474 5521 creditum
3518 5473 3595 5518 est
3642 5460 3771 5516 mihi

514 5567 639 5639 quia
664 5563 1014 5621 testimonium
1034 5563 1103 5628 ei,
1130 5561 1324 5635 inquit,
1353 5561 1542 5617 bonum
1559 5559 1895 5630 perhibebant
1917 5574 2095 5613 omnes
2194 5560 2535 5632 Evangelium
2569 5560 2831 5628 prteputii,
2866 5560 3002 5614 sicut
3034 5556 3189 5612 Petro
3210 5553 3621 5610 circumcisionis
3644 5549 3771 5620 ;qui

521 5661 622 5717 loci
642 5659 808 5727 illius,
829 5657 1051 5715 insidias
1073 5672 1261 5727 passus
1280 5666 1365 5713 est
1381 5652 1708 5711 Judatorum.
1732 5652 2099 5722 Explorabant
2197 5651 2333 5705 enim
2363 5658 2604 5719 operatus
2625 5658 2700 5704 est
2726 5646 2879 5704 Petro
2901 5646 2955 5701 in
2974 5647 3321 5718 apostolatum
3339 5641 3768 5704 circumcisionis,
