4022 6338
240 380 354 465 263

706 384 1254 448 ENARRATIONUM
1291 390 1361 447 ΙΝ
1394 391 1544 450 ΕΡΡ.
1582 392 1786 452 PAULI
1819 392 1946 449 LIB.
1988 394 2127 452 XIV.
2165 426 2238 438 —
2271 395 2339 453 IN
2376 398 2593 457 EPIST.
2632 401 2725 458 AD
2760 402 3008 460 GALA'I‘.

3387 406 3492 463 270

240 507 489 570 operatus
518 508 593 555 est
620 508 670 556 et
694 501 823 557 mihi
848 504 983 559 inter
1003 514 1178 575 gentes
1191 524 1212 575 ;
1243 515 1292 563 et
1321 524 1438 562 cum
1459 509 1815 580 cognovissent
1844 510 1897 572 Α
1918 507 2207 583 Evangelia
2232 513 2432 569 dictum
2457 522 2541 572 est
2579 533 2592 569 :
2625 516 2853 587 Accipiet
2883 519 2939 573 in
2963 520 3059 574 hoc
3083 519 3274 576 steculo
3306 524 3492 593 septies

237 589 469 660 gratiam
495 588 616 657 Dei,
645 607 762 662 quin
786 591 911 647 data
932 602 1009 647 est
1033 595 1183 661 mihi,
1205 592 1394 652 Petrus
1423 605 1473 651 et
1495 596 1747 665 Iacobus,
1772 606 1823 653 et

236 674 477 732 Joannes
506 680 596 750 qui
626 680 935 735 ridebantur
964 682 1222 739 columnce
1248 701 1386 752 esse,
1427 686 1639 740 dextras
1667 686 1824 742 dede-

238 777 364 822 runt
388 768 517 822 mihi
546 778 597 823 et
619 769 880 826 Barnaba:
900 773 1184 840 societatis,
1220 784 1276 829 ut
1302 791 1394 830 nos
1419 776 1474 829 in
1495 784 1694 846 gentes,
1721 777 1824 848 ipsi

237 866 420 912 autem
458 858 513 913 in
547 861 1011 916 circumcisionem.
1055 862 1237 935 (Aug)
1266 864 1402 932 Quia
1427 874 1481 921 et
1505 867 1597 937 qui
1630 866 1820 922 viden-

238 956 332 1004 tur
357 963 476 1005 esse
512 949 739 1021 aliquid,
760 952 1069 1008 carnalibus
1096 954 1403 1011 hominibus
1422 957 1674 1012 videntur
1699 972 1824 1014 esse

236 1039 483 1112 aliquid;
526 1056 653 1095 nam
690 1056 798 1096 non
835 1050 961 1097 sunt
991 1042 1091 1114 ipsi
1121 1038 1343 1114 aliquid,
1368 1054 1423 1100 et
1456 1045 1501 1100 si
1528 1046 1669 1101 enim
1694 1046 1822 1101 boni

238 1130 477 1185 ministri
513 1128 611 1186 Dei
651 1140 796 1199 sunt,
826 1132 1075 1188 Christus
1110 1133 1168 1187 in
1194 1133 1300 1189 illis
1335 1143 1421 1190 est
1443 1135 1642 1205 aliquid
1666 1177 1681 1203 ,
1711 1151 1821 1191 non

236 1222 343 1292 ipsi
368 1236 466 1293 per
491 1237 569 1278 se.
602 1221 737 1278 Nam
756 1224 801 1278 si
831 1224 929 1294 ipsi
950 1240 1050 1295 per
1069 1240 1127 1280 se
1146 1234 1329 1282 essent
1351 1227 1575 1296 aliquid,
1606 1241 1821 1296 semper

236 1312 473 1369 fuissent
513 1312 736 1383 aliquid,
777 1313 962 1383 quales
1009 1314 1298 1385 aliquando
1343 1315 1562 1383 fuerint,
1612 1317 1667 1371 id
1714 1326 1818 1385 est,

235 1406 369 1473 quia
411 1411 468 1457 et
506 1403 604 1473 ipsi
647 1413 960 1473 peccatores
989 1404 1226 1460 fuerunt.
1263 1406 1409 1462 Nihil
1448 1423 1544 1463 sua
1578 1409 1707 1464 dicit
1733 1410 1819 1464 in-

238 1501 466 1557 teresse,
494 1492 620 1561 quia
648 1493 789 1548 Deus
813 1494 1047 1551 hominis
1069 1509 1353 1565 personam
1380 1513 1487 1552 non
1517 1500 1734 1569 accipit,
1766 1501 1821 1557 id

235 1591 321 1638 est
347 1623 363 1648 ,
402 1583 521 1638 sine
562 1597 912 1653 personarum
939 1587 1250 1655 acceptione
1279 1603 1467 1646 omnes
1497 1590 1566 1645 ad
1593 1591 1819 1648 salutem

236 1674 475 1739 vocavit,
524 1689 632 1729 non
669 1684 927 1745 reputans
965 1676 1070 1733 illis
1106 1679 1301 1735 delicta
1343 1695 1553 1736 eorum.
1583 1682 1651 1738 Et
1698 1683 1819 1740 ideo

238 1763 557 1819 absentibus
583 1763 689 1820 illis
712 1766 803 1834 qui
828 1767 1038 1835 priores
1068 1767 1195 1823 facti
1235 1778 1360 1825 sunt
1384 1772 1635 1841 apostoli,
1681 1770 1819 1829 Pau-

1925 607 2163 666 tantum;
2205 615 2269 657 ac
2312 603 2360 657 si
2408 603 2613 659 diceret
2650 623 2663 659 :
2700 605 2865 672 Quasi
2907 607 3037 663 nihil
3081 609 3354 675 habentes,
3399 612 3491 667 sed

1923 689 2099 741 omnia
2139 691 2458 759 possidentes
2485 691 2572 762 (il
2596 692 2718 748 Cor.
2748 693 2846 766 v1).
2878 696 3030 753 Unde
3066 699 3227 753 etiam
3255 698 3494 756 Joannes

1923 774 1991 829 ad
2027 786 2235 847 septem
2280 781 2466 836 scribit
2502 782 2772 839 Ecclesias
2807 784 2989 857 (Apoc.
3037 786 3111 859 ι),
3147 804 3266 859 quae
3307 790 3493 862 utique

1922 862 2289 922 universitatis
2312 868 2565 924 Ecclesiae
2583 886 2866 941 personam
2887 884 3114 945 gerunt;
3138 877 3222 932 vel
3252 888 3401 935 certe
3424 880 3494 935 ad

1921 957 2281 1022 septenariam
2305 960 2672 1028 operationem
2707 960 2941 1032 Spiritus
2970 967 3176 1033 sancti,
3211 970 3383 1038 magis
3407 985 3493 1026 re-

1921 1042 2097 1098 fertur
2122 1050 2461 1116 septenarius
2486 1067 2742 1108 numerus
2769 1054 3142 1112 columnarum
3169 1077 3182 1112 :
3214 1062 3495 1131 sapientiai

1920 1144 1976 1189 et
1997 1137 2318 1203 intellectus,
2348 1143 2556 1197 consilii
2586 1150 2641 1198 et
2668 1144 3018 1215 fortitudinis,
3042 1150 3280 1207 scientiae
3300 1162 3355 1208 et
3373 1155 3491 1223 pie-
3530 1184 3535 1191 -

1922 1226 2073 1290 tatis,
2115 1235 2170 1282 et
2199 1229 2409 1285 timoris
2430 1232 2522 1286 Dei
2556 1231 2690 1304 (lsa.
2718 1234 3054 1308 x1),.quibus
3087 1242 3493 1311 Operationibus

1921 1315 2112 1372 domus
2153 1318 2274 1374 Filii
2314 1320 2432 1388 Dei,
2476 1323 2579 1379 hoc
2612 1334 2697 1380 est
2721 1326 2961 1384 Ecclesia
2989 1333 3314 1389 continetur.
3340 1335 3492 1402 Quod

1920 1417 2096 1459 autem
2129 1407 2203 1460 ait
2234 1423 2249 1462 :
2277 1408 2500 1465 Tantum
2530 1422 2586 1467 ut
2622 1428 2908 1484 pauperum
2949 1435 3199 1477 memores
3237 1440 3487 1491 essemus,

1917 1496 2057 1564 quod
2082 1506 2129 1550 et
2156 1499 2334 1552 studui
2358 1500 2454 1554 hoc
2474 1502 2642 1571 ipsum
2672 1504 2862 1574 facere.
2884 1504 3199 1567 'Communis
3223 1530 3352 1570 cura
3370 1526 3490 1572 erat

1919 1588 2167 1643 omnibus
2208 1591 2465 1659 apostolis
2509 1593 2577 1649 de
2636 1599 2966 1667 pauperibus
3016 1613 3346 1673 sanctorum,
3393 1610 3489 1679 qui

1918 1688 2075 1732 erant
2098 1672 2157 1733 in'
2188 1678 2368 1736 Judaea
2397 1700 2410 1735 :
2436 1683 2527 1753 qui
2548 1700 2728 1740 rerum
2757 1703 2977 1745 suarum
3001 1672 3339 1751 venditarum
3359 1672 3485 1767 pre-

1919 1766 1995 1821 tia
2013 1768 2079 1822 ad
2100 1769 2263 1838 pedes
2288 1773 2652 1842 apostolorum
2676 1790 2985 1846 posuerant.
3012 1780 3103 1838 Sic
3119 1799 3249 1856 ergo
3269 1787 3338 1841 ad
3361 1766 3491 1857 gen-

238 1852 324 1910 lus
351 1869 383 1908 a
414 1853 645 1910 Domino
669 1856 941 1925 perfectus
967 1866 1075 1925 est,
1102 1869 1161 1913 ut
1186 1861 1399 1929 quando
1427 1877 1548 1917 cum
1578 1863 1656 1918 eis
1684 1878 1818 1919 con-
1846 1866 1895 1925 B
1924 1862 2007 1911 les
2054 1859 2205 1913 miSSi
2263 1869 2390 1915 sunt
2432 1861 2630 1919 Paulus
2669 1874 2726 1921 et
2775 1866 3072 1937 Barnabas,
3121 1852 3207 1928 ut‘
3235 1852 3494 1933 Ecclesia

238 1941 385 2009 tulit,
416 1942 552 1998 nihil
575 1952 721 2000 esset
741 1946 883 2014 quod
904 1946 1224 2015 perfectioni
1251 1947 1369 2018 ejus
1399 1950 1692 2017 adderent,
1721 1952 1819 2008 sed

235 2036 421 2105 potius
446 2036 693 2093 viderent
726 2038 973 2093 eumdem
995 2039 1280 2096 Dominum
1306 2040 1487 2097 Jesnm
1519 2042 1812 2109 Christum,

235 2127 331 2196 qui
358 2127 477 2182 sine
496 2143 855 2197 personarum
874 2132 1184 2202 acceptione
1217 2133 1393 2189 salvos
1418 2132 1568 2201 facit,
1599 2137 1703 2192 hoc
1726 2138 1819 2192 de-

237 2219 385 2275 disse
414 2218 602 2284 Paulo,
653 2230 715 2277 ut
764 2224 1099 2280 minisuaret
1142 2227 1411 2296 gentibus,
1469 2229 1610 2299 quod
1651 2230 1814 2285 etiam

236 2310 403 2366 Petro
435 2311 677 2380 dederat,
726 2322 786 2368 ut
816 2316 1151 2371 ministraret
1185 2316 1404 2375 Judazis.
1433 2319 1549 2375 Non
1574 2336 1703 2393 ergo
1727 2322 1815 2377 in-

238 2404 389 2458 venti
416 2411 544 2459 sunt
564 2404 620 2459 in
650 2405 830 2476 aliquo
855 2407 1144 2464 dissentire
1173 2410 1241 2465 ab
1277 2411 1386 2477 illo,
1412 2421 1471 2467 ut
1491 2430 1615 2470 cum
1638 2414 1728 2470 ille
1758 2431 1817 2472 se

237 2490 541 2563 perfectum
586 2494 931 2565 Evangelium
976 2500 1248 2569 accepisse
1275 2503 1499 2568 diceret,
1544 2504 1619 2559 illi
1660 2520 1818 2577 nega-

240 2592 371 2638 rent
420 2594 476 2640 et
501 2585 702 2657 aliquid
732 2588 929 2643 vellent
960 2599 1216 2661 tanquam
1246 2593 1561 2663 imperfecto
1581 2596 1813 2664 addere;

238 2674 336 2728 sed
372 2688 404 2729 e
436 2677 707 2731 contrario
747 2692 843 2745 pro
870 2681 1346 2748 reprehensoribus
1371 2684 1829 2754 imperfectionis,’

238 2765 630 2835 approbatores
650 2766 997 2836 perfectionis
1025 2769 1261 2837 fuerunt,
1300 2783 1355 2830 et
1388 2775 1652 2833 dederunt
1681 2780 1815 2834 dex-

238 2864 355 2910 tras
382 2857 683 2922 societatis,
703 2858 758 2915 id
775 2870 879 2925 est,
900 2872 1292 2919 consenserunt
1314 2866 1366 2920 in
1400 2868 1732 2935 societatem,
1762 2879 1817 2927 et

238 2956 541 3016 paruerunt
559 2948 814 3005 voluntati
854 2952 1085 3017 Domini,
1118 2956 1516 3013 consentientes
1542 2967 1601 3012 ut
1621 2958 1816 3016 Paulus

239 3040 293 3089 et
313 3034 589 3090 Barnabas
617 3036 758 3093 irent
778 3039 845 3092 ad
873 3048 1061 3110 gentes
1088 3057 1101 3095 :
1127 3042 1227 3112 ipsi
1259 3054 1437 3100 autem
1463 3046 1517 3100 in
1539 3047 1816 3105 circumci-

238 3121 470 3181 sionem.
486 3127 905 3197 qmpmputio,
925 3127 979 3182 id
994 3136 1095 3190 est.
1114 3131 1362 3200 gentibus
1384 3136 1654 3191 contraria
1670 3138 1814 3193 vide-

1919 1946 2158 2017 gentium
2184 1963 2303 2018 quae
2333 1951 2435 2007 hoc
2446 1968 2553 2008 non
2574 1953 2833 2024 fecerant,
2861 1960 3233 2020 ministrarent
3249 1968 3499 2028 oratione

1919 2035 2155 2105 ipsorum
2189 2040 2269 2094 eis
2297 2041 2388 2110 qui
2417 2042 2520 2098 hoc
2558 2043 2819 2111 fecerant,
2850 2049 2989 2105 sicut
3024 2052 3091 2107 ad
3115 2053 3386 2113 Romanos
3407 2059 3493 2114 di-

1919 2127 2193 2200 cit-(Rom.
2220 2132 2310 2204 xv)
2343 2150 2355 2186 :
2392 2134 2551 2189 Nunc
2570 2148 2746 2193 autem
2785 2158 2996 2213 pergam
3024 2145 3361 2205 Hierusalem
3388 2154 3491 2207 mi-

1920 2219 2143 2274 nistrare
2166 2224 2360 2277 sanctis
2387 2240 2406 2278 :
2437 2224 2635 2295 placuit
2673 2232 2812 2284 enim
2848 2232 3172 2292 Macedonia:
3202 2248 3251 2294 et
3277 2240 3493 2300 Achaiae

1917 2311 2328 2365 communionem
2356 2312 2587 2384 aliquam
2610 2316 2783 2385 facere
2808 2321 2864 2375 in
2887 2340 3139 2394 pauperes
3162 2339 3488 2399 sanctorum,

1915 2401 2006 2468 qui
2041 2410 2162 2454 sunt
2196 2404 2252 2457 in
2290 2402 2656 2474 Hierusalem;
2694 2411 2894 2482 placuit
2931 2418 3067 2473 enim
3103 2420 3227 2489 illis,
3263 2433 3313 2479 et
3342 2426 3489 2481 debi-

1916 2498 2052 2545 tores
2079 2509 2260 2547 eorum
2289 2505 2429 2551 sunt.
2466 2497 2527 2553 Si
2547 2502 2683 2555 enim
2703 2504 3023 2574 spiritalibus
3042 2527 3222 2568 eorum
3250 2531 3486 2572 commu-
3514 2552 3517 2555 -

1917 2580 2214 2637 nicaverunt
2241 2596 2438 2656 gentes,
2471 2592 2653 2647 debent
2691 2604 2740 2650 et
2768 2598 2824 2653 in
2859 2601 3159 2659 carnalibus
3189 2608 3491 2666 ministrare

1916 2671 2010 2726 eis.
2052 2672 2110 2727 In
2136 2675 2282 2731 nulla
2325 2694 2455 2751 ergo
2496 2682 2836 2742 simulatione
2874 2688 3070 2748 Paulus
3114 2694 3296 2765 lapsus
3345 2710 3487 2768 erat,

1917 2761 2042 2859 quia
2060 2767 2410 2859 _servabatur
2451 2772 2651 2843 ubique
2697 2778 2842 2847 quod
2879 2761 3207 2856 congregare
3249 2761 3486 2859 videbat,

1917 2853 2031 2908 sive
2060 2854 2314 2914 Ecclesiis
2334 2863 2593 2931 gentium,
2625 2867 2740 2923 sive
2760 2853 3101 2941 Judaeorum,
3119 2884 3180 2931 ut
3210 2853 3489 2952 nunquam

1918 2941 2157 3000 auferret
2197 2952 2586 3009 consuetudine
2619 2970 2844 3026 regnum
2878 2960 3013 3015 Dei:
3059 2970 3269 3022 tantum
3299 2941 3488 3027 admo-

1918 3048 2076 3100 nens,
2125 3049 2196 3090 ne
2235 3039 2357 3108 quis
2401 3040 2459 3095 in
2502 3043 2784 3112 superﬂuis
2815 3061 3045 3117 poneret
3086 3068 3238 3124 spem
3278 3038 3487 3125 salutis,

1918 3125 2085 3181 etiam
2130 3127 2177 3183 si
2217 3134 2663 3190 consuetudinem
2705 3136 2759 3192 in
2788 3154 2868 3195 eis
2890 3150 3110 3212 propter
3134 3144 3490 3207 oﬂensionem

236 3227 349 3272 ιυιυ,
376 3217 511 3273 Nam
537 3220 699 3275 etiam
729 3223 809 3277 sic
835 3230 1013 3292 ροιρει
1041 3223 1264 3296 intelligi
1289 3226 1431 3296 quod
1458 3228 1555 3294 ait,
1576 3238 1812 3283 “anna-
1838 3212 1883 3275 C
1916 3216 2250 3274 inﬁrmorum
2279 3224 2554 3280 custodire
2582 3226 2743 3283 vellet
2771 3248 2784 3283 :
2815 3230 2959 3286 sicut
2976 3234 3045 3290 ad
3067 3233 3376 3296 Corinthios
3411 3242 3494 3298 di~

238 3309 341 3375 rio,
368 3318 431 3365 ut
453 3313 587 3367 ordo
621 3314 722 3369 iste
744 3314 814 3369 sit
846 3334 859 3369 :
889 3315 1014 3371 Mihi
1046 3318 1189 3372 enim
1219 3319 1309 3389 qui
1335 3320 1585 3376 videntur
1610 3321 1814 3391 aliquid

236 3414 361 3454 esse
375 3400 512 3457 nihil
533 3412 913 3473 apposuerunt,
932 3406 1025 3461 sed
1045 3421 1075 3462 e
1090 3410 1381 3474 contrario,
1401 3420 1459 3464 ut
1478 3426 1577 3467 nos
1596 3411 1813 3481 quidem

238 3489 292 3544 in
322 3498 511 3561 gentes
532 3491 753 3559 iremus,
787 3510 906 3565 qum
928 3505 1053 3552 sunt
1074 3500 1361 3553 contrarim
1389 3501 1811 3571 circumcisioni,

237 3581 343 3650 ipsi
368 3590 550 3639 autem
579 3584 635 3639 in
665 3585 1151 3654 circumci'sionem,
1183 3602 1568 3649 consenserunt
1598 3595 1728 3650 mihi
1758 3605 1812 3652 et

234 3671 527 3740 Barnabas,
544 3675 647 3730 hoc
671 3684 756 3731 est
777 3678 1029 3735 dexteras
1049 3680 1327 3738 societatis
1351 3683 1506 3739 nobis
1528 3686 1807 3743 dederunt.

232 3762 425 3834 Neque
464 3765 518 3818 in
543 3767 920 3823 contumeliam
949 3784 1336 3840 praecessorum
1367 3770 1481 3839 ejus
1513 3783 1665 3842 putet
1691 3777 1812 3844 quis

235 3854 394 3910 abeo
421 3855 643 3919 dictum,
684 3859 775 3929 qui
816 3861 1060 3915 videntur
1084 3861 1284 3934 aliquid
1324 3880 1452 3929 esse,
1492 3865 1671 3935 quales
1705 3867 1808 3922 ali-

231 3947 448 4017 quando
469 3947 663 4016 fuerint
686 3950 816 4003 nihil
832 3967 944 4005 mea
966 3953 1214 4017 interest;
1235 3962 1291 4007 et
1313 3954 1386 4009 illi
1406 3970 1527 4009 eum
1552 3965 1808 4026 tanquam

232 4034 510 4104 spiritales
544 4036 675 4101 viri,
705 4038 951 4094 volebant
985 4042 1157 4096 resisti
1195 4043 1536 4109 carnalibus,
1574 4048 1664 4115 qui
1704 4062 1807 4117 pu-

233 4125 427 4178 tabant
471 4125 672 4197 aliquid
699 4126 840 4198 ipsos
864 4144 1004 4195 esse,
1031 4140 1087 4185 et
1109 4147 1213 4187 non
1239 4134 1417 4202 potius
1443 4132 1718 4191 Christum
1753 4139 1805 4193 in

230 4215 355 4269 eiS':
384 4215 717 4288 multumque
750 4220 1052 4291 gaudebant
1088 4237 1209 4277 cum
1250 4225 1669 4294 persuaderetur
1706 4229 1805 4283 ho-

234 4305 473 4360 minibus
501 4314 555 4361 et
575 4309 780 4378 seipsos
808 4325 1164 4380 prtecessores
1188 4312 1360 4379 Pauli,
1393 4315 1532 4370 sicut
1560 4318 1805 4372 eumdem

231 4394 482 4461 Paulum,
522 4413 586 4453 ex
622 4400 991 4467 peccatoribus
1011 4400 1331 4469 justilicatos
1351 4419 1521 4471 essea
1556 4407 1803 4474 Domino,

231 4483 327 4554 qui
350 4499 636 4554 personam
660 4487 895 4543 hominis
918 4502 1025 4543 non
1051 4491 1266 4560 accipit,
1303 4492 1428 4560 quia
1458 4493 1551 4547 Dei
1579 4494 1805 4564 gloriam

233 4575 568 4645 quaerebant,
609 4592 714 4631 non
753 4592 924 4633 suam.
952 4577 1057 4633 Sed
1086 4581 1208 4649 quia
1238 4583 1482 4637 carnales
1507 4591 1562 4638 et
1586 4587 1803 4655 superbi

235 4665 505 4729 homines,
532 4667 577 4721 si
605 4667 731 4736 quid
763 4668 829 4723 de
857 4668 965 4723 vita
1000 4669 1235 4739 ipsorum
1274 4673 1547 4741 praeterita
1586 4673 1802 4742 dicitur,

236 4755 569 4820 irascuntur,
604 4764 660 4812 et
694 4756 749 4811 in
790 4759 1168 4813 contumeliam
1196 4761 1498 4830 accipiunt,
1529 4779 1596 4819 ex
1623 4765 1806 4820 animo

235 4859 337 4900 suo
375 4844 669 4915 conjiciunt
701 4849 968 4918 apostolos
999 4868 1011 4903 :
1044 4849 1236 4906 Petrus
1262 4861 1438 4907 autem
1465 4860 1519 4909 et
1549 4854 1805 4923 Jacobus,

234 4945 291 4991 et
314 4934 554 4992 Joannes
573 4938 946 4995 honoratiores
968 4941 1020 4994 in
1043 4941 1297 5010 apostolis
1321 4952 1494 5008 erant,
1523 4945 1649 5014 quia
1676 4946 1807 5015 ipsis

234 5025 506 5081 tribuS'se
549 5026 604 5082 in
651 5040 832 5084 monte
874 5030 1131 5086 Dominus
1163 5032 1400 5088 ostendit
1432 5035 1485 5089 in
1533 5035 1807 5106 signiﬁca-

234 5114 382 5169 tione
409 5116 559 5186 regni
589 5117 691 5182 sui,
725 5132 847 5174 cum
874 5128 1001 5175 ante
1025 5135 1120 5176 sex
1144 5123 1259 5178 dies
1278 5123 1539 5181 dixisset:
1565 5124 1697 5182 Sunt
1724 5129 1808 5183 hic

232 5204 449 5266 quidam
470 5204 535 5258 de
554 5204 1025 5273 circumstantibus,
1047 5211 1136 5280 qui
1163 5227 1266 5265 non
1293 5214 1572 5282 gustabunt
1591 5226 1807 5272 mortem

232 5293 399 5347 donec
412 5293 618 5348 videant
630 5294 801 5363 [ilium
814 5296 1039 5353 hominis
1060 5300 1115 5353 in
1127 5316 1281 5371 regno
1296 5300 1475 5358 Patris
1494 5306 1578 5359 sui
1589 5305 1804 5378 (Matth.

232 5400 346 5448 xri,
388 5383 561 5440 Herc.
608 5388 721 5458 nt);
758 5404 859 5445 nec
886 5380 1000 5460 'ipsi
1030 5400 1188 5447 erant
1214 5394 1494 5463 columnae,
1541 5401 1636 5453 sed
1658 5399 1810 5455 vide-

230 5476 435 5531 bantur
462 5494 476 5531 :
507 5488 733 5533 noverat
765 5481 908 5535 enim
930 5481 1128 5539 Paulus
1154 5486 1472 5555 sapientiam
1512 5490 1809 5547 aediﬁcasse

232 5566 339 5621 sibi
370 5567 592 5622 domum
610 5608 627 5632 ,
665 5577 721 5624 et
746 5586 853 5626 non
875 5580 989 5628 tres
1020 5573 1299 5631 columnas
1319 5579 1682 5647 constituisse,
1712 5582 1807 5638 sed

232 5666 443 5725 septem
477 5676 491 5713 :
523 5660 615 5729 qui
653 5675 911 5719 numerus
936 5663 1021 5719 vel
1047 5653 1115 5720 ad
1154 5667 1414 5723 unitatem
1443 5669 1807 5727 Ecclesiarum

234 5747 489 5803 relertur.
540 5747 690 5806 Solet
728 5752 873 5807 enim
920 5767 1020 5824 pro
1070 5756 1322 5814 universo
1368 5759 1515 5828 poni,
1564 5760 1701 5817 sicut
1748 5762 1803 5819 in

1912 3306 1988 3361 cit
2034 3307 2086 3378 (Ι
2104 3306 2238 3387 ρον.
2276 3311 2372 3384 vn)
2405 3328 2421 3367 :
2451 3310 2803 3374 Circumcisus
2848 3323 2965 3392 quis
3001 3335 3210 3382 vocatus
3253 3340 3351 3397 est,
3382 3347 3487 3388 non

1914 3396 2145 3453 adducat
2186 3403 2525 3472 praeputium,
2567 3406 2622 3462 in
2659 3412 2924 3479 praeputio
2965 3415 3087 3484 quis
3124 3396 3347 3476 vocatus
3378 3433 3485 3489 est,

1913 3502 2022 3543 non
2055 3491 2496 3549 circumcidetur?
2531 3492 2872 3554 Circumcisio
2913 3502 3044 3558 nihil
3066 3515 3160 3573 est,
3201 3518 3251 3562 et
3274 3526 3488 3582 prwpu-

1913 3580 2045 3634 tium
2070 3582 2202 3636 nihil
2228 3593 2324 3649 est,
2357 3585 2449 3639 sed
2476 3586 2763 3644 obseruatio
2783 3593 3153 3651 mandatorum
3175 3597 3292 3666 Dei,
3323 3580 3487 3656 unus-

1911 3676 2129 3746 quisque
2146 3676 2201 3730 in
2224 3692 2329 3747 qua
2356 3680 2622 3734 vocatione
2647 3693 2860 3739 vocatus
2880 3696 2979 3752 est,
3000 3688 3056 3743 in
3074 3705 3140 3743 ea
3162 3704 3487 3760 permaneat.

1914 3764 2027 3820 Hoc
2064 3767 2205 3821 enim
2233 3768 2300 3822 ad
2325 3783 2418 3823 eas
2445 3772 2864 3829 consuetudines
2890 3776 2975 3832 vel
3006 3779 3342 3836 conditiones
3366 3782 3511 3838 vitas.

1845 3861 1851 3867 ‘
1911 3854 2095 3908 retulit
2136 3872 2256 3926 quae
2305 3857 2435 3911 nihil
2481 3860 2678 3916 obsunt
2720 3861 2865 3929 fidei,
2913 3866 3174 3938 bonisque
3222 3872 3486 3929 moribus.

1912 3943 2112 4016 (Hier.)
2141 3945 2255 4000 Non
2286 3947 2430 4001 enim
2457 3949 2500 4003 si
2532 3950 2670 4006 latro
2694 3960 2813 4007 erat
2849 3957 3078 4026 quisque
3107 3975 3229 4015 cum
3254 3973 3480 4020 vocatus

1909 4041 2016 4098 est,
2051 4034 2211 4090 debet
2234 4036 2289 4090 in
2317 4036 2602 4093 latrocinio
2637 4056 2975 4110 permanere.
3008 4045 3354 4116 Hyperbaton
3380 4063 3484 4117 est,

1909 4130 1965 4177 et
1997 4123 2178 4179 multis
2205 4139 2324 4195 quae
2354 4126 2408 4181 in
2437 4127 2615 4183 medio
2645 4141 2771 4186 sunt
2795 4132 3074 4204 interjceta
3128 4138 3375 4207 sublatis,
3404 4143 3487 4198 sic

1910 4212 2150 4268 breviter
2168 4213 2268 4284 legi
2293 4224 2465 4285 potest
2492 4235 2504 4270 :
2534 4217 2666 4272 Mihi
2680 4222 2819 4276 enim
2837 4223 2927 4293 qui
2950 4225 3256 4284 videbantur
3282 4231 3483 4303 aliquid

1909 4319 2018 4359 esse
2048 4305 2177 4358 nihil
2205 4306 2534 4362 contulerunt
2566 4326 2585 4362 :
2613 4310 2705 4365 sed
2750 4322 2961 4369 econtra
2991 4316 3203 4373 dextras
3231 4319 3488 4378 dederunt

1910 4405 1957 4449 et
1978 4394 2241 4452 Barnaba:
2265 4397 2547 4453 societatis.
2575 4400 2761 4474 (Aug)
2796 4403 2937 4459 Dicit
2974 4408 3187 4464 venisse
3214 4425 3273 4466 se
3296 4410 3488 4467 Hiero-

1909 4487 2190 4558 solymam,
2242 4497 2299 4545 et
2332 4490 2681 4561 Evangelium
2714 4509 2837 4549 cum
2875 4499 3132 4567 apostolis
3169 4503 3481 4569 contulisse,

1839 4549 1888 4609 θ
1911 4549 2129 4633 destras
2156 4580 2257 4634 sibi
2281 4580 2436 4638 datas
2471 4549 2654 4648 ibisse,
2693 4584 2746 4640 id
2784 4549 3129 4658 estfsignum
3159 4594 3485 4662 concordiae,

1912 4666 2123 4737 signum
2142 4670 2529 4737 consonantiae,
2548 4674 2690 4740 quod
2708 4676 2776 4728 ah
2795 4675 2877 4730 eis
2898 4692 3017 4745 quae
3038 4678 3139 4748 ipsi
3164 4681 3483 4750 didicerant,

1912 4757 1968 4811 in
2000 4756 2170 4811 nihilo
2193 4757 2552 4825 discrepabat.
2580 4760 2848 4834 (Hieron.)
2872 4764 2983 4819 Aut
3001 4776 3149 4824 certe
3173 4769 3262 4825 ille
3281 4773 3489 4845 absque

1906 4848 2200 4917 jactatione
2247 4850 2329 4904 sui
2374 4851 2620 4907 occultus
2650 4862 2737 4908 est
2780 4869 2994 4924 sensus,
3038 4860 3169 4915 mihi
3203 4864 3298 4934 qui
3338 4865 3486 4922 vide-

1910 4940 2111 4996 bantur
2136 4941 2336 5011 aliquid
2367 4958 2488 5000 esse
2530 4944 2664 4998 nihil
2699 4948 3045 5006 contulerunt
3079 4969 3093 5005 :
3130 4954 3227 5011 sed
3262 4965 3485 5014 econtra
3586 5010 3587 5013 η

1914 5047 1946 5086 a
1967 5045 2054 5085 me
2086 5032 2166 5088 eis
2211 5032 2460 5088 collatum
2487 5042 2590 5100 est,
2614 5036 2739 5090 dum
2769 5037 2903 5094 fiunt
2925 5040 2979 5095 in
3005 5041 3279 5115 Evangelii
3306 5051 3483 5120 gratia

1913 5122 2198 5182 ﬁrmiores.
2233 5125 2426 5183 Totum
2471 5138 2651 5185 autem
2693 5133 2834 5201 quod
2864 5134 3014 5203 dicit,
3060 5138 3163 5194 hoc
3189 5150 3291 5207 est,
3336 5160 3478 5200 unus

1912 5224 2074 5287 atque
2096 5217 2239 5272 idem
2267 5219 2397 5274 mihi
2425 5220 2771 5292 Evangelium
2796 5227 3060 5294 prazputii,
3102 5238 3158 5283 et
3187 5230 3349 5288 Petro
3372 5234 3483 5289 cir-

1912 5308 2256 5365 cumcisionis
2289 5312 2549 5379 credidit;
2589 5327 2677 5368 me
2703 5316 2849 5371 misit
2879 5315 2946 5371 ad
2973 5328 3179 5388 gentes,
3203 5322 3351 5377 illum
3377 5341 3477 5397 po-

1911 5399 2019 5455 suit
2038 5400 2095 5454 in
2116 5398 2298 5455 Judaza
2322 5418 2335 5454 :
2366 5416 2467 5457 nec
2498 5412 2685 5473 gentes
2713 5415 2960 5475 poterant
2980 5409 3162 5466 adulta
3183 5410 3296 5481 jam
3319 5425 3478 5472 aetate

1909 5507 2017 5548 non
2064 5490 2346 5561 profuturo
2390 5495 2816 5553 circumcisionis
2865 5500 3049 5557 dolore
3088 5504 3362 5572 cruciari,
3420 5519 3479 5563 et

1909 5584 2181 5639 abstinere
2202 5599 2260 5641 se
2288 5585 2357 5641 ab
2379 5587 2517 5643 escis
2548 5589 2742 5662 quibus
2771 5605 2984 5660 semper
3012 5594 3386 5661 adsueverant,
3420 5605 3479 5652 et

1906 5691 2043 5745 quas
2062 5676 2203 5732 Deus
2231 5686 2506 5734 creaverat
2526 5679 2593 5734 ad
2618 5681 2906 5748 utendum;
2929 5699 3029 5738 nec
3056 5684 3131 5750 hi,
3162 5685 3250 5752 qui
3273 5700 3341 5738 ex
3372 5683 3474 5741 Ju-

1908 5767 2039 5851 dasis
2070 5767 2411 5827 crediderant
2447 5779 2505 5827 et
2528 5770 2834 5830 circumcisi
2858 5784 3039 5842 erant,
3071 5785 3127 5830 et
3150 5790 3215 5831 ex
3244 5791 3474 5835 consue-
