4022 6338
537 319 638 374 271

1179 318 1242 374 Β.
1285 317 1537 376 RABANI
1576 319 1797 381 MAUR]
1831 321 2147 379 ARCHTEP.
2187 320 2496 381 MOGUNT.
2533 321 2819 382 OPERUM
2854 318 3033 380 PARS
3064 324 3151 381 Ill.

3696 316 3796 386 ari

541 430 724 487 tudine
767 428 921 501 quasi
947 433 1184 486 secunda
1224 437 1418 486 natura
1457 431 1722 501 putabant
1750 447 1807 488 se
1842 449 1875 488 a
1908 432 2120 488 caeteris
2146 436 2195 498 Α
2222 432 2368 500 stoli,
2400 441 2458 491 et
2494 434 2729 491 maxime
2760 434 2974 501 Pe'trus,
2999 433 3234 492 lacobus
3256 444 3312 492 et
3343 433 3598 505 Joannes,
3624 452 3657 495 e
3681 424 3795 510 qui-

535 520 788 595 gentibus
825 520 946 592 plus
992 522 1225 588 habere,
1268 522 1427 577 facile
1477 531 1823 580 contemnere
1868 532 2121 595 poterant

534 629 602 672 ea
657 614 714 671 in
747 612 1366 686 quibusgloriabantur.
1399 614 1745 672 Providentia
1799 616 1981 686 itaque
2020 614 2117 672 Dei

537 706 674 763 alius
714 706 989 778 apostolus
1027 705 1363 762 circumcisis
1389 706 1548 763 datus
1580 713 1683 773 est,
1709 705 1802 778 qui
1839 704 1975 775 legis
2003 720 2120 760 um-

533 800 650 857 bris
675 799 957 857 videretur
982 799 1365 869 acquiescere;
1389 798 1601 855 alius’in
1628 796 1893 869 praeputio
1916 796 2120 853 consti-

533 890 686 956 tutis,
723 891 817 962 qui
844 889 1126 961 Evangelii
1150 890 1381 961 gratiam
1410 903 1515 945 non
1544 896 1762 961 putaret
1789 902 1910 945 esse
1942 888 2115 944 servi-

533 981 691 1048 tium,
742 980 836 1035 sed
880 979 1107 1035 liberam
1150 978 1332 1044 ﬁdem,
1376 994 1445 1034 ne
1479 979 1580 1033 sub
1614 977 1795 1049 aliqua
1830 978 2117 1033 occasione

532 1070 977 1142 impedimentum
1003 1069 1129 1125 ﬁdei
1168 1079 1508 1133 nasceretur,
1546 1076 1611 1124 et‘
1630 1076 1855 1140 propter
1880 1069 2115 1124 circum-

529 1160 789 1217 cisionem
834 1160 947 1216 sive
988 1159 1330 1231 praeputium,
1375 1173 1482 1214 non
1528 1160 1844 1216 crederetur
1875 1159 1931 1214 in
1962 1158 2118 1214 Chri-

531 1257 694 1304 stum.
745 1248 856 1306 Nec
897 1250 1002 1305 hoc
1025 1249 1278 1315 dicimus,
1310 1250 1455 1320 quod
1482 1246 1677 1305 Petrus
1702 1250 1795 1321 qui
1824 1258 1881 1306 et
1910 1251 2026 1321 ipse
2056 1250 2113 1305 in

527 1349 754 1406 Actibus
793 1350 1161 1421 apostolorum
1216 1348 1372 1421 (Act.
1434 1365 1467 1403 χ
1492 1349 1532 1421 ),
1582 1348 1790 1405 nullum
1842 1350 2115 1405 hominem

529 1456 872 1497 communem
910 1454 1030 1496 esse
1056 1448 1283 1497 testatus
1325 1449 1438 1503 est,
1484 1448 1539 1495 et
1585 1440 1639 1495 in
1685 1439 1779 1495 illo
1814 1455 1948 1497 vase
1971 1440 2115 1510 quod

529 1541 763 1604 quatuor
798 1532 1009 1605 angulis
1033 1533 1101 1588 de
1134 1532 1274 1588 coelo
1299 1532 1583 1587 dimissum
1607 1531 1822 1588 viderat
1855 1532 2116 1588 educetur

527 1622 662 1678 nihil
693 1623 956 1678 interesse
979 1620 1199 1678 Iudaeus
1227 1622 1302 1677 sit
1338 1620 1534 1691 aliquis
1561 1636 1630 1675 an
1662 1620 1914 1692 gentilis,
1959 1621 2112 1690 quasi

527 1713 729 1769 oblitus
788 1713 1051 1784 priorum,
1110 1726 1272 1782 super
1326 1710 1601 1781 Evangelii
1655 1710 1885 1782 gratiam
1936 1709 2111 1782 legem

2218 521 2321 578 bus
2350 523 2456 579 duo
2489 538 2615 580 cum
2654 523 2881 581 Domino
2922 526 3213 580 ascendere
3252 536 3530 583 merentur
3558 526 3617 583 in
3647 542 3795 586 mon-

2218 618 2347 677 tem,
2375 627 2605 683 quorum
2652 628 2790 670 unus
2816 612 2871 668 in
2900 613 3219 687 Apocalypsi
3258 614 3597 672 Salvatorem
3628 615 3793 673 intro-

2217 700 2367 758 ducit
2392 702 2703 774 loquentem
2731 722 2743 758 :
2771 702 2879 771 Qui
2904 704 3107 771 vicerit,
3136 705 3330 775 faciam
3358 722 3476 761 eum
3500 706 3794 763 columnam

2216 793 2273 847 in
2315 792 2506 863 templo
2551 792 2651 849 Dei
2681 795 2785 850 mei
2837 794 3021 868 (Apoc.
3065 793 3170 868 ιη),
3203 797 3405 852 ducens
3447 812 3640 854 omnes
3681 812 3796 855 ere-

2216 884 2407 940 dentes
2447 885 2540 956 qui
2580 885 2951 943 adversarium
3006 887 3235 944 vicerint
3295 903 3459 959 posse
3514 889 3795 948 columnas

2215 968 2474 1032 Ecclesia:
2503 975 2640 1033 ﬁeri.
2670 976 2755 1035 Ad
2786 978 3126 1035 Timotheum
3162 996 3290 1036 vero
3325 981 3525 1038 Paulus
3558 983 3796 1041 scribens

2215 1065 2292 1120 ait
2322 1088 2334 1119 :
2369 1064 2436 1121 Ut
2462 1068 2594 1122 sciat
2626 1068 2886 1139 quomodo
2916 1079 3150 1135 oporteat
3186 1080 3236 1125 te
3258 1073 3312 1127 in
3346 1072 3504 1128 domo
3544 1073 3643 1130 Dei
3678 1093 3798 1132 con-

2215 1160 2433 1225 versari,
2458 1177 2577 1232 qua:
2606 1170 2682 1217 est
2706 1157 2949 1217 Ecclesia
2989 1160 3089 1216 Dei
3114 1164 3236 1230 vici,
3264 1163 3507 1220 columna
3540 1176 3718 1223 autem
3750 1181 3797 1224 et

2214 1249 2603 1318 ﬁrmamentum
2649 1253 2883 1309 veritatis
2930 1252 2985 1325 (Ι
3028 1252 3165 1308 Tim.
3208 1257 3313 1330 ιιι).
3370 1256 3467 1314 His
3500 1267 3557 1314 et
3586 1259 3799 1317 caeteris

2214 1343 2536 1400 instruimur
2554 1353 2667 1401 tam
2688 1345 2983 1418 apostolos,
3000 1362 3296 1421 omnesque
3316 1351 3623 1418 credentes,
3637 1367 3797 1422 quam

2212 1435 2385 1505 ipsam
2435 1450 2649 1507 quoque
2697 1436 2995 1493 Ecclesiam
3036 1438 3346 1496 columnam
3395 1440 3449 1496 in
3500 1441 3801 1514 Scripturis

2212 1524 2495 1596 appellari,
2524 1534 2581 1581 et
2613 1526 2746 1581 nihil
2773 1527 3038 1585 interesse
3068 1529 3134 1585 de
3159 1544 3386 1601 corpore
3405 1532 3536 1602 quid
3564 1532 3796 1599 dicatur,

2213 1631 2282 1670 an
2311 1616 2591 1684 membris,
2616 1632 2738 1673 eum
2763 1626 2819 1676 et
2844 1633 3040 1690 corpus
3069 1620 3344 1678 dividatur
3371 1622 3427 1678 in
3450 1625 3728 1692 membra,
3749 1634 3801 1681 ct

2212 1707 2454 1762 membra
2473 1708 2582 1762 sint
2601 1708 2863 1778 corporis.
2880 1708 3355 1783 Dederuntitaque
3367 1711 3560 1770 Petrus
3575 1724 3633 1771 et
3649 1714 3801 1771 Jaco-

524 1805 799 1876 putaverit
838 1804 1269 1870 observandam;
1311 1802 1405 1859 sed
1442 1811 1501 1858 ut
1544 1804 1657 1873 ipse
1684 1818 1899 1874 quoque
1936 1803 2108 1875 legem
2142 1790 2184 1849 Β
2211 1799 2331 1864 bus,
2349 1798 2646 1856 etloanncs
2661 1800 3089 1872 quividebantur
3104 1804 3800 1872 columnas,dextrasPaulo

527 1895 801 1953 custodire
832 1909 892 1951 se
924 1893 1217 1961 simulans,
1252 1893 1510 1965 paulatim
1539 1893 1752 1950 Judaeos
1779 1895 1850 1951 ab
1884 1896 2111 1963 antiquo

522 1986 739 2042 vivendi
764 1999 916 2042 more
949 1985 1261 2065 deduceret.
1294 1984 1412 2040 Non
1442 1985 1586 2040 enim
1616 1991 1871 2055 poterant
1902 1992 2110 2040 tantum

523 2075 920 2132 observationis
951 2074 1216 2140 laborem,
1258 2083 1310 2131 et
1352 2075 1552 2132 veteris
1575 2074 1700 2131 vitae
1737 2075 2111 2131 cautissimam

524 2166 998 2223 conversationem
1029 2165 1182 2236 quasi
1218 2174 1575 2237 purgamenta
1612 2166 1792 2223 subito
1828 2175 1882 2223 et
1914 2166 2111 2223 damna

522 2264 889 2314 contemnere.
928 2256 1010 2312 Ex
1036 2271 1144 2327 quo
1171 2256 1550 2326 perspicimus,
1579 2263 1866 2326 propterea
1888 2254 2112 2312 dextras

524 2348 679 2402 datas
726 2344 894 2400 Paulo
934 2353 993 2400 et
1034 2345 1299 2401 Barnaba:
1327 2344 1606 2401 societatis
1636 2359 1669 2399 a
1712 2343 1877 2399 Petro
1921 2353 1979 2399 et
2019 2340 2110 2397 Ja-

523 2434 679 2500 cobo,
726 2442 781 2490 et
827 2432 1057 2500 Joanne,
1098 2449 1170 2490 ne
1208 2435 1267 2491 in
1310 2434 1693 2491 observatione
1737 2434 1886 2490 varia
1934 2434 2111 2491 diver-

522 2543 643 2585 sum
680 2525 883 2583 Christi
913 2527 1270 2600 Evangelium
1312 2536 1616 2599 putaretur,
1660 2515 1757 2585 sed
1798 2534 1854 2583 et
1876 2527 2111 2584 circum-

521 2620 759 2675 cisorum
785 2627 842 2675 et
864 2619 1182 2681 habentium
1202 2619 1528 2692 praeputium
1555 2628 1701 2677 esset
1728 2633 1839 2676 una
1860 2634 2109 2675 commu-

520 2709 634 2764 nio.
675 2707 910 2765 Pulchre
954 2716 1133 2764 autem
1183 2708 1499 2780 praestruxit
1539 2707 1728 2764 dicens
1769 2706 1923 2773 :Qui
1970 2706 2106 2763 enim

520 2808 763 2871 operatus
809 2809 886 2855 est
936 2797 1097 2855 Petro
1146 2799 1201 2855 in
1258 2799 1613 2870 apostolatum
1665 2794 2104 2867 circuaMisionis,

516 2909 587 2950 ne
629 2895 754 2967 quis
790 2909 914 2951 eum
953 2902 1169 2965 putaret
1209 2895 1498 2951 detrahere
1541 2893 1722 2963 Petro,
1768 2894 1863 2951 sed
1903 2901 1964 2950 ut
1989 2893 2106 2949 lau-

504 2970 856 3055 dibus'cjus
907 2993 1036 3042 ante
1086 2986 1382 3057 praemissis
1451 2986 1848 3056 intelligeretur
1907 2984 2105 3042 Petrus

505 3078 639 3135 ideo
689 3078 1159 3135 circumcisioncm
1209 3078 1386 3148 aliqua
1450 3093 1517 3134 ex
1582 3090 1738 3150 parte
1801 3079 2097 3150 suscipere,

2212 1899 2267 1946 et
2288 1890 2548 1947 Barnaba:
2565 1893 2861 1961 societatis,
2881 1894 2977 1950 sed
2998 1894 3119 1951 Tito
3143 1896 3379 1965 quicum
3401 1896 3483 1954 eis
3506 1904 3647 1962 erat,
3673 1898 3801 1954 dex-

2210 1992 2324 2039 tras
2359 1999 2462 2039 non
2494 1983 2758 2041 dederunt
2786 2003 2799 2040 :
2830 1986 3061 2042 necdum
3088 1987 3286 2059 quippe
3323 1988 3391 2044 ad
3424 2001 3547 2045 eam
3581 2003 3801 2045 mensu-

2211 2094 2326 2134 ram
2354 2088 2699 2148 pervenerat,
2740 2087 2801 2135 ut
2824 2079 3022 2136 Christi
3049 2081 3259 2151 possint
3283 2081 3331 2138 ei
3361 2082 3722 2140 mercimonia
3738 2098 3803 2138 ex

2209 2186 2365 2243 mque
2391 2185 2515 2226 cum
2560 2170 2856 2241 majoribus
2899 2173 3069 2240 credi,
3097 2182 3154 2230 et
3179 2174 3430 2230 eumdem
3478 2182 3672 2231 tenere
3715 2190 3803 2230 ne-

2211 2259 2520 2329 gotiationis
2540 2258 2742 2325 locum,
2769 2275 2929 2331 quem
2958 2260 3237 2319 Barnabas
3262 2263 3480 2320 tenebat
3499 2270 3554 2318 et
3575 2262 3799 2321 Paulus.

2214 2349 2281 2405 Ut
2305 2368 2433 2416 nos,
2474 2350 2668 2422 inquit,
2712 2352 2768 2406 in
2812 2352 3072 2422 gentibus,
3100 2342 3202 2425 ipsi
3231 2366 3407 2410 autem
3437 2355 3495 2410 in
3524 2355 3801 2411 circumci-

2214 2443 2383 2508 sione,
2415 2452 2619 2497 tantum
2658 2454 2714 2499 ut
2754 2459 3043 2516 pauperum
3081 2461 3334 2502 memores
3360 2461 3608 2503 essemus.
3638 2444 3800 2512 Quod

2208 2535 2368 2589 etiam
2406 2532 2668 2590 sollicitus
2701 2534 2781 2605 {ui
2816 2536 2913 2591 hoc
2942 2536 3112 2607 ipsum
3142 2536 3336 2606 facere.
3365 2535 3640 2611 (Ηὶενοη.)
3667 2538 3782 2593 San

2207 2623 2282 2678 eti
2319 2636 2586 2695 pauperes
2612 2639 2842 2695 quorum
2870 2625 3141 2697 praecipue
3169 2626 3239 2683 ab
3256 2625 3514 2698 apostolis
3537 2616 3722 2682 Paulo
3744 2633 3798 2681 et

2207 2715 2469 2771 Barnabas
2495 2729 2628 2772 cura
2658 2716 2950 2772 mandatur
2974 2716 3028 2771 hi
3055 2726 3203 2786 sum,
3230 2717 3327 2788 qui
3347 2732 3414 2773 ex
3443 2715 3650 2773 Iudaeis
3676 2731 3799 2774 cre-

2205 2804 2421 2873 dentes,
2459 2806 2635 2877 pretia
2679 2807 3080 2878 possessionum
3107 2822 3337 2889 suarum
3381 2808 3448 2864 ad
3475 2808 3639 2878 pedes
3666 2822 3798 2880 apo-

2205 2898 2467 2954 stolorum
2502 2897 2838 2964 deferebant,
2881 2898 3163 2970 egentibus
3197 2899 3478 2972 largienda
3502 2913 3518 2954 :
3543 2899 3628 2955 vel
3667 2901 3796 2970 quia

2204 2989 2616 3055 contribulibus,
2662 2989 2910 3061 cognatis
2929 2997 2985 3045 et
3010 2989 3329 3061 parentibus
3353 2989 3488 3055 suis,
3516 2988 3679 3061 quasi
3708 2990 3798 3047 de-

2204 3090 2442 3137 sertores
2472 3081 2627 3152 legis,
2657 3088 2715 3136 et
2735 3081 2791 3135 iu
2817 3079 3137 3137 cruciﬁxum
3171 3080 3444 3136 hominem
3483 3080 3794 3143 credentes,

512 3179 576 3225 ut
600 3185 697 3226 eos
715 3170 807 3240 qui
831 3169 933 3225 sibi
963 3185 1032 3225 ex
1051 3169 1249 3226 iudicis
1272 3170 1464 3226 crediti
1496 3148 1710 3226 fuerant
1731 3148 2095 3238 lucrifaceret,
2126 3148 2171 3212 ο
2203 3148 2552 3227 detestationi
2595 3177 2652 3225 et
2694 3169 2908 3241 piaculo
2933 3168 3287 3225 ducebantur.
3321 3167 3376 3224 In
3403 3169 3597 3225 horum
3633 3168 3795 3223 mini—

511 3270 572 3319 et
596 3263 650 3318 in
680 3262 881 3318 Christi
909 3261 1015 3318 ﬁde
1053 3271 1109 3318 et
1132 3262 1423 3334 Evangelia
1446 3262 1763 3319 custodiret.
1788 3261 2100 3319 Subintelli-

512 3353 768 3424 gitetiam
791 3352 934 3423 quod
955 3353 1002 3407 si
1022 3351 1109 3408 ille
1124 3352 1327 3423 absque
1338 3350 1497 3422 culpa
1510 3352 1715 3408 laceret
1737 3352 1869 3409 etad
1887 3360 2099 3423 tempus

512 3445 852 3500 observando
874 3441 1020 3513 quod
1047 3458 1154 3498 non
1180 3441 1325 3508 licet,
1348 3457 1417 3498 ne
1437 3442 1542 3497 sibi
1563 3443 1799 3498 creditos
1819 3442 2095 3514 perderet,

512 3548 573 3591 se
604 3533 779 3604 magis
806 3547 906 3602 pro
931 3532 1208 3605 Evangelii
1236 3532 1465 3588 veritate
1485 3532 1667 3589 facere
1693 3532 1912 3600 debere,
1952 3533 2095 3604 quod

510 3626 613 3683 sihi
647 3626 912 3682 creditum
940 3633 1028 3681 est
1057 3626 1114 3680 in
1152 3626 1433 3697 praeputio,
1466 3640 1534 3680 ne
1559 3634 1746 3698 gentes
1769 3625 1905 3699 legis
1929 3639 2096 3682 onere

509 3726 565 3773 et
584 3716 906 3773 difﬁcultate
949 3716 1221 3772 deterrita:
1250 3732 1281 3772 a
1308 3715 1509 3773 Christi
1555 3716 1661 3774 ﬁde
1681 3726 1738 3773 et
1775 3716 2097 3773 credulitate

2201 3263 2372 3319 sterio
2405 3271 2627 3319 sanctus
2655 3258 2932 3332 apostolus
2958 3258 3159 3317 Paulus
3180 3264 3383 3331 quanto
3408 3258 3598 3315 labore
3626 3258 3794 3314 suda-

2199 3354 2357 3419 verit,
2405 3352 2649 3425 epistolze
2697 3350 2816 3422 ejus
2857 3359 3185 3409 testes-sunt
3232 3351 3301 3408 ad
3337 3349 3675 3416 Corinthios,
3727 3350 3796 3406 ad

2199 3443 2730 3510 Thessalonicenses,
2765 3443 2833 3499 ad
2864 3456 3058 3499 omnes
3100 3441 3342 3514 gentium
3390 3440 3693 3507 Eeclesias,
3734 3448 3792 3495 ut

2196 3542 2502 3607 praeparent
2542 3549 2741 3589 munus
2776 3534 2881 3590 hoc
2906 3549 3007 3605 per
3035 3547 3114 3600 se,
3151 3531 3236 3590 vel
3269 3547 3366 3603 per
3400 3532 3557 3597 alios,
3584 3533 3682 3601 qui
3713 3532 3791 3588 eis

2180 3629 2527 3701 placuissent
2570 3628 3005 3699 Hierosolymam
3053 3627 3425 3684 deferendum.
3458 3624 3615 3683 Unde
3638 3640 3793 3681 nunc

2197 3718 2534 3775 conﬁdenter
2572 3718 2722 3784 dicit,
2757 3718 2897 3790 quod
2921 3719 3079 3774 etiam
3105 3717 3358 3774 sollicitus
3381 3717 3462 3787 {ui
3488 3716 3663 3787 facere
3692 3716 3789 3771 hoc

510 3808 871 3865 discederent.
900 3806 1134 3881 (Ambr.)
1168 3807 1388 3864 Petrum
1422 3807 1598 3865 solum
1624 3809 1869 3864 nominat
1901 3815 1957 3864 et
1989 3808 2093 3865 sibi
2193 3812 2385 3882 ipsum.
2412 3808 2643 3867 Possunt
2664 3818 2846 3866 autem
2866 3818 2922 3865 et
2943 3809 3048 3865 alio
3071 3822 3271 3881 genere
3293 3822 3559 3882 pauperes
3585 3807 3786 3880 accipi,

509 3909 808 3971 comparat,
854 3901 981 3971 quia
1026 3900 1318 3970 primatum
1362 3901 1478 3971 ipse
1517 3900 1728 3972 accepit
1764 3899 1829 3955 ad
1862 3898 2093 3955 fundan-
2195 3904 2262 3958 de
2301 3902 2497 3972 quibus
2525 3902 2581 3956 in
2616 3895 2908 3972 Evangelia
2935 3900 3138 3956 dicitur
3169 3917 3183 3953 ε
3212 3898 3365 3955 Beati
3397 3914 3653 3970 pauperes
3680 3898 3791 3968 spi-

508 3991 633 4046 dam
679 3989 1011 4056 Ecclesiam;
1063 4004 1123 4046 se
1169 4005 1383 4061 quoque
1422 3991 1540 4061 pari
1578 3990 1739 4047 modo
1774 3989 2004 4046 electum
2031 3997 2092 4044 ut
2194 3992 2588 4063 ritu,qumiam
2612 3991 2845 4062 ipsorum
2864 4000 2938 4044 est
2963 3989 3439 4061 regnantcmlorum
3464 3986 3783 4061 (Manlia);

502 4083 799 4152 primatum
849 4081 1045 4137 habeat
1087 4081 1144 4136 in
1184 4080 1472 4139 fundandis
1508 4082 1749 4155 gentium
1786 4080 2085 4147 Ecclesiis;
2192 4091 2472 4139 merentur
2500 4081 2698 4153 quippe
2718 4080 2855 4136 tales
2875 4080 2932 4136 in
2957 4080 3221 4136 memoria
3242 4093 3363 4136 esse
3385 4078 3783 4150 apostolorum.

505 4175 581 4229 ita
624 4181 805 4229 tamen
828 4179 890 4227 ut
915 4179 971 4226 et
991 4171 1183 4227 Petrus
1217 4172 1541 4243 praedicaret
1575 4172 1825 4244 gentibus
1847 4173 1894 4227 si
1924 4186 2088 4227 causa
2190 4172 2411 4229 Necnon
2441 4181 2497 4228 et
2526 4173 2603 4227 illi
2631 4186 2896 4244 pauperes
2921 4171 2990 4228 de
3015 4171 3213 4245 quibus
3243 4171 3299 4226 in
3326 4169 3618 4226 Salomone
3644 4170 3785 4226 scri-

505 4262 745 4329 fecisset,
786 4269 842 4317 et
868 4259 1069 4315 Paulus
1107 4259 1330 4327 Judaais,
1379 4276 1507 4316 nam
1547 4271 1776 4332 uterque
1819 4261 2090 4317 invenitur
2190 4264 2369 4319 bitur:
2402 4263 2707 4336 Redemptio
2735 4264 2833 4319 viri
2859 4263 3050 4318 anima:
3075 4262 3302 4333 propria:
3326 4260 3540 4325 divitiw,
3579 4274 3784 4331 pauper

505 4359 798 4420 utrumque
833 4349 1027 4405 fecisse
1052 4367 1065 4401 :
1095 4349 1193 4405 sed
1228 4357 1407 4405 tamen
1432 4350 1589 4421 plena
1616 4351 1913 4408 auctoritas
1938 4351 2085 4407 Petri
2189 4372 2308 4411 vero
2359 4371 2464 4410 non
2506 4354 2727 4410 sustinet
2770 4354 3229 4409 comminationem
3268 4349 3451 4425 (Prov,
3476 4349 3598 4423 xm)
3626 4369 3641 4405 :
3668 4364 3781 4405 non

476 4426 564 4498 'in
588 4439 853 4498 Judaismi
884 4439 1266 4510 praedicatione
1300 4441 1423 4496 data
1459 4441 1812 4512 dignoscitur,
1856 4449 1912 4497 et
1933 4440 2083 4496 Pauli
2187 4447 2332 4503 enim
2383 4454 2563 4516 potest
2607 4444 2846 4500 futurum
2894 4459 3180 4515 plenarum
3230 4442 3443 4505 audire,
3470 4428 3778 4506 terrbrem,

504 4526 747 4603 perlecta
787 4529 1080 4586 auctoritas
1103 4529 1158 4585 in
1183 4530 1564 4600 praedicatione
1603 4532 1841 4602 gentium
1878 4532 2087 4588 iuveui-
2112 4521 2165 4582 D
2188 4551 2394 4608 pauper
2417 4538 2471 4591 in
2500 4535 2626 4602 ﬁde,
2652 4549 2857 4606 pauper
2884 4534 2939 4589 in
2970 4534 3162 4606 gratia,
3195 4549 3305 4590 non
3326 4532 3533 4589 habens
3554 4531 3780 4588 divitias

507 4634 627 4690 tur;
654 4623 797 4679 unde
837 4631 894 4679 et
925 4622 1245 4694 magistrum
1283 4636 1344 4678 se
1370 4632 1525 4678 vocat
1553 4624 1791 4695 gentium
1822 4624 1878 4678 in
1904 4623 2008 4679 ﬁde
2033 4632 2089 4679 et
2189 4626 2484 4697 spiritales,
2523 4641 2625 4682 nec
2674 4626 2958 4682 scientiam
3008 4624 3432 4697 Scripturarum,
3478 4639 3603 4695 qua
3639 4638 3778 4680 auro

504 4716 753 4782 veritate,
784 4714 1155 4785 unusquisque
1198 4713 1344 4770 enim
1385 4728 1487 4785 pro
1524 4715 1730 4770 viribus
1755 4716 1867 4770 suis
1894 4722 1948 4770 et
1978 4715 2086 4770 dis-
2186 4726 2243 4772 et
2274 4730 2524 4787 argento,
2548 4723 2605 4772 et
2629 4716 2869 4786 pretioso
2898 4714 3076 4786 lapide
3099 4723 3467 4785 comparatur.
3500 4713 3776 4781 Quoniam

505 4807 823 4878 pensatione
871 4806 1095 4862 sortitus
1138 4815 1228 4862 est
1272 4824 1286 4860 :
1329 4805 1604 4862 difﬁcilius
1650 4807 1796 4862 enim
1846 4807 1949 4861 fuit
1991 4822 2086 4864 eos
2189 4810 2352 4881 igitur
2373 4824 2480 4865 non
2508 4818 2669 4880 egent
2692 4807 2809 4863 sani
2835 4808 3065 4873 medico,
3091 4809 3186 4865 sed
3206 4809 3263 4864 hi
3287 4809 3379 4879 qui
3404 4807 3546 4864 male
3566 4807 3778 4863 habent

506 4900 601 4971 qui
631 4900 787 4971 longe
843 4907 1003 4955 erant
1043 4914 1075 4954 a
1116 4898 1229 4955 Deo
1277 4900 1345 4954 ad
1390 4899 1553 4955 ﬁdem
1605 4914 1759 4955 suam
1811 4901 2087 4956 attrahere
2189 4900 2345 4972 (Luc.
2372 4901 2770 4974 v),,propterea
2796 4908 2854 4955 et
2871 4900 3131 4970 apostolis
3164 4901 3220 4956 in
3249 4901 3595 4957 dexterarum
3621 4913 3777 4955 com-

503 5007 665 5063 quam
687 4992 982 5064 proximos.
1007 4990 1276 5064 (Ηὶενοη.)
1299 4988 1513 5058 Petrus,
1543 4991 1736 5062 inquit,
1760 4999 1809 5046 et
1827 4990 2082 5058 Joannes,

502 5103 552 5148 et
589 5091 820 5147 Iacobus
848 5092 938 5164 qui
971 5091 1277 5147 uidebantur
1311 5091 1571 5147 columna:
1618 5108 1747 5147 esse.
1780 5092 1888 5148 Ter
1920 5108 2082 5167 supra

506 5182 711 5240 dictum
757 5185 824 5240 de
866 5183 1122 5255 apostolis
1168 5183 1430 5255 legimus,
1479 5184 1729 5241 Seorsum
1781 5196 1956 5241 autem
1999 5187 2081 5244 his

499 5277 591 5346 qui
637 5277 985 5333 videbantur:
1018 5276 1105 5341 Et,
1148 5275 1225 5330 Ab
1247 5278 1326 5331 his
1351 5278 1442 5348 qui
1486 5278 1794 5332 videbamur
1830 5295 1941 5335 esse
1980 5279 2082 5335 ali-

499 5370 627 5441 quid
651 5385 669 5424 :
691 5370 778 5437 Et,
804 5369 937 5425 Mihi
965 5371 1102 5423 enim
1125 5369 1216 5439 qui
1241 5368 1550 5423 videbantur
1574 5386 1683 5425 esse
1708 5369 1910 5443 aliquid
1947 5370 2078 5425 nihil

500 5459 855 5527 contulerunt,
897 5459 1160 5515 sollicitus
1206 5460 1391 5529 itaque
1431 5461 1773 5530 requirebam
1820 5462 2076 5532 quidnam

499 5559 646 5606 esset
678 5552 821 5622 quod
862 5551 1086 5617 diceret,
1131 5553 1220 5623 qui
1262 5552 1591 5606 videbantur.
1640 5551 1748 5609 Sed
1795 5569 1940 5609 nunc
1990 5567 2080 5609 me

499 5642 646 5697 omni
680 5642 932 5713 scrupulo
980 5641 1251 5708 liberavit,
1302 5642 1583 5713 adjiciens,
1638 5644 1729 5713 qui
1773 5643 2080 5700 videbantur

498 5732 754 5792 columna:
782 5752 911 5791 esse.
953 5734 1229 5791 Columna:
1275 5735 1438 5808 igitur
1474 5744 1602 5792 sunt
1648 5734 1903 5792 Ecclesiae
1952 5752 2082 5807 apo-

2188 4992 2552 5048 muuicatione
2586 4989 2876 5048 convenit:
2911 5005 2981 5045 ne
3007 4998 3327 5063 spernerent
3352 5002 3638 5061 pauperes,
3667 5002 3775 5046 nec

2186 5084 2527 5154 despicerent
2552 5090 2889 5154 peccatores,
2919 5083 3014 5139 sed
3038 5097 3250 5162 semper
3280 5081 3657 5139 meminissent
3674 5096 3775 5138 eo-

2185 5192 2326 5241 rum,
2348 5176 2492 5231 sicut
2508 5175 2709 5231 Paulus
2726 5174 2991 5231 Coriuthii
3011 5175 3153 5233 illius
3176 5175 3441 5241 meminit,
3462 5189 3625 5245 quem
3638 5189 3771 5231 cum

2183 5267 2237 5321 in
2260 5266 2431 5337 primi
2455 5265 2681 5335 epistola
2703 5266 3083 5321 contristasset
3102 5267 3170 5321 ad
3195 5274 3427 5338 tempus,
3452 5274 3512 5320 ut
3532 5280 3773 5335 corpore

2180 5370 2278 5426 per
2295 5355 2672 5426 pmnitcntiam
2698 5355 3001 5421 laborante,
3035 5357 3255 5427 spiritus
3276 5356 3456 5412 salvus
3483 5355 3662 5421 ﬁeret,
3708 5357 3769 5411 in

2180 5446 2434 5512 secunda,
2478 5460 2547 5501 ne
2582 5446 2637 5501 in
2670 5443 2859 5515 majori
2902 5442 3123 5503 tristitia
3162 5446 3569 5512 absorberetur,
3605 5461 3772 5502 revo-

2181 5555 2269 5603 cat
2310 5548 2377 5603 ad
2412 5547 2729 5614 Ecclesium,
2781 5550 3025 5619 petitque
3061 5557 3287 5605 cunctos
3332 5557 3395 5604 ut
3435 5545 3771 5604 conﬁrment

2182 5647 2237 5702 in
2265 5662 2390 5702 eum
2426 5649 2770 5713 charitatcm,
2796 5658 2851 5705 et
2880 5650 3082 5705 donent
3112 5648 3289 5713 fratri,
3319 5649 3461 5704 sicut
3488 5649 3605 5719 ipse
3631 5647 3768 5702 uni-

2181 5739 2376 5809 cuique
2424 5754 2613 5795 eorum
2657 5740 2714 5795 in
2756 5739 2896 5797 facie
2922 5740 3125 5798 Christi
3172 5741 3488 5807 donaverat,
3529 5738 3767 5811 impletis
