4022 6338
300 344 441 410 273.

771 346 1320 413 ENARRATIONUM
1358 343 1428 404 ΙΝ
1461 343 1611 405 EPP.
1649 344 1855 405 PAULI
1888 346 2016 404 LIB.
2054 345 2194 404 XIV.
2231 378 2301 389 —
2335 346 2406 404 IN
2442 346 2663 407 EPIST.
2700 349 2791 406 AD
2826 349 3075 409 GALAT.

3444 354 3549 411 ΞΝ

296 473 522 537 pactum
560 463 704 535 quod
742 462 1129 536 Hierosolymis
1161 463 1487 531 iccerat,_ut
1510 476 1723 541 semper
1748 476 1880 539 pau-
1906 467 1957 528 Α
1983 466 2155 525 retur,
2199 458 2327 530 quia
2370 467 2427 514 et
2462 459 2756 516 secundum
2795 459 2967 532 legem
3015 460 3320 529 purificavit
3364 477 3424 520 se
3464 479 3551 520 co-

294 570 494 629 perum
520 554 915 611 recordaretur.

372 644 509 703 Cum
554 636 732 701 autem
768 646 985 702 venisset
1013 643 1206 701 Petrus
1238 645 1589 711 Antiochiam,
1609 645 1667 699 in
1691 643 1881 715 faciem

294 735 352 792 ἀ
410 735 579 791 restiti
605 774 623 803 ,
674 734 802 808 quia
851 734 1268 808 reprehensibilis
1317 743 1431 791 erat
1477 732 1706 806 (Ambr.)
1752 733 1884 791 Post

295 826 655 884 concordiam
682 806 960 882 societatis
1002 833 1059 882 et
1102 806 1571 883 hduoriﬂcentiam
1616 825 1881 897 primatus

294 929 471 986 quam
495 915 599 972 sibi
623 914 858 977 invicem
882 931 982 988 per
1006 914 1103 972 Dei
1123 916 1354 987 gratiam
1383 915 1711 982 detulerunt,
1736 931 1882 973 nunc

296 1006 701 1065 interveniente
752 1022 917 1064 causa
964 1007 1321 1079 negligentiae,
1360 1007 1446 1064 vel
1476 1008 1700 1075 erroris,
1728 1007 1883 1064 dissi-

297 1098 435 1155 dere
474 1097 618 1157 inter
662 1111 722 1155 se
766 1097 1017 1154 videntur
1061 1098 1338 1171 Apostoli,
1389 1114 1495 1156 non
1552 1099 1607 1154 in
1659 1099 1879 1170 propria

296 1204 489 1255 causa,
541 1189 637 1246 sed
678 1190 737 1245 in
778 1189 1139 1247 sollicitudine
1173 1190 1450 1247 Ecclesiae.
1478 1189 1547 1249 In
1569 1190 1757 1261 faciem
1779 1190 1878 1256 illi,

294 1280 501 1350 inquit,
540 1280 909 1350 restiti:Quid
953 1290 1036 1338 est
1071 1283 1212 1338 hoc?
1238 1283 1345 1339 nisi
1400 1283 1454 1338 in
1506 1284 1790 1355 prmsentia
1829 1284 1879 1339 ei

296 1368 643 1429 contradixi?
668 1368 737 1425 Et
756 1384 863 1441 qua
884 1385 1049 1427 causa
1071 1370 1370 1442 subiunxit,
1393 1372 1581 1429 dicens
1594 1390 1616 1427 .:
1647 1371 1785 1439 Quia
1808 1386 1883 1427 re-

292 1459 662 1530 prekensibilt's
696 1470 830 1515 erat.
854 1459 1315 1532 Reprehensibilis
1340 1463 1527 1534 utique
1550 1463 1621 1518 ab
1646 1477 1880 1535 evange-

294 1551 407 1608 lica
432 1552 683 1619 veritate,
708 1552 797 1608 cui
822 1553 925 1608 boc
944 1551 1144 1609 factum
1164 1551 1572 1610 adversabatur.
1597 1552 1732 1607 Nam
1758 1553 1880 1623 quis

293 1640 492 1699 eo'rnm
539 1644 764 1699 auderet
812 1642 976 1701 Petro
1023 1645 1199 1715 primo
1240 1643 1506 1715 apostolo,
1567 1644 1655 1700 cui
1700 1644 1882 1700 claves

294 1736 457 1807 regni
499 1735 765 1792 emlorum
810 1736 1070 1793 Dominus
1097 1737 1267 1806 dedit,
1306 1738 1579 1803 resistere,
1608 1737 1713 1794 nisi
1741 1738 1880 1793 alius

1981 556 2155 615 actus,
2183 555 2237 605 et
2263 547 2606 605 Timotheum
2642 551 2983 607 circumcidit
3025 551 3245 609 invitus.
3289 553 3395 611 Sed
3428 571 3575 611 cum.

1980 640 2224 696 uidissent
2248 641 2372 699 auia
2399 658 2521 705 non
2546 651 2688 698 recta
2720 643 2805 698 via
2836 643 3140 700 incedebant
3169 645 3240 700 ad
3281 654 3549 703 ueritatem

1980 729 2273 802 Evangelii,
2315 731 2430 787 dixi
2472 729 2635 791 Petro
2658 749 2834 789 coram
2854 734 3116 795 omnibus.
3140 733 3264 797 Ideo
3290 736 3346 792 in
3374 735 3549 793 solum

1980 821 2203 883 Petrum
2234 824 2529 893 invehitur,
2555 832 2615 880 ut
2646 825 2703 881 in
2730 840 2796 883 eo
2819 825 2909 897 qui
2940 826 3147 897 primus
3172 838 3259 884 est
3282 828 3554 885 discerent

1982 917 2184 972 caeteri.
2230 913 2368 973 Situ
2396 933 2517 972 cum
2560 916 2785 973 Iudicas
2829 918 2920 984 sis,
2961 918 3294 991 gentiliteret
3319 934 3423 974 non
3454 919 3552 989 ju-

1980 1006 2131 1062 daice
2158 1007 2309 1075 vivis,
2334 1006 2595 1079 quomodo
2640 1019 2815 1081 gentes
2868 1011 3008 1082 cogis
3044 1010 3363 1082 judaizare?
3398 1008 3557 1067 Nunc.

1982 1098 2197 1169 aperuit
2240 1100 2939 1172 causam-reprehensionis
2972 1119 2985 1155 :
3015 1116 3125 1157 nou
3167 1102 3311 1158 enim
3352 1100 3553 1172 aliquid

1980 1189 2175 1247 fuisset
2199 1191 2426 1257 erroris,
2475 1192 2520 1248 si
2556 1195 2908 1263 praesentibus
2934 1194 3135 1251 Iudaeis
3157 1195 3553 1253 dissimulasset

1981 1294 2010 1333 a
2041 1279 2349 1351 gentilibus,
2379 1279 2579 1337 timens
2612 1283 2923 1338 scandalum
2950 1301 2962 1338 :
2987 1283 3083 1339 sed
3112 1285 3202 1340 bic
3242 1294 3353 1340 tota
3390 1300 3553 1341 causa

1980 1368 2431 1438 reprehensionis.
2462 1378 2547 1426 est
2574 1410 2589 1435 ,
2649 1372 2777 1440 quia
2826 1371 3234 1431 advenientibus
3276 1372 3475 1433 ludatis
3522 1390 3553 1429 a

1979 1459 2206 1527 Iacobo,
2250 1475 2359 1516 non
2404 1461 2578 1519 solum
2614 1465 2932 1535 segregabat
2973 1480 3031 1521 se
3058 1465 3131 1521 ab
3152 1465 3257 1532 eis,
3293 1481 3414 1521 cum
3437 1466 3555 1536 qui-

1981 1551 2082 1608 bus
2109 1551 2381 1624 gentiliter
2418 1554 2649 1620 vixerat,
2677 1557 2769 1612 sed
2790 1566 2844 1612 et
2877 1557 3231 1629 compellebat
3258 1574 3355 1615 eos
3373 1558 3551 1630 iudai-

1983 1659 2131 1711 zare,
2168 1659 2333 1701 causa
2359 1645 2569 1703 timoris
2610 1647 2846 1715 illorum,
2889 1650 3100 1720 utquid
3142 1651 3335 1706 horum
3364 1666 3551 1707 verum

1980 1740 2145 1800 esset,
2169 1733 2484 1805 ignorarent
2520 1737 2780 1807 gentiles;
2813 1739 3062 1795 sciebant
3089 1739 3232 1794 enim
3264 1740 3435 1811 ipsum
3465 1755 3554 1796 se-

292 1828 449 1896 talis,
480 1829 574 1899 qui
601 1828 798 1886 ﬁducia
826 1829 1107 1887 electionis
1135 1846 1265 1896 sum,
1293 1831 1469 1887 sciens
1493 1846 1552 1887 se
1577 1847 1683 1887 non
1714 1832 1882 1904 impa-
1910 1840 1956 1902 Β
1983 1840 2108 1880 cum
2132 1839 2242 1881 non
2269 1826 2423 1897 quasi
2446 1824 2689 1883 Judaeum
2715 1828 2916 1884 vixisse
2942 1847 2956 1883 :
2985 1838 3108 1902 post
3130 1838 3313 1887 autem
3337 1829 3547 1887 audien.

292 1935 439 1987 rem,
483 1928 794 1979 constanter
830 1918 1182 1993 improbaret,
1227 1920 1370 1991 quod
1398 1920 1487 1976 ille
1511 1922 1628 1977 sine
1653 1920 1880 1978 consilio

295 2012 531 2070 fecerat.
562 2011 767 2085 (Greg.)
792 2012 931 2071 Sunt
948 2028 1078 2069 vero
1104 2013 1368 2079 nonnulli,
1399 2013 1492 2083 qui
1521 2028 1628 2069 non
1656 2013 1879 2069 Petrum

292 2103 668 2175 apostolorum
686 2105 1015 2178 principem,
1035 2106 1131 2162 sed
1151 2122 1271 2161 esse
1302 2106 1590 2176 quemdam
1619 2107 1783 2162 alium
1812 2122 1879 2164 eo

292 2194 543 2261 nomine,
592 2195 685 2265 qui
731 2211 763 2251 a
811 2195 979 2254 Paulo
1009 2206 1095 2254 est
1131 2199 1515 2270 reprehensus,
1563 2199 1876 2270 accipiunt:

290 2287 391 2356 qui
426 2287 473 2342 si
508 2286 656 2342 Pauli
693 2288 919 2360 apostoli
958 2290 1251 2346 studiosius
1276 2291 1443 2348 verba
1468 2291 1741 2362 legissent,
1776 2290 1880 2346 ista

292 2393 409 2432 non
436 2378 698 2435 dicerent.
734 2378 987 2436 Dicturus
1013 2382 1214 2438 etenim
1244 2381 1464 2448 Paulus,
1495 2380 1630 2438 Cum
1662 2382 1879 2437 uenisset

296 2464 495 2523 Petrus
518 2468 875 2536 Antiochiam,
897 2470 952 2525 in
976 2469 1163 2541 faciem
1190 2472 1238 2526 ei
1261 2472 1444 2539 restiti,
1470 2480 1532 2527 ut
1558 2472 1625 2528 de
1651 2486 1759 2542 quo
1786 2470 1884 2529 Pe—

295 2567 387 2614 tro
431 2558 746 2629 loqueretur
781 2562 1116 2627 ostenderet,
1157 2561 1210 2616 in
1250 2562 1368 2633 ipso
1397 2577 1509 2618 suae
1549 2562 1881 2619 narrationis

292 2651 459 2708 initio
502 2650 765 2720 przcmisit
803 2650 1024 2706 dicens:
1051 2649 1318 2707 Creditum
1360 2662 1435 2708 est
1472 2653 1600 2709 mihi
1639 2652 1880 2724 Evange-

291 2739 430 2795 lium
465 2740 733 2811 pricputii,
771 2741 907 2795 sicut
944 2738 1105 2797 Petro
1140 2742 1587 2807 circumcisionis;
1615 2742 1705 2813 qui
1739 2743 1878 2797 enim

294 2840 545 2899 operatus
567 2841 641 2883 est
668 2826 829 2885 Petro
856 2832 909 2884 in
932 2831 1283 2901 apostolatum
1303 2831 1736 2899 circumcisionis,
1761 2849 1883 2903 ope-

292 2932 448 2975 ratus
478 2930 553 2975 est
582 2930 631 2974 et
660 2920 788 2976 mihi
812 2921 949 2977 inter
977 2932 1172 2994 gentes.
1218 2921 1374 2978 Patet
1397 2938 1528 2993 ergo
1554 2923 1621 2979 de
1646 2939 1756 2995 quo
1780 2924 1882 2982 Pe-

294 3020 390 3067 tro
414 3011 613 3067 Paulus
653 3011 912 3083 loquitur,
936 3028 1098 3083 quem
1127 3021 1183 3070 et
1210 3013 1510 3085 apostolum
1534 3016 1796 3082 nominat,
1826 3025 1882 3072 et

291 3100 582 3174 praefuisse
619 3102 910 3174 Evangelia
942 3104 1374 3162 circumcisionis
1418 3116 1624 3162 narrat.
1666 3106 1735 3164 Et
1758 3107 1879 3164 fue-

1983 1922 2068 1971 tes
2115 1916 2185 1971 ab
2211 1917 2427 1987 eoquia
2466 1916 2772 1974 Judaeorum
2818 1920 2992 1976 instar
3037 1920 3366 1991 sequendum
3415 1930 3555 1989 erat,

1983 2004 2307 2061 hmsitabant
2341 2007 2529 2079 utique
2564 2008 2695 2079 quid
2728 2019 2874 2066 esset
2905 2026 3117 2067 verum.
3150 2011 3209 2067 Si
3239 2013 3343 2070 hoc
3368 2029 3557 2070 verum

1982 2104 2101 2152 erat
2120 2106 2179 2152 ut
2193 2095 2555 2166 iudaizarent,
2582 2100 2756 2172 ipsum
2784 2104 3256 2172 praevaricatorem
3279 2103 3554 2170 tenebant,

1982 2188 2108 2258 quia
2136 2189 2413 2259 gentiliter
2451 2191 2662 2247 vixerat
2690 2211 2703 2247 :
2737 2194 2783 2248 si
2821 2202 3004 2249 autem
3040 2194 3172 2251 illud
3198 2194 3391 2252 melius
3416 2204 3555 2263 erat,

1983 2288 2039 2336 et
2066 2294 2276 2346 verum,
2318 2289 2378 2336 ut
2413 2282 2729 2353 simpliciter
2753 2284 3011 2347 viverent.
3045 2286 3258 2341 eversio
3286 2293 3406 2341 erat
3432 2299 3541 2358 gen-

1982 2369 2159 2425 tilium
2187 2385 2282 2441 per
2311 2370 2428 2441 ejus
2455 2373 2751 2443 ignaviam,
2777 2374 2973 2443 quibus
3005 2375 3255 2447 adempto
3280 2376 3441 2441 bono,
3471 2391 3558 2431 res

1984 2460 2252 2518 laboriosa
2284 2470 2340 2518 et
2373 2462 2623 2521 inefﬁcax
2675 2463 3007 2520 tradebatur.
3053 2465 3343 2537 Apostolus
3377 2473 3556 2521 autem

1982 2559 2183 2615 Paulus
2207 2561 2423 2631 quando
2443 2558 2510 2614 ad
2529 2558 2722 2617 horam
2739 2559 2923 2624 cessit,
2939 2573 3047 2614 non
3066 2558 3169 2614 hoc
3187 2565 3242 2613 et
3260 2558 3449 2627 suasit,
3465 2557 3557 2613 sed

1984 2669 2100 2709 rem
2125 2669 2183 2709 se
2208 2652 2533 2725 superﬂuam
2562 2661 2618 2709 et
2642 2653 2858 2709 inanem
2881 2652 3065 2709 facere
3097 2650 3413 2719 clamitavit,
3442 2666 3558 2723 pro-

1982 2752 2104 2815 pter
2131 2740 2370 2799 furorem
2389 2742 2715 2800 Iudaeorum.
2742 2744 2841 2800 Cui
2868 2744 3087 2815 quidem
3118 2745 3197 2801 rei
3232 2760 3338 2800 non
3369 2758 3548 2800 succuo

1982 2832 2222 2899 buisset,
2262 2832 2368 2888 nisi
2415 2848 2581 2889 causa
2620 2834 2986 2900 interluisset,
3038 2850 3146 2906 qua
3187 2835 3411 2891 audacia
3464 2832 3560 2889 Ju—

1984 2922 2223 2977 dzeorum
2251 2920 2604 2992 plurimorum
2629 2938 2686 2979 se
2704 2922 2957 2993 iactaret.
2994 2925 3124 2979 Erat
3165 2934 3345 2980 autem
3375 2923 3560 2979 Timo-

1984 3013 2144 3069 theus
2185 3013 2327 3069 illius
2360 3013 2603 3071 mulieris
2645 3013 2864 3082 Iudaeae,
2916 3024 3072 3086 patre
3113 3026 3292 3071 autem
3326 3015 3558 3081 Graeco;

1985 3106 2127 3161 unde
2166 3104 2368 3162 factum
2390 3114 2497 3173 est,
2525 3114 2585 3161 ut
2608 3086 2795 3162 infans
2816 3107 3110 3164 secundum
3138 3107 3310 3179 legem
3340 3108 3562 3163 minime

292 3199 426 3246 runt
447 3192 667 3262 quidam
696 3193 789 3264 qui
827 3195 1117 3251 secundam
1157 3195 1304 3250 Petri
1341 3196 1648 3268 epistolam,
1687 3198 1740 3254 in
1773 3213 1878 3270 qua
1907 3207 1953 3271 ε
1986 3194 2486 3250 circumcideretur.
2523 3193 2922 3251 insidiabantur
2966 3211 3096 3266 ergo
3134 3196 3477 3268 explorautes
3514 3198 3561 3252 si

292 3283 541 3355 epistolae
565 3282 716 3339 Pauli
738 3284 969 3343 laudaui:
995 3297 1141 3355 sunt,
1166 3285 1282 3357 eius
1301 3289 1544 3346 dicerent
1559 3306 1669 3346 non
1691 3291 1880 3361 fuisse,

294 3372 396 3430 sed
440 3374 489 3429 si
530 3373 773 3445 ejusdem
820 3376 1065 3448 epistolae
1102 3379 1268 3434 verba
1302 3392 1534 3449 pensare
1560 3380 1879 3450 voluissent,

288 3465 459 3536 longe
482 3464 640 3521 aliter
667 3465 872 3523 sentire
894 3477 1146 3539 poterant
1175 3487 1188 3523 :
1220 3469 1277 3527 in
1302 3484 1366 3526 ea
1390 3470 1590 3542 quippe
1616 3472 1881 3544 scriptum

292 3565 401 3619 est,
439 3575 459 3608 ο
489 3571 622 3614 voce
642 3557 861 3629 delapsa
887 3558 957 3615 ad
987 3574 1113 3616 eum
1137 3560 1507 3632 huiuscemodi
1533 3576 1566 3617 a
1593 3564 1879 3634 magniﬁca

294 3643 472 3717 gloria
505 3663 520 3699 :
554 3644 658 3700 Hic
685 3654 763 3701 est
805 3644 982 3702 Filius
1029 3664 1176 3704 meus
1217 3647 1458 3718 dilectus,
1512 3651 1568 3707 in
1604 3668 1708 3722 quo
1752 3654 1882 3708 mihi

293 3736 592 3808 complacui
613 3736 827 3807 (Matth.
849 3738 1039 3812 xvtu);
1062 3758 1082 3792 ι
1101 3750 1262 3811 atque
1277 3742 1649 3815 subiungitur:
1666 3742 1734 3798 Et
1746 3744 1882 3799 hanc

294 3846 471 3887 uocem
497 3846 592 3885 nos
610 3830 931 3899 audivimus,
956 3848 1073 3886 cum
1097 3848 1326 3889 essemus
1348 3828 1467 3888 cum
1484 3834 1598 3905 ipso
1624 3835 1681 3889 in
1707 3844 1883 3891 monte

292 3931 500 3987 saneto.
531 3920 739 3993 Legant
758 3923 940 3994 itaque
960 3904 1331 3996 Evangelium,
1366 3931 1419 3980 et
1444 3904 1693 3996 protinus
1717 3939 1882 3998 agno-

291 4021 454 4071 scent
484 4014 611 4086 quia
655 4029 783 4072 cum
809 4028 912 4070 vox
948 4014 1052 4071 ista
1075 4014 1143 4070 de
1167 4015 1307 4071 cmlo
1330 4015 1499 4082 venit,
1524 4014 1720 4073 Petrus
1750 4030 1882 4087 apo-

292 4104 471 4162 stolns
495 4105 551 4160 in
578 4113 762 4161 monte
795 4119 920 4161 cum
946 4105 1179 4162 Domino
1216 4105 1384 4161 stetit.
1418 4104 1537 4177 Ipse
1570 4120 1702 4179 ergo
1738 4105 1878 4161 hanc

291 4195 584 4268 epistolam
615 4196 853 4268 scripsit,
890 4195 984 4267 qui
1012 4197 1154 4253 hanc
1176 4210 1363 4253 vocem
1389 4197 1442 4252 in
1471 4207 1656 4253 monte
1681 4197 1748 4255 de
1775 4197 1883 4253 Do-

290 4289 447 4343 mino
471 4287 696 4343 audivit.
747 4286 907 4342 Prius
941 4288 1079 4345 enim
1124 4304 1283 4359 quam
1317 4287 1547 4345 venirent
1583 4287 1800 4357 quidam
1846 4305 1880 4343 a

292 4377 524 4443 Iacobo,
556 4393 673 4432 cum
716 4378 951 4449 gentibus
988 4377 1170 4433 edebat
1197 4391 1216 4431 :
1245 4394 1365 4433 cum
1394 4385 1567 4432 autem
1602 4378 1878 4445 venissent,

292 4468 631 4524 subtrahebat
662 4484 737 4534 se,
761 4468 947 4523 timens
969 4485 1055 4524 eos
1083 4469 1174 4541 qui
1195 4483 1261 4523 ea:
1287 4469 1681 4524 circumcisione
1702 4477 1877 4534 erant,

1984 3302 2108 3343 eum
2129 3288 2220 3357 qui
2247 3285 2465 3343 Iudaeus
2483 3295 2645 3344 natus
2667 3295 2808 3355 erat,
2840 3287 3276 3345 incircumcisum
3315 3304 3557 3345 assume-
3634 3290 3641 3301 '

1984 3387 2084 3443 ret,
2124 3378 2269 3448 quod
2298 3377 2546 3434 illicitum
2581 3380 2845 3448 putabant
2875 3375 3183 3435 Iudaeorum
3210 3379 3392 3449 generi
3423 3397 3436 3432 :
3469 3395 3562 3435 oc-

1982 3469 2255 3526 casionem
2289 3477 2611 3540 quaerentes,
2656 3483 2764 3540 qua
2802 3484 2927 3525 eum
2962 3484 3272 3526 eversorem
3311 3477 3561 3525 tenerent

1982 3564 2165 3635 legis:
2213 3563 2320 3619 hac
2365 3578 2530 3619 causa
2556 3562 2623 3619 ad
2674 3562 2864 3618 horam
2917 3562 3081 3618 cessit
3130 3561 3300 3618 furori
3349 3576 3556 3617 eorum.

1982 3652 2253 3726 (Hieron.)
2284 3651 2483 3709 Utilem
2512 3666 2645 3709 vero
2676 3652 3076 3709 simulationem
3105 3660 3159 3708 et
3184 3651 3561 3707 assumendam

1980 3743 2039 3799 in
2068 3752 2330 3815 tempore,
2359 3742 2500 3799 Jebu
2530 3742 2674 3813 regis
2696 3743 2863 3799 lsrael
2888 3758 2989 3799 nos
3015 3743 3205 3799 doceat
3230 3742 3558 3813 exemplum,

1980 3835 2072 3906 qui
2140 3850 2247 3890 non
2307 3834 2570 3905 potuisset
2628 3832 2935 3890 interficere
3003 3833 3311 3889 sacerdotes
3376 3831 3506 3887 Baal
3539 3872 3555 3897 ,

1980 3924 2089 3981 ιιίὲί
2118 3940 2177 3981 se
2207 3923 2456 3980 ﬁnxisset
2498 3923 2634 3979 velle
2674 3922 2874 3978 idolum
2920 3922 3117 3989 colere,
3163 3923 3389 3979 dicens:
3424 3920 3563 3977 Con-

1981 4031 2139 4087 grega
2178 4014 2305 4068 mihi
2345 4029 2526 4068 omnes
2553 4013 2847 4068 sacerdotes
2886 4011 3023 4066 Baal
3046 4026 3065 4063 :
3094 4012 3156 4067 Si
3194 4013 3332 4067 enim
3378 4012 3556 4067 Achab

1980 4105 2186 4161 servivit
2229 4104 2360 4160 Baal
2400 4104 2457 4158 in
2495 4105 2696 4175 paucis,
2738 4121 2831 4175 ego
2878 4103 3101 4159 sentiam
3143 4105 3200 4157 in
3234 4102 3413 4158 multis
3452 4100 3560 4174 (IV

1983 4196 2113 4267 Reg.
2162 4194 2261 4267 x);
2307 4203 2363 4250 et
2399 4193 2568 4250 David
2606 4194 2825 4267 quando
2887 4195 3114 4250 mutavit
3155 4193 3350 4249 faciem
3405 4208 3560 4248 suam

1981 4300 2165 4342 coram
2209 4283 2547 4351 Abimelech,
2579 4295 2637 4341 et
2674 4285 2879 4341 dimisit
2907 4300 3027 4341 eum
3057 4292 3113 4340 et
3140 4285 3289 4341 abiit.
3322 4283 3433 4340 Nec
3461 4280 3563 4339 mi-

1982 4390 2125 4441 rum,
2178 4375 2425 4445 quamvis
2449 4374 2626 4445 iustos
2660 4376 2928 4442 homines,
2970 4384 3147 4432 tamen
3191 4376 3369 4447 aliqua
3397 4376 3563 4431 simu:

1981 4465 2095 4520 lare
2121 4481 2222 4536 pro
2252 4472 2516 4536 tempore,
2545 4467 2615 4523 ob
2644 4483 2797 4522 suam
2823 4476 2879 4523 et
2902 4467 3128 4522 aliorum
3156 4466 3405 4533 salutem,
3434 4482 3553 4522 cum

292 4569 343 4615 et
365 4558 694 4614 simulationi
720 4558 835 4630 ejus
866 4570 1241 4616 consenserunt
1263 4567 1313 4614 ct
1339 4560 1517 4615 cteteri
1553 4557 1755 4624 Judazi,
1800 4559 1875 4614 ita
1907 4567 1956 4627 Ι)
1978 4564 2035 4613 et
2071 4555 2187 4627 ipse
2233 4556 2490 4613 Dominus
2527 4572 2635 4613 non
2671 4558 2876 4614 habens
2899 4567 3181 4630 peccatum
3208 4571 3308 4613 nec
3334 4572 3555 4612 carnem

292 4658 354 4704 ut
376 4657 429 4703 et
462 4647 742 4704 Barnabas
766 4648 1043 4705 duceretur
1070 4649 1137 4704 ab
1174 4649 1257 4705 his
1300 4649 1358 4704 in
1388 4647 1485 4704 illa
1519 4647 1871 4705 simulatione.

1981 4645 2188 4716 peccati
2214 4663 2228 4699 :
2257 4645 2652 4703 simulationem
2680 4647 3001 4718 peccatricis
3035 4646 3219 4702 carnis
3252 4658 3559 4717 assumpse-

293 4738 535 4813 (Ambr.)
576 4738 644 4793 lli
671 4753 861 4795 omnes
895 4737 1066 4796 Judaei
1107 4740 1199 4812 qui
1244 4748 1634 4796 consenserunt
1655 4738 1878 4796 simula-
1983 4737 2077 4799 rit.
2108 4745 2171 4791 ut
2194 4736 2560 4792 coudemnaus
2608 4737 2662 4792 in
2706 4752 2868 4792 carne
2910 4743 3213 4807 peccatum,
3265 4751 3367 4790 nos
3405 4734 3460 4789 in
3501 4751 3560 4791 se

294 4827 433 4885 tioui
475 4826 622 4883 Petri
666 4834 723 4884 et
768 4826 1047 4894 Barnabas,
1092 4829 1250 4885 bona:
1294 4827 1421 4885 fidei
1470 4828 1729 4896 fuerunt;
1779 4830 1877 4886 sed
1984 4825 2189 4883 faceret
2241 4824 2508 4894 iustitiam
2561 4828 2674 4887 Dei.
2725 4827 2954 4898 Legerat
3005 4827 3193 4898 utique
3250 4825 3448 4881 Paulus
3500 4826 3554 4880 in

290 4928 524 4991 propter
567 4918 878 4976 scandalum
907 4919 1121 4976 illorum
1146 4921 1239 4992 qui
1286 4920 1576 4977 veniebant
1601 4936 1632 4975 a
1676 4920 1877 4979 Iacobo
1983 4918 2276 4991 Evangelia
2303 4920 2586 4974 Dominum
2613 4920 3014 4991 praecipientem
3041 4936 3055 4975 :
3091 4918 3154 4974 Si
3177 4928 3350 4973 autem
3375 4932 3560 4988 pecca~

294 5011 480 5084 (erant
500 5010 645 5066 enim
679 5011 1022 5068 aemulatores
1050 5010 1205 5084 legis,
1235 5011 1328 5084 qui
1364 5019 1422 5069 et
1444 5011 1616 5084 legem
1644 5021 1701 5069 et
1722 5012 1881 5070 Chri-

294 5111 442 5158 stum
481 5115 636 5171 acquo
672 5101 797 5173 iure
848 5110 1264 5169 venerarentur,
1308 5117 1437 5174 qum
1513 5110 1703 5159 contra
1754 5102 1879 5160 fidei

298 5190 645 5262 disciplinam
675 5190 802 5262 est),
829 5193 1190 5264 praesentibus
1220 5191 1303 5249 eis
1325 5206 1433 5250 non
1455 5193 1883 5249 commisceban-

297 5289 391 5345 tur
416 5282 684 5355 gentibus.
715 5281 1003 5361 Timebaut
1034 5282 1180 5339 enim
1220 5283 1477 5353 impetum
1518 5281 1757 5345 audaciae
1781 5296 1878 5338 eo-

297 5387 419 5427 rum
440 5372 534 5444 qui
555 5371 952 5430 mmulabantur
992 5373 1186 5445 legem.
1214 5373 1368 5443 Quod
1387 5373 1433 5431 si
1459 5374 1635 5430 solum
1667 5373 1877 5440 luisset,

234 5486 241 5491 ·
294 5480 409 5521 non
436 5473 555 5520 erat
589 5464 1036 5536 reprehensibile,
1077 5466 1174 5522 sed
1213 5465 1270 5521 in
1297 5479 1405 5537 quo
1443 5472 1687 5521 erratum
1713 5473 1797 5521 est
1825 5464 1881 5521 in

294 5556 558 5626 sttitjectis
587 5557 826 5615 astondit
851 5576 865 5612 :
899 5571 1025 5613 nam
1054 5564 1109 5613 et
1134 5557 1250 5627 ipse
1272 5556 1459 5629 utique
1485 5557 1652 5613 cessit
1677 5556 1882 5612 animo-

296 5649 448 5707 sitati
476 5656 533 5706 et
552 5650 790 5707 audacia:
810 5648 1140 5717 Judzeorum,
1170 5649 1367 5705 timens
1392 5662 1460 5704 ne
1488 5663 1586 5720 per
1615 5649 1719 5704 hoc
1737 5648 1881 5718 quod

294 5744 455 5815 facile
488 5755 575 5805 est
613 5745 929 5815 subreperet
955 5745 1290 5815 scandalum,
1320 5745 1466 5819 quod
1491 5743 1702 5803 diﬂicile
1729 5743 1882 5801 seda-

1979 5012 2108 5066 verit
2135 5012 2189 5066 in
2220 5020 2270 5065 te
2297 5011 2462 5082 frater
2489 5021 2631 5078 tuus,
2662 5011 2789 5066 vade
2819 5019 2869 5067 et
2901 5010 3102 5082 corrige
3131 5027 3248 5064 eum
3278 5009 3413 5065 inter
3435 5017 3483 5063 te
3509 5016 3559 5061 et

1979 5102 2150 5174 ipsum
2179 5101 2371 5158 solum.
2403 5101 2465 5158 Si
2494 5111 2543 5158 te
2562 5102 2808 5168 audierit,
2830 5101 3155 5173 lucrifeceris
3177 5099 3559 5170 fratremtuum

1983 5195 2200 5268 (Matth.
2239 5211 2393 5261 xvm,
2436 5193 2567 5250 Luc.
2591 5195 2747 5266 xvii).
2800 5195 2867 5249 Et
2912 5192 3182 5265 quomodo
3210 5189 3560 5261 ,cumvetiam

1982 5288 2050 5342 de
2076 5286 2315 5342 minimis
2349 5285 2608 5341 fratribus
2635 5287 2739 5342 hoc
2773 5283 3075 5341 faciendum
3105 5285 3329 5357 iusserit
3350 5325 3367 5351 ,
3394 5297 3559 5341 ausus

1982 5387 2067 5435 est
2107 5377 2476 5449 apostolorum
2518 5376 2898 5440 maximum,in
2924 5375 3193 5447 publicam
3219 5374 3413 5431 faciem
3447 5382 3557 5429 tam

1982 5468 2309 5541 procaciter,
2361 5476 2472 5524 tam
2516 5477 2828 5527 constanter
2870 5481 3125 5541 arguere,
3168 5466 3272 5522 nisi
3310 5472 3366 5521 et
3395 5463 3558 5525 Petro

1984 5562 2063 5618 sic
2100 5560 2393 5634 placuisset
2433 5560 2606 5634 argui,
2644 5569 2701 5617 et
2720 5558 2920 5616 Paulus
2953 5574 3071 5618 non
3098 5558 3149 5617 ei
3184 5551 3387 5613 faceret
3415 5552 3559 5623 iniu-

1984 5654 2142 5720 riam,
2168 5653 2234 5709 de
2267 5667 2375 5724 quo
2408 5661 2533 5709 ante
2572 5652 2783 5709 dixerat
2811 5669 2826 5705 :
2866 5647 2996 5706 Veni
3031 5646 3448 5717 Hierosolymam
3480 5642 3561 5698 vi—

1987 5745 2108 5802 dere
2137 5742 2374 5831 Petrum,
2401 5755 2449 5800 et
2476 5745 2647 5801 mansi
2686 5742 2976 5814 apud’eum
3012 5740 3193 5796 diebus
3219 5734 3514 5809 quindecim
3537 5747 3560 5799 ξ
