  <div class='ocr_page' id='page_1' title='image "/cluster/home/n/w/nwhite01/storage/ocr_20150623/112/hvd.32044015685407/143.png"; bbox 0 0 4022 6338; ppageno 0'>
   <div class='ocr_carea' id='block_1_1' title="bbox 511 291 621 348">
    <p class='ocr_par' dir='ltr' id='par_1_1' title="bbox 511 291 621 348">
     <span class='ocr_line' id='line_1_1' title="bbox 511 291 621 348; baseline 0.018 -2"><span class='ocrx_word' id='word_1_1' title='bbox 511 291 621 348; x_wconf 69' lang='lat'><strong>875</strong></span> 
     </span>
    </p>
   </div>
   <div class='ocr_carea' id='block_1_2' title="bbox 1133 298 3765 368">
    <p class='ocr_par' dir='ltr' id='par_1_2' title="bbox 1133 298 3765 368">
     <span class='ocr_line' id='line_1_2' title="bbox 1133 298 3765 368; baseline 0.006 -15"><span class='ocrx_word' id='word_1_2' title='bbox 1133 298 1195 354; x_wconf 87' lang='grc' dir='ltr'><strong>Β.</strong></span> <span class='ocrx_word' id='word_1_3' title='bbox 1237 298 1490 356; x_wconf 77' lang='lat' dir='ltr'><strong>RABANI</strong></span> <span class='ocrx_word' id='word_1_4' title='bbox 1524 299 1743 356; x_wconf 80' lang='lat' dir='ltr'><strong>MAURI</strong></span> <span class='ocrx_word' id='word_1_5' title='bbox 1778 299 2096 357; x_wconf 79' lang='lat' dir='ltr'><strong>ABCHIEP.</strong></span> <span class='ocrx_word' id='word_1_6' title='bbox 2135 300 2444 363; x_wconf 76' lang='lat' dir='ltr'><strong>MOGUNT.</strong></span> <span class='ocrx_word' id='word_1_7' title='bbox 2485 301 2768 362; x_wconf 80' lang='lat' dir='ltr'><strong>OPERUM</strong></span> <span class='ocrx_word' id='word_1_8' title='bbox 2802 306 2982 364; x_wconf 76' lang='lat' dir='ltr'><strong>PARS</strong></span> <span class='ocrx_word' id='word_1_9' title='bbox 3017 308 3103 367; x_wconf 83' lang='grc' dir='ltr'><strong>ΙΙΙ.</strong></span> <span class='ocrx_word' id='word_1_10' title='bbox 3646 311 3765 368; x_wconf 72' lang='lat'><strong>276</strong></span> 
     </span>
    </p>
   </div>
   <div class='ocr_carea' id='block_1_3' title="bbox 516 403 3767 488">
    <p class='ocr_par' dir='ltr' id='par_1_3' title="bbox 516 403 3767 488">
     <span class='ocr_line' id='line_1_3' title="bbox 516 403 3767 488; baseline 0.006 -29"><span class='ocrx_word' id='word_1_11' title='bbox 516 403 682 459; x_wconf 87' lang='lat' dir='ltr'><strong>alium</strong></span> <span class='ocrx_word' id='word_1_12' title='bbox 713 414 885 459; x_wconf 84' lang='lat' dir='ltr'><strong>autem</strong></span> <span class='ocrx_word' id='word_1_13' title='bbox 910 407 1258 474; x_wconf 76' lang='lat' dir='ltr'><strong>apostolorum</strong></span> <span class='ocrx_word' id='word_1_14' title='bbox 1286 410 1391 464; x_wconf 86' lang='lat' dir='ltr'><strong>vidi</strong></span> <span class='ocrx_word' id='word_1_15' title='bbox 1415 410 1668 465; x_wconf 82' lang='lat' dir='ltr'><strong>neminem</strong></span> <span class='ocrx_word' id='word_1_16' title='bbox 1699 408 1899 481; x_wconf 87' lang='lat' dir='ltr'><strong>(Galat.</strong></span> <span class='ocrx_word' id='word_1_17' title='bbox 1924 409 1986 481; x_wconf 88' lang='grc' dir='ltr'><strong>ι).</strong></span> <span class='ocrx_word' id='word_1_18' title='bbox 2019 408 2079 467; x_wconf 89' lang='lat' dir='ltr'><strong>Si</strong></span> <span class='ocrx_word' id='word_1_19' title='bbox 2104 416 2160 478; x_wconf 79' lang='grc' dir='ltr'><strong>Α</strong></span> <span class='ocrx_word' id='word_1_20' title='bbox 2180 414 2324 470; x_wconf 88' lang='lat' dir='ltr'><strong>enim</strong></span> <span class='ocrx_word' id='word_1_21' title='bbox 2348 414 2499 485; x_wconf 88' lang='lat' dir='ltr'><strong>signa</strong></span> <span class='ocrx_word' id='word_1_22' title='bbox 2518 425 2643 471; x_wconf 90' lang='lat' dir='ltr'><strong>sunt</strong></span> <span class='ocrx_word' id='word_1_23' title='bbox 2665 432 2842 472; x_wconf 89' lang='lat' dir='ltr'><strong>rerum</strong></span> <span class='ocrx_word' id='word_1_24' title='bbox 2864 419 3203 488; x_wconf 75' lang='lat' dir='ltr'><strong>spiritalium.</strong></span> <span class='ocrx_word' id='word_1_25' title='bbox 3230 418 3410 476; x_wconf 78' lang='lat' dir='ltr'><strong>Mitem</strong></span> <span class='ocrx_word' id='word_1_26' title='bbox 3431 428 3613 478; x_wconf 84' lang='lat' dir='ltr'><strong>autem</strong></span> <span class='ocrx_word' id='word_1_27' title='bbox 3636 439 3767 480; x_wconf 84' lang='lat' dir='ltr'><strong>esse</strong></span> 
     </span>
    </p>
   </div>
   <div class='ocr_carea' id='block_1_4' title="bbox 515 493 2084 569">
    <p class='ocr_par' dir='ltr' id='par_1_4' title="bbox 515 493 2084 569">
     <span class='ocr_line' id='line_1_4' title="bbox 515 493 2084 569; baseline 0.004 -20"><span class='ocrx_word' id='word_1_28' title='bbox 515 504 592 557; x_wconf 88' lang='lat' dir='ltr'><strong>tu.</strong></span> <span class='ocrx_word' id='word_1_29' title='bbox 619 494 813 564; x_wconf 81' lang='lat' dir='ltr'><strong>inquit,</strong></span> <span class='ocrx_word' id='word_1_30' title='bbox 855 510 973 547; x_wconf 85' lang='lat' dir='ltr'><strong>cum</strong></span> <span class='ocrx_word' id='word_1_31' title='bbox 1004 493 1226 552; x_wconf 68' lang='lat' dir='ltr'><strong>ludarus</strong></span> <span class='ocrx_word' id='word_1_32' title='bbox 1260 500 1356 564; x_wconf 89' lang='lat' dir='ltr'><strong>sis,</strong></span> <span class='ocrx_word' id='word_1_33' title='bbox 1389 498 1648 569; x_wconf 70' lang='lat' dir='ltr'><strong>gentiliter</strong></span> <span class='ocrx_word' id='word_1_34' title='bbox 1668 509 1716 553; x_wconf 85' lang='lat' dir='ltr'><strong>et</strong></span> <span class='ocrx_word' id='word_1_35' title='bbox 1750 516 1854 553; x_wconf 88' lang='lat' dir='ltr'><strong>non</strong></span> <span class='ocrx_word' id='word_1_36' title='bbox 1869 499 2084 568; x_wconf 73' lang='lat' dir='ltr'><strong>iudaice</strong></span> 
     </span>
    </p>
   </div>
   <div class='ocr_carea' id='block_1_5' title="bbox 511 584 2085 659">
    <p class='ocr_par' dir='ltr' id='par_1_5' title="bbox 511 584 2085 659">
     <span class='ocr_line' id='line_1_5' title="bbox 511 584 2085 659; baseline 0.003 -19"><span class='ocrx_word' id='word_1_37' title='bbox 511 584 677 652; x_wconf 70' lang='lat' dir='ltr'><strong>uiuis,</strong></span> <span class='ocrx_word' id='word_1_38' title='bbox 720 586 976 649; x_wconf 86' lang='lat' dir='ltr'><strong>quomoda</strong></span> <span class='ocrx_word' id='word_1_39' title='bbox 1028 598 1201 657; x_wconf 89' lang='lat' dir='ltr'><strong>gentes</strong></span> <span class='ocrx_word' id='word_1_40' title='bbox 1255 590 1397 659; x_wconf 86' lang='lat' dir='ltr'><strong>cogis</strong></span> <span class='ocrx_word' id='word_1_41' title='bbox 1431 589 1750 657; x_wconf 75' lang='lat' dir='ltr'><strong>judaisare?</strong></span> <span class='ocrx_word' id='word_1_42' title='bbox 1796 588 2085 645; x_wconf 87' lang='lat' dir='ltr'><strong>Indissoln-</strong></span> 
     </span>
    </p>
   </div>
   <div class='ocr_carea' id='block_1_6' title="bbox 512 674 2086 749">
    <p class='ocr_par' dir='ltr' id='par_1_6' title="bbox 512 674 2086 749">
     <span class='ocr_line' id='line_1_6' title="bbox 512 674 2086 749; baseline 0.003 -19"><span class='ocrx_word' id='word_1_43' title='bbox 512 674 612 730; x_wconf 88' lang='lat' dir='ltr'><strong>bili</strong></span> <span class='ocrx_word' id='word_1_44' title='bbox 642 684 964 747; x_wconf 89' lang='lat' dir='ltr'><strong>argumento</strong></span> <span class='ocrx_word' id='word_1_45' title='bbox 989 677 1312 747; x_wconf 89' lang='lat' dir='ltr'><strong>constringit</strong></span> <span class='ocrx_word' id='word_1_46' title='bbox 1337 679 1579 745; x_wconf 89' lang='lat' dir='ltr'><strong>Petrum,</strong></span> <span class='ocrx_word' id='word_1_47' title='bbox 1609 678 1717 733; x_wconf 92' lang='lat' dir='ltr'><strong>imo</strong></span> <span class='ocrx_word' id='word_1_48' title='bbox 1741 693 1839 749; x_wconf 89' lang='lat' dir='ltr'><strong>per</strong></span> <span class='ocrx_word' id='word_1_49' title='bbox 1864 678 2086 735; x_wconf 89' lang='lat' dir='ltr'><strong>Petrum</strong></span> 
     </span>
    </p>
   </div>
   <div class='ocr_carea' id='block_1_7' title="bbox 512 766 2082 840">
    <p class='ocr_par' dir='ltr' id='par_1_7' title="bbox 512 766 2082 840">
     <span class='ocr_line' id='line_1_7' title="bbox 512 766 2082 840; baseline 0.004 -21"><span class='ocrx_word' id='word_1_50' title='bbox 512 778 608 821; x_wconf 89' lang='lat' dir='ltr'><strong>eos</strong></span> <span class='ocrx_word' id='word_1_51' title='bbox 657 766 748 835; x_wconf 92' lang='lat' dir='ltr'><strong>qui</strong></span> <span class='ocrx_word' id='word_1_52' title='bbox 775 767 1069 836; x_wconf 75' lang='lat' dir='ltr'><strong>pugnantia</strong></span> <span class='ocrx_word' id='word_1_53' title='bbox 1110 767 1261 822; x_wconf 90' lang='lat' dir='ltr'><strong>illum</strong></span> <span class='ocrx_word' id='word_1_54' title='bbox 1307 769 1448 825; x_wconf 89' lang='lat' dir='ltr'><strong>inter</strong></span> <span class='ocrx_word' id='word_1_55' title='bbox 1478 783 1538 825; x_wconf 89' lang='lat' dir='ltr'><strong>se</strong></span> <span class='ocrx_word' id='word_1_56' title='bbox 1580 768 1757 825; x_wconf 86' lang='lat' dir='ltr'><strong>facere</strong></span> <span class='ocrx_word' id='word_1_57' title='bbox 1783 770 2082 840; x_wconf 73' lang='lat' dir='ltr'><strong>cogebant:</strong></span> 
     </span>
    </p>
   </div>
   <div class='ocr_carea' id='block_1_8' title="bbox 513 851 2087 925">
    <p class='ocr_par' dir='ltr' id='par_1_8' title="bbox 513 851 2087 925">
     <span class='ocr_line' id='line_1_8' title="bbox 513 851 2087 925; baseline 0.005 -16"><span class='ocrx_word' id='word_1_58' title='bbox 513 851 594 918; x_wconf 85' lang='lat' dir='ltr'><strong>Si,</strong></span> <span class='ocrx_word' id='word_1_59' title='bbox 625 855 819 925; x_wconf 89' lang='lat' dir='ltr'><strong>inquit,</strong></span> <span class='ocrx_word' id='word_1_60' title='bbox 847 855 1026 922; x_wconf 87' lang='lat' dir='ltr'><strong>Petre,</strong></span> <span class='ocrx_word' id='word_1_61' title='bbox 1074 865 1133 911; x_wconf 91' lang='lat' dir='ltr'><strong>tu</strong></span> <span class='ocrx_word' id='word_1_62' title='bbox 1178 866 1371 913; x_wconf 91' lang='lat' dir='ltr'><strong>natura</strong></span> <span class='ocrx_word' id='word_1_63' title='bbox 1407 856 1643 923; x_wconf 66' lang='lat' dir='ltr'><strong>Iudaeus,</strong></span> <span class='ocrx_word' id='word_1_64' title='bbox 1674 858 2027 916; x_wconf 84' lang='lat' dir='ltr'><strong>circumcisus</strong></span> <span class='ocrx_word' id='word_1_65' title='bbox 2053 875 2087 917; x_wconf 89' lang='lat' dir='ltr'><strong>a</strong></span> 
     </span>
    </p>
   </div>
   <div class='ocr_carea' id='block_1_9' title="bbox 512 947 2082 1019">
    <p class='ocr_par' dir='ltr' id='par_1_9' title="bbox 512 947 2082 1019">
     <span class='ocr_line' id='line_1_9' title="bbox 512 947 2082 1019; baseline 0.004 -21"><span class='ocrx_word' id='word_1_66' title='bbox 512 958 683 1015; x_wconf 83' lang='lat' dir='ltr'><strong>parva</strong></span> <span class='ocrx_word' id='word_1_67' title='bbox 703 952 891 1015; x_wconf 67' lang='lat' dir='ltr'><strong>artata,</strong></span> <span class='ocrx_word' id='word_1_68' title='bbox 928 954 984 1001; x_wconf 92' lang='lat' dir='ltr'><strong>et</strong></span> <span class='ocrx_word' id='word_1_69' title='bbox 1010 947 1263 1003; x_wconf 90' lang='lat' dir='ltr'><strong>universa</strong></span> <span class='ocrx_word' id='word_1_70' title='bbox 1294 948 1429 1019; x_wconf 81' lang='lat' dir='ltr'><strong>legis</strong></span> <span class='ocrx_word' id='word_1_71' title='bbox 1462 957 1729 1019; x_wconf 68' lang='lat' dir='ltr'><strong>prmeepta</strong></span> <span class='ocrx_word' id='word_1_72' title='bbox 1756 950 2082 1017; x_wconf 82' lang='lat' dir='ltr'><strong>custodiens,</strong></span> 
     </span>
    </p>
   </div>
   <div class='ocr_carea' id='block_1_10' title="bbox 512 1033 2089 1109">
    <p class='ocr_par' dir='ltr' id='par_1_10' title="bbox 512 1033 2089 1109">
     <span class='ocr_line' id='line_1_10' title="bbox 512 1033 2089 1109; baseline 0.004 -21"><span class='ocrx_word' id='word_1_73' title='bbox 512 1048 660 1089; x_wconf 89' lang='lat' dir='ltr'><strong>nunc</strong></span> <span class='ocrx_word' id='word_1_74' title='bbox 692 1034 762 1089; x_wconf 91' lang='lat' dir='ltr'><strong>ob</strong></span> <span class='ocrx_word' id='word_1_75' title='bbox 800 1035 1028 1105; x_wconf 91' lang='lat' dir='ltr'><strong>gratiam</strong></span> <span class='ocrx_word' id='word_1_76' title='bbox 1073 1033 1295 1103; x_wconf 90' lang='lat' dir='ltr'><strong>Christi,</strong></span> <span class='ocrx_word' id='word_1_77' title='bbox 1345 1036 1452 1092; x_wconf 91' lang='lat' dir='ltr'><strong>scis</strong></span> <span class='ocrx_word' id='word_1_78' title='bbox 1496 1052 1577 1107; x_wconf 65' lang='lat' dir='ltr'><strong>ea</strong></span> <span class='ocrx_word' id='word_1_79' title='bbox 1607 1037 1743 1093; x_wconf 87' lang='lat' dir='ltr'><strong>nihil</strong></span> <span class='ocrx_word' id='word_1_80' title='bbox 1778 1052 1875 1109; x_wconf 87' lang='lat' dir='ltr'><strong>per</strong></span> <span class='ocrx_word' id='word_1_81' title='bbox 1903 1053 1962 1093; x_wconf 88' lang='lat' dir='ltr'><strong>se</strong></span> <span class='ocrx_word' id='word_1_82' title='bbox 1990 1038 2089 1095; x_wconf 89' lang='lat' dir='ltr'><strong>ha-</strong></span> 
     </span>
    </p>
   </div>
   <div class='ocr_carea' id='block_1_11' title="bbox 509 1122 2083 1199">
    <p class='ocr_par' dir='ltr' id='par_1_11' title="bbox 509 1122 2083 1199">
     <span class='ocr_line' id='line_1_11' title="bbox 509 1122 2083 1199; baseline 0.004 -22"><span class='ocrx_word' id='word_1_83' title='bbox 509 1122 643 1178; x_wconf 86' lang='lat' dir='ltr'><strong>bere</strong></span> <span class='ocrx_word' id='word_1_84' title='bbox 684 1123 951 1190; x_wconf 84' lang='lat' dir='ltr'><strong>utilitatis,</strong></span> <span class='ocrx_word' id='word_1_85' title='bbox 1001 1125 1095 1180; x_wconf 90' lang='lat' dir='ltr'><strong>sed</strong></span> <span class='ocrx_word' id='word_1_86' title='bbox 1128 1126 1454 1197; x_wconf 82' lang='lat' dir='ltr'><strong>exemplaria</strong></span> <span class='ocrx_word' id='word_1_87' title='bbox 1481 1141 1602 1182; x_wconf 89' lang='lat' dir='ltr'><strong>esse</strong></span> <span class='ocrx_word' id='word_1_88' title='bbox 1628 1135 1684 1182; x_wconf 89' lang='lat' dir='ltr'><strong>et</strong></span> <span class='ocrx_word' id='word_1_89' title='bbox 1711 1126 1972 1199; x_wconf 83' lang='lat' dir='ltr'><strong>imagines</strong></span> <span class='ocrx_word' id='word_1_90' title='bbox 2005 1126 2083 1183; x_wconf 56' lang='lat' dir='ltr'><strong>fu.</strong></span> 
     </span>
    </p>
   </div>
   <div class='ocr_carea' id='block_1_12' title="bbox 511 1214 2087 1287">
    <p class='ocr_par' dir='ltr' id='par_1_12' title="bbox 511 1214 2087 1287">
     <span class='ocr_line' id='line_1_12' title="bbox 511 1214 2087 1287; baseline 0.004 -21"><span class='ocrx_word' id='word_1_91' title='bbox 511 1220 760 1268; x_wconf 89' lang='lat' dir='ltr'><strong>turorum</strong></span> <span class='ocrx_word' id='word_1_92' title='bbox 804 1253 819 1277; x_wconf 95' lang='lat'><strong>,</strong></span> <span class='ocrx_word' id='word_1_93' title='bbox 846 1222 901 1267; x_wconf 91' lang='lat' dir='ltr'><strong>et</strong></span> <span class='ocrx_word' id='word_1_94' title='bbox 948 1228 1070 1269; x_wconf 90' lang='lat' dir='ltr'><strong>cum</strong></span> <span class='ocrx_word' id='word_1_95' title='bbox 1115 1214 1201 1270; x_wconf 89' lang='lat' dir='ltr'><strong>his</strong></span> <span class='ocrx_word' id='word_1_96' title='bbox 1236 1216 1327 1286; x_wconf 89' lang='lat' dir='ltr'><strong>qui</strong></span> <span class='ocrx_word' id='word_1_97' title='bbox 1351 1230 1417 1270; x_wconf 86' lang='lat' dir='ltr'><strong>ex</strong></span> <span class='ocrx_word' id='word_1_98' title='bbox 1443 1216 1693 1287; x_wconf 80' lang='lat' dir='ltr'><strong>gentibus</strong></span> <span class='ocrx_word' id='word_1_99' title='bbox 1734 1224 1860 1272; x_wconf 91' lang='lat' dir='ltr'><strong>sunt</strong></span> <span class='ocrx_word' id='word_1_100' title='bbox 1905 1216 2087 1273; x_wconf 88' lang='lat' dir='ltr'><strong>cibum</strong></span> 
     </span>
    </p>
   </div>
   <div class='ocr_carea' id='block_1_13' title="bbox 511 1302 2087 1376">
    <p class='ocr_par' dir='ltr' id='par_1_13' title="bbox 511 1302 2087 1376">
     <span class='ocr_line' id='line_1_13' title="bbox 511 1302 2087 1376; baseline 0.004 -19"><span class='ocrx_word' id='word_1_101' title='bbox 511 1302 682 1373; x_wconf 90' lang='lat' dir='ltr'><strong>capis,</strong></span> <span class='ocrx_word' id='word_1_102' title='bbox 727 1318 1064 1373; x_wconf 87' lang='lat' dir='ltr'><strong>nequaquam</strong></span> <span class='ocrx_word' id='word_1_103' title='bbox 1093 1311 1154 1357; x_wconf 90' lang='lat' dir='ltr'><strong>ut</strong></span> <span class='ocrx_word' id='word_1_104' title='bbox 1178 1313 1304 1360; x_wconf 88' lang='lat' dir='ltr'><strong>ante</strong></span> <span class='ocrx_word' id='word_1_105' title='bbox 1346 1306 1738 1376; x_wconf 82' lang='lat' dir='ltr'><strong>superstitiose,</strong></span> <span class='ocrx_word' id='word_1_106' title='bbox 1785 1306 1881 1361; x_wconf 88' lang='lat' dir='ltr'><strong>sed</strong></span> <span class='ocrx_word' id='word_1_107' title='bbox 1918 1305 2087 1363; x_wconf 84' lang='lat' dir='ltr'><strong>libere</strong></span> 
     </span>
    </p>
   </div>
   <div class='ocr_carea' id='block_1_14' title="bbox 509 1392 2089 1469">
    <p class='ocr_par' dir='ltr' id='par_1_14' title="bbox 509 1392 2089 1469">
     <span class='ocr_line' id='line_1_14' title="bbox 509 1392 2089 1469; baseline 0.003 -22"><span class='ocrx_word' id='word_1_108' title='bbox 509 1403 568 1448; x_wconf 89' lang='lat' dir='ltr'><strong>et</strong></span> <span class='ocrx_word' id='word_1_109' title='bbox 597 1392 966 1450; x_wconf 81' lang='lat' dir='ltr'><strong>indifferenter</strong></span> <span class='ocrx_word' id='word_1_110' title='bbox 1000 1394 1271 1462; x_wconf 78' lang='lat' dir='ltr'><strong>victitans,</strong></span> <span class='ocrx_word' id='word_1_111' title='bbox 1309 1397 1580 1469; x_wconf 90' lang='lat' dir='ltr'><strong>quomodo</strong></span> <span class='ocrx_word' id='word_1_112' title='bbox 1604 1411 1718 1465; x_wconf 77' lang='lat' dir='ltr'><strong>eos,</strong></span> <span class='ocrx_word' id='word_1_113' title='bbox 1745 1398 1838 1468; x_wconf 91' lang='lat' dir='ltr'><strong>qui</strong></span> <span class='ocrx_word' id='word_1_114' title='bbox 1864 1412 1931 1454; x_wconf 87' lang='lat' dir='ltr'><strong>ex</strong></span> <span class='ocrx_word' id='word_1_115' title='bbox 1960 1413 2089 1469; x_wconf 90' lang='lat' dir='ltr'><strong>geu-</strong></span> 
     </span>
    </p>
   </div>
   <div class='ocr_carea' id='block_1_15' title="bbox 406 1485 2087 1561">
    <p class='ocr_par' dir='ltr' id='par_1_15' title="bbox 406 1485 2087 1561">
     <span class='ocr_line' id='line_1_15' title="bbox 406 1485 2087 1561; baseline 0.005 -23"><span class='ocrx_word' id='word_1_116' title='bbox 406 1490 415 1495; x_wconf 88' lang='lat'>’</span> <span class='ocrx_word' id='word_1_117' title='bbox 513 1485 657 1541; x_wconf 86' lang='lat' dir='ltr'><strong>tibus</strong></span> <span class='ocrx_word' id='word_1_118' title='bbox 704 1487 1047 1543; x_wconf 88' lang='lat' dir='ltr'><strong>crediderunt</strong></span> <span class='ocrx_word' id='word_1_119' title='bbox 1085 1504 1228 1544; x_wconf 91' lang='lat' dir='ltr'><strong>nunc</strong></span> <span class='ocrx_word' id='word_1_120' title='bbox 1269 1490 1528 1547; x_wconf 85' lang='lat' dir='ltr'><strong>recedens</strong></span> <span class='ocrx_word' id='word_1_121' title='bbox 1554 1490 1623 1549; x_wconf 89' lang='lat' dir='ltr'><strong>ab</strong></span> <span class='ocrx_word' id='word_1_122' title='bbox 1645 1490 1746 1555; x_wconf 89' lang='lat' dir='ltr'><strong>eis,</strong></span> <span class='ocrx_word' id='word_1_123' title='bbox 1786 1498 1841 1547; x_wconf 91' lang='lat' dir='ltr'><strong>et</strong></span> <span class='ocrx_word' id='word_1_124' title='bbox 1867 1490 2021 1561; x_wconf 89' lang='lat' dir='ltr'><strong>quasi</strong></span> <span class='ocrx_word' id='word_1_125' title='bbox 2055 1506 2087 1546; x_wconf 91' lang='lat' dir='ltr'><strong>a</strong></span> 
     </span>
    </p>
   </div>
   <div class='ocr_carea' id='block_1_16' title="bbox 515 1578 2086 1651">
    <p class='ocr_par' dir='ltr' id='par_1_16' title="bbox 515 1578 2086 1651">
     <span class='ocr_line' id='line_1_16' title="bbox 515 1578 2086 1651; baseline 0.004 -20"><span class='ocrx_word' id='word_1_126' title='bbox 515 1578 902 1633; x_wconf 85' lang='lat' dir='ltr'><strong>contaminatis</strong></span> <span class='ocrx_word' id='word_1_127' title='bbox 936 1587 990 1634; x_wconf 88' lang='lat' dir='ltr'><strong>te</strong></span> <span class='ocrx_word' id='word_1_128' title='bbox 1023 1593 1285 1649; x_wconf 88' lang='lat' dir='ltr'><strong>separans</strong></span> <span class='ocrx_word' id='word_1_129' title='bbox 1324 1590 1380 1637; x_wconf 92' lang='lat' dir='ltr'><strong>et</strong></span> <span class='ocrx_word' id='word_1_130' title='bbox 1423 1579 1683 1647; x_wconf 87' lang='lat' dir='ltr'><strong>secernis,</strong></span> <span class='ocrx_word' id='word_1_131' title='bbox 1727 1595 1797 1641; x_wconf 84' lang='lat' dir='ltr'><strong>en</strong></span> <span class='ocrx_word' id='word_1_132' title='bbox 1848 1580 2086 1651; x_wconf 89' lang='lat' dir='ltr'><strong>compel-</strong></span> 
     </span>
    </p>
   </div>
   <div class='ocr_carea' id='block_1_17' title="bbox 511 1665 2087 1741">
    <p class='ocr_par' dir='ltr' id='par_1_17' title="bbox 511 1665 2087 1741">
     <span class='ocr_line' id='line_1_17' title="bbox 511 1665 2087 1741; baseline 0.006 -23"><span class='ocrx_word' id='word_1_133' title='bbox 511 1665 580 1722; x_wconf 90' lang='lat' dir='ltr'><strong>lis</strong></span> <span class='ocrx_word' id='word_1_134' title='bbox 624 1665 949 1737; x_wconf 82' lang='lat' dir='ltr'><strong>judaizare?</strong></span> <span class='ocrx_word' id='word_1_135' title='bbox 1003 1667 1061 1724; x_wconf 91' lang='lat' dir='ltr'><strong>Si</strong></span> <span class='ocrx_word' id='word_1_136' title='bbox 1115 1669 1260 1725; x_wconf 91' lang='lat' dir='ltr'><strong>enim</strong></span> <span class='ocrx_word' id='word_1_137' title='bbox 1313 1671 1572 1726; x_wconf 89' lang='lat' dir='ltr'><strong>immundi</strong></span> <span class='ocrx_word' id='word_1_138' title='bbox 1633 1679 1760 1727; x_wconf 89' lang='lat' dir='ltr'><strong>sunt</strong></span> <span class='ocrx_word' id='word_1_139' title='bbox 1811 1686 1843 1727; x_wconf 90' lang='lat' dir='ltr'><strong>a</strong></span> <span class='ocrx_word' id='word_1_140' title='bbox 1891 1672 2087 1741; x_wconf 89' lang='lat' dir='ltr'><strong>quibus</strong></span> 
     </span>
    </p>
   </div>
   <div class='ocr_carea' id='block_1_18' title="bbox 2185 504 3766 584">
    <p class='ocr_par' dir='ltr' id='par_1_18' title="bbox 2185 504 3766 584">
     <span class='ocr_line' id='line_1_18' title="bbox 2185 504 3766 584; baseline 0.008 -27"><span class='ocrx_word' id='word_1_141' title='bbox 2185 511 2241 557; x_wconf 90' lang='lat' dir='ltr'><strong>et</strong></span> <span class='ocrx_word' id='word_1_142' title='bbox 2271 504 2526 559; x_wconf 85' lang='lat' dir='ltr'><strong>humilem</strong></span> <span class='ocrx_word' id='word_1_143' title='bbox 2564 506 2847 565; x_wconf 88' lang='lat' dir='ltr'><strong>charitatis</strong></span> <span class='ocrx_word' id='word_1_144' title='bbox 2883 518 3339 574; x_wconf 89' lang='lat' dir='ltr'><strong>conservatorem,</strong></span> <span class='ocrx_word' id='word_1_145' title='bbox 3372 525 3460 566; x_wconf 88' lang='lat' dir='ltr'><strong>res</strong></span> <span class='ocrx_word' id='word_1_146' title='bbox 3494 512 3624 581; x_wconf 74' lang='lat' dir='ltr'><strong>ipsa:</strong></span> <span class='ocrx_word' id='word_1_147' title='bbox 3645 515 3766 584; x_wconf 83' lang='lat' dir='ltr'><strong>spi-</strong></span> 
     </span>
    </p>
   </div>
   <div class='ocr_carea' id='block_1_19' title="bbox 2183 594 3766 671">
    <p class='ocr_par' dir='ltr' id='par_1_19' title="bbox 2183 594 3766 671">
     <span class='ocr_line' id='line_1_19' title="bbox 2183 594 3766 671; baseline 0.007 -23"><span class='ocrx_word' id='word_1_148' title='bbox 2183 594 2373 649; x_wconf 87' lang='lat' dir='ltr'><strong>ritales</strong></span> <span class='ocrx_word' id='word_1_149' title='bbox 2408 604 2554 663; x_wconf 89' lang='lat' dir='ltr'><strong>sunt,</strong></span> <span class='ocrx_word' id='word_1_150' title='bbox 2584 597 2652 652; x_wconf 90' lang='lat' dir='ltr'><strong>ad</strong></span> <span class='ocrx_word' id='word_1_151' title='bbox 2697 612 2831 667; x_wconf 90' lang='lat' dir='ltr'><strong>quas</strong></span> <span class='ocrx_word' id='word_1_152' title='bbox 2862 615 2963 669; x_wconf 89' lang='lat' dir='ltr'><strong>per</strong></span> <span class='ocrx_word' id='word_1_153' title='bbox 2995 599 3085 655; x_wconf 88' lang='lat' dir='ltr'><strong>illa</strong></span> <span class='ocrx_word' id='word_1_154' title='bbox 3111 599 3401 668; x_wconf 84' lang='lat' dir='ltr'><strong>ducuntur,</strong></span> <span class='ocrx_word' id='word_1_155' title='bbox 3440 602 3557 671; x_wconf 90' lang='lat' dir='ltr'><strong>qui,</strong></span> <span class='ocrx_word' id='word_1_156' title='bbox 3585 603 3766 659; x_wconf 84' lang='lat' dir='ltr'><strong>oculis</strong></span> 
     </span>
    </p>
   </div>
   <div class='ocr_carea' id='block_1_20' title="bbox 2185 685 3763 763">
    <p class='ocr_par' dir='ltr' id='par_1_20' title="bbox 2185 685 3763 763">
     <span class='ocr_line' id='line_1_20' title="bbox 2185 685 3763 763; baseline 0.008 -25"><span class='ocrx_word' id='word_1_157' title='bbox 2185 686 2428 756; x_wconf 89' lang='lat' dir='ltr'><strong>corporis</strong></span> <span class='ocrx_word' id='word_1_158' title='bbox 2451 685 2636 754; x_wconf 86' lang='lat' dir='ltr'><strong>dediti,</strong></span> <span class='ocrx_word' id='word_1_159' title='bbox 2663 687 2824 743; x_wconf 87' lang='lat' dir='ltr'><strong>ﬁdem</strong></span> <span class='ocrx_word' id='word_1_160' title='bbox 2864 689 3238 757; x_wconf 88' lang='lat' dir='ltr'><strong>invisibilium,</strong></span> <span class='ocrx_word' id='word_1_161' title='bbox 3268 692 3394 762; x_wconf 89' lang='lat' dir='ltr'><strong>quia</strong></span> <span class='ocrx_word' id='word_1_162' title='bbox 3414 692 3531 763; x_wconf 89' lang='lat' dir='ltr'><strong>jam</strong></span> <span class='ocrx_word' id='word_1_163' title='bbox 3557 694 3625 749; x_wconf 87' lang='lat' dir='ltr'><strong>de</strong></span> <span class='ocrx_word' id='word_1_164' title='bbox 3654 710 3763 751; x_wconf 88' lang='lat' dir='ltr'><strong>no-</strong></span> 
     </span>
    </p>
   </div>
   <div class='ocr_carea' id='block_1_21' title="bbox 2186 774 3765 854">
    <p class='ocr_par' dir='ltr' id='par_1_21' title="bbox 2186 774 3765 854">
     <span class='ocr_line' id='line_1_21' title="bbox 2186 774 3765 854; baseline 0.008 -26"><span class='ocrx_word' id='word_1_165' title='bbox 2186 774 2258 829; x_wconf 87' lang='lat' dir='ltr'><strong>tis</strong></span> <span class='ocrx_word' id='word_1_166' title='bbox 2312 775 2629 845; x_wconf 87' lang='lat' dir='ltr'><strong>usitatisque</strong></span> <span class='ocrx_word' id='word_1_167' title='bbox 2683 793 2791 833; x_wconf 91' lang='lat' dir='ltr'><strong>non</strong></span> <span class='ocrx_word' id='word_1_168' title='bbox 2838 788 3085 850; x_wconf 86' lang='lat' dir='ltr'><strong>possunt,</strong></span> <span class='ocrx_word' id='word_1_169' title='bbox 3131 781 3199 838; x_wconf 90' lang='lat' dir='ltr'><strong>de</strong></span> <span class='ocrx_word' id='word_1_170' title='bbox 3234 782 3388 837; x_wconf 88' lang='lat' dir='ltr'><strong>novis</strong></span> <span class='ocrx_word' id='word_1_171' title='bbox 3421 790 3478 837; x_wconf 91' lang='lat' dir='ltr'><strong>et</strong></span> <span class='ocrx_word' id='word_1_172' title='bbox 3522 787 3765 854; x_wconf 72' lang='lat' dir='ltr'><strong>repenti-</strong></span> 
     </span>
    </p>
   </div>
   <div class='ocr_carea' id='block_1_22' title="bbox 2184 863 3766 943">
    <p class='ocr_par' dir='ltr' id='par_1_22' title="bbox 2184 863 3766 943">
     <span class='ocr_line' id='line_1_22' title="bbox 2184 863 3766 943; baseline 0.006 -24"><span class='ocrx_word' id='word_1_173' title='bbox 2184 863 2271 919; x_wconf 89' lang='lat' dir='ltr'><strong>nis</strong></span> <span class='ocrx_word' id='word_1_174' title='bbox 2290 863 2589 919; x_wconf 87' lang='lat' dir='ltr'><strong>visibilibus</strong></span> <span class='ocrx_word' id='word_1_175' title='bbox 2619 876 2885 935; x_wconf 68' lang='lat' dir='ltr'><strong>quaerunt.</strong></span> <span class='ocrx_word' id='word_1_176' title='bbox 2929 867 2988 922; x_wconf 89' lang='lat' dir='ltr'><strong>Si</strong></span> <span class='ocrx_word' id='word_1_177' title='bbox 3028 882 3158 940; x_wconf 90' lang='lat' dir='ltr'><strong>ergo</strong></span> <span class='ocrx_word' id='word_1_178' title='bbox 3185 878 3240 924; x_wconf 88' lang='lat' dir='ltr'><strong>et</strong></span> <span class='ocrx_word' id='word_1_179' title='bbox 3267 870 3343 925; x_wconf 91' lang='lat' dir='ltr'><strong>illi</strong></span> <span class='ocrx_word' id='word_1_180' title='bbox 3369 870 3464 941; x_wconf 87' lang='lat' dir='ltr'><strong>qui</strong></span> <span class='ocrx_word' id='word_1_181' title='bbox 3492 874 3766 943; x_wconf 78' lang='lat' dir='ltr'><strong>cogebant</strong></span> 
     </span>
    </p>
   </div>
   <div class='ocr_carea' id='block_1_23' title="bbox 2186 953 3768 1027">
    <p class='ocr_par' dir='ltr' id='par_1_23' title="bbox 2186 953 3768 1027">
     <span class='ocr_line' id='line_1_23' title="bbox 2186 953 3768 1027; baseline 0.009 -22"><span class='ocrx_word' id='word_1_182' title='bbox 2186 961 2373 1027; x_wconf 88' lang='lat' dir='ltr'><strong>gentes</strong></span> <span class='ocrx_word' id='word_1_183' title='bbox 2413 953 2714 1023; x_wconf 84' lang='lat' dir='ltr'><strong>judaizare,</strong></span> <span class='ocrx_word' id='word_1_184' title='bbox 2742 955 3054 1013; x_wconf 89' lang='lat' dir='ltr'><strong>didicissent</strong></span> <span class='ocrx_word' id='word_1_185' title='bbox 3095 957 3255 1015; x_wconf 86' lang='lat' dir='ltr'><strong>mites</strong></span> <span class='ocrx_word' id='word_1_186' title='bbox 3296 974 3419 1016; x_wconf 89' lang='lat' dir='ltr'><strong>esse</strong></span> <span class='ocrx_word' id='word_1_187' title='bbox 3446 970 3501 1016; x_wconf 91' lang='lat' dir='ltr'><strong>et</strong></span> <span class='ocrx_word' id='word_1_188' title='bbox 3530 962 3768 1020; x_wconf 79' lang='lat' dir='ltr'><strong>humiles</strong></span> 
     </span>
    </p>
   </div>
   <div class='ocr_carea' id='block_1_24' title="bbox 2186 1044 3767 1117">
    <p class='ocr_par' dir='ltr' id='par_1_24' title="bbox 2186 1044 3767 1117">
     <span class='ocr_line' id='line_1_24' title="bbox 2186 1044 3767 1117; baseline 0.006 -18"><span class='ocrx_word' id='word_1_189' title='bbox 2186 1044 2369 1111; x_wconf 89' lang='lat' dir='ltr'><strong>corde,</strong></span> <span class='ocrx_word' id='word_1_190' title='bbox 2399 1045 2540 1115; x_wconf 90' lang='lat' dir='ltr'><strong>quod</strong></span> <span class='ocrx_word' id='word_1_191' title='bbox 2567 1061 2601 1101; x_wconf 89' lang='lat' dir='ltr'><strong>a</strong></span> <span class='ocrx_word' id='word_1_192' title='bbox 2621 1045 2845 1103; x_wconf 91' lang='lat' dir='ltr'><strong>Domino</strong></span> <span class='ocrx_word' id='word_1_193' title='bbox 2877 1047 3070 1105; x_wconf 88' lang='lat' dir='ltr'><strong>Petrus</strong></span> <span class='ocrx_word' id='word_1_194' title='bbox 3095 1049 3377 1117; x_wconf 87' lang='lat' dir='ltr'><strong>didicerat,</strong></span> <span class='ocrx_word' id='word_1_195' title='bbox 3414 1052 3608 1108; x_wconf 87' lang='lat' dir='ltr'><strong>saltem</strong></span> <span class='ocrx_word' id='word_1_196' title='bbox 3635 1070 3767 1110; x_wconf 78' lang='lat' dir='ltr'><strong>cor-</strong></span> 
     </span>
    </p>
   </div>
   <div class='ocr_carea' id='block_1_25' title="bbox 2188 1135 3771 1213">
    <p class='ocr_par' dir='ltr' id='par_1_25' title="bbox 2188 1135 3771 1213">
     <span class='ocr_line' id='line_1_25' title="bbox 2188 1135 3771 1213; baseline 0.007 -26"><span class='ocrx_word' id='word_1_197' title='bbox 2188 1141 2338 1189; x_wconf 88' lang='lat' dir='ltr'><strong>recto</strong></span> <span class='ocrx_word' id='word_1_198' title='bbox 2367 1142 2518 1191; x_wconf 86' lang='lat' dir='ltr'><strong>tanto</strong></span> <span class='ocrx_word' id='word_1_199' title='bbox 2546 1135 2662 1190; x_wconf 89' lang='lat' dir='ltr'><strong>viro</strong></span> <span class='ocrx_word' id='word_1_200' title='bbox 2689 1136 2756 1190; x_wconf 90' lang='lat' dir='ltr'><strong>ad</strong></span> <span class='ocrx_word' id='word_1_201' title='bbox 2782 1137 3097 1193; x_wconf 87' lang='lat' dir='ltr'><strong>imitandum</strong></span> <span class='ocrx_word' id='word_1_202' title='bbox 3136 1139 3514 1207; x_wconf 80' lang='lat' dir='ltr'><strong>invitarentur,</strong></span> <span class='ocrx_word' id='word_1_203' title='bbox 3554 1158 3623 1198; x_wconf 90' lang='lat' dir='ltr'><strong>ne</strong></span> <span class='ocrx_word' id='word_1_204' title='bbox 3664 1158 3771 1213; x_wconf 83' lang='lat' dir='ltr'><strong>pn-</strong></span> 
     </span>
    </p>
   </div>
   <div class='ocr_carea' id='block_1_26' title="bbox 2187 1224 3772 1300">
    <p class='ocr_par' dir='ltr' id='par_1_26' title="bbox 2187 1224 3772 1300">
     <span class='ocr_line' id='line_1_26' title="bbox 2187 1224 3772 1300; baseline 0.007 -23"><span class='ocrx_word' id='word_1_205' title='bbox 2187 1231 2368 1280; x_wconf 89' lang='lat' dir='ltr'><strong>tarent</strong></span> <span class='ocrx_word' id='word_1_206' title='bbox 2395 1224 2743 1297; x_wconf 86' lang='lat' dir='ltr'><strong>Evangelium</strong></span> <span class='ocrx_word' id='word_1_207' title='bbox 2775 1226 2974 1282; x_wconf 87' lang='lat' dir='ltr'><strong>Christi</strong></span> <span class='ocrx_word' id='word_1_208' title='bbox 3003 1228 3226 1297; x_wconf 68' lang='lat' dir='ltr'><strong>justitiae</strong></span> <span class='ocrx_word' id='word_1_209' title='bbox 3253 1244 3363 1284; x_wconf 65' lang='lat' dir='ltr'><strong>sua:</strong></span> <span class='ocrx_word' id='word_1_210' title='bbox 3388 1238 3644 1300; x_wconf 87' lang='lat' dir='ltr'><strong>tanquam</strong></span> <span class='ocrx_word' id='word_1_211' title='bbox 3669 1231 3772 1288; x_wconf 86' lang='lat' dir='ltr'><strong>de-</strong></span> 
     </span>
    </p>
   </div>
   <div class='ocr_carea' id='block_1_27' title="bbox 2186 1309 3768 1389">
    <p class='ocr_par' dir='ltr' id='par_1_27' title="bbox 2186 1309 3768 1389">
     <span class='ocr_line' id='line_1_27' title="bbox 2186 1309 3768 1389; baseline 0.006 -23"><span class='ocrx_word' id='word_1_212' title='bbox 2186 1309 2359 1366; x_wconf 89' lang='lat' dir='ltr'><strong>bitum</strong></span> <span class='ocrx_word' id='word_1_213' title='bbox 2402 1313 2670 1369; x_wconf 89' lang='lat' dir='ltr'><strong>redditum</strong></span> <span class='ocrx_word' id='word_1_214' title='bbox 2699 1332 2713 1369; x_wconf 88' lang='lat'><strong>:</strong></span> <span class='ocrx_word' id='word_1_215' title='bbox 2751 1314 2847 1371; x_wconf 85' lang='lat' dir='ltr'><strong>sed</strong></span> <span class='ocrx_word' id='word_1_216' title='bbox 2886 1317 3120 1374; x_wconf 86' lang='lat' dir='ltr'><strong>scientes</strong></span> <span class='ocrx_word' id='word_1_217' title='bbox 3145 1319 3401 1389; x_wconf 88' lang='lat' dir='ltr'><strong>quoniam</strong></span> <span class='ocrx_word' id='word_1_218' title='bbox 3425 1335 3533 1375; x_wconf 91' lang='lat' dir='ltr'><strong>non</strong></span> <span class='ocrx_word' id='word_1_219' title='bbox 3559 1318 3768 1388; x_wconf 86' lang='lat' dir='ltr'><strong>justiﬁ-</strong></span> 
     </span>
    </p>
   </div>
   <div class='ocr_carea' id='block_1_28' title="bbox 2188 1403 3772 1480">
    <p class='ocr_par' dir='ltr' id='par_1_28' title="bbox 2188 1403 3772 1480">
     <span class='ocr_line' id='line_1_28' title="bbox 2188 1403 3772 1480; baseline 0.006 -23"><span class='ocrx_word' id='word_1_220' title='bbox 2188 1411 2344 1459; x_wconf 85' lang='lat' dir='ltr'><strong>catur</strong></span> <span class='ocrx_word' id='word_1_221' title='bbox 2370 1403 2533 1459; x_wconf 90' lang='lat' dir='ltr'><strong>homo</strong></span> <span class='ocrx_word' id='word_1_222' title='bbox 2556 1419 2624 1459; x_wconf 77' lang='lat' dir='ltr'><strong>ex</strong></span> <span class='ocrx_word' id='word_1_223' title='bbox 2651 1406 2906 1476; x_wconf 89' lang='lat' dir='ltr'><strong>operibus</strong></span> <span class='ocrx_word' id='word_1_224' title='bbox 2931 1407 3087 1480; x_wconf 91' lang='lat' dir='ltr'><strong>legis,</strong></span> <span class='ocrx_word' id='word_1_225' title='bbox 3116 1410 3219 1464; x_wconf 90' lang='lat' dir='ltr'><strong>nisi</strong></span> <span class='ocrx_word' id='word_1_226' title='bbox 3248 1425 3346 1480; x_wconf 90' lang='lat' dir='ltr'><strong>per</strong></span> <span class='ocrx_word' id='word_1_227' title='bbox 3370 1409 3531 1466; x_wconf 92' lang='lat' dir='ltr'><strong>ﬁdem</strong></span> <span class='ocrx_word' id='word_1_228' title='bbox 3559 1410 3772 1467; x_wconf 87' lang='lat' dir='ltr'><strong>Christi</strong></span> 
     </span>
    </p>
   </div>
   <div class='ocr_carea' id='block_1_29' title="bbox 2185 1490 3766 1570">
    <p class='ocr_par' dir='ltr' id='par_1_29' title="bbox 2185 1490 3766 1570">
     <span class='ocr_line' id='line_1_29' title="bbox 2185 1490 3766 1570; baseline 0.008 -24"><span class='ocrx_word' id='word_1_229' title='bbox 2185 1490 2412 1558; x_wconf 86' lang='lat' dir='ltr'><strong>Jesu,ut</strong></span> <span class='ocrx_word' id='word_1_230' title='bbox 2435 1494 2653 1565; x_wconf 90' lang='lat' dir='ltr'><strong>impleat</strong></span> <span class='ocrx_word' id='word_1_231' title='bbox 2677 1510 2840 1567; x_wconf 88' lang='lat' dir='ltr'><strong>opera</strong></span> <span class='ocrx_word' id='word_1_232' title='bbox 2868 1497 3022 1567; x_wconf 86' lang='lat' dir='ltr'><strong>legis,</strong></span> <span class='ocrx_word' id='word_1_233' title='bbox 3065 1500 3353 1570; x_wconf 88' lang='lat' dir='ltr'><strong>adjuvante</strong></span> <span class='ocrx_word' id='word_1_234' title='bbox 3386 1501 3766 1558; x_wconf 87' lang='lat' dir='ltr'><strong>inﬁrmitatem</strong></span> 
     </span>
    </p>
   </div>
   <div class='ocr_carea' id='block_1_30' title="bbox 2187 1587 3773 1662">
    <p class='ocr_par' dir='ltr' id='par_1_30' title="bbox 2187 1587 3773 1662">
     <span class='ocr_line' id='line_1_30' title="bbox 2187 1587 3773 1662; baseline 0.006 -24"><span class='ocrx_word' id='word_1_235' title='bbox 2187 1596 2365 1651; x_wconf 91' lang='lat' dir='ltr'><strong>suam,</strong></span> <span class='ocrx_word' id='word_1_236' title='bbox 2395 1599 2501 1641; x_wconf 92' lang='lat' dir='ltr'><strong>non</strong></span> <span class='ocrx_word' id='word_1_237' title='bbox 2532 1587 2726 1642; x_wconf 88' lang='lat' dir='ltr'><strong>merito</strong></span> <span class='ocrx_word' id='word_1_238' title='bbox 2770 1601 2890 1655; x_wconf 89' lang='lat' dir='ltr'><strong>suo,</strong></span> <span class='ocrx_word' id='word_1_239' title='bbox 2939 1588 3034 1643; x_wconf 86' lang='lat' dir='ltr'><strong>sed</strong></span> <span class='ocrx_word' id='word_1_240' title='bbox 3068 1589 3241 1661; x_wconf 89' lang='lat' dir='ltr'><strong>gratia</strong></span> <span class='ocrx_word' id='word_1_241' title='bbox 3283 1589 3400 1656; x_wconf 90' lang='lat' dir='ltr'><strong>Dei,</strong></span> <span class='ocrx_word' id='word_1_242' title='bbox 3447 1605 3555 1646; x_wconf 91' lang='lat' dir='ltr'><strong>non</strong></span> <span class='ocrx_word' id='word_1_243' title='bbox 3583 1592 3773 1662; x_wconf 80' lang='lat' dir='ltr'><strong>exige-</strong></span> 
     </span>
    </p>
   </div>
   <div class='ocr_carea' id='block_1_31' title="bbox 2188 1674 3773 1751">
    <p class='ocr_par' dir='ltr' id='par_1_31' title="bbox 2188 1674 3773 1751">
     <span class='ocr_line' id='line_1_31' title="bbox 2188 1674 3773 1751; baseline 0.004 -22"><span class='ocrx_word' id='word_1_244' title='bbox 2188 1681 2312 1729; x_wconf 87' lang='lat' dir='ltr'><strong>rent</strong></span> <span class='ocrx_word' id='word_1_245' title='bbox 2351 1674 2418 1730; x_wconf 90' lang='lat' dir='ltr'><strong>de</strong></span> <span class='ocrx_word' id='word_1_246' title='bbox 2455 1676 2707 1746; x_wconf 77' lang='lat' dir='ltr'><strong>gentibus</strong></span> <span class='ocrx_word' id='word_1_247' title='bbox 2740 1677 2988 1733; x_wconf 89' lang='lat' dir='ltr'><strong>carnales</strong></span> <span class='ocrx_word' id='word_1_248' title='bbox 3030 1677 3171 1751; x_wconf 81' lang='lat' dir='ltr'><strong>legis,</strong></span> <span class='ocrx_word' id='word_1_249' title='bbox 3206 1679 3635 1746; x_wconf 78' lang='lat' dir='ltr'><strong>observationes,</strong></span> <span class='ocrx_word' id='word_1_250' title='bbox 3672 1681 3773 1736; x_wconf 85' lang='lat' dir='ltr'><strong>sed</strong></span> 
     </span>
    </p>
   </div>
   <div class='ocr_carea' id='block_1_32' title="bbox 511 1756 3775 1843">
    <p class='ocr_par' dir='ltr' id='par_1_32' title="bbox 511 1756 3775 1843">
     <span class='ocr_line' id='line_1_32' title="bbox 511 1756 3775 1843; baseline 0.006 -33"><span class='ocrx_word' id='word_1_251' title='bbox 511 1756 747 1822; x_wconf 88' lang='lat' dir='ltr'><strong>recedis,</strong></span> <span class='ocrx_word' id='word_1_252' title='bbox 776 1756 979 1814; x_wconf 92' lang='lat' dir='ltr'><strong>idcirco</strong></span> <span class='ocrx_word' id='word_1_253' title='bbox 1015 1766 1196 1814; x_wconf 90' lang='lat' dir='ltr'><strong>autem</strong></span> <span class='ocrx_word' id='word_1_254' title='bbox 1225 1760 1434 1816; x_wconf 87' lang='lat' dir='ltr'><strong>recedis</strong></span> <span class='ocrx_word' id='word_1_255' title='bbox 1462 1760 1588 1831; x_wconf 89' lang='lat' dir='ltr'><strong>quia</strong></span> <span class='ocrx_word' id='word_1_256' title='bbox 1615 1775 1721 1816; x_wconf 89' lang='lat' dir='ltr'><strong>non</strong></span> <span class='ocrx_word' id='word_1_257' title='bbox 1752 1761 1952 1817; x_wconf 89' lang='lat' dir='ltr'><strong>habent</strong></span> <span class='ocrx_word' id='word_1_258' title='bbox 1977 1762 2085 1817; x_wconf 87' lang='lat' dir='ltr'><strong>cir—</strong></span> <span class='ocrx_word' id='word_1_259' title='bbox 2112 1756 2159 1816; x_wconf 88' lang='grc' dir='ltr'><strong>Β</strong></span> <span class='ocrx_word' id='word_1_260' title='bbox 2184 1779 2284 1837; x_wconf 91' lang='lat' dir='ltr'><strong>per</strong></span> <span class='ocrx_word' id='word_1_261' title='bbox 2310 1765 2482 1836; x_wconf 88' lang='lat' dir='ltr'><strong>ipsam</strong></span> <span class='ocrx_word' id='word_1_262' title='bbox 2518 1767 2747 1838; x_wconf 89' lang='lat' dir='ltr'><strong>gratiam</strong></span> <span class='ocrx_word' id='word_1_263' title='bbox 2790 1768 2937 1836; x_wconf 88' lang='lat' dir='ltr'><strong>ﬁdei,</strong></span> <span class='ocrx_word' id='word_1_264' title='bbox 2985 1770 3245 1840; x_wconf 86' lang='lat' dir='ltr'><strong>spiritalia</strong></span> <span class='ocrx_word' id='word_1_265' title='bbox 3288 1785 3452 1842; x_wconf 87' lang='lat' dir='ltr'><strong>opera</strong></span> <span class='ocrx_word' id='word_1_266' title='bbox 3501 1770 3637 1843; x_wconf 82' lang='lat' dir='ltr'><strong>legis</strong></span> <span class='ocrx_word' id='word_1_267' title='bbox 3676 1787 3775 1829; x_wconf 83' lang='lat' dir='ltr'><strong>eos</strong></span> 
     </span>
    </p>
   </div>
   <div class='ocr_carea' id='block_1_33' title="bbox 509 1845 2086 1919">
    <p class='ocr_par' dir='ltr' id='par_1_33' title="bbox 509 1845 2086 1919">
     <span class='ocr_line' id='line_1_33' title="bbox 509 1845 2086 1919; baseline 0.004 -19"><span class='ocrx_word' id='word_1_268' title='bbox 509 1845 918 1913; x_wconf 89' lang='lat' dir='ltr'><strong>eumcisionem,</strong></span> <span class='ocrx_word' id='word_1_269' title='bbox 966 1849 1246 1919; x_wconf 91' lang='lat' dir='ltr'><strong>compellis</strong></span> <span class='ocrx_word' id='word_1_270' title='bbox 1295 1864 1390 1906; x_wconf 89' lang='lat' dir='ltr'><strong>eos</strong></span> <span class='ocrx_word' id='word_1_271' title='bbox 1431 1849 1746 1905; x_wconf 89' lang='lat' dir='ltr'><strong>circumcidi</strong></span> <span class='ocrx_word' id='word_1_272' title='bbox 1783 1857 1838 1906; x_wconf 92' lang='lat' dir='ltr'><strong>et</strong></span> <span class='ocrx_word' id='word_1_273' title='bbox 1864 1849 2086 1907; x_wconf 70' lang='lat' dir='ltr'><strong>Judteos</strong></span> 
     </span>
    </p>
   </div>
   <div class='ocr_carea' id='block_1_34' title="bbox 508 1937 2088 2014">
    <p class='ocr_par' dir='ltr' id='par_1_34' title="bbox 508 1937 2088 2014">
     <span class='ocr_line' id='line_1_34' title="bbox 508 1937 2088 2014; baseline 0.003 -22"><span class='ocrx_word' id='word_1_274' title='bbox 508 1937 650 2003; x_wconf 85' lang='lat' dir='ltr'><strong>ﬁeri,</strong></span> <span class='ocrx_word' id='word_1_275' title='bbox 681 1954 806 1995; x_wconf 89' lang='lat' dir='ltr'><strong>cum</strong></span> <span class='ocrx_word' id='word_1_276' title='bbox 830 1948 885 1994; x_wconf 93' lang='lat' dir='ltr'><strong>tu</strong></span> <span class='ocrx_word' id='word_1_277' title='bbox 902 1940 1018 2010; x_wconf 87' lang='lat' dir='ltr'><strong>ipse</strong></span> <span class='ocrx_word' id='word_1_278' title='bbox 1046 1948 1206 2004; x_wconf 85' lang='lat' dir='ltr'><strong>natus</strong></span> <span class='ocrx_word' id='word_1_279' title='bbox 1229 1939 1447 1999; x_wconf 76' lang='lat' dir='ltr'><strong>Judteus</strong></span> <span class='ocrx_word' id='word_1_280' title='bbox 1475 1941 1746 2014; x_wconf 87' lang='lat' dir='ltr'><strong>gentiliter</strong></span> <span class='ocrx_word' id='word_1_281' title='bbox 1772 1942 1994 1997; x_wconf 84' lang='lat' dir='ltr'><strong>vixeris.</strong></span> <span class='ocrx_word' id='word_1_282' title='bbox 2021 1942 2088 1997; x_wconf 85' lang='lat' dir='ltr'><strong>Et</strong></span> 
     </span>
    </p>
   </div>
   <div class='ocr_carea' id='block_1_35' title="bbox 508 2029 2087 2103">
    <p class='ocr_par' dir='ltr' id='par_1_35' title="bbox 508 2029 2087 2103">
     <span class='ocr_line' id='line_1_35' title="bbox 508 2029 2087 2103; baseline 0.003 -19"><span class='ocrx_word' id='word_1_283' title='bbox 508 2029 744 2087; x_wconf 89' lang='lat' dir='ltr'><strong>latenter</strong></span> <span class='ocrx_word' id='word_1_284' title='bbox 790 2032 1030 2088; x_wconf 89' lang='lat' dir='ltr'><strong>ostendit</strong></span> <span class='ocrx_word' id='word_1_285' title='bbox 1072 2047 1294 2089; x_wconf 87' lang='lat' dir='ltr'><strong>causam</strong></span> <span class='ocrx_word' id='word_1_286' title='bbox 1338 2048 1507 2103; x_wconf 91' lang='lat' dir='ltr'><strong>quare</strong></span> <span class='ocrx_word' id='word_1_287' title='bbox 1548 2034 1808 2090; x_wconf 87' lang='lat' dir='ltr'><strong>adversus</strong></span> <span class='ocrx_word' id='word_1_288' title='bbox 1833 2048 1959 2089; x_wconf 89' lang='lat' dir='ltr'><strong>eum</strong></span> <span class='ocrx_word' id='word_1_289' title='bbox 1984 2033 2087 2089; x_wconf 87' lang='lat' dir='ltr'><strong>dis-</strong></span> 
     </span>
    </p>
   </div>
   <div class='ocr_carea' id='block_1_36' title="bbox 505 2121 2088 2195">
    <p class='ocr_par' dir='ltr' id='par_1_36' title="bbox 505 2121 2088 2195">
     <span class='ocr_line' id='line_1_36' title="bbox 505 2121 2088 2195; baseline 0.002 -20"><span class='ocrx_word' id='word_1_290' title='bbox 505 2122 754 2191; x_wconf 88' lang='lat' dir='ltr'><strong>putavit,</strong></span> <span class='ocrx_word' id='word_1_291' title='bbox 815 2122 942 2194; x_wconf 87' lang='lat' dir='ltr'><strong>quia</strong></span> <span class='ocrx_word' id='word_1_292' title='bbox 983 2121 1192 2179; x_wconf 89' lang='lat' dir='ltr'><strong>scilicet</strong></span> <span class='ocrx_word' id='word_1_293' title='bbox 1236 2131 1424 2195; x_wconf 86' lang='lat' dir='ltr'><strong>gentes</strong></span> <span class='ocrx_word' id='word_1_294' title='bbox 1460 2123 1805 2180; x_wconf 90' lang='lat' dir='ltr'><strong>simulatione</strong></span> <span class='ocrx_word' id='word_1_295' title='bbox 1856 2137 1954 2178; x_wconf 91' lang='lat' dir='ltr'><strong>sua</strong></span> <span class='ocrx_word' id='word_1_296' title='bbox 1998 2123 2088 2193; x_wconf 88' lang='lat' dir='ltr'><strong>ju-</strong></span> 
     </span>
    </p>
   </div>
   <div class='ocr_carea' id='block_1_37' title="bbox 510 2215 2084 2289">
    <p class='ocr_par' dir='ltr' id='par_1_37' title="bbox 510 2215 2084 2289">
     <span class='ocr_line' id='line_1_37' title="bbox 510 2215 2084 2289; baseline -0.001 -18"><span class='ocrx_word' id='word_1_297' title='bbox 510 2215 728 2272; x_wconf 84' lang='lat' dir='ltr'><strong>daizare</strong></span> <span class='ocrx_word' id='word_1_298' title='bbox 774 2217 1156 2288; x_wconf 84' lang='lat' dir='ltr'><strong>compelleret,</strong></span> <span class='ocrx_word' id='word_1_299' title='bbox 1199 2217 1329 2273; x_wconf 90' lang='lat' dir='ltr'><strong>dum</strong></span> <span class='ocrx_word' id='word_1_300' title='bbox 1377 2232 1500 2275; x_wconf 87' lang='lat' dir='ltr'><strong>eum</strong></span> <span class='ocrx_word' id='word_1_301' title='bbox 1547 2217 1771 2289; x_wconf 91' lang='lat' dir='ltr'><strong>cupiunt</strong></span> <span class='ocrx_word' id='word_1_302' title='bbox 1821 2216 2084 2275; x_wconf 57' lang='lat' dir='ltr'><strong>aemulari.</strong></span> 
     </span>
    </p>
   </div>
   <div class='ocr_carea' id='block_1_38' title="bbox 509 2310 2087 2383">
    <p class='ocr_par' dir='ltr' id='par_1_38' title="bbox 509 2310 2087 2383">
     <span class='ocr_line' id='line_1_38' title="bbox 509 2310 2087 2383; baseline 0.001 -18"><span class='ocrx_word' id='word_1_303' title='bbox 509 2310 696 2383; x_wconf 80' lang='lat' dir='ltr'><strong>(Aug.)</strong></span> <span class='ocrx_word' id='word_1_304' title='bbox 716 2312 911 2368; x_wconf 83' lang='lat' dir='ltr'><strong>Petrus</strong></span> <span class='ocrx_word' id='word_1_305' title='bbox 956 2320 1139 2369; x_wconf 89' lang='lat' dir='ltr'><strong>autem</strong></span> <span class='ocrx_word' id='word_1_306' title='bbox 1166 2326 1291 2369; x_wconf 90' lang='lat' dir='ltr'><strong>eum</strong></span> <span class='ocrx_word' id='word_1_307' title='bbox 1312 2312 1550 2370; x_wconf 87' lang='lat' dir='ltr'><strong>venisset</strong></span> <span class='ocrx_word' id='word_1_308' title='bbox 1587 2310 1957 2377; x_wconf 71' lang='lat' dir='ltr'><strong>Antiochiam,</strong></span> <span class='ocrx_word' id='word_1_309' title='bbox 1985 2310 2087 2366; x_wconf 88' lang='lat' dir='ltr'><strong>ob-</strong></span> 
     </span>
    </p>
   </div>
   <div class='ocr_carea' id='block_1_39' title="bbox 507 2401 2086 2473">
    <p class='ocr_par' dir='ltr' id='par_1_39' title="bbox 507 2401 2086 2473">
     <span class='ocr_line' id='line_1_39' title="bbox 507 2401 2086 2473; baseline -0.002 -16"><span class='ocrx_word' id='word_1_310' title='bbox 507 2402 759 2472; x_wconf 81' lang='lat' dir='ltr'><strong>iurgatus</strong></span> <span class='ocrx_word' id='word_1_311' title='bbox 784 2411 869 2458; x_wconf 88' lang='lat' dir='ltr'><strong>est</strong></span> <span class='ocrx_word' id='word_1_312' title='bbox 896 2418 928 2457; x_wconf 91' lang='lat' dir='ltr'><strong>a</strong></span> <span class='ocrx_word' id='word_1_313' title='bbox 949 2401 1139 2469; x_wconf 91' lang='lat' dir='ltr'><strong>Paulo,</strong></span> <span class='ocrx_word' id='word_1_314' title='bbox 1187 2417 1297 2457; x_wconf 91' lang='lat' dir='ltr'><strong>non</strong></span> <span class='ocrx_word' id='word_1_315' title='bbox 1334 2401 1463 2473; x_wconf 89' lang='lat' dir='ltr'><strong>quia</strong></span> <span class='ocrx_word' id='word_1_316' title='bbox 1516 2401 1769 2458; x_wconf 87' lang='lat' dir='ltr'><strong>servabat</strong></span> <span class='ocrx_word' id='word_1_317' title='bbox 1795 2407 2086 2457; x_wconf 86' lang='lat' dir='ltr'><strong>consuetu-</strong></span> 
     </span>
    </p>
   </div>
   <div class='ocr_carea' id='block_1_40' title="bbox 511 2492 2086 2564">
    <p class='ocr_par' dir='ltr' id='par_1_40' title="bbox 511 2492 2086 2564">
     <span class='ocr_line' id='line_1_40' title="bbox 511 2492 2086 2564; baseline 0 -19"><span class='ocrx_word' id='word_1_318' title='bbox 511 2492 693 2549; x_wconf 91' lang='lat' dir='ltr'><strong>dinem</strong></span> <span class='ocrx_word' id='word_1_319' title='bbox 718 2492 1050 2559; x_wconf 63' lang='lat' dir='ltr'><strong>Judazorum,</strong></span> <span class='ocrx_word' id='word_1_320' title='bbox 1090 2494 1144 2548; x_wconf 91' lang='lat' dir='ltr'><strong>in</strong></span> <span class='ocrx_word' id='word_1_321' title='bbox 1168 2508 1275 2564; x_wconf 89' lang='lat' dir='ltr'><strong>qua</strong></span> <span class='ocrx_word' id='word_1_322' title='bbox 1298 2499 1460 2550; x_wconf 88' lang='lat' dir='ltr'><strong>natus</strong></span> <span class='ocrx_word' id='word_1_323' title='bbox 1481 2501 1644 2564; x_wconf 90' lang='lat' dir='ltr'><strong>atque</strong></span> <span class='ocrx_word' id='word_1_324' title='bbox 1666 2493 1927 2549; x_wconf 88' lang='lat' dir='ltr'><strong>educatus</strong></span> <span class='ocrx_word' id='word_1_325' title='bbox 1946 2497 2086 2557; x_wconf 90' lang='lat' dir='ltr'><strong>erat,</strong></span> 
     </span>
    </p>
   </div>
   <div class='ocr_carea' id='block_1_41' title="bbox 512 2579 2090 2657">
    <p class='ocr_par' dir='ltr' id='par_1_41' title="bbox 512 2579 2090 2657">
     <span class='ocr_line' id='line_1_41' title="bbox 512 2579 2090 2657; baseline -0.002 -20"><span class='ocrx_word' id='word_1_326' title='bbox 512 2584 840 2653; x_wconf 75' lang='lat' dir='ltr'><strong>quamquam</strong></span> <span class='ocrx_word' id='word_1_327' title='bbox 887 2584 1029 2655; x_wconf 90' lang='lat' dir='ltr'><strong>apud</strong></span> <span class='ocrx_word' id='word_1_328' title='bbox 1063 2592 1251 2657; x_wconf 88' lang='lat' dir='ltr'><strong>gentes</strong></span> <span class='ocrx_word' id='word_1_329' title='bbox 1279 2597 1400 2639; x_wconf 87' lang='lat' dir='ltr'><strong>eam</strong></span> <span class='ocrx_word' id='word_1_330' title='bbox 1428 2596 1535 2641; x_wconf 87' lang='lat' dir='ltr'><strong>non</strong></span> <span class='ocrx_word' id='word_1_331' title='bbox 1570 2589 1833 2647; x_wconf 83' lang='lat' dir='ltr'><strong>servaret,</strong></span> <span class='ocrx_word' id='word_1_332' title='bbox 1872 2579 1965 2635; x_wconf 89' lang='lat' dir='ltr'><strong>sed</strong></span> <span class='ocrx_word' id='word_1_333' title='bbox 1993 2580 2090 2635; x_wconf 90' lang='lat' dir='ltr'><strong>ob-</strong></span> 
     </span>
    </p>
   </div>
   <div class='ocr_carea' id='block_1_42' title="bbox 502 2669 2083 2744">
    <p class='ocr_par' dir='ltr' id='par_1_42' title="bbox 502 2669 2083 2744">
     <span class='ocr_line' id='line_1_42' title="bbox 502 2669 2083 2744; baseline 0 -19"><span class='ocrx_word' id='word_1_334' title='bbox 502 2669 756 2743; x_wconf 89' lang='lat' dir='ltr'><strong>jurgatus</strong></span> <span class='ocrx_word' id='word_1_335' title='bbox 784 2681 888 2729; x_wconf 78' lang='lat' dir='ltr'><strong>~est</strong></span> <span class='ocrx_word' id='word_1_336' title='bbox 930 2673 1057 2743; x_wconf 89' lang='lat' dir='ltr'><strong>quia</strong></span> <span class='ocrx_word' id='word_1_337' title='bbox 1102 2673 1353 2744; x_wconf 89' lang='lat' dir='ltr'><strong>gentibus</strong></span> <span class='ocrx_word' id='word_1_338' title='bbox 1388 2687 1508 2728; x_wconf 88' lang='lat' dir='ltr'><strong>eam</strong></span> <span class='ocrx_word' id='word_1_339' title='bbox 1536 2671 1754 2729; x_wconf 85' lang='lat' dir='ltr'><strong>volebat</strong></span> <span class='ocrx_word' id='word_1_340' title='bbox 1788 2672 2083 2742; x_wconf 89' lang='lat' dir='ltr'><strong>imponere,</strong></span> 
     </span>
    </p>
   </div>
   <div class='ocr_carea' id='block_1_43' title="bbox 511 2766 2087 2838">
    <p class='ocr_par' dir='ltr' id='par_1_43' title="bbox 511 2766 2087 2838">
     <span class='ocr_line' id='line_1_43' title="bbox 511 2766 2087 2838; baseline -0.001 -17"><span class='ocrx_word' id='word_1_341' title='bbox 511 2781 638 2821; x_wconf 90' lang='lat' dir='ltr'><strong>cum</strong></span> <span class='ocrx_word' id='word_1_342' title='bbox 682 2766 906 2823; x_wconf 89' lang='lat' dir='ltr'><strong>vidisset</strong></span> <span class='ocrx_word' id='word_1_343' title='bbox 944 2767 1207 2838; x_wconf 87' lang='lat' dir='ltr'><strong>quosdam</strong></span> <span class='ocrx_word' id='word_1_344' title='bbox 1242 2767 1456 2825; x_wconf 88' lang='lat' dir='ltr'><strong>venisse</strong></span> <span class='ocrx_word' id='word_1_345' title='bbox 1488 2783 1519 2822; x_wconf 90' lang='lat' dir='ltr'><strong>a</strong></span> <span class='ocrx_word' id='word_1_346' title='bbox 1572 2767 1797 2833; x_wconf 70' lang='lat' dir='ltr'><strong>Iacobo,</strong></span> <span class='ocrx_word' id='word_1_347' title='bbox 1826 2767 1882 2822; x_wconf 93' lang='lat' dir='ltr'><strong>id</strong></span> <span class='ocrx_word' id='word_1_348' title='bbox 1913 2774 2019 2832; x_wconf 90' lang='lat' dir='ltr'><strong>est,</strong></span> <span class='ocrx_word' id='word_1_349' title='bbox 2054 2780 2087 2821; x_wconf 83' lang='lat' dir='ltr'><strong>a</strong></span> 
     </span>
    </p>
   </div>
   <div class='ocr_carea' id='block_1_44' title="bbox 509 2856 2088 2931">
    <p class='ocr_par' dir='ltr' id='par_1_44' title="bbox 509 2856 2088 2931">
     <span class='ocr_line' id='line_1_44' title="bbox 509 2856 2088 2931; baseline 0.002 -20"><span class='ocrx_word' id='word_1_350' title='bbox 509 2856 729 2924; x_wconf 68' lang='lat' dir='ltr'><strong>Judaea,</strong></span> <span class='ocrx_word' id='word_1_351' title='bbox 798 2874 923 2914; x_wconf 90' lang='lat' dir='ltr'><strong>nam</strong></span> <span class='ocrx_word' id='word_1_352' title='bbox 980 2858 1238 2915; x_wconf 61' lang='lat' dir='ltr'><strong>Ecclesiae</strong></span> <span class='ocrx_word' id='word_1_353' title='bbox 1289 2858 1793 2931; x_wconf 69' lang='lat' dir='ltr'><strong>Hierosolymitante</strong></span> <span class='ocrx_word' id='word_1_354' title='bbox 1853 2857 2088 2915; x_wconf 73' lang='lat' dir='ltr'><strong>Iacobus</strong></span> 
     </span>
    </p>
   </div>
   <div class='ocr_carea' id='block_1_45' title="bbox 508 2945 2087 3021">
    <p class='ocr_par' dir='ltr' id='par_1_45' title="bbox 508 2945 2087 3021">
     <span class='ocr_line' id='line_1_45' title="bbox 508 2945 2087 3021; baseline 0.001 -18"><span class='ocrx_word' id='word_1_355' title='bbox 508 2946 744 3018; x_wconf 71' lang='lat' dir='ltr'><strong>przefuit.</strong></span> <span class='ocrx_word' id='word_1_356' title='bbox 783 2945 1006 3007; x_wconf 88' lang='lat' dir='ltr'><strong>Timens</strong></span> <span class='ocrx_word' id='word_1_357' title='bbox 1029 2963 1159 3021; x_wconf 91' lang='lat' dir='ltr'><strong>ergo</strong></span> <span class='ocrx_word' id='word_1_358' title='bbox 1183 2963 1278 3005; x_wconf 89' lang='lat' dir='ltr'><strong>eos</strong></span> <span class='ocrx_word' id='word_1_359' title='bbox 1298 2949 1390 3019; x_wconf 91' lang='lat' dir='ltr'><strong>qui</strong></span> <span class='ocrx_word' id='word_1_360' title='bbox 1412 2948 1589 3006; x_wconf 91' lang='lat' dir='ltr'><strong>adhuc</strong></span> <span class='ocrx_word' id='word_1_361' title='bbox 1609 2950 1871 3020; x_wconf 88' lang='lat' dir='ltr'><strong>putabant</strong></span> <span class='ocrx_word' id='word_1_362' title='bbox 1899 2949 1954 3004; x_wconf 90' lang='lat' dir='ltr'><strong>in</strong></span> <span class='ocrx_word' id='word_1_363' title='bbox 1980 2948 2087 3005; x_wconf 87' lang='lat' dir='ltr'><strong>illis</strong></span> 
     </span>
    </p>
   </div>
   <div class='ocr_carea' id='block_1_46' title="bbox 507 3038 2083 3114">
    <p class='ocr_par' dir='ltr' id='par_1_46' title="bbox 507 3038 2083 3114">
     <span class='ocr_line' id='line_1_46' title="bbox 507 3038 2083 3114; baseline 0.003 -21"><span class='ocrx_word' id='word_1_364' title='bbox 507 3038 976 3097; x_wconf 86' lang='lat' dir='ltr'><strong>observationibus</strong></span> <span class='ocrx_word' id='word_1_365' title='bbox 1001 3040 1234 3098; x_wconf 90' lang='lat' dir='ltr'><strong>salutem</strong></span> <span class='ocrx_word' id='word_1_366' title='bbox 1258 3043 1633 3107; x_wconf 85' lang='lat' dir='ltr'><strong>constitutam,</strong></span> <span class='ocrx_word' id='word_1_367' title='bbox 1671 3042 1993 3114; x_wconf 89' lang='lat' dir='ltr'><strong>segregabat</strong></span> <span class='ocrx_word' id='word_1_368' title='bbox 2023 3055 2083 3097; x_wconf 86' lang='lat' dir='ltr'><strong>se</strong></span> 
     </span>
    </p>
   </div>
   <div class='ocr_carea' id='block_1_47' title="bbox 508 3095 2155 3202">
    <p class='ocr_par' dir='ltr' id='par_1_47' title="bbox 508 3095 2155 3202">
     <span class='ocr_line' id='line_1_47' title="bbox 508 3095 2155 3202; baseline 0.002 -18"><span class='ocrx_word' id='word_1_369' title='bbox 508 3145 538 3184; x_wconf 90' lang='lat' dir='ltr'><strong>a</strong></span> <span class='ocrx_word' id='word_1_370' title='bbox 565 3131 835 3201; x_wconf 82' lang='lat' dir='ltr'><strong>gentibus,</strong></span> <span class='ocrx_word' id='word_1_371' title='bbox 878 3140 935 3185; x_wconf 90' lang='lat' dir='ltr'><strong>et</strong></span> <span class='ocrx_word' id='word_1_372' title='bbox 979 3131 1230 3187; x_wconf 87' lang='lat' dir='ltr'><strong>simulate</strong></span> <span class='ocrx_word' id='word_1_373' title='bbox 1268 3132 1375 3188; x_wconf 89' lang='lat' dir='ltr'><strong>illis</strong></span> <span class='ocrx_word' id='word_1_374' title='bbox 1421 3095 1883 3188; x_wconf 45' lang='lat' dir='ltr'><strong>consentiebatgd</strong></span> <span class='ocrx_word' id='word_1_375' title='bbox 1910 3133 2083 3202; x_wconf 86' lang='lat' dir='ltr'><strong>impo-</strong></span> <span class='ocrx_word' id='word_1_376' title='bbox 2109 3095 2155 3160; x_wconf 64' lang='grc' dir='ltr'><strong>Ο</strong></span> 
     </span>
    </p>
   </div>
   <div class='ocr_carea' id='block_1_48' title="bbox 506 3220 2088 3292">
    <p class='ocr_par' dir='ltr' id='par_1_48' title="bbox 506 3220 2088 3292">
     <span class='ocr_line' id='line_1_48' title="bbox 506 3220 2088 3292; baseline 0.003 -19"><span class='ocrx_word' id='word_1_377' title='bbox 506 3220 685 3277; x_wconf 89' lang='lat' dir='ltr'><strong>nenda</strong></span> <span class='ocrx_word' id='word_1_378' title='bbox 710 3220 960 3291; x_wconf 87' lang='lat' dir='ltr'><strong>gentibus</strong></span> <span class='ocrx_word' id='word_1_379' title='bbox 988 3220 1079 3275; x_wconf 92' lang='lat' dir='ltr'><strong>illa</strong></span> <span class='ocrx_word' id='word_1_380' title='bbox 1119 3235 1284 3276; x_wconf 88' lang='lat' dir='ltr'><strong>onera</strong></span> <span class='ocrx_word' id='word_1_381' title='bbox 1327 3221 1623 3287; x_wconf 85' lang='lat' dir='ltr'><strong>servitutis,</strong></span> <span class='ocrx_word' id='word_1_382' title='bbox 1664 3222 1807 3291; x_wconf 90' lang='lat' dir='ltr'><strong>quod</strong></span> <span class='ocrx_word' id='word_1_383' title='bbox 1837 3222 1890 3276; x_wconf 91' lang='lat' dir='ltr'><strong>in</strong></span> <span class='ocrx_word' id='word_1_384' title='bbox 1916 3221 2088 3292; x_wconf 86' lang='lat' dir='ltr'><strong>ipsius</strong></span> 
     </span>
    </p>
   </div>
   <div class='ocr_carea' id='block_1_49' title="bbox 506 3306 2084 3382">
    <p class='ocr_par' dir='ltr' id='par_1_49' title="bbox 506 3306 2084 3382">
     <span class='ocr_line' id='line_1_49' title="bbox 506 3306 2084 3382; baseline 0.001 -17"><span class='ocrx_word' id='word_1_385' title='bbox 506 3306 882 3380; x_wconf 85' lang='lat' dir='ltr'><strong>objurgatione</strong></span> <span class='ocrx_word' id='word_1_386' title='bbox 926 3309 1108 3365; x_wconf 87' lang='lat' dir='ltr'><strong>verbis</strong></span> <span class='ocrx_word' id='word_1_387' title='bbox 1149 3311 1282 3366; x_wconf 87' lang='lat' dir='ltr'><strong>satis</strong></span> <span class='ocrx_word' id='word_1_388' title='bbox 1328 3319 1589 3382; x_wconf 87' lang='lat' dir='ltr'><strong>apparet,</strong></span> <span class='ocrx_word' id='word_1_389' title='bbox 1641 3327 1751 3368; x_wconf 91' lang='lat' dir='ltr'><strong>non</strong></span> <span class='ocrx_word' id='word_1_390' title='bbox 1794 3311 1939 3367; x_wconf 91' lang='lat' dir='ltr'><strong>enim</strong></span> <span class='ocrx_word' id='word_1_391' title='bbox 1987 3313 2084 3378; x_wconf 89' lang='lat' dir='ltr'><strong>ait,</strong></span> 
     </span>
    </p>
   </div>
   <div class='ocr_carea' id='block_1_50' title="bbox 506 3397 2085 3474">
    <p class='ocr_par' dir='ltr' id='par_1_50' title="bbox 506 3397 2085 3474">
     <span class='ocr_line' id='line_1_50' title="bbox 506 3397 2085 3474; baseline 0.004 -20"><span class='ocrx_word' id='word_1_392' title='bbox 506 3397 568 3455; x_wconf 87' lang='lat' dir='ltr'><strong>Si</strong></span> <span class='ocrx_word' id='word_1_393' title='bbox 593 3410 674 3467; x_wconf 86' lang='lat' dir='ltr'><strong>tu,</strong></span> <span class='ocrx_word' id='word_1_394' title='bbox 696 3417 813 3456; x_wconf 89' lang='lat' dir='ltr'><strong>cum</strong></span> <span class='ocrx_word' id='word_1_395' title='bbox 831 3400 1055 3457; x_wconf 79' lang='lat' dir='ltr'><strong>Judteus</strong></span> <span class='ocrx_word' id='word_1_396' title='bbox 1078 3403 1171 3469; x_wconf 87' lang='lat' dir='ltr'><strong>sis,</strong></span> <span class='ocrx_word' id='word_1_397' title='bbox 1202 3403 1459 3474; x_wconf 78' lang='lat' dir='ltr'><strong>gentiliter</strong></span> <span class='ocrx_word' id='word_1_398' title='bbox 1481 3413 1530 3459; x_wconf 91' lang='lat' dir='ltr'><strong>et</strong></span> <span class='ocrx_word' id='word_1_399' title='bbox 1554 3420 1658 3458; x_wconf 91' lang='lat' dir='ltr'><strong>non</strong></span> <span class='ocrx_word' id='word_1_400' title='bbox 1683 3404 1904 3474; x_wconf 86' lang='lat' dir='ltr'><strong>judaice</strong></span> <span class='ocrx_word' id='word_1_401' title='bbox 1937 3404 2085 3471; x_wconf 83' lang='lat' dir='ltr'><strong>vivis,</strong></span> 
     </span>
    </p>
   </div>
   <div class='ocr_carea' id='block_1_51' title="bbox 509 3491 2089 3565">
    <p class='ocr_par' dir='ltr' id='par_1_51' title="bbox 509 3491 2089 3565">
     <span class='ocr_line' id='line_1_51' title="bbox 509 3491 2089 3565; baseline 0.001 -16"><span class='ocrx_word' id='word_1_402' title='bbox 509 3491 781 3565; x_wconf 88' lang='lat' dir='ltr'><strong>quomodo</strong></span> <span class='ocrx_word' id='word_1_403' title='bbox 829 3507 1019 3548; x_wconf 91' lang='lat' dir='ltr'><strong>rursus</strong></span> <span class='ocrx_word' id='word_1_404' title='bbox 1057 3493 1126 3549; x_wconf 83' lang='lat' dir='ltr'><strong>ad</strong></span> <span class='ocrx_word' id='word_1_405' title='bbox 1175 3493 1617 3553; x_wconf 85' lang='lat' dir='ltr'><strong>consuetudinem</strong></span> <span class='ocrx_word' id='word_1_406' title='bbox 1661 3493 1968 3549; x_wconf 62' lang='lat' dir='ltr'><strong>Iudaeorum</strong></span> <span class='ocrx_word' id='word_1_407' title='bbox 2000 3511 2089 3551; x_wconf 89' lang='lat' dir='ltr'><strong>re-</strong></span> 
     </span>
    </p>
   </div>
   <div class='ocr_carea' id='block_1_52' title="bbox 503 3582 2089 3661">
    <p class='ocr_par' dir='ltr' id='par_1_52' title="bbox 503 3582 2089 3661">
     <span class='ocr_line' id='line_1_52' title="bbox 503 3582 2089 3661; baseline 0.001 -22"><span class='ocrx_word' id='word_1_408' title='bbox 503 3583 762 3640; x_wconf 83' lang='lat' dir='ltr'><strong>verteris?</strong></span> <span class='ocrx_word' id='word_1_409' title='bbox 783 3582 888 3639; x_wconf 86' lang='lat' dir='ltr'><strong>Sed</strong></span> <span class='ocrx_word' id='word_1_410' title='bbox 906 3584 1187 3655; x_wconf 87' lang='lat' dir='ltr'><strong>quomodo,</strong></span> <span class='ocrx_word' id='word_1_411' title='bbox 1210 3584 1405 3654; x_wconf 89' lang='lat' dir='ltr'><strong>inquit,</strong></span> <span class='ocrx_word' id='word_1_412' title='bbox 1431 3593 1604 3655; x_wconf 79' lang='lat' dir='ltr'><strong>gentes</strong></span> <span class='ocrx_word' id='word_1_413' title='bbox 1624 3588 1763 3661; x_wconf 86' lang='lat' dir='ltr'><strong>cogis</strong></span> <span class='ocrx_word' id='word_1_414' title='bbox 1778 3585 2089 3655; x_wconf 77' lang='lat' dir='ltr'><strong>judeizare?</strong></span> 
     </span>
    </p>
   </div>
   <div class='ocr_carea' id='block_1_53' title="bbox 507 3672 2084 3741">
    <p class='ocr_par' dir='ltr' id='par_1_53' title="bbox 507 3672 2084 3741">
     <span class='ocr_line' id='line_1_53' title="bbox 507 3672 2084 3741; baseline 0.001 -13"><span class='ocrx_word' id='word_1_415' title='bbox 507 3672 661 3741; x_wconf 82' lang='lat' dir='ltr'><strong>Quod</strong></span> <span class='ocrx_word' id='word_1_416' title='bbox 688 3680 870 3729; x_wconf 90' lang='lat' dir='ltr'><strong>autem</strong></span> <span class='ocrx_word' id='word_1_417' title='bbox 904 3673 1010 3728; x_wconf 90' lang='lat' dir='ltr'><strong>hoc</strong></span> <span class='ocrx_word' id='word_1_418' title='bbox 1035 3674 1086 3728; x_wconf 91' lang='lat' dir='ltr'><strong>ei</strong></span> <span class='ocrx_word' id='word_1_419' title='bbox 1117 3688 1300 3729; x_wconf 88' lang='lat' dir='ltr'><strong>coram</strong></span> <span class='ocrx_word' id='word_1_420' title='bbox 1322 3673 1572 3729; x_wconf 88' lang='lat' dir='ltr'><strong>omnibus</strong></span> <span class='ocrx_word' id='word_1_421' title='bbox 1600 3673 1756 3738; x_wconf 88' lang='lat' dir='ltr'><strong>dixit,</strong></span> <span class='ocrx_word' id='word_1_422' title='bbox 1786 3676 2084 3730; x_wconf 90' lang='lat' dir='ltr'><strong>necessitas</strong></span> 
     </span>
    </p>
   </div>
   <div class='ocr_carea' id='block_1_54' title="bbox 506 3762 2084 3837">
    <p class='ocr_par' dir='ltr' id='par_1_54' title="bbox 506 3762 2084 3837">
     <span class='ocr_line' id='line_1_54' title="bbox 506 3762 2084 3837; baseline -0.001 -16"><span class='ocrx_word' id='word_1_423' title='bbox 506 3764 706 3837; x_wconf 85' lang='lat' dir='ltr'><strong>coegit,</strong></span> <span class='ocrx_word' id='word_1_424' title='bbox 737 3772 798 3819; x_wconf 88' lang='lat' dir='ltr'><strong>ut</strong></span> <span class='ocrx_word' id='word_1_425' title='bbox 823 3778 1013 3819; x_wconf 89' lang='lat' dir='ltr'><strong>omnes</strong></span> <span class='ocrx_word' id='word_1_426' title='bbox 1038 3763 1181 3819; x_wconf 91' lang='lat' dir='ltr'><strong>illius</strong></span> <span class='ocrx_word' id='word_1_427' title='bbox 1200 3762 1576 3834; x_wconf 82' lang='lat' dir='ltr'><strong>objurgatione</strong></span> <span class='ocrx_word' id='word_1_428' title='bbox 1601 3773 1939 3823; x_wconf 84' lang='lat' dir='ltr'><strong>sanarentur.</strong></span> <span class='ocrx_word' id='word_1_429' title='bbox 1969 3765 2084 3831; x_wconf 81' lang='lat' dir='ltr'><strong>Non</strong></span> 
     </span>
    </p>
   </div>
   <div class='ocr_carea' id='block_1_55' title="bbox 508 3854 2086 3924">
    <p class='ocr_par' dir='ltr' id='par_1_55' title="bbox 508 3854 2086 3924">
     <span class='ocr_line' id='line_1_55' title="bbox 508 3854 2086 3924; baseline -0.001 -12"><span class='ocrx_word' id='word_1_430' title='bbox 508 3856 656 3912; x_wconf 90' lang='lat' dir='ltr'><strong>enim</strong></span> <span class='ocrx_word' id='word_1_431' title='bbox 705 3854 839 3911; x_wconf 91' lang='lat' dir='ltr'><strong>utile</strong></span> <span class='ocrx_word' id='word_1_432' title='bbox 879 3862 1000 3909; x_wconf 88' lang='lat' dir='ltr'><strong>erat</strong></span> <span class='ocrx_word' id='word_1_433' title='bbox 1025 3867 1265 3910; x_wconf 89' lang='lat' dir='ltr'><strong>errorem</strong></span> <span class='ocrx_word' id='word_1_434' title='bbox 1295 3855 1385 3924; x_wconf 90' lang='lat' dir='ltr'><strong>qui</strong></span> <span class='ocrx_word' id='word_1_435' title='bbox 1416 3854 1594 3924; x_wconf 87' lang='lat' dir='ltr'><strong>palam</strong></span> <span class='ocrx_word' id='word_1_436' title='bbox 1634 3863 1875 3922; x_wconf 90' lang='lat' dir='ltr'><strong>noceret,</strong></span> <span class='ocrx_word' id='word_1_437' title='bbox 1917 3856 1972 3910; x_wconf 93' lang='lat' dir='ltr'><strong>in</strong></span> <span class='ocrx_word' id='word_1_438' title='bbox 2001 3872 2086 3921; x_wconf 82' lang='lat' dir='ltr'><strong>se-</strong></span> 
     </span>
    </p>
   </div>
   <div class='ocr_carea' id='block_1_56' title="bbox 507 3945 2063 4016">
    <p class='ocr_par' dir='ltr' id='par_1_56' title="bbox 507 3945 2063 4016">
     <span class='ocr_line' id='line_1_56' title="bbox 507 3945 2063 4016; baseline 0.001 -12"><span class='ocrx_word' id='word_1_439' title='bbox 507 3955 659 4004; x_wconf 89' lang='lat' dir='ltr'><strong>creto</strong></span> <span class='ocrx_word' id='word_1_440' title='bbox 685 3946 994 4003; x_wconf 89' lang='lat' dir='ltr'><strong>emendare.</strong></span> <span class='ocrx_word' id='word_1_441' title='bbox 1032 3945 1149 4003; x_wconf 86' lang='lat' dir='ltr'><strong>llue</strong></span> <span class='ocrx_word' id='word_1_442' title='bbox 1176 3945 1387 4002; x_wconf 88' lang='lat' dir='ltr'><strong>accedit</strong></span> <span class='ocrx_word' id='word_1_443' title='bbox 1410 3946 1553 4016; x_wconf 90' lang='lat' dir='ltr'><strong>quod</strong></span> <span class='ocrx_word' id='word_1_444' title='bbox 1580 3945 1866 4003; x_wconf 87' lang='lat' dir='ltr'><strong>inﬁrmitas</strong></span> <span class='ocrx_word' id='word_1_445' title='bbox 1889 3955 1942 4003; x_wconf 91' lang='lat' dir='ltr'><strong>et</strong></span> <span class='ocrx_word' id='word_1_446' title='bbox 1962 3949 2063 4005; x_wconf 89' lang='lat' dir='ltr'><strong>cha</strong></span> 
     </span>
    </p>
   </div>
   <div class='ocr_carea' id='block_1_57' title="bbox 504 4032 2081 4105">
    <p class='ocr_par' dir='ltr' id='par_1_57' title="bbox 504 4032 2081 4105">
     <span class='ocr_line' id='line_1_57' title="bbox 504 4032 2081 4105; baseline 0 -12"><span class='ocrx_word' id='word_1_447' title='bbox 504 4038 642 4093; x_wconf 84' lang='lat' dir='ltr'><strong>ritas</strong></span> <span class='ocrx_word' id='word_1_448' title='bbox 684 4035 853 4101; x_wconf 87' lang='lat' dir='ltr'><strong>Petri,</strong></span> <span class='ocrx_word' id='word_1_449' title='bbox 902 4036 989 4097; x_wconf 85' lang='lat' dir='ltr'><strong>cui</strong></span> <span class='ocrx_word' id='word_1_450' title='bbox 1035 4046 1119 4091; x_wconf 87' lang='lat' dir='ltr'><strong>ter</strong></span> <span class='ocrx_word' id='word_1_451' title='bbox 1152 4049 1186 4090; x_wconf 86' lang='lat' dir='ltr'><strong>a</strong></span> <span class='ocrx_word' id='word_1_452' title='bbox 1221 4035 1448 4093; x_wconf 92' lang='lat' dir='ltr'><strong>Domino</strong></span> <span class='ocrx_word' id='word_1_453' title='bbox 1496 4032 1699 4092; x_wconf 90' lang='lat' dir='ltr'><strong>dictum</strong></span> <span class='ocrx_word' id='word_1_454' title='bbox 1749 4045 1852 4103; x_wconf 87' lang='lat' dir='ltr'><strong>est,</strong></span> <span class='ocrx_word' id='word_1_455' title='bbox 1905 4035 2081 4105; x_wconf 87' lang='lat' dir='ltr'><strong>Petre,</strong></span> 
     </span>
    </p>
   </div>
   <div class='ocr_carea' id='block_1_58' title="bbox 507 4126 2082 4198">
    <p class='ocr_par' dir='ltr' id='par_1_58' title="bbox 507 4126 2082 4198">
     <span class='ocr_line' id='line_1_58' title="bbox 507 4126 2082 4198; baseline -0.001 -15"><span class='ocrx_word' id='word_1_456' title='bbox 507 4145 659 4183; x_wconf 85' lang='lat' dir='ltr'><strong>amas</strong></span> <span class='ocrx_word' id='word_1_457' title='bbox 705 4127 830 4183; x_wconf 85' lang='lat' dir='ltr'><strong>me?</strong></span> <span class='ocrx_word' id='word_1_458' title='bbox 871 4143 1027 4198; x_wconf 86' lang='lat' dir='ltr'><strong>pasce</strong></span> <span class='ocrx_word' id='word_1_459' title='bbox 1077 4142 1195 4181; x_wconf 75' lang='lat' dir='ltr'><strong>oues</strong></span> <span class='ocrx_word' id='word_1_460' title='bbox 1216 4140 1393 4192; x_wconf 86' lang='lat' dir='ltr'><strong>meas,</strong></span> <span class='ocrx_word' id='word_1_461' title='bbox 1442 4126 1875 4198; x_wconf 90' lang='lat' dir='ltr'><strong>objurgationem</strong></span> <span class='ocrx_word' id='word_1_462' title='bbox 1921 4127 2082 4182; x_wconf 89' lang='lat' dir='ltr'><strong>talem</strong></span> 
     </span>
    </p>
   </div>
   <div class='ocr_carea' id='block_1_59' title="bbox 503 4216 2086 4289">
    <p class='ocr_par' dir='ltr' id='par_1_59' title="bbox 503 4216 2086 4289">
     <span class='ocr_line' id='line_1_59' title="bbox 503 4216 2086 4289; baseline 0.001 -17"><span class='ocrx_word' id='word_1_463' title='bbox 503 4218 826 4289; x_wconf 87' lang='lat' dir='ltr'><strong>posterioris</strong></span> <span class='ocrx_word' id='word_1_464' title='bbox 870 4217 1105 4287; x_wconf 88' lang='lat' dir='ltr'><strong>pastoris</strong></span> <span class='ocrx_word' id='word_1_465' title='bbox 1152 4231 1252 4287; x_wconf 88' lang='lat' dir='ltr'><strong>pro</strong></span> <span class='ocrx_word' id='word_1_466' title='bbox 1295 4216 1468 4277; x_wconf 90' lang='lat' dir='ltr'><strong>salute</strong></span> <span class='ocrx_word' id='word_1_467' title='bbox 1507 4217 1685 4287; x_wconf 85' lang='lat' dir='ltr'><strong>gregis</strong></span> <span class='ocrx_word' id='word_1_468' title='bbox 1729 4216 2086 4273; x_wconf 88' lang='lat' dir='ltr'><strong>libentissime</strong></span> 
     </span>
    </p>
   </div>
   <div class='ocr_carea' id='block_1_60' title="bbox 506 4304 2083 4377">
    <p class='ocr_par' dir='ltr' id='par_1_60' title="bbox 506 4304 2083 4377">
     <span class='ocr_line' id='line_1_60' title="bbox 506 4304 2083 4377; baseline 0.001 -16"><span class='ocrx_word' id='word_1_469' title='bbox 506 4307 832 4362; x_wconf 88' lang='lat' dir='ltr'><strong>sustinebat.</strong></span> <span class='ocrx_word' id='word_1_470' title='bbox 865 4305 1001 4361; x_wconf 88' lang='lat' dir='ltr'><strong>Nam</strong></span> <span class='ocrx_word' id='word_1_471' title='bbox 1030 4314 1149 4360; x_wconf 88' lang='lat' dir='ltr'><strong>erat</strong></span> <span class='ocrx_word' id='word_1_472' title='bbox 1189 4304 1533 4377; x_wconf 87' lang='lat' dir='ltr'><strong>objurgatore</strong></span> <span class='ocrx_word' id='word_1_473' title='bbox 1573 4322 1672 4362; x_wconf 88' lang='lat' dir='ltr'><strong>suo</strong></span> <span class='ocrx_word' id='word_1_474' title='bbox 1712 4305 1825 4376; x_wconf 89' lang='lat' dir='ltr'><strong>ipse</strong></span> <span class='ocrx_word' id='word_1_475' title='bbox 1861 4306 1953 4375; x_wconf 91' lang='lat' dir='ltr'><strong>qui</strong></span> <span class='ocrx_word' id='word_1_476' title='bbox 1982 4307 2083 4362; x_wconf 80' lang='lat' dir='ltr'><strong>ob-</strong></span> 
     </span>
    </p>
   </div>
   <div class='ocr_carea' id='block_1_61' title="bbox 500 4395 2081 4468">
    <p class='ocr_par' dir='ltr' id='par_1_61' title="bbox 500 4395 2081 4468">
     <span class='ocr_line' id='line_1_61' title="bbox 500 4395 2081 4468; baseline 0.001 -17"><span class='ocrx_word' id='word_1_477' title='bbox 500 4396 823 4468; x_wconf 84' lang='lat' dir='ltr'><strong>jurgabatur</strong></span> <span class='ocrx_word' id='word_1_478' title='bbox 859 4396 1179 4461; x_wconf 89' lang='lat' dir='ltr'><strong>mirabilior,</strong></span> <span class='ocrx_word' id='word_1_479' title='bbox 1224 4403 1281 4451; x_wconf 89' lang='lat' dir='ltr'><strong>et</strong></span> <span class='ocrx_word' id='word_1_480' title='bbox 1324 4395 1394 4451; x_wconf 86' lang='lat' dir='ltr'><strong>ad</strong></span> <span class='ocrx_word' id='word_1_481' title='bbox 1437 4395 1757 4451; x_wconf 86' lang='lat' dir='ltr'><strong>imitandum</strong></span> <span class='ocrx_word' id='word_1_482' title='bbox 1780 4396 2081 4463; x_wconf 85' lang='lat' dir='ltr'><strong>dillicilior;</strong></span> 
     </span>
    </p>
   </div>
   <div class='ocr_carea' id='block_1_62' title="bbox 506 4482 2086 4556">
    <p class='ocr_par' dir='ltr' id='par_1_62' title="bbox 506 4482 2086 4556">
     <span class='ocr_line' id='line_1_62' title="bbox 506 4482 2086 4556; baseline 0.001 -17"><span class='ocrx_word' id='word_1_483' title='bbox 506 4484 723 4541; x_wconf 78' lang='lat' dir='ltr'><strong>facilius</strong></span> <span class='ocrx_word' id='word_1_484' title='bbox 750 4493 836 4541; x_wconf 88' lang='lat' dir='ltr'><strong>est</strong></span> <span class='ocrx_word' id='word_1_485' title='bbox 863 4484 1007 4543; x_wconf 89' lang='lat' dir='ltr'><strong>enim</strong></span> <span class='ocrx_word' id='word_1_486' title='bbox 1056 4484 1244 4539; x_wconf 87' lang='lat' dir='ltr'><strong>videre</strong></span> <span class='ocrx_word' id='word_1_487' title='bbox 1282 4482 1413 4555; x_wconf 91' lang='lat' dir='ltr'><strong>quid</strong></span> <span class='ocrx_word' id='word_1_488' title='bbox 1438 4482 1493 4539; x_wconf 92' lang='lat' dir='ltr'><strong>in</strong></span> <span class='ocrx_word' id='word_1_489' title='bbox 1515 4483 1621 4540; x_wconf 93' lang='lat' dir='ltr'><strong>alio</strong></span> <span class='ocrx_word' id='word_1_490' title='bbox 1647 4485 1886 4556; x_wconf 88' lang='lat' dir='ltr'><strong>corrigas</strong></span> <span class='ocrx_word' id='word_1_491' title='bbox 1923 4492 2086 4556; x_wconf 90' lang='lat' dir='ltr'><strong>atque</strong></span> 
     </span>
    </p>
   </div>
   <div class='ocr_carea' id='block_1_63' title="bbox 507 4572 2086 4647">
    <p class='ocr_par' dir='ltr' id='par_1_63' title="bbox 507 4572 2086 4647">
     <span class='ocr_line' id='line_1_63' title="bbox 507 4572 2086 4647; baseline -0.001 -16"><span class='ocrx_word' id='word_1_492' title='bbox 507 4576 564 4633; x_wconf 89' lang='lat' dir='ltr'><strong>id</strong></span> <span class='ocrx_word' id='word_1_493' title='bbox 590 4577 945 4647; x_wconf 83' lang='lat' dir='ltr'><strong>vituperando</strong></span> <span class='ocrx_word' id='word_1_494' title='bbox 969 4575 1054 4633; x_wconf 85' lang='lat' dir='ltr'><strong>vel</strong></span> <span class='ocrx_word' id='word_1_495' title='bbox 1079 4572 1415 4646; x_wconf 81' lang='lat' dir='ltr'><strong>objurganda</strong></span> <span class='ocrx_word' id='word_1_496' title='bbox 1461 4575 1754 4646; x_wconf 82' lang='lat' dir='ltr'><strong>corrigere,</strong></span> <span class='ocrx_word' id='word_1_497' title='bbox 1799 4589 1963 4645; x_wconf 91' lang='lat' dir='ltr'><strong>quam</strong></span> <span class='ocrx_word' id='word_1_498' title='bbox 2006 4575 2086 4629; x_wconf 87' lang='lat' dir='ltr'><strong>vi-</strong></span> 
     </span>
    </p>
   </div>
   <div class='ocr_carea' id='block_1_64' title="bbox 510 4662 2083 4735">
    <p class='ocr_par' dir='ltr' id='par_1_64' title="bbox 510 4662 2083 4735">
     <span class='ocr_line' id='line_1_64' title="bbox 510 4662 2083 4735; baseline -0.003 -14"><span class='ocrx_word' id='word_1_499' title='bbox 510 4665 640 4721; x_wconf 87' lang='lat' dir='ltr'><strong>dere</strong></span> <span class='ocrx_word' id='word_1_500' title='bbox 662 4664 791 4735; x_wconf 90' lang='lat' dir='ltr'><strong>quid</strong></span> <span class='ocrx_word' id='word_1_501' title='bbox 820 4665 874 4718; x_wconf 93' lang='lat' dir='ltr'><strong>in</strong></span> <span class='ocrx_word' id='word_1_502' title='bbox 908 4671 960 4719; x_wconf 92' lang='lat' dir='ltr'><strong>te</strong></span> <span class='ocrx_word' id='word_1_503' title='bbox 980 4662 1358 4734; x_wconf 89' lang='lat' dir='ltr'><strong>corrigendum</strong></span> <span class='ocrx_word' id='word_1_504' title='bbox 1395 4663 1489 4729; x_wconf 88' lang='lat' dir='ltr'><strong>sit,</strong></span> <span class='ocrx_word' id='word_1_505' title='bbox 1518 4663 1854 4734; x_wconf 89' lang='lat' dir='ltr'><strong>libenterque</strong></span> <span class='ocrx_word' id='word_1_506' title='bbox 1883 4664 2083 4735; x_wconf 86' lang='lat' dir='ltr'><strong>corrigi</strong></span> 
     </span>
    </p>
   </div>
   <div class='ocr_carea' id='block_1_65' title="bbox 504 4755 2079 4826">
    <p class='ocr_par' dir='ltr' id='par_1_65' title="bbox 504 4755 2079 4826">
     <span class='ocr_line' id='line_1_65' title="bbox 504 4755 2079 4826; baseline 0.001 -16"><span class='ocrx_word' id='word_1_507' title='bbox 504 4772 592 4813; x_wconf 83' lang='lat' dir='ltr'><strong>ve.</strong></span> <span class='ocrx_word' id='word_1_508' title='bbox 621 4772 719 4826; x_wconf 91' lang='lat' dir='ltr'><strong>per</strong></span> <span class='ocrx_word' id='word_1_509' title='bbox 743 4763 797 4812; x_wconf 91' lang='lat' dir='ltr'><strong>te</strong></span> <span class='ocrx_word' id='word_1_510' title='bbox 817 4756 1014 4825; x_wconf 88' lang='lat' dir='ltr'><strong>ipsum,</strong></span> <span class='ocrx_word' id='word_1_511' title='bbox 1054 4757 1252 4811; x_wconf 83' lang='lat' dir='ltr'><strong>nedum</strong></span> <span class='ocrx_word' id='word_1_512' title='bbox 1289 4770 1387 4825; x_wconf 90' lang='lat' dir='ltr'><strong>per</strong></span> <span class='ocrx_word' id='word_1_513' title='bbox 1411 4755 1606 4823; x_wconf 87' lang='lat' dir='ltr'><strong>alium;</strong></span> <span class='ocrx_word' id='word_1_514' title='bbox 1645 4756 1782 4811; x_wconf 90' lang='lat' dir='ltr'><strong>adde</strong></span> <span class='ocrx_word' id='word_1_515' title='bbox 1810 4756 2079 4826; x_wconf 88' lang='lat' dir='ltr'><strong>posterio-</strong></span> 
     </span>
    </p>
   </div>
   <div class='ocr_carea' id='block_1_66' title="bbox 508 4844 2084 4912">
    <p class='ocr_par' dir='ltr' id='par_1_66' title="bbox 508 4844 2084 4912">
     <span class='ocr_line' id='line_1_66' title="bbox 508 4844 2084 4912; baseline 0 -11"><span class='ocrx_word' id='word_1_516' title='bbox 508 4861 657 4912; x_wconf 89' lang='lat' dir='ltr'><strong>rem,</strong></span> <span class='ocrx_word' id='word_1_517' title='bbox 706 4844 843 4901; x_wconf 86' lang='lat' dir='ltr'><strong>adde</strong></span> <span class='ocrx_word' id='word_1_518' title='bbox 888 4860 1072 4901; x_wconf 91' lang='lat' dir='ltr'><strong>coram</strong></span> <span class='ocrx_word' id='word_1_519' title='bbox 1123 4844 1391 4900; x_wconf 91' lang='lat' dir='ltr'><strong>omnibus.</strong></span> <span class='ocrx_word' id='word_1_520' title='bbox 1446 4844 1600 4901; x_wconf 82' lang='lat' dir='ltr'><strong>Valet</strong></span> <span class='ocrx_word' id='word_1_521' title='bbox 1647 4854 1827 4900; x_wconf 87' lang='lat' dir='ltr'><strong>autem</strong></span> <span class='ocrx_word' id='word_1_522' title='bbox 1878 4845 1983 4901; x_wconf 93' lang='lat' dir='ltr'><strong>hoc</strong></span> <span class='ocrx_word' id='word_1_523' title='bbox 2009 4846 2084 4901; x_wconf 90' lang='lat' dir='ltr'><strong>ad</strong></span> 
     </span>
    </p>
   </div>
   <div class='ocr_carea' id='block_1_67' title="bbox 508 4933 2084 5005">
    <p class='ocr_par' dir='ltr' id='par_1_67' title="bbox 508 4933 2084 5005">
     <span class='ocr_line' id='line_1_67' title="bbox 508 4933 2084 5005; baseline 0 -15"><span class='ocrx_word' id='word_1_524' title='bbox 508 4948 764 5005; x_wconf 81' lang='lat' dir='ltr'><strong>magnum</strong></span> <span class='ocrx_word' id='word_1_525' title='bbox 804 4933 1125 4990; x_wconf 87' lang='lat' dir='ltr'><strong>humilitatis</strong></span> <span class='ocrx_word' id='word_1_526' title='bbox 1166 4933 1502 5005; x_wconf 87' lang='lat' dir='ltr'><strong>exemplum,</strong></span> <span class='ocrx_word' id='word_1_527' title='bbox 1554 4949 1674 5004; x_wconf 75' lang='lat' dir='ltr'><strong>quae</strong></span> <span class='ocrx_word' id='word_1_528' title='bbox 1715 4935 1952 4991; x_wconf 85' lang='lat' dir='ltr'><strong>maxima</strong></span> <span class='ocrx_word' id='word_1_529' title='bbox 1998 4944 2084 4990; x_wconf 91' lang='lat' dir='ltr'><strong>est</strong></span> 
     </span>
    </p>
   </div>
   <div class='ocr_carea' id='block_1_68' title="bbox 509 5024 2084 5097">
    <p class='ocr_par' dir='ltr' id='par_1_68' title="bbox 509 5024 2084 5097">
     <span class='ocr_line' id='line_1_68' title="bbox 509 5024 2084 5097; baseline -0.002 -14"><span class='ocrx_word' id='word_1_530' title='bbox 509 5026 791 5097; x_wconf 90' lang='lat' dir='ltr'><strong>disciplina</strong></span> <span class='ocrx_word' id='word_1_531' title='bbox 834 5025 1163 5089; x_wconf 88' lang='lat' dir='ltr'><strong>Christiana,</strong></span> <span class='ocrx_word' id='word_1_532' title='bbox 1209 5024 1518 5080; x_wconf 88' lang='lat' dir='ltr'><strong>humilitate</strong></span> <span class='ocrx_word' id='word_1_533' title='bbox 1553 5025 1701 5081; x_wconf 89' lang='lat' dir='ltr'><strong>enim</strong></span> <span class='ocrx_word' id='word_1_534' title='bbox 1727 5033 2084 5082; x_wconf 88' lang='lat' dir='ltr'><strong>conservatur</strong></span> 
     </span>
    </p>
   </div>
   <div class='ocr_carea' id='block_1_69' title="bbox 510 5114 2078 5186">
    <p class='ocr_par' dir='ltr' id='par_1_69' title="bbox 510 5114 2078 5186">
     <span class='ocr_line' id='line_1_69' title="bbox 510 5114 2078 5186; baseline -0.002 -13"><span class='ocrx_word' id='word_1_535' title='bbox 510 5117 770 5183; x_wconf 86' lang='lat' dir='ltr'><strong>eharitas,</strong></span> <span class='ocrx_word' id='word_1_536' title='bbox 796 5131 918 5171; x_wconf 89' lang='lat' dir='ltr'><strong>nam</strong></span> <span class='ocrx_word' id='word_1_537' title='bbox 940 5115 1072 5170; x_wconf 87' lang='lat' dir='ltr'><strong>nihil</strong></span> <span class='ocrx_word' id='word_1_538' title='bbox 1099 5130 1219 5172; x_wconf 90' lang='lat' dir='ltr'><strong>eam</strong></span> <span class='ocrx_word' id='word_1_539' title='bbox 1248 5115 1409 5171; x_wconf 89' lang='lat' dir='ltr'><strong>citius</strong></span> <span class='ocrx_word' id='word_1_540' title='bbox 1420 5114 1588 5170; x_wconf 90' lang='lat' dir='ltr'><strong>violat</strong></span> <span class='ocrx_word' id='word_1_541' title='bbox 1607 5129 1770 5184; x_wconf 90' lang='lat' dir='ltr'><strong>quam</strong></span> <span class='ocrx_word' id='word_1_542' title='bbox 1805 5115 2078 5186; x_wconf 89' lang='lat' dir='ltr'><strong>superbia.</strong></span> 
     </span>
    </p>
   </div>
   <div class='ocr_carea' id='block_1_70' title="bbox 509 5203 2082 5275">
    <p class='ocr_par' dir='ltr' id='par_1_70' title="bbox 509 5203 2082 5275">
     <span class='ocr_line' id='line_1_70' title="bbox 509 5203 2082 5275; baseline -0.003 -12"><span class='ocrx_word' id='word_1_543' title='bbox 509 5207 578 5263; x_wconf 86' lang='lat' dir='ltr'><strong>Et</strong></span> <span class='ocrx_word' id='word_1_544' title='bbox 598 5206 720 5262; x_wconf 88' lang='lat' dir='ltr'><strong>ideo</strong></span> <span class='ocrx_word' id='word_1_545' title='bbox 766 5205 1026 5263; x_wconf 85' lang='lat' dir='ltr'><strong>Dominus</strong></span> <span class='ocrx_word' id='word_1_546' title='bbox 1067 5220 1176 5261; x_wconf 92' lang='lat' dir='ltr'><strong>non</strong></span> <span class='ocrx_word' id='word_1_547' title='bbox 1204 5205 1323 5261; x_wconf 87' lang='lat' dir='ltr'><strong>ait:</strong></span> <span class='ocrx_word' id='word_1_548' title='bbox 1354 5203 1540 5259; x_wconf 82' lang='lat' dir='ltr'><strong>Tollite</strong></span> <span class='ocrx_word' id='word_1_549' title='bbox 1574 5205 1767 5275; x_wconf 83' lang='lat' dir='ltr'><strong>jugum</strong></span> <span class='ocrx_word' id='word_1_550' title='bbox 1812 5221 1984 5259; x_wconf 86' lang='lat' dir='ltr'><strong>meum</strong></span> <span class='ocrx_word' id='word_1_551' title='bbox 2030 5214 2082 5260; x_wconf 87' lang='lat' dir='ltr'><strong>et</strong></span> 
     </span>
    </p>
   </div>
   <div class='ocr_carea' id='block_1_71' title="bbox 510 5293 2083 5366">
    <p class='ocr_par' dir='ltr' id='par_1_71' title="bbox 510 5293 2083 5366">
     <span class='ocr_line' id='line_1_71' title="bbox 510 5293 2083 5366; baseline -0.001 -16"><span class='ocrx_word' id='word_1_552' title='bbox 510 5296 691 5351; x_wconf 77' lang='lat' dir='ltr'><strong>discite</strong></span> <span class='ocrx_word' id='word_1_553' title='bbox 722 5313 756 5351; x_wconf 87' lang='lat' dir='ltr'><strong>a</strong></span> <span class='ocrx_word' id='word_1_554' title='bbox 787 5312 890 5362; x_wconf 85' lang='lat' dir='ltr'><strong>me,</strong></span> <span class='ocrx_word' id='word_1_555' title='bbox 919 5293 1174 5366; x_wconf 89' lang='lat' dir='ltr'><strong>quoniam</strong></span> <span class='ocrx_word' id='word_1_556' title='bbox 1199 5293 1557 5365; x_wconf 89' lang='lat' dir='ltr'><strong>quatriduana</strong></span> <span class='ocrx_word' id='word_1_557' title='bbox 1594 5293 1661 5349; x_wconf 92' lang='lat' dir='ltr'><strong>de</strong></span> <span class='ocrx_word' id='word_1_558' title='bbox 1699 5293 1962 5363; x_wconf 88' lang='lat' dir='ltr'><strong>sepulcris</strong></span> <span class='ocrx_word' id='word_1_559' title='bbox 1991 5309 2083 5348; x_wconf 87' lang='lat' dir='ltr'><strong>ea-</strong></span> 
     </span>
    </p>
   </div>
   <div class='ocr_carea' id='block_1_72' title="bbox 511 5384 2086 5456">
    <p class='ocr_par' dir='ltr' id='par_1_72' title="bbox 511 5384 2086 5456">
     <span class='ocr_line' id='line_1_72' title="bbox 511 5384 2086 5456; baseline -0.003 -11"><span class='ocrx_word' id='word_1_560' title='bbox 511 5388 708 5445; x_wconf 87' lang='lat' dir='ltr'><strong>davera</strong></span> <span class='ocrx_word' id='word_1_561' title='bbox 755 5387 1047 5453; x_wconf 82' lang='lat' dir='ltr'><strong>exsuscita,</strong></span> <span class='ocrx_word' id='word_1_562' title='bbox 1092 5392 1256 5456; x_wconf 87' lang='lat' dir='ltr'><strong>atque</strong></span> <span class='ocrx_word' id='word_1_563' title='bbox 1283 5384 1464 5440; x_wconf 87' lang='lat' dir='ltr'><strong>omnia</strong></span> <span class='ocrx_word' id='word_1_564' title='bbox 1498 5384 1761 5440; x_wconf 70' lang='lat' dir='ltr'><strong>daemonia</strong></span> <span class='ocrx_word' id='word_1_565' title='bbox 1793 5384 1861 5441; x_wconf 91' lang='lat' dir='ltr'><strong>de</strong></span> <span class='ocrx_word' id='word_1_566' title='bbox 1895 5398 2086 5453; x_wconf 70' lang='grc' dir='ltr'><strong>θοι-ρο-</strong></span> 
     </span>
    </p>
   </div>
   <div class='ocr_carea' id='block_1_73' title="bbox 511 5473 2084 5546">
    <p class='ocr_par' dir='ltr' id='par_1_73' title="bbox 511 5473 2084 5546">
     <span class='ocr_line' id='line_1_73' title="bbox 511 5473 2084 5546; baseline -0.003 -13"><span class='ocrx_word' id='word_1_567' title='bbox 511 5475 664 5533; x_wconf 87' lang='lat' dir='ltr'><strong>ribus</strong></span> <span class='ocrx_word' id='word_1_568' title='bbox 708 5477 1005 5543; x_wconf 90' lang='lat' dir='ltr'><strong>hominum,</strong></span> <span class='ocrx_word' id='word_1_569' title='bbox 1052 5476 1377 5546; x_wconf 86' lang='lat' dir='ltr'><strong>morbosque</strong></span> <span class='ocrx_word' id='word_1_570' title='bbox 1423 5473 1650 5544; x_wconf 87' lang='lat' dir='ltr'><strong>depello,</strong></span> <span class='ocrx_word' id='word_1_571' title='bbox 1681 5482 1737 5529; x_wconf 91' lang='lat' dir='ltr'><strong>et</strong></span> <span class='ocrx_word' id='word_1_572' title='bbox 1759 5481 1952 5531; x_wconf 80' lang='lat' dir='ltr'><strong>caetera</strong></span> <span class='ocrx_word' id='word_1_573' title='bbox 1983 5474 2084 5528; x_wconf 89' lang='lat' dir='ltr'><strong>hu-</strong></span> 
     </span>
    </p>
   </div>
   <div class='ocr_carea' id='block_1_74' title="bbox 505 5562 2082 5637">
    <p class='ocr_par' dir='ltr' id='par_1_74' title="bbox 505 5562 2082 5637">
     <span class='ocr_line' id='line_1_74' title="bbox 505 5562 2082 5637; baseline -0.003 -15"><span class='ocrx_word' id='word_1_574' title='bbox 505 5565 761 5637; x_wconf 75' lang='lat' dir='ltr'><strong>iusmodi,</strong></span> <span class='ocrx_word' id='word_1_575' title='bbox 778 5568 893 5633; x_wconf 86' lang='lat' dir='ltr'><strong>sed,</strong></span> <span class='ocrx_word' id='word_1_576' title='bbox 920 5566 1123 5632; x_wconf 77' lang='lat' dir='ltr'><strong>Tollite,</strong></span> <span class='ocrx_word' id='word_1_577' title='bbox 1146 5565 1338 5635; x_wconf 89' lang='lat' dir='ltr'><strong>inquit,</strong></span> <span class='ocrx_word' id='word_1_578' title='bbox 1350 5568 1541 5636; x_wconf 86' lang='lat' dir='ltr'><strong>jugum</strong></span> <span class='ocrx_word' id='word_1_579' title='bbox 1566 5572 1821 5627; x_wconf 85' lang='lat' dir='ltr'><strong>meum,et</strong></span> <span class='ocrx_word' id='word_1_580' title='bbox 1843 5562 2026 5616; x_wconf 76' lang='lat' dir='ltr'><strong>discite</strong></span> <span class='ocrx_word' id='word_1_581' title='bbox 2049 5579 2082 5617; x_wconf 81' lang='grc' dir='ltr'><em>α</em></span> 
     </span>
    </p>
   </div>
   <div class='ocr_carea' id='block_1_75' title="bbox 514 5650 2079 5731">
    <p class='ocr_par' dir='ltr' id='par_1_75' title="bbox 514 5650 2079 5731">
     <span class='ocr_line' id='line_1_75' title="bbox 514 5650 2079 5731; baseline -0.006 -16"><span class='ocrx_word' id='word_1_582' title='bbox 514 5674 596 5715; x_wconf 80' lang='lat' dir='ltr'><strong>me</strong></span> <span class='ocrx_word' id='word_1_583' title='bbox 612 5659 737 5731; x_wconf 85' lang='lat' dir='ltr'><strong>quia</strong></span> <span class='ocrx_word' id='word_1_584' title='bbox 764 5658 903 5713; x_wconf 84' lang='lat' dir='ltr'><strong>mitis</strong></span> <span class='ocrx_word' id='word_1_585' title='bbox 933 5673 1047 5712; x_wconf 88' lang='lat' dir='ltr'><strong>sum</strong></span> <span class='ocrx_word' id='word_1_586' title='bbox 1076 5665 1123 5711; x_wconf 87' lang='lat' dir='ltr'><strong>et</strong></span> <span class='ocrx_word' id='word_1_587' title='bbox 1143 5654 1355 5709; x_wconf 85' lang='lat' dir='ltr'><strong>humilis</strong></span> <span class='ocrx_word' id='word_1_588' title='bbox 1389 5653 1544 5709; x_wconf 81' lang='lat' dir='ltr'><strong>corde</strong></span> <span class='ocrx_word' id='word_1_589' title='bbox 1586 5650 1803 5723; x_wconf 75' lang='lat' dir='ltr'><strong>(Matth.</strong></span> <span class='ocrx_word' id='word_1_590' title='bbox 1835 5652 1911 5723; x_wconf 64' lang='grc' dir='ltr'><strong>χι)</strong></span> <span class='ocrx_word' id='word_1_591' title='bbox 1946 5669 1958 5705; x_wconf 90' lang='lat'><strong>:</strong></span> <span class='ocrx_word' id='word_1_592' title='bbox 1991 5651 2079 5707; x_wconf 86' lang='lat' dir='ltr'><strong>illa</strong></span> 
     </span>
    </p>
   </div>
   <div class='ocr_carea' id='block_1_76' title="bbox 2185 1855 3773 1935">
    <p class='ocr_par' dir='ltr' id='par_1_76' title="bbox 2185 1855 3773 1935">
     <span class='ocr_line' id='line_1_76' title="bbox 2185 1855 3773 1935; baseline 0.005 -23"><span class='ocrx_word' id='word_1_593' title='bbox 2185 1855 2411 1927; x_wconf 89' lang='lat' dir='ltr'><strong>implere</strong></span> <span class='ocrx_word' id='word_1_594' title='bbox 2450 1872 2610 1928; x_wconf 88' lang='lat' dir='ltr'><strong>posse</strong></span> <span class='ocrx_word' id='word_1_595' title='bbox 2646 1870 3076 1930; x_wconf 88' lang='lat' dir='ltr'><strong>cognoscerent;</strong></span> <span class='ocrx_word' id='word_1_596' title='bbox 3131 1863 3259 1933; x_wconf 90' lang='lat' dir='ltr'><strong>quia</strong></span> <span class='ocrx_word' id='word_1_597' title='bbox 3286 1879 3351 1918; x_wconf 80' lang='lat' dir='ltr'><strong>ea:</strong></span> <span class='ocrx_word' id='word_1_598' title='bbox 3375 1864 3615 1933; x_wconf 72' lang='lat' dir='ltr'><strong>operibus</strong></span> <span class='ocrx_word' id='word_1_599' title='bbox 3637 1863 3773 1935; x_wconf 82' lang='lat' dir='ltr'><strong>legis</strong></span> 
     </span>
    </p>
   </div>
   <div class='ocr_carea' id='block_1_77' title="bbox 2185 1949 3775 2026">
    <p class='ocr_par' dir='ltr' id='par_1_77' title="bbox 2185 1949 3775 2026">
     <span class='ocr_line' id='line_1_77' title="bbox 2185 1949 3775 2026; baseline 0.004 -21"><span class='ocrx_word' id='word_1_600' title='bbox 2185 1963 2309 2005; x_wconf 91' lang='lat' dir='ltr'><strong>cum</strong></span> <span class='ocrx_word' id='word_1_601' title='bbox 2331 1949 2445 2005; x_wconf 90' lang='lat' dir='ltr'><strong>suis</strong></span> <span class='ocrx_word' id='word_1_602' title='bbox 2476 1950 2678 2006; x_wconf 91' lang='lat' dir='ltr'><strong>viribus</strong></span> <span class='ocrx_word' id='word_1_603' title='bbox 2713 1965 2778 2006; x_wconf 89' lang='lat' dir='ltr'><strong>ea</strong></span> <span class='ocrx_word' id='word_1_604' title='bbox 2806 1953 3033 2023; x_wconf 90' lang='lat' dir='ltr'><strong>quisque</strong></span> <span class='ocrx_word' id='word_1_605' title='bbox 3067 1953 3276 2021; x_wconf 88' lang='lat' dir='ltr'><strong>tribuit,</strong></span> <span class='ocrx_word' id='word_1_606' title='bbox 3310 1969 3414 2010; x_wconf 81' lang='lat' dir='ltr'><strong>non</strong></span> <span class='ocrx_word' id='word_1_607' title='bbox 3442 1955 3634 2026; x_wconf 67' lang='lat' dir='ltr'><strong>gratiae</strong></span> <span class='ocrx_word' id='word_1_608' title='bbox 3664 1957 3775 2011; x_wconf 81' lang='lat' dir='ltr'><strong>mi-</strong></span> 
     </span>
    </p>
   </div>
   <div class='ocr_carea' id='block_1_78' title="bbox 2187 2040 3773 2121">
    <p class='ocr_par' dir='ltr' id='par_1_78' title="bbox 2187 2040 3773 2121">
     <span class='ocr_line' id='line_1_78' title="bbox 2187 2040 3773 2121; baseline 0.002 -25"><span class='ocrx_word' id='word_1_609' title='bbox 2187 2040 2421 2096; x_wconf 83' lang='lat' dir='ltr'><strong>serantis</strong></span> <span class='ocrx_word' id='word_1_610' title='bbox 2462 2040 2578 2106; x_wconf 92' lang='lat' dir='ltr'><strong>Dei,</strong></span> <span class='ocrx_word' id='word_1_611' title='bbox 2606 2058 2710 2096; x_wconf 87' lang='lat' dir='ltr'><strong>non</strong></span> <span class='ocrx_word' id='word_1_612' title='bbox 2723 2041 3103 2112; x_wconf 77' lang='lat' dir='ltr'><strong>justiﬁcabitur</strong></span> <span class='ocrx_word' id='word_1_613' title='bbox 3127 2044 3293 2099; x_wconf 88' lang='lat' dir='ltr'><strong>omnis</strong></span> <span class='ocrx_word' id='word_1_614' title='bbox 3318 2061 3440 2099; x_wconf 86' lang='lat' dir='ltr'><strong>caro</strong></span> <span class='ocrx_word' id='word_1_615' title='bbox 3464 2043 3639 2117; x_wconf 80' lang='lat' dir='ltr'><strong>(Rom.</strong></span> <span class='ocrx_word' id='word_1_616' title='bbox 3660 2046 3773 2121; x_wconf 79' lang='lat' dir='ltr'><strong>tu),</strong></span> 
     </span>
    </p>
   </div>
   <div class='ocr_carea' id='block_1_79' title="bbox 2188 2129 3778 2196">
    <p class='ocr_par' dir='ltr' id='par_1_79' title="bbox 2188 2129 3778 2196">
     <span class='ocr_line' id='line_1_79' title="bbox 2188 2129 3778 2196; baseline 0.006 -13"><span class='ocrx_word' id='word_1_617' title='bbox 2188 2129 2243 2185; x_wconf 89' lang='lat' dir='ltr'><strong>id</strong></span> <span class='ocrx_word' id='word_1_618' title='bbox 2270 2137 2373 2196; x_wconf 88' lang='lat' dir='ltr'><strong>est,</strong></span> <span class='ocrx_word' id='word_1_619' title='bbox 2403 2130 2581 2186; x_wconf 89' lang='lat' dir='ltr'><strong>omnis</strong></span> <span class='ocrx_word' id='word_1_620' title='bbox 2608 2130 2787 2195; x_wconf 90' lang='lat' dir='ltr'><strong>homo,</strong></span> <span class='ocrx_word' id='word_1_621' title='bbox 2824 2131 2938 2187; x_wconf 87' lang='lat' dir='ltr'><strong>sive</strong></span> <span class='ocrx_word' id='word_1_622' title='bbox 2971 2147 3161 2189; x_wconf 90' lang='lat' dir='ltr'><strong>omnes</strong></span> <span class='ocrx_word' id='word_1_623' title='bbox 3200 2133 3491 2190; x_wconf 87' lang='lat' dir='ltr'><strong>carnaliter</strong></span> <span class='ocrx_word' id='word_1_624' title='bbox 3534 2136 3778 2192; x_wconf 87' lang='lat' dir='ltr'><strong>sentien-</strong></span> 
     </span>
    </p>
   </div>
   <div class='ocr_carea' id='block_1_80' title="bbox 2188 2218 3778 2297">
    <p class='ocr_par' dir='ltr' id='par_1_80' title="bbox 2188 2218 3778 2297">
     <span class='ocr_line' id='line_1_80' title="bbox 2188 2218 3778 2297; baseline 0.006 -25"><span class='ocrx_word' id='word_1_625' title='bbox 2188 2226 2272 2273; x_wconf 90' lang='lat' dir='ltr'><strong>tes</strong></span> <span class='ocrx_word' id='word_1_626' title='bbox 2298 2236 2311 2272; x_wconf 92' lang='lat'><strong>:</strong></span> <span class='ocrx_word' id='word_1_627' title='bbox 2334 2226 2389 2274; x_wconf 90' lang='lat' dir='ltr'><strong>et</strong></span> <span class='ocrx_word' id='word_1_628' title='bbox 2409 2219 2529 2274; x_wconf 92' lang='lat' dir='ltr'><strong>ideo</strong></span> <span class='ocrx_word' id='word_1_629' title='bbox 2548 2218 2644 2285; x_wconf 91' lang='lat' dir='ltr'><strong>illi,</strong></span> <span class='ocrx_word' id='word_1_630' title='bbox 2665 2220 2755 2290; x_wconf 92' lang='lat' dir='ltr'><strong>qui</strong></span> <span class='ocrx_word' id='word_1_631' title='bbox 2780 2236 2902 2275; x_wconf 90' lang='lat' dir='ltr'><strong>cum</strong></span> <span class='ocrx_word' id='word_1_632' title='bbox 2919 2219 3033 2290; x_wconf 90' lang='lat' dir='ltr'><strong>jam</strong></span> <span class='ocrx_word' id='word_1_633' title='bbox 3058 2230 3240 2295; x_wconf 82' lang='lat' dir='ltr'><strong>essth</strong></span> <span class='ocrx_word' id='word_1_634' title='bbox 3261 2223 3361 2280; x_wconf 87' lang='lat' dir='ltr'><strong>sub</strong></span> <span class='ocrx_word' id='word_1_635' title='bbox 3383 2223 3521 2297; x_wconf 91' lang='lat' dir='ltr'><strong>lege,</strong></span> <span class='ocrx_word' id='word_1_636' title='bbox 3547 2224 3778 2291; x_wconf 87' lang='lat' dir='ltr'><strong>Christo</strong></span> 
     </span>
    </p>
   </div>
   <div class='ocr_carea' id='block_1_81' title="bbox 2187 2307 3778 2389">
    <p class='ocr_par' dir='ltr' id='par_1_81' title="bbox 2187 2307 3778 2389">
     <span class='ocr_line' id='line_1_81' title="bbox 2187 2307 3778 2389; baseline 0.007 -27"><span class='ocrx_word' id='word_1_637' title='bbox 2187 2307 2553 2375; x_wconf 89' lang='lat' dir='ltr'><strong>crediderunt,</strong></span> <span class='ocrx_word' id='word_1_638' title='bbox 2601 2322 2710 2365; x_wconf 90' lang='lat' dir='ltr'><strong>non</strong></span> <span class='ocrx_word' id='word_1_639' title='bbox 2746 2308 2874 2389; x_wconf 90' lang='lat' dir='ltr'><strong>quia</strong></span> <span class='ocrx_word' id='word_1_640' title='bbox 2912 2309 3043 2379; x_wconf 87' lang='lat' dir='ltr'><strong>justi</strong></span> <span class='ocrx_word' id='word_1_641' title='bbox 3080 2320 3259 2379; x_wconf 88' lang='lat' dir='ltr'><strong>erant,</strong></span> <span class='ocrx_word' id='word_1_642' title='bbox 3300 2313 3397 2368; x_wconf 89' lang='lat' dir='ltr'><strong>sed</strong></span> <span class='ocrx_word' id='word_1_643' title='bbox 3424 2324 3483 2369; x_wconf 90' lang='lat' dir='ltr'><strong>ut</strong></span> <span class='ocrx_word' id='word_1_644' title='bbox 3505 2313 3778 2384; x_wconf 78' lang='lat' dir='ltr'><strong>iustiﬁca-</strong></span> 
     </span>
    </p>
   </div>
   <div class='ocr_carea' id='block_1_82' title="bbox 2188 2398 3778 2471">
    <p class='ocr_par' dir='ltr' id='par_1_82' title="bbox 2188 2398 3778 2471">
     <span class='ocr_line' id='line_1_82' title="bbox 2188 2398 3778 2471; baseline 0.006 -19"><span class='ocrx_word' id='word_1_645' title='bbox 2188 2405 2397 2464; x_wconf 89' lang='lat' dir='ltr'><strong>rentur,</strong></span> <span class='ocrx_word' id='word_1_646' title='bbox 2444 2406 2707 2455; x_wconf 89' lang='lat' dir='ltr'><strong>venerunt</strong></span> <span class='ocrx_word' id='word_1_647' title='bbox 2733 2399 2803 2454; x_wconf 89' lang='lat' dir='ltr'><strong>ad</strong></span> <span class='ocrx_word' id='word_1_648' title='bbox 2830 2401 3057 2471; x_wconf 89' lang='lat' dir='ltr'><strong>gratiam</strong></span> <span class='ocrx_word' id='word_1_649' title='bbox 3101 2400 3246 2457; x_wconf 91' lang='lat' dir='ltr'><strong>ﬁdei.</strong></span> <span class='ocrx_word' id='word_1_650' title='bbox 3285 2398 3638 2460; x_wconf 89' lang='lat' dir='ltr'><strong>Peccatorum</strong></span> <span class='ocrx_word' id='word_1_651' title='bbox 3679 2421 3778 2461; x_wconf 87' lang='lat' dir='ltr'><strong>au-</strong></span> 
     </span>
    </p>
   </div>
   <div class='ocr_carea' id='block_1_83' title="bbox 2188 2488 3779 2566">
    <p class='ocr_par' dir='ltr' id='par_1_83' title="bbox 2188 2488 3779 2566">
     <span class='ocr_line' id='line_1_83' title="bbox 2188 2488 3779 2566; baseline 0.008 -25"><span class='ocrx_word' id='word_1_652' title='bbox 2188 2495 2296 2541; x_wconf 87' lang='lat' dir='ltr'><strong>tem</strong></span> <span class='ocrx_word' id='word_1_653' title='bbox 2342 2502 2538 2543; x_wconf 90' lang='lat' dir='ltr'><strong>nomen</strong></span> <span class='ocrx_word' id='word_1_654' title='bbox 2581 2488 2832 2559; x_wconf 89' lang='lat' dir='ltr'><strong>gentibus</strong></span> <span class='ocrx_word' id='word_1_655' title='bbox 2866 2490 3236 2561; x_wconf 88' lang='lat' dir='ltr'><strong>imposuerant</strong></span> <span class='ocrx_word' id='word_1_656' title='bbox 3272 2490 3480 2559; x_wconf 66' lang='lat' dir='ltr'><strong>Judazi,</strong></span> <span class='ocrx_word' id='word_1_657' title='bbox 3513 2495 3627 2566; x_wconf 88' lang='lat' dir='ltr'><strong>jam</strong></span> <span class='ocrx_word' id='word_1_658' title='bbox 3686 2512 3779 2553; x_wconf 85' lang='lat' dir='ltr'><strong>ve-</strong></span> 
     </span>
    </p>
   </div>
   <div class='ocr_carea' id='block_1_84' title="bbox 2187 2578 3775 2654">
    <p class='ocr_par' dir='ltr' id='par_1_84' title="bbox 2187 2578 3775 2654">
     <span class='ocr_line' id='line_1_84' title="bbox 2187 2578 3775 2654; baseline 0.006 -23"><span class='ocrx_word' id='word_1_659' title='bbox 2187 2584 2332 2633; x_wconf 90' lang='lat' dir='ltr'><strong>tusta</strong></span> <span class='ocrx_word' id='word_1_660' title='bbox 2379 2578 2611 2648; x_wconf 89' lang='lat' dir='ltr'><strong>quadam</strong></span> <span class='ocrx_word' id='word_1_661' title='bbox 2656 2580 2927 2650; x_wconf 90' lang='lat' dir='ltr'><strong>superbia,</strong></span> <span class='ocrx_word' id='word_1_662' title='bbox 2972 2589 3232 2653; x_wconf 89' lang='lat' dir='ltr'><strong>tanquam</strong></span> <span class='ocrx_word' id='word_1_663' title='bbox 3271 2583 3373 2654; x_wconf 90' lang='lat' dir='ltr'><strong>ipsi</strong></span> <span class='ocrx_word' id='word_1_664' title='bbox 3394 2581 3531 2652; x_wconf 87' lang='lat' dir='ltr'><strong>justi</strong></span> <span class='ocrx_word' id='word_1_665' title='bbox 3559 2595 3775 2652; x_wconf 85' lang='lat' dir='ltr'><strong>essent,</strong></span> 
     </span>
    </p>
   </div>
   <div class='ocr_carea' id='block_1_85' title="bbox 2185 2669 3775 2749">
    <p class='ocr_par' dir='ltr' id='par_1_85' title="bbox 2185 2669 3775 2749">
     <span class='ocr_line' id='line_1_85' title="bbox 2185 2669 3775 2749; baseline 0.006 -25"><span class='ocrx_word' id='word_1_666' title='bbox 2185 2669 2418 2725; x_wconf 87' lang='lat' dir='ltr'><strong>videndo</strong></span> <span class='ocrx_word' id='word_1_667' title='bbox 2441 2670 2689 2749; x_wconf 82' lang='lat' dir='ltr'><strong>stipulam</strong></span> <span class='ocrx_word' id='word_1_668' title='bbox 2721 2673 2773 2725; x_wconf 91' lang='lat' dir='ltr'><strong>in</strong></span> <span class='ocrx_word' id='word_1_669' title='bbox 2797 2671 2954 2728; x_wconf 91' lang='lat' dir='ltr'><strong>oculo</strong></span> <span class='ocrx_word' id='word_1_670' title='bbox 2997 2673 3195 2741; x_wconf 77' lang='lat' dir='ltr'><strong>alieno,</strong></span> <span class='ocrx_word' id='word_1_671' title='bbox 3238 2686 3295 2735; x_wconf 89' lang='lat' dir='ltr'><strong>et</strong></span> <span class='ocrx_word' id='word_1_672' title='bbox 3328 2692 3435 2731; x_wconf 91' lang='lat' dir='ltr'><strong>non</strong></span> <span class='ocrx_word' id='word_1_673' title='bbox 3465 2677 3677 2733; x_wconf 88' lang='lat' dir='ltr'><strong>trabem</strong></span> <span class='ocrx_word' id='word_1_674' title='bbox 3722 2680 3775 2734; x_wconf 86' lang='lat' dir='ltr'><strong>in</strong></span> 
     </span>
    </p>
   </div>
   <div class='ocr_carea' id='block_1_86' title="bbox 2186 2760 3773 2837">
    <p class='ocr_par' dir='ltr' id='par_1_86' title="bbox 2186 2760 3773 2837">
     <span class='ocr_line' id='line_1_86' title="bbox 2186 2760 3773 2837; baseline 0.004 -20"><span class='ocrx_word' id='word_1_675' title='bbox 2186 2775 2306 2817; x_wconf 88' lang='lat' dir='ltr'><strong>suo.</strong></span> <span class='ocrx_word' id='word_1_676' title='bbox 2337 2760 2642 2816; x_wconf 88' lang='lat' dir='ltr'><strong>Secundum</strong></span> <span class='ocrx_word' id='word_1_677' title='bbox 2665 2776 2852 2816; x_wconf 87' lang='lat' dir='ltr'><strong>eorum</strong></span> <span class='ocrx_word' id='word_1_678' title='bbox 2874 2778 3081 2818; x_wconf 89' lang='lat' dir='ltr'><strong>morem</strong></span> <span class='ocrx_word' id='word_1_679' title='bbox 3102 2764 3313 2821; x_wconf 90' lang='lat' dir='ltr'><strong>locutus</strong></span> <span class='ocrx_word' id='word_1_680' title='bbox 3340 2765 3631 2837; x_wconf 82' lang='lat' dir='ltr'><strong>Apostolus</strong></span> <span class='ocrx_word' id='word_1_681' title='bbox 3652 2768 3773 2824; x_wconf 88' lang='lat' dir='ltr'><strong>ait.</strong></span> 
     </span>
    </p>
   </div>
   <div class='ocr_carea' id='block_1_87' title="bbox 2188 2845 3771 2922">
    <p class='ocr_par' dir='ltr' id='par_1_87' title="bbox 2188 2845 3771 2922">
     <span class='ocr_line' id='line_1_87' title="bbox 2188 2845 3771 2922; baseline 0.003 -20"><span class='ocrx_word' id='word_1_682' title='bbox 2188 2845 2304 2902; x_wconf 87' lang='lat' dir='ltr'><strong>Nos</strong></span> <span class='ocrx_word' id='word_1_683' title='bbox 2355 2856 2545 2900; x_wconf 87' lang='lat' dir='ltr'><strong>natura</strong></span> <span class='ocrx_word' id='word_1_684' title='bbox 2588 2845 2767 2901; x_wconf 67' lang='grc' dir='ltr'><strong>λιιάωὶ</strong></span> <span class='ocrx_word' id='word_1_685' title='bbox 2811 2857 2859 2902; x_wconf 85' lang='lat' dir='ltr'><strong>et</strong></span> <span class='ocrx_word' id='word_1_686' title='bbox 2910 2864 3017 2903; x_wconf 86' lang='lat' dir='ltr'><strong>non</strong></span> <span class='ocrx_word' id='word_1_687' title='bbox 3057 2865 3121 2904; x_wconf 72' lang='lat' dir='ltr'><strong>ex</strong></span> <span class='ocrx_word' id='word_1_688' title='bbox 3165 2850 3401 2921; x_wconf 77' lang='lat' dir='ltr'><strong>gentibus</strong></span> <span class='ocrx_word' id='word_1_689' title='bbox 3446 2861 3771 2922; x_wconf 76' lang='lat' dir='ltr'><strong>peccatores.</strong></span> 
     </span>
    </p>
   </div>
   <div class='ocr_carea' id='block_1_88' title="bbox 2186 2936 3777 3011">
    <p class='ocr_par' dir='ltr' id='par_1_88' title="bbox 2186 2936 3777 3011">
     <span class='ocr_line' id='line_1_88' title="bbox 2186 2936 3777 3011; baseline 0.006 -20"><span class='ocrx_word' id='word_1_690' title='bbox 2186 2936 2371 3011; x_wconf 78' lang='lat' dir='ltr'><strong>(.4ug.)</strong></span> <span class='ocrx_word' id='word_1_691' title='bbox 2399 2938 2455 2994; x_wconf 92' lang='lat' dir='ltr'><strong>ld</strong></span> <span class='ocrx_word' id='word_1_692' title='bbox 2484 2946 2583 3001; x_wconf 91' lang='lat' dir='ltr'><strong>est,</strong></span> <span class='ocrx_word' id='word_1_693' title='bbox 2618 2953 2754 3009; x_wconf 87' lang='lat' dir='ltr'><strong>quos</strong></span> <span class='ocrx_word' id='word_1_694' title='bbox 2797 2939 3070 3011; x_wconf 89' lang='lat' dir='ltr'><strong>appellant</strong></span> <span class='ocrx_word' id='word_1_695' title='bbox 3117 2952 3456 3011; x_wconf 89' lang='lat' dir='ltr'><strong>peceatores,</strong></span> <span class='ocrx_word' id='word_1_696' title='bbox 3499 2960 3625 3000; x_wconf 90' lang='lat' dir='ltr'><strong>cum</strong></span> <span class='ocrx_word' id='word_1_697' title='bbox 3658 2946 3777 3003; x_wconf 89' lang='lat' dir='ltr'><strong>sint</strong></span> 
     </span>
    </p>
   </div>
   <div class='ocr_carea' id='block_1_89' title="bbox 2186 3028 3771 3103">
    <p class='ocr_par' dir='ltr' id='par_1_89' title="bbox 2186 3028 3771 3103">
     <span class='ocr_line' id='line_1_89' title="bbox 2186 3028 3771 3103; baseline 0.006 -21"><span class='ocrx_word' id='word_1_698' title='bbox 2186 3035 2239 3082; x_wconf 90' lang='lat' dir='ltr'><strong>et</strong></span> <span class='ocrx_word' id='word_1_699' title='bbox 2261 3028 2363 3099; x_wconf 90' lang='lat' dir='ltr'><strong>ipsi</strong></span> <span class='ocrx_word' id='word_1_700' title='bbox 2411 3038 2744 3099; x_wconf 88' lang='lat' dir='ltr'><strong>peceatores.</strong></span> <span class='ocrx_word' id='word_1_701' title='bbox 2787 3028 2896 3086; x_wconf 88' lang='lat' dir='ltr'><strong>Nos</strong></span> <span class='ocrx_word' id='word_1_702' title='bbox 2918 3047 3068 3103; x_wconf 89' lang='lat' dir='ltr'><strong>ergo,</strong></span> <span class='ocrx_word' id='word_1_703' title='bbox 3100 3031 3290 3103; x_wconf 88' lang='lat' dir='ltr'><strong>inquit,</strong></span> <span class='ocrx_word' id='word_1_704' title='bbox 3338 3043 3529 3090; x_wconf 89' lang='lat' dir='ltr'><strong>natura</strong></span> <span class='ocrx_word' id='word_1_705' title='bbox 3568 3035 3771 3101; x_wconf 65' lang='lat' dir='ltr'><strong>Judaei,</strong></span> 
     </span>
    </p>
   </div>
   <div class='ocr_carea' id='block_1_90' title="bbox 2186 3120 3771 3200">
    <p class='ocr_par' dir='ltr' id='par_1_90' title="bbox 2186 3120 3771 3200">
     <span class='ocr_line' id='line_1_90' title="bbox 2186 3120 3771 3200; baseline 0.008 -26"><span class='ocrx_word' id='word_1_706' title='bbox 2186 3134 2309 3175; x_wconf 90' lang='lat' dir='ltr'><strong>cum</strong></span> <span class='ocrx_word' id='word_1_707' title='bbox 2366 3120 2613 3191; x_wconf 89' lang='lat' dir='ltr'><strong>gentiles,</strong></span> <span class='ocrx_word' id='word_1_708' title='bbox 2644 3137 2752 3177; x_wconf 89' lang='lat' dir='ltr'><strong>non</strong></span> <span class='ocrx_word' id='word_1_709' title='bbox 2805 3138 3070 3191; x_wconf 89' lang='lat' dir='ltr'><strong>essemus,</strong></span> <span class='ocrx_word' id='word_1_710' title='bbox 3100 3140 3236 3196; x_wconf 90' lang='lat' dir='ltr'><strong>quos</strong></span> <span class='ocrx_word' id='word_1_711' title='bbox 3292 3126 3394 3198; x_wconf 91' lang='lat' dir='ltr'><strong>ipsi</strong></span> <span class='ocrx_word' id='word_1_712' title='bbox 3446 3137 3771 3200; x_wconf 88' lang='lat' dir='ltr'><strong>peceatores</strong></span> 
     </span>
    </p>
   </div>
   <div class='ocr_carea' id='block_1_91' title="bbox 2185 3208 3771 3285">
    <p class='ocr_par' dir='ltr' id='par_1_91' title="bbox 2185 3208 3771 3285">
     <span class='ocr_line' id='line_1_91' title="bbox 2185 3208 3771 3285; baseline 0.009 -23"><span class='ocrx_word' id='word_1_713' title='bbox 2185 3208 2488 3281; x_wconf 75' lang='lat' dir='ltr'><strong>appellant,</strong></span> <span class='ocrx_word' id='word_1_714' title='bbox 2520 3219 2703 3265; x_wconf 89' lang='lat' dir='ltr'><strong>tamen</strong></span> <span class='ocrx_word' id='word_1_715' title='bbox 2739 3219 2793 3267; x_wconf 89' lang='lat' dir='ltr'><strong>et</strong></span> <span class='ocrx_word' id='word_1_716' title='bbox 2834 3227 2935 3269; x_wconf 89' lang='lat' dir='ltr'><strong>nos</strong></span> <span class='ocrx_word' id='word_1_717' title='bbox 2975 3225 3291 3285; x_wconf 86' lang='lat' dir='ltr'><strong>peccatores</strong></span> <span class='ocrx_word' id='word_1_718' title='bbox 3317 3215 3372 3270; x_wconf 93' lang='lat' dir='ltr'><strong>in</strong></span> <span class='ocrx_word' id='word_1_719' title='bbox 3397 3215 3615 3274; x_wconf 86' lang='lat' dir='ltr'><strong>Christo</strong></span> <span class='ocrx_word' id='word_1_720' title='bbox 3637 3217 3771 3276; x_wconf 83' lang='lat' dir='ltr'><strong>Jesu</strong></span> 
     </span>
    </p>
   </div>
   <div class='ocr_carea' id='block_1_92' title="bbox 2185 3300 3769 3377">
    <p class='ocr_par' dir='ltr' id='par_1_92' title="bbox 2185 3300 3769 3377">
     <span class='ocr_line' id='line_1_92' title="bbox 2185 3300 3769 3377; baseline 0.006 -22"><span class='ocrx_word' id='word_1_721' title='bbox 2185 3301 2512 3356; x_wconf 89' lang='lat' dir='ltr'><strong>credidimus</strong></span> <span class='ocrx_word' id='word_1_722' title='bbox 2558 3310 2618 3357; x_wconf 88' lang='lat' dir='ltr'><strong>ut</strong></span> <span class='ocrx_word' id='word_1_723' title='bbox 2649 3300 3011 3377; x_wconf 88' lang='lat' dir='ltr'><strong>justiﬁcemur</strong></span> <span class='ocrx_word' id='word_1_724' title='bbox 3038 3320 3136 3377; x_wconf 84' lang='lat' dir='ltr'><strong>per</strong></span> <span class='ocrx_word' id='word_1_725' title='bbox 3176 3306 3337 3361; x_wconf 89' lang='lat' dir='ltr'><strong>ﬁdem</strong></span> <span class='ocrx_word' id='word_1_726' title='bbox 3380 3305 3604 3375; x_wconf 88' lang='lat' dir='ltr'><strong>Christi,</strong></span> <span class='ocrx_word' id='word_1_727' title='bbox 3654 3325 3769 3365; x_wconf 89' lang='lat' dir='ltr'><strong>non</strong></span> 
     </span>
    </p>
   </div>
   <div class='ocr_carea' id='block_1_93' title="bbox 2185 3391 3766 3468">
    <p class='ocr_par' dir='ltr' id='par_1_93' title="bbox 2185 3391 3766 3468">
     <span class='ocr_line' id='line_1_93' title="bbox 2185 3391 3766 3468; baseline 0.006 -23"><span class='ocrx_word' id='word_1_728' title='bbox 2185 3399 2365 3446; x_wconf 89' lang='lat' dir='ltr'><strong>autem</strong></span> <span class='ocrx_word' id='word_1_729' title='bbox 2399 3400 2707 3462; x_wconf 64' lang='lat' dir='ltr'><strong>quaererent</strong></span> <span class='ocrx_word' id='word_1_730' title='bbox 2738 3391 3046 3461; x_wconf 86' lang='lat' dir='ltr'><strong>justiﬁcari,</strong></span> <span class='ocrx_word' id='word_1_731' title='bbox 3081 3395 3188 3451; x_wconf 89' lang='lat' dir='ltr'><strong>nisi</strong></span> <span class='ocrx_word' id='word_1_732' title='bbox 3219 3405 3400 3452; x_wconf 78' lang='lat' dir='ltr'><strong>essent</strong></span> <span class='ocrx_word' id='word_1_733' title='bbox 3424 3409 3766 3468; x_wconf 86' lang='lat' dir='ltr'><strong>peccatores.</strong></span> 
     </span>
    </p>
   </div>
   <div class='ocr_carea' id='block_1_94' title="bbox 2183 3480 3773 3561">
    <p class='ocr_par' dir='ltr' id='par_1_94' title="bbox 2183 3480 3773 3561">
     <span class='ocr_line' id='line_1_94' title="bbox 2183 3480 3773 3561; baseline 0.006 -24"><span class='ocrx_word' id='word_1_734' title='bbox 2183 3481 2269 3537; x_wconf 83' lang='lat' dir='ltr'><strong>An</strong></span> <span class='ocrx_word' id='word_1_735' title='bbox 2292 3480 2431 3537; x_wconf 83' lang='lat' dir='ltr'><strong>forte</strong></span> <span class='ocrx_word' id='word_1_736' title='bbox 2469 3483 2596 3553; x_wconf 89' lang='lat' dir='ltr'><strong>quia</strong></span> <span class='ocrx_word' id='word_1_737' title='bbox 2629 3483 2685 3538; x_wconf 91' lang='lat' dir='ltr'><strong>in</strong></span> <span class='ocrx_word' id='word_1_738' title='bbox 2714 3482 2933 3540; x_wconf 87' lang='lat' dir='ltr'><strong>Christo</strong></span> <span class='ocrx_word' id='word_1_739' title='bbox 2957 3485 3243 3542; x_wconf 89' lang='lat' dir='ltr'><strong>voluerunt</strong></span> <span class='ocrx_word' id='word_1_740' title='bbox 3259 3487 3545 3561; x_wconf 76' lang='lat' dir='ltr'><strong>iustiﬁcari</strong></span> <span class='ocrx_word' id='word_1_741' title='bbox 3574 3505 3773 3561; x_wconf 89' lang='lat' dir='ltr'><strong>pecca-</strong></span> 
     </span>
    </p>
   </div>
   <div class='ocr_carea' id='block_1_95' title="bbox 2184 3572 3773 3650">
    <p class='ocr_par' dir='ltr' id='par_1_95' title="bbox 2184 3572 3773 3650">
     <span class='ocr_line' id='line_1_95' title="bbox 2184 3572 3773 3650; baseline 0.008 -25"><span class='ocrx_word' id='word_1_742' title='bbox 2184 3572 2574 3642; x_wconf 88' lang='lat' dir='ltr'><strong>verunt?quia,</strong></span> <span class='ocrx_word' id='word_1_743' title='bbox 2601 3573 2649 3627; x_wconf 87' lang='lat' dir='ltr'><strong>si</strong></span> <span class='ocrx_word' id='word_1_744' title='bbox 2669 3572 2783 3642; x_wconf 88' lang='lat' dir='ltr'><strong>jam</strong></span> <span class='ocrx_word' id='word_1_745' title='bbox 2803 3572 2932 3644; x_wconf 88' lang='lat' dir='ltr'><strong>justi</strong></span> <span class='ocrx_word' id='word_1_746' title='bbox 2952 3585 3129 3643; x_wconf 89' lang='lat' dir='ltr'><strong>erant,</strong></span> <span class='ocrx_word' id='word_1_747' title='bbox 3166 3577 3311 3635; x_wconf 86' lang='lat' dir='ltr'><strong>aliud</strong></span> <span class='ocrx_word' id='word_1_748' title='bbox 3341 3581 3632 3650; x_wconf 65' lang='lat' dir='ltr'><strong>quaerendo</strong></span> <span class='ocrx_word' id='word_1_749' title='bbox 3660 3582 3773 3637; x_wconf 83' lang='lat' dir='ltr'><strong>uti-</strong></span> 
     </span>
    </p>
   </div>
   <div class='ocr_carea' id='block_1_96' title="bbox 2186 3662 3741 3742">
    <p class='ocr_par' dir='ltr' id='par_1_96' title="bbox 2186 3662 3741 3742">
     <span class='ocr_line' id='line_1_96' title="bbox 2186 3662 3741 3742; baseline 0.009 -27"><span class='ocrx_word' id='word_1_750' title='bbox 2186 3676 2293 3731; x_wconf 91' lang='lat' dir='ltr'><strong>que</strong></span> <span class='ocrx_word' id='word_1_751' title='bbox 2316 3671 2704 3732; x_wconf 90' lang='lat' dir='ltr'><strong>peccaverunt.</strong></span> <span class='ocrx_word' id='word_1_752' title='bbox 2739 3662 2974 3720; x_wconf 86' lang='lat' dir='ltr'><strong>Scientes</strong></span> <span class='ocrx_word' id='word_1_753' title='bbox 3004 3676 3181 3722; x_wconf 76' lang='lat' dir='ltr'><strong>autem</strong></span> <span class='ocrx_word' id='word_1_754' title='bbox 3205 3670 3344 3741; x_wconf 87' lang='lat' dir='ltr'><strong>quod</strong></span> <span class='ocrx_word' id='word_1_755' title='bbox 3372 3687 3474 3725; x_wconf 84' lang='lat' dir='ltr'><strong>non</strong></span> <span class='ocrx_word' id='word_1_756' title='bbox 3500 3672 3741 3742; x_wconf 75' lang='lat' dir='ltr'><strong>justiﬁes</strong></span> 
     </span>
    </p>
   </div>
   <div class='ocr_carea' id='block_1_97' title="bbox 2185 3753 3768 3831">
    <p class='ocr_par' dir='ltr' id='par_1_97' title="bbox 2185 3753 3768 3831">
     <span class='ocr_line' id='line_1_97' title="bbox 2185 3753 3768 3831; baseline 0.009 -25"><span class='ocrx_word' id='word_1_757' title='bbox 2185 3763 2273 3807; x_wconf 88' lang='lat' dir='ltr'><strong>tur</strong></span> <span class='ocrx_word' id='word_1_758' title='bbox 2297 3753 2450 3808; x_wconf 81' lang='lat' dir='ltr'><strong>homo</strong></span> <span class='ocrx_word' id='word_1_759' title='bbox 2477 3769 2541 3808; x_wconf 79' lang='lat' dir='ltr'><strong>ex</strong></span> <span class='ocrx_word' id='word_1_760' title='bbox 2562 3755 2801 3825; x_wconf 85' lang='lat' dir='ltr'><strong>operibus</strong></span> <span class='ocrx_word' id='word_1_761' title='bbox 2827 3754 2955 3828; x_wconf 83' lang='lat' dir='ltr'><strong>legis</strong></span> <span class='ocrx_word' id='word_1_762' title='bbox 2979 3759 3082 3813; x_wconf 85' lang='lat' dir='ltr'><strong>nisi</strong></span> <span class='ocrx_word' id='word_1_763' title='bbox 3105 3777 3198 3831; x_wconf 87' lang='lat' dir='ltr'><strong>per</strong></span> <span class='ocrx_word' id='word_1_764' title='bbox 3214 3760 3371 3831; x_wconf 78' lang='lat' dir='ltr'><strong>fidem</strong></span> <span class='ocrx_word' id='word_1_765' title='bbox 3392 3761 3522 3817; x_wconf 84' lang='lat' dir='ltr'><strong>Jesu</strong></span> <span class='ocrx_word' id='word_1_766' title='bbox 3547 3762 3768 3829; x_wconf 76' lang='lat' dir='ltr'><strong>Christi,</strong></span> 
     </span>
    </p>
   </div>
   <div class='ocr_carea' id='block_1_98' title="bbox 2186 3845 3770 3924">
    <p class='ocr_par' dir='ltr' id='par_1_98' title="bbox 2186 3845 3770 3924">
     <span class='ocr_line' id='line_1_98' title="bbox 2186 3845 3770 3924; baseline 0.008 -25"><span class='ocrx_word' id='word_1_767' title='bbox 2186 3856 2234 3900; x_wconf 89' lang='lat' dir='ltr'><strong>et</strong></span> <span class='ocrx_word' id='word_1_768' title='bbox 2271 3862 2363 3901; x_wconf 90' lang='lat' dir='ltr'><strong>nos</strong></span> <span class='ocrx_word' id='word_1_769' title='bbox 2398 3847 2452 3901; x_wconf 90' lang='lat' dir='ltr'><strong>in</strong></span> <span class='ocrx_word' id='word_1_770' title='bbox 2480 3845 2687 3903; x_wconf 79' lang='lat' dir='ltr'><strong>Christo</strong></span> <span class='ocrx_word' id='word_1_771' title='bbox 2721 3847 2850 3903; x_wconf 75' lang='lat' dir='ltr'><strong>Iesu</strong></span> <span class='ocrx_word' id='word_1_772' title='bbox 2888 3851 3174 3919; x_wconf 82' lang='lat' dir='ltr'><strong>credimus,</strong></span> <span class='ocrx_word' id='word_1_773' title='bbox 3218 3863 3278 3908; x_wconf 85' lang='lat' dir='ltr'><strong>ut</strong></span> <span class='ocrx_word' id='word_1_774' title='bbox 3311 3854 3670 3924; x_wconf 78' lang='lat' dir='ltr'><strong>justiﬁccmur</strong></span> <span class='ocrx_word' id='word_1_775' title='bbox 3718 3858 3770 3912; x_wconf 83' lang='lat' dir='ltr'><strong>in</strong></span> 
     </span>
    </p>
   </div>
   <div class='ocr_carea' id='block_1_99' title="bbox 2184 3934 3767 4019">
    <p class='ocr_par' dir='ltr' id='par_1_99' title="bbox 2184 3934 3767 4019">
     <span class='ocr_line' id='line_1_99' title="bbox 2184 3934 3767 4019; baseline 0.011 -27"><span class='ocrx_word' id='word_1_776' title='bbox 2184 3938 2289 4019; x_wconf 65' lang='lat' dir='ltr'><strong>ﬁde</strong></span> <span class='ocrx_word' id='word_1_777' title='bbox 2334 3934 2550 4004; x_wconf 81' lang='lat' dir='ltr'><strong>Christi,</strong></span> <span class='ocrx_word' id='word_1_778' title='bbox 2591 3948 2641 3994; x_wconf 87' lang='lat' dir='ltr'><strong>et</strong></span> <span class='ocrx_word' id='word_1_779' title='bbox 2677 3956 2782 3995; x_wconf 90' lang='lat' dir='ltr'><strong>non</strong></span> <span class='ocrx_word' id='word_1_780' title='bbox 2805 3957 2871 3995; x_wconf 80' lang='lat' dir='ltr'><strong>ea:</strong></span> <span class='ocrx_word' id='word_1_781' title='bbox 2899 3945 3140 4011; x_wconf 86' lang='lat' dir='ltr'><strong>operibus</strong></span> <span class='ocrx_word' id='word_1_782' title='bbox 3164 3944 3310 4016; x_wconf 88' lang='lat' dir='ltr'><strong>legis.</strong></span> <span class='ocrx_word' id='word_1_783' title='bbox 3344 3945 3616 4019; x_wconf 82' lang='lat' dir='ltr'><strong>(llieron.)</strong></span> <span class='ocrx_word' id='word_1_784' title='bbox 3654 3948 3767 4009; x_wconf 79' lang='lat' dir='ltr'><strong>Na-</strong></span> 
     </span>
    </p>
   </div>
   <div class='ocr_carea' id='block_1_100' title="bbox 2186 4027 3767 4104">
    <p class='ocr_par' dir='ltr' id='par_1_100' title="bbox 2186 4027 3767 4104">
     <span class='ocr_line' id='line_1_100' title="bbox 2186 4027 3767 4104; baseline 0.008 -22"><span class='ocrx_word' id='word_1_785' title='bbox 2186 4036 2309 4084; x_wconf 90' lang='lat' dir='ltr'><strong>tura</strong></span> <span class='ocrx_word' id='word_1_786' title='bbox 2351 4027 2567 4084; x_wconf 65' lang='lat' dir='ltr'><strong>Iudaeus</strong></span> <span class='ocrx_word' id='word_1_787' title='bbox 2608 4036 2710 4096; x_wconf 89' lang='lat' dir='ltr'><strong>est,</strong></span> <span class='ocrx_word' id='word_1_788' title='bbox 2755 4031 2847 4100; x_wconf 91' lang='lat' dir='ltr'><strong>qui</strong></span> <span class='ocrx_word' id='word_1_789' title='bbox 2869 4031 2935 4087; x_wconf 90' lang='lat' dir='ltr'><strong>de</strong></span> <span class='ocrx_word' id='word_1_790' title='bbox 2970 4049 3166 4104; x_wconf 87' lang='lat' dir='ltr'><strong>genere</strong></span> <span class='ocrx_word' id='word_1_791' title='bbox 3198 4043 3283 4092; x_wconf 89' lang='lat' dir='ltr'><strong>est</strong></span> <span class='ocrx_word' id='word_1_792' title='bbox 3312 4034 3586 4093; x_wconf 82' lang='lat' dir='ltr'><strong>Abraham</strong></span> <span class='ocrx_word' id='word_1_793' title='bbox 3611 4057 3625 4093; x_wconf 89' lang='lat'><strong>:</strong></span> <span class='ocrx_word' id='word_1_794' title='bbox 3655 4048 3714 4094; x_wconf 87' lang='lat' dir='ltr'><strong>et</strong></span> <span class='ocrx_word' id='word_1_795' title='bbox 3736 4055 3767 4095; x_wconf 91' lang='lat' dir='ltr'><strong>a</strong></span> 
     </span>
    </p>
   </div>
   <div class='ocr_carea' id='block_1_101' title="bbox 2185 4117 3765 4193">
    <p class='ocr_par' dir='ltr' id='par_1_101' title="bbox 2185 4117 3765 4193">
     <span class='ocr_line' id='line_1_101' title="bbox 2185 4117 3765 4193; baseline 0.009 -22"><span class='ocrx_word' id='word_1_796' title='bbox 2185 4117 2500 4191; x_wconf 88' lang='lat' dir='ltr'><strong>parentibus</strong></span> <span class='ocrx_word' id='word_1_797' title='bbox 2545 4117 2632 4174; x_wconf 91' lang='lat' dir='ltr'><strong>die</strong></span> <span class='ocrx_word' id='word_1_798' title='bbox 2676 4129 2867 4175; x_wconf 86' lang='lat' dir='ltr'><strong>octava</strong></span> <span class='ocrx_word' id='word_1_799' title='bbox 2894 4122 3246 4180; x_wconf 80' lang='lat' dir='ltr'><strong>circumcisus</strong></span> <span class='ocrx_word' id='word_1_800' title='bbox 3277 4134 3396 4193; x_wconf 90' lang='lat' dir='ltr'><strong>est;</strong></span> <span class='ocrx_word' id='word_1_801' title='bbox 3431 4143 3539 4183; x_wconf 92' lang='lat' dir='ltr'><strong>non</strong></span> <span class='ocrx_word' id='word_1_802' title='bbox 3570 4139 3765 4186; x_wconf 87' lang='lat' dir='ltr'><strong>natura</strong></span> 
     </span>
    </p>
   </div>
   <div class='ocr_carea' id='block_1_102' title="bbox 2184 4205 3763 4292">
    <p class='ocr_par' dir='ltr' id='par_1_102' title="bbox 2184 4205 3763 4292">
     <span class='ocr_line' id='line_1_102' title="bbox 2184 4205 3763 4292; baseline 0.009 -32"><span class='ocrx_word' id='word_1_803' title='bbox 2184 4205 2421 4270; x_wconf 68' lang='lat' dir='ltr'><strong>Iudaeus,</strong></span> <span class='ocrx_word' id='word_1_804' title='bbox 2461 4207 2551 4278; x_wconf 91' lang='lat' dir='ltr'><strong>qui</strong></span> <span class='ocrx_word' id='word_1_805' title='bbox 2596 4217 2781 4288; x_wconf 83' lang='lat' dir='ltr'><strong>postea</strong></span> <span class='ocrx_word' id='word_1_806' title='bbox 2815 4218 2902 4266; x_wconf 87' lang='lat' dir='ltr'><strong>est</strong></span> <span class='ocrx_word' id='word_1_807' title='bbox 2931 4211 3111 4269; x_wconf 86' lang='lat' dir='ltr'><strong>factus</strong></span> <span class='ocrx_word' id='word_1_808' title='bbox 3132 4228 3200 4270; x_wconf 82' lang='lat' dir='ltr'><strong>ex</strong></span> <span class='ocrx_word' id='word_1_809' title='bbox 3228 4215 3497 4287; x_wconf 88' lang='lat' dir='ltr'><strong>gentibus.</strong></span> <span class='ocrx_word' id='word_1_810' title='bbox 3533 4218 3763 4292; x_wconf 62' lang='lat' dir='ltr'><strong>(Ambra)</strong></span> 
     </span>
    </p>
   </div>
   <div class='ocr_carea' id='block_1_103' title="bbox 2187 4295 3763 4365">
    <p class='ocr_par' dir='ltr' id='par_1_103' title="bbox 2187 4295 3763 4365">
     <span class='ocr_line' id='line_1_103' title="bbox 2187 4295 3763 4365; baseline 0.01 -16"><span class='ocrx_word' id='word_1_811' title='bbox 2187 4295 2470 4351; x_wconf 81' lang='lat' dir='ltr'><strong>Manifesta</strong></span> <span class='ocrx_word' id='word_1_812' title='bbox 2511 4298 2720 4353; x_wconf 89' lang='lat' dir='ltr'><strong>ratione</strong></span> <span class='ocrx_word' id='word_1_813' title='bbox 2761 4299 3154 4358; x_wconf 88' lang='lat' dir='ltr'><strong>circumventos</strong></span> <span class='ocrx_word' id='word_1_814' title='bbox 3178 4319 3272 4360; x_wconf 90' lang='lat' dir='ltr'><strong>eos</strong></span> <span class='ocrx_word' id='word_1_815' title='bbox 3296 4307 3531 4362; x_wconf 89' lang='lat' dir='ltr'><strong>ostendit</strong></span> <span class='ocrx_word' id='word_1_816' title='bbox 3561 4318 3619 4363; x_wconf 88' lang='lat' dir='ltr'><strong>ut</strong></span> <span class='ocrx_word' id='word_1_817' title='bbox 3650 4323 3763 4365; x_wconf 86' lang='lat' dir='ltr'><strong>ser-</strong></span> 
     </span>
    </p>
   </div>
   <div class='ocr_carea' id='block_1_104' title="bbox 2187 4384 3760 4465">
    <p class='ocr_par' dir='ltr' id='par_1_104' title="bbox 2187 4384 3760 4465">
     <span class='ocr_line' id='line_1_104' title="bbox 2187 4384 3760 4465; baseline 0.01 -27"><span class='ocrx_word' id='word_1_818' title='bbox 2187 4393 2379 4440; x_wconf 91' lang='lat' dir='ltr'><strong>varent</strong></span> <span class='ocrx_word' id='word_1_819' title='bbox 2412 4384 2604 4456; x_wconf 87' lang='lat' dir='ltr'><strong>legem,</strong></span> <span class='ocrx_word' id='word_1_820' title='bbox 2638 4386 2693 4441; x_wconf 91' lang='lat' dir='ltr'><strong>in</strong></span> <span class='ocrx_word' id='word_1_821' title='bbox 2720 4404 2825 4458; x_wconf 92' lang='lat' dir='ltr'><strong>qua</strong></span> <span class='ocrx_word' id='word_1_822' title='bbox 2857 4405 3017 4445; x_wconf 89' lang='lat' dir='ltr'><strong>nemo</strong></span> <span class='ocrx_word' id='word_1_823' title='bbox 3037 4390 3369 4461; x_wconf 88' lang='lat' dir='ltr'><strong>justiﬁcatur</strong></span> <span class='ocrx_word' id='word_1_824' title='bbox 3397 4397 3537 4465; x_wconf 90' lang='lat' dir='ltr'><strong>apud</strong></span> <span class='ocrx_word' id='word_1_825' title='bbox 3567 4398 3760 4464; x_wconf 90' lang='lat' dir='ltr'><strong>Deum,</strong></span> 
     </span>
    </p>
   </div>
   <div class='ocr_carea' id='block_1_105' title="bbox 2168 4475 3762 4552">
    <p class='ocr_par' dir='ltr' id='par_1_105' title="bbox 2168 4475 3762 4552">
     <span class='ocr_line' id='line_1_105' title="bbox 2168 4475 3762 4552; baseline 0.01 -23"><span class='ocrx_word' id='word_1_826' title='bbox 2168 4475 2385 4546; x_wconf 84' lang='lat' dir='ltr'><strong>&#39;quippe</strong></span> <span class='ocrx_word' id='word_1_827' title='bbox 2410 4490 2539 4539; x_wconf 81' lang='lat' dir='ltr'><strong>cum</strong></span> <span class='ocrx_word' id='word_1_828' title='bbox 2578 4477 2635 4532; x_wconf 88' lang='lat' dir='ltr'><strong>hi</strong></span> <span class='ocrx_word' id='word_1_829' title='bbox 2682 4479 2781 4548; x_wconf 93' lang='lat' dir='ltr'><strong>ipsi</strong></span> <span class='ocrx_word' id='word_1_830' title='bbox 2807 4480 2900 4550; x_wconf 88' lang='lat' dir='ltr'><strong>qui</strong></span> <span class='ocrx_word' id='word_1_831' title='bbox 2929 4490 3120 4536; x_wconf 86' lang='lat' dir='ltr'><strong>natura</strong></span> <span class='ocrx_word' id='word_1_832' title='bbox 3145 4481 3311 4539; x_wconf 62' lang='lat' dir='ltr'><strong>Judaei</strong></span> <span class='ocrx_word' id='word_1_833' title='bbox 3343 4494 3489 4552; x_wconf 90' lang='lat' dir='ltr'><strong>sunt,</strong></span> <span class='ocrx_word' id='word_1_834' title='bbox 3516 4487 3762 4545; x_wconf 87' lang='lat' dir='ltr'><strong>volentes</strong></span> 
     </span>
    </p>
   </div>
   <div class='ocr_carea' id='block_1_106' title="bbox 2181 4566 3758 4649">
    <p class='ocr_par' dir='ltr' id='par_1_106' title="bbox 2181 4566 3758 4649">
     <span class='ocr_line' id='line_1_106' title="bbox 2181 4566 3758 4649; baseline 0.009 -28"><span class='ocrx_word' id='word_1_835' title='bbox 2181 4566 2492 4637; x_wconf 86' lang='lat' dir='ltr'><strong>justiﬁcari,</strong></span> <span class='ocrx_word' id='word_1_836' title='bbox 2517 4566 2702 4623; x_wconf 89' lang='lat' dir='ltr'><strong>relicta</strong></span> <span class='ocrx_word' id='word_1_837' title='bbox 2730 4569 2866 4649; x_wconf 87' lang='lat' dir='ltr'><strong>lege,</strong></span> <span class='ocrx_word' id='word_1_838' title='bbox 2897 4570 3208 4644; x_wconf 81' lang='lat' dir='ltr'><strong>confugiant</strong></span> <span class='ocrx_word' id='word_1_839' title='bbox 3241 4575 3307 4630; x_wconf 91' lang='lat' dir='ltr'><strong>ad</strong></span> <span class='ocrx_word' id='word_1_840' title='bbox 3338 4576 3496 4631; x_wconf 90' lang='lat' dir='ltr'><strong>ﬁdem</strong></span> <span class='ocrx_word' id='word_1_841' title='bbox 3534 4577 3758 4645; x_wconf 89' lang='lat' dir='ltr'><strong>Christi,</strong></span> 
     </span>
    </p>
   </div>
   <div class='ocr_carea' id='block_1_107' title="bbox 2187 4656 3759 4733">
    <p class='ocr_par' dir='ltr' id='par_1_107' title="bbox 2187 4656 3759 4733">
     <span class='ocr_line' id='line_1_107' title="bbox 2187 4656 3759 4733; baseline 0.009 -24"><span class='ocrx_word' id='word_1_842' title='bbox 2187 4656 2440 4726; x_wconf 89' lang='lat' dir='ltr'><strong>quoniam</strong></span> <span class='ocrx_word' id='word_1_843' title='bbox 2484 4674 2549 4711; x_wconf 78' lang='lat' dir='ltr'><strong>ea:</strong></span> <span class='ocrx_word' id='word_1_844' title='bbox 2590 4660 2830 4727; x_wconf 85' lang='lat' dir='ltr'><strong>operibus</strong></span> <span class='ocrx_word' id='word_1_845' title='bbox 2859 4661 2985 4731; x_wconf 89' lang='lat' dir='ltr'><strong>legis</strong></span> <span class='ocrx_word' id='word_1_846' title='bbox 3036 4679 3140 4717; x_wconf 87' lang='lat' dir='ltr'><strong>non</strong></span> <span class='ocrx_word' id='word_1_847' title='bbox 3160 4664 3545 4733; x_wconf 78' lang='lat' dir='ltr'><strong>justi/imbitur</strong></span> <span class='ocrx_word' id='word_1_848' title='bbox 3590 4668 3759 4723; x_wconf 85' lang='lat' dir='ltr'><strong>omnis</strong></span> 
     </span>
    </p>
   </div>
   <div class='ocr_carea' id='block_1_108' title="bbox 2185 4745 3760 4826">
    <p class='ocr_par' dir='ltr' id='par_1_108' title="bbox 2185 4745 3760 4826">
     <span class='ocr_line' id='line_1_108' title="bbox 2185 4745 3760 4826; baseline 0.007 -26"><span class='ocrx_word' id='word_1_849' title='bbox 2185 4763 2328 4801; x_wconf 88' lang='lat' dir='ltr'><strong>caro.</strong></span> <span class='ocrx_word' id='word_1_850' title='bbox 2359 4745 2569 4801; x_wconf 87' lang='lat' dir='ltr'><strong>Nullum</strong></span> <span class='ocrx_word' id='word_1_851' title='bbox 2594 4747 2869 4803; x_wconf 88' lang='lat' dir='ltr'><strong>hominum</strong></span> <span class='ocrx_word' id='word_1_852' title='bbox 2885 4749 3238 4819; x_wconf 82' lang='lat' dir='ltr'><strong>justiﬁeatum</strong></span> <span class='ocrx_word' id='word_1_853' title='bbox 3262 4754 3392 4809; x_wconf 88' lang='lat' dir='ltr'><strong>dicit</strong></span> <span class='ocrx_word' id='word_1_854' title='bbox 3415 4769 3481 4808; x_wconf 83' lang='lat' dir='ltr'><strong>ex</strong></span> <span class='ocrx_word' id='word_1_855' title='bbox 3503 4757 3760 4826; x_wconf 81' lang='lat' dir='ltr'><strong>operibus</strong></span> 
     </span>
    </p>
   </div>
   <div class='ocr_carea' id='block_1_109' title="bbox 2183 4835 3759 4915">
    <p class='ocr_par' dir='ltr' id='par_1_109' title="bbox 2183 4835 3759 4915">
     <span class='ocr_line' id='line_1_109' title="bbox 2183 4835 3759 4915; baseline 0.007 -25"><span class='ocrx_word' id='word_1_856' title='bbox 2183 4835 2347 4913; x_wconf 88' lang='lat' dir='ltr'><strong>legis;</strong></span> <span class='ocrx_word' id='word_1_857' title='bbox 2385 4837 2711 4907; x_wconf 89' lang='lat' dir='ltr'><strong>quicumque</strong></span> <span class='ocrx_word' id='word_1_858' title='bbox 2747 4840 2890 4894; x_wconf 92' lang='lat' dir='ltr'><strong>enim</strong></span> <span class='ocrx_word' id='word_1_859' title='bbox 2914 4839 3046 4909; x_wconf 88' lang='lat' dir='ltr'><strong>justi</strong></span> <span class='ocrx_word' id='word_1_860' title='bbox 3074 4850 3219 4909; x_wconf 91' lang='lat' dir='ltr'><strong>sunt,</strong></span> <span class='ocrx_word' id='word_1_861' title='bbox 3242 4858 3311 4897; x_wconf 82' lang='lat' dir='ltr'><strong>ex</strong></span> <span class='ocrx_word' id='word_1_862' title='bbox 3342 4843 3445 4898; x_wconf 90' lang='lat' dir='ltr'><strong>ﬁde</strong></span> <span class='ocrx_word' id='word_1_863' title='bbox 3469 4844 3759 4915; x_wconf 87' lang='lat' dir='ltr'><strong>justiﬁeati</strong></span> 
     </span>
    </p>
   </div>
   <div class='ocr_carea' id='block_1_110' title="bbox 2184 4928 3754 4999">
    <p class='ocr_par' dir='ltr' id='par_1_110' title="bbox 2184 4928 3754 4999">
     <span class='ocr_line' id='line_1_110' title="bbox 2184 4928 3754 4999; baseline 0.004 -15"><span class='ocrx_word' id='word_1_864' title='bbox 2184 4937 2332 4994; x_wconf 90' lang='lat' dir='ltr'><strong>sunt,</strong></span> <span class='ocrx_word' id='word_1_865' title='bbox 2348 4929 2487 4985; x_wconf 89' lang='lat' dir='ltr'><strong>sicut</strong></span> <span class='ocrx_word' id='word_1_866' title='bbox 2506 4928 2804 4997; x_wconf 83' lang='lat' dir='ltr'><strong>Abraham,</strong></span> <span class='ocrx_word' id='word_1_867' title='bbox 2820 4931 2989 4999; x_wconf 87' lang='lat' dir='ltr'><strong>Isaac,</strong></span> <span class='ocrx_word' id='word_1_868' title='bbox 3003 4940 3058 4988; x_wconf 90' lang='lat' dir='ltr'><strong>et</strong></span> <span class='ocrx_word' id='word_1_869' title='bbox 3075 4932 3264 4999; x_wconf 85' lang='lat' dir='ltr'><strong>Jacob,</strong></span> <span class='ocrx_word' id='word_1_870' title='bbox 3277 4943 3332 4989; x_wconf 91' lang='lat' dir='ltr'><strong>et</strong></span> <span class='ocrx_word' id='word_1_871' title='bbox 3354 4937 3532 4991; x_wconf 69' lang='lat' dir='ltr'><strong>eteteri</strong></span> <span class='ocrx_word' id='word_1_872' title='bbox 3560 4939 3754 4993; x_wconf 82' lang='lat' dir='ltr'><strong>sancti.</strong></span> 
     </span>
    </p>
   </div>
   <div class='ocr_carea' id='block_1_111' title="bbox 2185 5015 3757 5097">
    <p class='ocr_par' dir='ltr' id='par_1_111' title="bbox 2185 5015 3757 5097">
     <span class='ocr_line' id='line_1_111' title="bbox 2185 5015 3757 5097; baseline 0.008 -28"><span class='ocrx_word' id='word_1_873' title='bbox 2185 5015 2454 5090; x_wconf 56' lang='lat' dir='ltr'><strong>(Hieron)</strong></span> <span class='ocrx_word' id='word_1_874' title='bbox 2486 5016 2558 5073; x_wconf 82' lang='lat' dir='ltr'><strong>Ut</strong></span> <span class='ocrx_word' id='word_1_875' title='bbox 2607 5026 2785 5073; x_wconf 91' lang='lat' dir='ltr'><strong>autem</strong></span> <span class='ocrx_word' id='word_1_876' title='bbox 2829 5027 3002 5075; x_wconf 84' lang='lat' dir='ltr'><strong>totum</strong></span> <span class='ocrx_word' id='word_1_877' title='bbox 3044 5033 3421 5097; x_wconf 83' lang='lat' dir='ltr'><strong>argumentum</strong></span> <span class='ocrx_word' id='word_1_878' title='bbox 3455 5025 3606 5080; x_wconf 88' lang='lat' dir='ltr'><strong>brevi</strong></span> <span class='ocrx_word' id='word_1_879' title='bbox 3643 5041 3757 5083; x_wconf 87' lang='lat' dir='ltr'><strong>ser-</strong></span> 
     </span>
    </p>
   </div>
   <div class='ocr_carea' id='block_1_112' title="bbox 2184 5107 3751 5186">
    <p class='ocr_par' dir='ltr' id='par_1_112' title="bbox 2184 5107 3751 5186">
     <span class='ocr_line' id='line_1_112' title="bbox 2184 5107 3751 5186; baseline 0.008 -27"><span class='ocrx_word' id='word_1_880' title='bbox 2184 5120 2344 5161; x_wconf 91' lang='lat' dir='ltr'><strong>mone</strong></span> <span class='ocrx_word' id='word_1_881' title='bbox 2392 5107 2864 5186; x_wconf 87' lang='lat' dir='ltr'><strong>comprehendam,</strong></span> <span class='ocrx_word' id='word_1_882' title='bbox 2888 5124 3079 5165; x_wconf 89' lang='lat' dir='ltr'><strong>sensus</strong></span> <span class='ocrx_word' id='word_1_883' title='bbox 3126 5120 3211 5166; x_wconf 87' lang='lat' dir='ltr'><strong>est</strong></span> <span class='ocrx_word' id='word_1_884' title='bbox 3253 5114 3356 5169; x_wconf 78' lang='lat' dir='ltr'><strong>iste</strong></span> <span class='ocrx_word' id='word_1_885' title='bbox 3385 5114 3478 5184; x_wconf 89' lang='lat' dir='ltr'><strong>qui</strong></span> <span class='ocrx_word' id='word_1_886' title='bbox 3508 5116 3709 5171; x_wconf 85' lang='lat' dir='ltr'><strong>texitur</strong></span> <span class='ocrx_word' id='word_1_887' title='bbox 3737 5136 3751 5172; x_wconf 89' lang='lat'><strong>:</strong></span> 
     </span>
    </p>
   </div>
   <div class='ocr_carea' id='block_1_113' title="bbox 2183 5196 3755 5279">
    <p class='ocr_par' dir='ltr' id='par_1_113' title="bbox 2183 5196 3755 5279">
     <span class='ocr_line' id='line_1_113' title="bbox 2183 5196 3755 5279; baseline 0.009 -29"><span class='ocrx_word' id='word_1_888' title='bbox 2183 5210 2304 5260; x_wconf 89' lang='lat' dir='ltr'><strong>nos,</strong></span> <span class='ocrx_word' id='word_1_889' title='bbox 2346 5196 2399 5251; x_wconf 92' lang='lat' dir='ltr'><strong>id</strong></span> <span class='ocrx_word' id='word_1_890' title='bbox 2446 5204 2549 5261; x_wconf 90' lang='lat' dir='ltr'><strong>est,</strong></span> <span class='ocrx_word' id='word_1_891' title='bbox 2582 5211 2682 5268; x_wconf 85' lang='lat' dir='ltr'><strong>ego</strong></span> <span class='ocrx_word' id='word_1_892' title='bbox 2709 5207 2765 5251; x_wconf 89' lang='lat' dir='ltr'><strong>et</strong></span> <span class='ocrx_word' id='word_1_893' title='bbox 2801 5206 2880 5265; x_wconf 92' lang='lat' dir='ltr'><strong>tu,</strong></span> <span class='ocrx_word' id='word_1_894' title='bbox 2923 5198 3083 5255; x_wconf 89' lang='lat' dir='ltr'><strong>Petre</strong></span> <span class='ocrx_word' id='word_1_895' title='bbox 3130 5202 3371 5273; x_wconf 90' lang='lat' dir='ltr'><strong>(miscuit</strong></span> <span class='ocrx_word' id='word_1_896' title='bbox 3399 5205 3543 5260; x_wconf 91' lang='lat' dir='ltr'><strong>enim</strong></span> <span class='ocrx_word' id='word_1_897' title='bbox 3568 5222 3755 5279; x_wconf 87' lang='lat' dir='ltr'><strong>perso-</strong></span> 
     </span>
    </p>
   </div>
   <div class='ocr_carea' id='block_1_114' title="bbox 2183 5289 3749 5370">
    <p class='ocr_par' dir='ltr' id='par_1_114' title="bbox 2183 5289 3749 5370">
     <span class='ocr_line' id='line_1_114' title="bbox 2183 5289 3749 5370; baseline 0.009 -27"><span class='ocrx_word' id='word_1_898' title='bbox 2183 5305 2311 5343; x_wconf 90' lang='lat' dir='ltr'><strong>nam</strong></span> <span class='ocrx_word' id='word_1_899' title='bbox 2354 5304 2529 5355; x_wconf 88' lang='lat' dir='ltr'><strong>suam,</strong></span> <span class='ocrx_word' id='word_1_900' title='bbox 2561 5305 2629 5345; x_wconf 91' lang='lat' dir='ltr'><strong>ne</strong></span> <span class='ocrx_word' id='word_1_901' title='bbox 2654 5289 2727 5344; x_wconf 90' lang='lat' dir='ltr'><strong>illi</strong></span> <span class='ocrx_word' id='word_1_902' title='bbox 2766 5289 2947 5349; x_wconf 86' lang='lat' dir='ltr'><strong>facere</strong></span> <span class='ocrx_word' id='word_1_903' title='bbox 2989 5294 3263 5351; x_wconf 86' lang='lat' dir='ltr'><strong>videretur</strong></span> <span class='ocrx_word' id='word_1_904' title='bbox 3302 5294 3598 5370; x_wconf 86' lang='lat' dir='ltr'><strong>injuriam),</strong></span> <span class='ocrx_word' id='word_1_905' title='bbox 3627 5316 3749 5356; x_wconf 88' lang='lat' dir='ltr'><strong>cum</strong></span> 
     </span>
    </p>
   </div>
   <div class='ocr_carea' id='block_1_115' title="bbox 2142 5378 3751 5460">
    <p class='ocr_par' dir='ltr' id='par_1_115' title="bbox 2142 5378 3751 5460">
     <span class='ocr_line' id='line_1_115' title="bbox 2142 5378 3751 5460; baseline 0.004 -26"><span class='ocrx_word' id='word_1_906' title='bbox 2142 5416 2149 5422; x_wconf 91' lang='lat'><strong><em>-</em></strong></span> <span class='ocrx_word' id='word_1_907' title='bbox 2183 5393 2447 5444; x_wconf 90' lang='lat' dir='ltr'><strong>essemus,</strong></span> <span class='ocrx_word' id='word_1_908' title='bbox 2480 5378 2674 5448; x_wconf 90' lang='lat' dir='ltr'><strong>inquit,</strong></span> <span class='ocrx_word' id='word_1_909' title='bbox 2703 5390 2895 5435; x_wconf 89' lang='lat' dir='ltr'><strong>natura</strong></span> <span class='ocrx_word' id='word_1_910' title='bbox 2914 5379 3180 5448; x_wconf 72' lang='lat' dir='ltr'><strong>Juda:i,ea</strong></span> <span class='ocrx_word' id='word_1_911' title='bbox 3204 5383 3470 5439; x_wconf 76' lang='lat' dir='ltr'><strong>facientes</strong></span> <span class='ocrx_word' id='word_1_912' title='bbox 3492 5400 3613 5455; x_wconf 73' lang='lat' dir='ltr'><strong>qum</strong></span> <span class='ocrx_word' id='word_1_913' title='bbox 3636 5387 3751 5460; x_wconf 89' lang='lat' dir='ltr'><strong>lege</strong></span> 
     </span>
    </p>
   </div>
   <div class='ocr_carea' id='block_1_116' title="bbox 2180 5473 3748 5547">
    <p class='ocr_par' dir='ltr' id='par_1_116' title="bbox 2180 5473 3748 5547">
     <span class='ocr_line' id='line_1_116' title="bbox 2180 5473 3748 5547; baseline 0.006 -25"><span class='ocrx_word' id='word_1_914' title='bbox 2180 5476 2449 5540; x_wconf 65' lang='lat' dir='ltr'><strong>praecepta</strong></span> <span class='ocrx_word' id='word_1_915' title='bbox 2493 5477 2637 5535; x_wconf 90' lang='lat' dir='ltr'><strong>sunt,</strong></span> <span class='ocrx_word' id='word_1_916' title='bbox 2672 5478 2727 5525; x_wconf 93' lang='lat' dir='ltr'><strong>et</strong></span> <span class='ocrx_word' id='word_1_917' title='bbox 2766 5485 2873 5526; x_wconf 91' lang='lat' dir='ltr'><strong>non</strong></span> <span class='ocrx_word' id='word_1_918' title='bbox 2912 5487 2982 5527; x_wconf 81' lang='lat' dir='ltr'><strong>ex</strong></span> <span class='ocrx_word' id='word_1_919' title='bbox 3014 5473 3263 5542; x_wconf 86' lang='lat' dir='ltr'><strong>gentibus</strong></span> <span class='ocrx_word' id='word_1_920' title='bbox 3290 5485 3620 5545; x_wconf 86' lang='lat' dir='ltr'><strong>peceatores,</strong></span> <span class='ocrx_word' id='word_1_921' title='bbox 3659 5477 3748 5547; x_wconf 91' lang='lat' dir='ltr'><strong>qui</strong></span> 
     </span>
    </p>
   </div>
   <div class='ocr_carea' id='block_1_117' title="bbox 2182 5559 3744 5633">
    <p class='ocr_par' dir='ltr' id='par_1_117' title="bbox 2182 5559 3744 5633">
     <span class='ocr_line' id='line_1_117' title="bbox 2182 5559 3744 5633; baseline 0.004 -19"><span class='ocrx_word' id='word_1_922' title='bbox 2182 5560 2268 5616; x_wconf 91' lang='lat' dir='ltr'><strong>vel</strong></span> <span class='ocrx_word' id='word_1_923' title='bbox 2297 5559 2618 5630; x_wconf 85' lang='lat' dir='ltr'><strong>generaliter</strong></span> <span class='ocrx_word' id='word_1_924' title='bbox 2644 5562 2770 5630; x_wconf 84' lang='lat' dir='ltr'><strong>quia</strong></span> <span class='ocrx_word' id='word_1_925' title='bbox 2797 5562 2951 5617; x_wconf 90' lang='lat' dir='ltr'><strong>idolis</strong></span> <span class='ocrx_word' id='word_1_926' title='bbox 2979 5562 3218 5617; x_wconf 88' lang='lat' dir='ltr'><strong>serviunt</strong></span> <span class='ocrx_word' id='word_1_927' title='bbox 3255 5574 3566 5633; x_wconf 88' lang='lat' dir='ltr'><strong>peceatores</strong></span> <span class='ocrx_word' id='word_1_928' title='bbox 3605 5574 3744 5629; x_wconf 90' lang='lat' dir='ltr'><strong>sunt,</strong></span> 
     </span>
    </p>
   </div>
   <div class='ocr_carea' id='block_1_118' title="bbox 2187 5652 3745 5726">
    <p class='ocr_par' dir='ltr' id='par_1_118' title="bbox 2187 5652 3745 5726">
     <span class='ocr_line' id='line_1_118' title="bbox 2187 5652 3745 5726; baseline 0.003 -22"><span class='ocrx_word' id='word_1_929' title='bbox 2187 5652 2267 5708; x_wconf 80' lang='lat' dir='ltr'><strong>vel</strong></span> <span class='ocrx_word' id='word_1_930' title='bbox 2309 5667 2445 5721; x_wconf 89' lang='lat' dir='ltr'><strong>quos</strong></span> <span class='ocrx_word' id='word_1_931' title='bbox 2489 5667 2629 5709; x_wconf 88' lang='lat' dir='ltr'><strong>nunc</strong></span> <span class='ocrx_word' id='word_1_932' title='bbox 2664 5660 2914 5723; x_wconf 89' lang='lat' dir='ltr'><strong>putamus</strong></span> <span class='ocrx_word' id='word_1_933' title='bbox 2962 5654 3300 5721; x_wconf 86' lang='lat' dir='ltr'><strong>immundos;</strong></span> <span class='ocrx_word' id='word_1_934' title='bbox 3335 5657 3565 5711; x_wconf 88' lang='lat' dir='ltr'><strong>scientes</strong></span> <span class='ocrx_word' id='word_1_935' title='bbox 3608 5655 3745 5726; x_wconf 87' lang='lat' dir='ltr'><strong>quod</strong></span> 
     </span>
    </p>
   </div>
  </div>
