4022 6338
335 371 448 428 ΞΠ.
798 359 1340 422 ENARRATIONUM
1379 357 1445 414 ΙΝ
1483 355 1635 414 EPP.
1676 351 1882 411 PAULI
1919 353 2045 410 LIB.
2088 350 2227 409 XIV.
2268 383 2335 394 -—
2371 350 2440 408 1N
2479 349 2700 409 EPIST.
2739 351 2831 406 AD
2864 348 3110 406 GALAT.
3483 347 3588 402 278

337 503 448 543 non
495 495 775 554 possemus
813 497 878 536 ex
915 479 1047 550 legis
1089 491 1274 548 opere,
1299 475 1392 531 sed
1434 471 1630 528 Christi
1673 471 1775 524 ﬁde
1803 469 1909 524 sal—
1939 476 1987 534 Α
2013 470 2234 524 scribere
2262 467 2402 522 vobis
2433 485 2450 522 :
2478 468 2575 538 ipsi
2606 469 2741 521 enim
2765 481 2852 520 eos
2881 481 2914 518 a
2940 463 3049 518 Deo
3075 462 3215 516 docti
3240 462 3360 516 estis
3387 471 3442 516 ut
3462 461 3585 515 dili-

334 559 484 642 ‘vari,
533 571 861 629 credidimus
903 571 958 624 in
987 569 1284 632 Christum,
1338 574 1398 620 ut
1443 563 1585 633 quod
1633 562 1718 615 lex
1757 561 1913 616 nobis

338 680 452 719 non
497 661 744 722 dederat,
796 658 927 713 ﬁdes
979 657 1253 718 tribueret,
1305 667 1462 723 quam
1505 649 1830 706 habebamus
1859 648 1913 702 in

338 751 582 810 Christo.
623 747 778 814 Quod
823 747 868 802 si
914 747 1230 801 recedentes
1278 759 1308 796 a
1349 742 1464 812 lege
1496 741 1551 794 in
1588 753 1692 807 qua
1719 736 1914 792 salvari

337 859 451 903 non
488 843 780 914 potuimus,
811 838 1246 894 transcendimus
1272 835 1340 888 ad
1367 833 1548 896 ﬁdem,
1583 831 1637 884 in
1672 844 1776 898 qua
1810 842 1915 881 non

339 933 526 988 carnis
565 930 823 1000 quaeritur
859 925 1236 988 circumcisio;
1267 923 1358 978 sed
1389 920 1568 976 cordis
1594 932 1730 989 pura
1759 917 1918 970 devo-

341 1025 456 1091 tio;
495 1029 551 1077 et
584 1035 728 1075 nunc
758 1035 788 1073 a
818 1019 1063 1089 gentibus
1109 1012 1410 1070 recedendo
1454 1011 1558 1066 hoc
1594 1009 1820 1080 agimus,
1861 1014 1919 1060 ut

341 1114 672 1187 quicumque
693 1128 801 1166 non
825 1119 908 1165 est
928 1107 1298 1169 circumcisus,
1328 1100 1633 1157 immundus
1658 1099 1763 1154 sit:
1787 1111 1918 1167 ergo

342 1185 484 1270 ﬁdes
513 1204 567 1258 in
597 1203 872 1260 Christum
919 1200 973 1256 in
1021 1212 1124 1267 qua
1151 1211 1251 1250 nos
1295 1191 1616 1266 putabamus
1654 1197 1779 1242 ante
1816 1185 1919 1241 sal-

341 1293 486 1359 vari,
513 1292 683 1361 magis
703 1288 912 1360 peccati
941 1296 1025 1342 est
1053 1285 1324 1347 ministra,
1345 1295 1506 1349 quam
1529 1277 1770 1354 iustitiae,
1801 1288 1920 1344 quae

343 1383 522 1448 aufert
549 1377 1017 1436 circumcisionem
1051 1393 1063 1428 :
1091 1388 1253 1443 quam
1281 1371 1511 1440 qui.non
1552 1365 1803 1421 habuerit
1827 1363 1923 1416 im-

339 1472 580 1528 mundus
598 1479 700 1524 est.
719 1468 826 1523 Sed
847 1466 1002 1530 absit,
1026 1473 1086 1518 ut
1103 1464 1243 1532 quod
1266 1459 1430 1516 semel
1451 1455 1689 1513 destruxi
1712 1461 1766 1508 et
1791 1451 1922 1506 scivi

341 1563 482 1626 mihi
517 1574 623 1614 non
653 1557 941 1628 profuisse,
977 1567 1192 1608 rursum
1226 1550 1512 1604 vindicem.
1550 1543 1780 1600 Semela
1807 1541 1922 1611 lege

348 1651 636 1709 discedens
664 1648 766 1717 legi
793 1662 911 1707 sum
945 1652 1208 1705 mortuus,
1247 1651 1307 1694 ut
1337 1639 1388 1692 in
1409 1637 1624 1692 Christo
1651 1635 1887 1687 viverem
1905 1669 1919 1693 ,

343 1741 604 1810 cruciquc
620 1738 735 1808 ejus
754 1735 986 1800 adﬁxus,
1022 1743 1078 1788 et
1100 1734 1154 1786 in
1175 1745 1370 1786 novum
1389 1736 1607 1782 renatus
1627 1724 1918 1786 hominem,

2013 559 2148 630 gatis
2174 559 2387 612 invicem
2412 557 2460 627 (1
2492 555 2669 610 Thess.
2697 555 2792 625 tv).

2087 649 2309 714 Propter
2327 646 2463 717 quod
2509 661 2573 700 ex
2625 645 2862 714 operibus
2898 642 3024 713 legis
3063 657 3166 696 non
3207 640 3589 710 justiﬁcabitur

2017 741 2181 795 omnis
2211 755 2352 792 caro.
2386 736 2654 807 (Hieron)
2682 735 2796 790 Non
2817 734 3202 803 iustiﬁcabitur
3230 747 3296 786 ex
3336 733 3587 802 operibus

2015 831 2150 901 legis
2179 844 2307 884 caro
2333 829 2446 893 illa,
2479 828 2544 883 de
2572 843 2676 898 qua
2700 827 2957 882 scribitur
2991 843 3003 878 :
3035 825 3216 878 Omnis
3245 841 3366 877 caro
3389 823 3586 892 fenum,

2017 930 2062 974 et
2085 919 2252 973 omnis
2280 917 2448 987 gloria
2484 918 2598 986 ejus
2624 917 2773 988 quasi
2803 917 2901 985 ﬂos
2942 915 3048 984 feni
3084 913 3218 984 (lsa.
3251 913 3362 983 XL).
3417 911 3588 967 Justié

2017 1008 2212 1063 ﬁcatur
2252 1016 2432 1062 autem
2461 1022 2560 1078 per
2589 1007 2748 1062 ﬁdem
2791 1005 2916 1061 Jesu
2956 1003 3158 1061 Christi
3207 1019 3335 1060 caro
3385 1004 3503 1069 illa,
3525 1004 3592 1058 de

2018 1114 2124 1168 qua
2171 1099 2227 1154 in
2275 1097 2688 1152 resurrectionis
2725 1096 2921 1151 dicitur
2955 1101 3291 1149 sacramento
3343 1110 3356 1146 :
3407 1092 3590 1146 Omnis

2018 1204 2140 1242 caro
2163 1187 2349 1243 videbit
2370 1187 2599 1242 salutare
2616 1185 2710 1240 Dei
2736 1185 2886 1256 (Luc.
2903 1186 3020 1255 ιιι);
3055 1183 3146 1239 sed
3168 1193 3222 1238 et
3236 1182 3388 1252 juxta
3416 1181 3595 1235 humi-

2019 1280 2206 1335 liorem
2251 1278 2606 1342 intellectum,
2650 1276 3037 1346 justiﬁeabitur
3080 1275 3347 1346 quondam
3385 1288 3448 1326 ex
3476 1271 3594 1341 lege

2021 1387 2126 1427 non
2152 1370 2328 1426 omnis
2353 1385 2498 1434 caro,
2527 1369 2621 1426 sed
2647 1378 2857 1422 tantum
2884 1367 2938 1421 hi
2965 1367 3210 1421 homines
3237 1364 3328 1434 qui
3346 1364 3396 1417 in
3423 1362 3594 1416 Palu:-

2022 1463 2161 1518 stina
2188 1468 2342 1516 erant
2370 1474 2384 1513 :
2410 1475 2555 1522 nunc
2583 1467 2764 1513 autem
2793 1456 2988 1522 exﬁde
3021 1455 3222 1510 Christi
3265 1453 3596 1522 iustiﬁcatur

2021 1553 2197 1608 omnis
2219 1565 2375 1606 caro:
2393 1551 2522 1606 dum
2543 1549 2784 1604 Ecclesia
2812 1548 2928 1617 ejus
2948 1547 3003 1600 in
3026 1553 3138 1598 toto
3163 1545 3292 1599 orbe
3318 1542 3592 1596 fundatur.

2093 1642 2337 1709 Quodsi
2383 1651 2669 1712 quazrentcs
2691 1628 2979 1712 iustiﬁcari
3027 1639 3082 1690 in
3127 1634 3354 1699 Christo,
3402 1633 3597 1687 inventi

2023 1750 2202 1788 sumus
2249 1743 2296 1786 et
2338 1732 2434 1802 ipsi
2486 1741 2779 1800 peccatores
2805 1746 2822 1783 :
2852 1727 3084 1798 nunquid
3118 1724 3354 1778 Christus
3399 1723 3596 1794 peccati

344 1831 452 1886 ﬁde
481 1829 650 1899 magis
669 1843 828 1897 quam
851 1840 1016 1880 carne
1053 1821 1424 1883 subsisterent.
1463 1825 1516 1870 et
1553 1831 1674 1870 cum
1700 1813 1918 1868 Christo
1947 1819 1992 1879 Β
2020 1824 2252 1877 minister
2277 1821 2389 1876 est?
2411 1821 2574 1875 Absit.
2609 1819 2811 1892 (Amb.)
2839 1817 3118 1886 Quomodo
3148 1815 3394 1870 Christus
3416 1819 3593 1882 potest

345 1921 639 1993 digrederer
663 1934 693 1974 e
721 1917 952 1982 mundo;
981 1915 1121 1986 quod
1143 1913 1308 1971 semel
1337 1911 1560 1965 adorsus
1586 1923 1703 1962 sum
1725 1914 1912 1969 teneo;

345 1991 458 2068 non
495 2011 624 2066 mihi
665 2010 834 2080 gratis
869 2007 1116 2063 Christus
1153 2011 1234 2058 est
1268 2009 1530 2063 mortuus,
1572 1999 1626 2052 in
1663 2011 1770 2065 quo
1808 1993 1918 2048 fru-

347 2109 465 2154 stra
509 2098 752 2163 credidi,
808 2096 852 2151 si
890 2094 1037 2165 potui
1084 2094 1289 2160 absque
1335 2089 1439 2144 ﬁde
1483 2085 1598 2155 eius
1645 2087 1700 2140 in
1749 2081 1917 2138 veteri

347 2193 471 2264 lege
509 2189 727 2246 salvari.
753 2187 983 2243 Scientes
1009 2195 1182 2239 autem
1199 2223 1213 2248 ,
1239 2180 1432 2251 inquit,
1450 2177 1586 2249 quod
1613 2192 1712 2230 non
1726 2172 1921 2264 justiﬁ-

349 2263 506 2336 catur
519 2280 669 2334 homo
684 2293 748 2331 ετ
763 2275 1000 2347 operibus
1019 2273 1144 2344 legis
1155 2314 1168 2337 ,
1183 2271 1283 2325 nisi
1295 2286 1386 2340 per
1399 2269 1554 2337 ﬁdem
1565 2266 1596 2320 J
1602 2281 1690 2319 esu
1705 2263 1918 2318 Christi.

348 2369 422 2423 Et
450 2385 544 2422 nos
595 2367 649 2420 in
675 2365 884 2421 Christo
911 2363 1039 2418 Iesu
1061 2362 1396 2425 credidimus,
1424 2366 1479 2412 ut
1491 2354 1846 2426 justiﬁcemur
1867 2352 1921 2405 in

350 2459 455 2520 ﬁde
484 2455 702 2521 Christi,
729 2464 902 2510 etnon
927 2469 991 2508 ea:
1027 2452 1264 2522 operibus
1291 2450 1436 2520 legis.
1472 2447 1635 2502 Aiunt
1682 2445 1918 2514 quidam,

348 2548 398 2604 si
453 2561 635 2602 verum
659 2546 728 2599 sit
751 2545 852 2598 hoc
875 2543 1018 2613 quod
1051 2541 1248 2596 Paulus
1274 2539 1505 2593 allirmat
1531 2554 1544 2590 :
1571 2551 1638 2591 ex
1670 2534 1922 2604 operibus

344 2641 488 2711 legis
524 2639 793 2696 neminem
823 2635 1109 2705 iustiﬁcari
1141 2654 1153 2689 :
1186 2635 1281 2691 sed
1305 2649 1372 2688 ex
1403 2631 1505 2687 ﬁde
1533 2630 1658 2686 Jesu
1703 2628 1920 2692 Christi,

344 2729 692 2801 patriarchas
735 2735 789 2782 et
819 2727 1112 2796 prophetas
1151 2733 1205 2780 et
1260 2732 1473 2778 sanctos
1498 2721 1590 2790 qui
1623 2728 1747 2774 ante
1775 2717 1925 2773 Chri-

348 2819 421 2873 sti
454 2817 746 2872 adventum
779 2815 995 2872 fuerunt
1026 2813 1368 2884 imperfectos
1416 2809 1602 2864 fuisse.
1631 2807 1778 2875 Quos
1827 2805 1925 2860 ad-

351 2923 577 2964 monere
619 2907 908 2982 debemus,
939 2919 1033 2962 eos
1082 2905 1172 2960 hic
1199 2903 1306 2958 dici
1351 2900 1616 2972 justitiam
1640 2913 1747 2953 non
1795 2911 1926 2952 con-

351 3007 590 3064 secutos,
645 2997 738 3076 qui
768 3005 975 3050 tantum
1004 3011 1071 3051 ex
1097 2993 1350 3064 operibus
1371 2990 1652 3060 iustiﬁcari
1685 3001 1842 3058 posse
1870 3000 1929 3041 se

352 3090 579 3158 credunt
607 3107 619 3142 :
651 3096 868 3144 sanctos
907 3094 1082 3142 autem
1128 3086 1218 3155 qui
1266 3083 1562 3152 antiquitus
1595 3079 1833 3144 fuerunt,
1861 3093 1928 3134 ex

2017 1913 2226 1982 peccati
2268 1912 2515 1966 miniSter
2544 1924 2686 1974 esse,
2717 1909 2808 1979 qui
2839 1910 3002 1964 donat
3031 1906 3293 1977 peccata?
3324 1905 3444 1959 Ideo
3497 1902 3589 1956 abs

2019 2004 2110 2068 sit,
2133 2002 2329 2072 inquit,
2355 2002 2450 2057 sed
2469 2002 2517 2057 si
2541 2000 2829 2069 iustiﬁcari
2858 1999 3101 2054 volentes
3126 2013 3221 2068 per
3246 1997 3404 2052 ﬁdem
3437 1994 3597 2050 Chria
3633 2012 3654 2036 ο

2020 2094 2111 2159 sti,
2142 2093 2244 2163 legi
2270 2093 2554 2156 servimus,
2584 2092 2684 2147 sub
2710 2098 2932 2162 peccato
2974 2104 3072 2144 nos
3097 2103 3217 2144 esse
3240 2086 3558 2157 proﬁtemur
3579 2123 3594 2147 ,

2021 2184 2146 2254 quia
2171 2184 2302 2238 ﬁdes
2325 2184 2558 2238 extrahit
2573 2183 2842 2237 hominem
2861 2196 2890 2234 a
2911 2181 3026 2250 lege
3047 2188 3105 2233 ut
3125 2179 3304 2248 justus
3326 2177 3414 2232 sit.
3457 2178 3600 2248 Ergo

2022 2273 2068 2327 si
2119 2273 2308 2327 damus
2337 2287 2435 2326 nos
2479 2271 2602 2341 legi,
2637 2279 2947 2340 peccatores
2998 2270 3319 2334 invenimur,
3354 2268 3479 2338 quia
3507 2268 3600 2338 qui

2023 2366 2122 2422 sub
2146 2364 2262 2437 lege
2283 2374 2426 2431 sunt,
2455 2364 2553 2420 sub
2583 2363 2866 2418 maledicto
2891 2369 3035 2427 sunt,
3081 2361 3192 2417 scd‘
3213 2362 3256 2416 si
3286 2362 3358 2416 ita
3412 2369 3496 2416 est
3517 2361 3601 2416 in-

2023 2459 2158 2528 quit,
2187 2474 2309 2528 ergo
2345 2455 2581 2512 Christus
2605 2456 2802 2526 peccati
2827 2455 3060 2508 minister
3087 2464 3159 2509 est
3184 2453 3208 2506 ?
3237 2450 3420 2524 (Aug.)
3447 2451 3601 2520 Quod

2023 2548 2209 2618 utique
2238 2563 2343 2602 non
2375 2556 2601 2618 possunt
2626 2547 2827 2612 dicere,
2859 2546 2985 2615 quia
3011 2554 3064 2599 et
3088 2545 3188 2614 ipsi
3217 2543 3308 2613 qui
3349 2543 3630 2599 nolebant

2025 2641 2129 2696 nisi
2151 2641 2485 2696 circumcisis
2513 2641 2762 2711 gentibus
2801 2638 2938 2694 tradi
2990 2635 3342 2707 Evangelium
3371 2636 3422 2689 in
3445 2634 3602 2690 Chri-

2028 2737 2111 2784 sto
2135 2729 2476 2785 crediderant
2506 2748 2518 2782 :
2547 2739 2601 2784 et
2631 2729 2750 2784 ideo
2775 2729 2919 2798 quod
2941 2727 3073 2783 dicit
3093 2727 3256 2791 Absit,
3295 2740 3401 2781 non
3433 2725 3600 2789 solus,

2031 2820 2126 2875 sed
2172 2835 2295 2875 cum
2341 2821 2471 2890 ipsis
2518 2821 2683 2875 dicit:
2716 2820 2995 2874 Destruxit
3063 2827 3244 2873 autem
3298 2817 3604 2887 superbiam

2031 2912 2351 2984 gloriantem
2379 2913 2445 2967 de
2468 2913 2720 2982 operibus
2748 2911 2902 2981 legis,
2934 2927 3051 2980 qua:
3074 2910 3276 2965 destrui
3309 2919 3364 2964 et
3385 2908 3606 2965 deberet

2032 3012 2087 3058 et
2111 3012 2318 3074 posset,
2363 3018 2431 3058 ne
2464 3002 2635 3072 gratia
2674 3001 2795 3057 ﬁdei
2833 3002 3108 3064 videretur
3133 3016 3240 3055 non
3270 2999 3599 3066 necessaria,

2035 3093 2082 3150 si
2129 3109 2293 3164 opera
2347 3091 2479 3164 legis
2525 3091 2690 3146 etiam
2722 3091 2842 3146 sine
2874 3091 2962 3145 illa
2990 3090 3273 3161 iustiﬁcari
3312 3090 3601 3146 crederen-

353 3179 798 3249 ἣδεὶιιεῑίῧοθιοε
817 3178 1040 3243 miris“.
1063 3177 1323 3246 Si‘l‘Iidem
1344 3175 1614 3228 Abraham
1637 3172 1768 3227 Vidit
1784 3172 1925 3227 diem
1954 3191 1998 3254 ρ
2035 3193 2138 3238 tur.
2179 3184 2244 3238 Et
2297 3184 2420 3238 ideo
2456 3182 2841 3252 praevaricator
2881 3191 2986 3248 est,
3037 3183 3082 3237 si
3131 3198 3319 3238 rursus
3353 3182 3440 3238 illa
3479 3183 3608 3238 tedi-

351 3273 556 3328 Christi
589 3281 642 3326 et
663 3271 872 3326 [relatus
903 3279 985 3325 est
1015 3268 1195 3340 (Joan.
1240 3267 1390 3338 Vill);
1444 3275 1499 3320 et
1525 3265 1734 3335 Moyses
1760 3261 1926 3330 maio-

355 3377 444 3417 res
473 3363 690 3416 divitias
714 3359 1318 3416 existimavitthesauro
1337 3357 1709 3428 Egyptiorum
1731 3355 1928 3422 impro-

352 3455 564 3525 perium
599 3453 800 3510 Christi
824 3453 1010 3524 (Hebr.
1039 3453 1142 3524 χι),
1197 3450 1648 3522 aspiciebatenim
1670 3449 1722 3502 in
1750 3464 1929 3503 remu-

353 3545 722 3600 nerationem:
747 3555 800 3600 et
821 3546 988 3602 Isaias
1000 3546 1366 3618 viditgloriam
1381 3544 1603 3609 Christi,
1625 3542 1929 3598 utJoannes

354 3635 685 3704 evangelista
706 3647 1094 3692 commemorat
1111 3636 1292 3707 (Joan.
1337 3636 1432 3706 xu)
1451 3653 1464 3701 ;
1490 3644 1544 3689 et
1557 3633 1720 3690 ludas
1733 3635 1799 3689 de
1813 3649 1930 3689 om-

352 3725 514 3780 nibus
527 3726 848 3795 generaliter
864 3745 876 3778 :
895 3726 1249 3790 Commonere,
1266 3727 1452 3794 inquit,
1468 3743 1554 3779 vos
1568 3726 1699 3789 volo,
1715 3727 1929 3778 scientes

354 3815 514 3871 semel
535 3817 731 3880 omnia,
745 3817 990 3886 quoniam
1011 3816 1166 3871 Iesus
1186 3816 1433 3886 populum
1462 3816 1524 3868 de
1547 3825 1684 3869 terra
1711 3814 1928 3883 Αἰαίη)ιὶ

351 3903 584 3969 salvam,
601 3906 853 3960 secundos
867 3922 950 3959 eos
963 3907 1051 3976 qui
1069 3921 1170 3959 non
1193 3905 1521 3958 crediderunt
1537 3903 1760 3974 perdidit
1775 3901 1924 3973 (Iud.

352 3996 434 4068 5).
449 3997 602 4054 Unde
619 4012 724 4053 non
738 4007 846 4052 tam
879 4000 1009 4068 legis
1031 4012 1195 4068 opera
1210 3997 1552 4060 damnantur,
1576 4011 1735 4064 quam
1766 3995 1818 4048 hi
1837 3994 1928 4063 qui

350 4093 565 4140 tantum
591 4101 657 4140 ex
692 4087 943 4157 operibus
982 4085 1266 4155 iustiﬁcari
1316 4100 1373 4140 se
1402 4100 1559 4154 posse
1603 4083 1880 4139 conﬁdunt
1910 4099 1923 4135 .'

355 4173 637 4231 Salvatorc
659 4191 872 4246 quoque
893 4177 960 4230 ad
981 4175 1268 4246 discipulos
1293 4175 1543 4244 loquente
1565 4192 1578 4227 :
1606 4173 1724 4227 Nisi
1750 4190 1928 4243 super-

353 4263 692 4320 abundaverit
707 4267 917 4336 justitia
940 4276 1104 4320 vestra
1123 4265 1394 4336 plusquam
1413 4265 1716 4319 Scribarum
1731 4273 1776 4317 et
1794 4261 1929 4317 Pha-

354 4357 652 4422 risaeorum,
676 4374 779 4411 non
819 4359 1082 4412 intrabitis
1110 4359 1166 4410 in
1191 4374 1405 4427 regnum
1425 4357 1670 4410 caelorum
1709 4357 1924 4428 (Matth.

291 4481 298 4484 -
351 4448 433 4516 v).
452 4447 913 4502 Considerandum
939 4450 991 4503 in
1017 4450 1118 4503 hoc
1146 4448 1262 4503 loco
1287 4456 1488 4518 quanta
1516 4449 1569 4502 in
1592 4448 1708 4519 lege
1731 4462 1929 4517 przece-

2031 3276 2173 3339 ﬁcat,
2225 3275 2427 3340 dicens,
2486 3274 2628 3344 quod
2672 3288 2836 3343 opera
2885 3274 3018 3342 legis
3065 3274 3226 3328 etiam
3269 3274 3384 3327 sine
3431 3271 3605 3342 gratia

2023 3368 2341 3438 iustiﬁcam,
2373 3375 2432 3421 ut
2478 3366 2727 3422 Christus
2753 3367 2958 3436 peccati
2985 3366 3234 3421 minister
3269 3366 3599 3421 inveniatur.

2033 3457 2093 3512 Si
2113 3457 2248 3510 enim
2269 3473 2386 3526 quw
2414 3456 2650 3512 destruxi
2672 3457 2781 3510 lucc
2802 3457 2987 3510 iterum
3030 3455 3254 3524 atd‘ﬁco,
3279 3457 3595 3526 prwvaricav

2029 3555 2193 3599 torem
2243 3561 2324 3598 me
2387 3545 2641 3598 constituo
2694 3544 2898 3616 (Amb.)
2957 3545 3270 3600 Absolutum
3322 3553 3425 3612 est,
3475 3547 3602 3616 quia

2031 3635 2292 3689 accedens
2347 3635 2414 3689 ad
2453 3635 2726 3690 Christum
2773 3635 3024 3705 relinquit
3068 3636 3292 3706 legem,‘
3337 3637 3402 3691 de
3451 3653 3606 3692 servo

2030 3725 2176 3780 enim
2237 3726 2297 3780 ﬁt
2349 3725 2520 3780 liber:
2550 3727 2691 3796 quod
2734 3727 2780 3781 si
2829 3728 3025 3781 iterum
3070 3728 3251 3781 redeat
3294 3727 3360 3781 ad
3411 3728 3599 3798 legem,

2031 3814 2148 3882 ipse
2177 3814 2260 3868 sui
2291 3821 2573 3868 accusator
2611 3814 2818 3881 existit,
2871 3815 2997 3885 quia
3034 3814 3236 3869 factum
3275 3832 3430 3871 suum
3475 3833 3604 3872 con—

2031 3903 2250 3958 demnat
2295 3904 2477 3974 (Aug.)
2512 3905 2650 3971 Quid
2691 3920 2840 3974 ergo,
2885 3907 3008 3974 quia
3052 3906 3209 3962 ﬁdem
3261 3907 3459 3962 Christi
3508 3923 3603 3978 op-

2030 3994 2329 4064 pugnabas,
2358 3993 2587 4059 oPaule,
2622 4002 2800 4058 antea,
2833 4009 2993 4062 quam
3023 4012 3166 4051 nunc
3191 3998 3447 4062 aediﬁcas,
3470 4014 3607 4066 pra:-

2031 4083 2388 4138 varicatorem
2415 4091 2466 4136 te
2487 4084 2816 4138 constituis?
2839 4119 2844 4124 ρ
2867 4083 2974 4138 Sed
2996 4085 3138 4138 illam
3169 4102 3276 4140 non
3317 4088 3602 4152 destruxit,

2029 4175 2154 4244 quia
2184 4173 2387 4227 destrui
2414 4189 2518 4228 non
2551 4183 2747 4242 potest,
2773 4175 2910 4229 hanc
2935 4185 3113 4230 autem
3149 4177 3452 4245 superbiam
3479 4193 3608 4234 vere

2033 4267 2396 4326 destruxerat,
2423 4271 2838 4333 constanterque
2886 4265 3214 4329 destruebat,
3245 4267 3370 4336 quia
3400 4267 3605 4322 destrui

2032 4363 2259 4424 poterat.
2303 4355 2372 4408 Et
2409 4355 2530 4410 ideo
2556 4371 2659 4409 non
2687 4356 2774 4411 ille
2800 4357 3184 4426 prmvaricator
3211 4368 3295 4413 est
3345 4360 3436 4428 qui
3492 4375 3605 4413 rem

2035 4462 2218 4501 veram
2240 4461 2359 4500 cum
2386 4456 2673 4501 conaretur
2693 4447 2990 4513 destruere,
3014 4457 3070 4502 et
3091 4459 3276 4516 postea
3291 4465 3472 4503 veram
3487 4464 3608 4505 esse

351 4545 446 4607 pta
467 4537 596 4604 sint,
616 4554 735 4608 qua:
761 4540 978 4609 explere
998 4540 1176 4595 nullus
1198 4547 1360 4609 queat
1383 4556 1396 4604 ;
1421 4548 1476 4594 et
1494 4555 1525 4594 e
1551 4541 1825 4594 contrario
1847 4540 1926 4593 di-
1951 4532 2003 4590 D
2029 4537 2318 4590 acdestrui
2338 4551 2441 4589 non
2457 4552 2611 4604 posse
2635 4547 3002 4606 cognosceret,
3029 4537 3340 4594 tenuit'eam
3371 4549 3427 4593 ut
3460 4540 3511 4594 in
3541 4555 3605 4595 ea

353 4630 608 4695 cendum,
643 4631 888 4699 quaedam
912 4631 1046 4701 legis
1075 4631 1238 4685 etiam
1271 4631 1338 4684 ab
1365 4631 1450 4685 his
1477 4629 1618 4695 ﬁeri,
1649 4631 1739 4699 qui
1769 4631 1926 4701 igno-

353 4729 477 4776 rent
520 4733 661 4787 eam,
691 4722 786 4776 sed
832 4722 952 4777 ideo
979 4738 1086 4776 non
1108 4721 1390 4789 iustiﬁcari
1421 4729 1735 4790 operatores
1787 4721 1924 4790 eius,

353 4812 484 4882 quia
537 4813 742 4882 absque
785 4813 1123 4868 ﬁdeChristi
1167 4813 1298 4866 ﬁant
1331 4831 1343 4865 :
1374 4813 1523 4866 verhi
1580 4814 1771 4882 gratia,
1818 4830 1925 4868 non

353 4902 724 4956 dormirecum
748 4903 867 4958 viro
893 4903 1213 4960 dormitione
1255 4904 1515 4969 mulieris,
1564 4919 1672 4959 non
1724 4906 1926 4961 adulte-

350 5006 501 5056 rare,
532 5009 638 5048 non
695 5009 909 5064 rapere,
954 4996 1047 5050 sed
1083 4997 1253 5066 magis
1297 4997 1562 5050 honorare
1615 5005 1821 5064 patrem
1867 5006 1922 5052 et

351 5091 581 5136 matrem
617 5091 671 5137 et
698 5093 912 5152 caetera,
946 5102 1065 5156 quae
1098 5087 1357 5156 imperata
1385 5095 1528 5152 sunt,
1551 5085 1746 5140 facere.
1771 5086 1922 5154 Quod

351 5171 402 5225 si
425 5172 713 5256 de‘sanctis
730 5175 862 5230 viris
887 5176 1041 5231 nobis
1075 5163 1316 5246 exempla
1341 5177 1676 5246 protulerint,
1703 5177 1841 5245 quod
1867 5177 1920 5231 in

349 5260 470 5332 lege
482 5265 702 5330 versati,
714 5281 775 5320 ea
786 5282 906 5337 quae
919 5268 1050 5339 legis
1064 5268 1275 5324 fuerant
1298 5285 1362 5338 pe
1370 5271 1678 5339 rpetrarint,
1694 5269 1921 5324 dicimus

346 5352 477 5422 quia
497 5353 644 5422 justo
667 5355 752 5409 lea:
780 5374 883 5411 non
907 5368 979 5412 est
1000 5361 1189 5427 posita,
1239 5360 1329 5412 sed
1361 5345 1654 5430 iniquisfet
1679 5376 1780 5412 non
1800 5359 1923 5413 sub-

349 5439 498 5505 ditis,
531 5442 703 5512 impiis
727 5455 774 5498 et
795 5447 1171 5515 peccatoribus,
1206 5450 1573 5503 contaminatis
1615 5460 1663 5503 et
1690 5450 1920 5502 immun-

350 5532 432 5594 dis
460 5531 508 5602 (1
538 5530 670 5585 Tim.
702 5533 773 5603 1);
824 5535 915 5604 qui
938 5543 1114 5590 autem
1141 5551 1170 5588 a
1197 5536 1306 5591 Deo
1342 5537 1532 5591 doctus
1560 5538 1649 5603 sit,
1679 5553 1786 5592 non
1827 5539 1922 5591 ha-

349 5626 477 5680 bere
506 5641 627 5680 eum
656 5640 873 5680 necesse
919 5636 978 5680 ut
1009 5627 1201 5681 saltem
1246 5628 1311 5682 de
1349 5629 1612 5683 charitate
1643 5630 1918 5693 doceatur,

349 5717 515 5772 Paulo
541 5719 752 5775 dicente
784 5736 795 5770 :
833 5718 905 5774 De
936 5719 1186 5774 charitate
1214 5730 1386 5774 aiitem
1413 5737 1514 5775 non
1537 5737 1736 5776 necesse
1761 5720 1921 5776 habeo

2029 4625 2382 4680 aediﬁcaretur
2401 4643 2412 4679 :
2431 4627 2524 4680 sed
2547 4626 2633 4680 ille
2646 4628 3026 4694 praavaricator
3045 4637 3145 4691 est,
3161 4630 3388 4698 quicum
3401 4631 3608 4684 destrn.

2032 4718 2173 4772 xerit
2205 4732 2318 4771 rem
2360 4716 2573 4783 falsam,
2626 4718 2750 4787 quia
2799 4718 2999 4772 destrui
3026 4727 3221 4787 potest,
3270 4735 3390 4775 eam
3415 4737 3604 4776 rursus

2029 4806 2277 4862 aediﬁcat.

2100 4900 2214 4971 Ego
2241 4901 2376 4954 enim
2407 4917 2498 4970 per
2522 4901 2684 4970 legem
2718 4901 2822 4971 legi
2870 4912 3108 4956 mortuus
3132 4919 3268 4968 sum,
3307 4914 3363 4957 ut
3387 4904 3498 4960 Deo
3523 4906 3603 4960 vi-

2028 5011 2163 5048 vam.
2211 4993 2413 5066 (Amb.)
2445 4993 2558 5050 Hoc
2611 4995 2758 5057 dicit,
2791 4995 2914 5063 quia
2937 5012 3032 5066 per
3071 4996 3240 5066 legem
3281 4997 3403 5052 ﬁdei
3454 5013 3600 5054 mor-

2029 5093 2151 5138 tuus
2180 5093 2264 5139 est
2284 5077 2388 5154 legi
2411 5083 2607 5154 Moysis
2638 5085 2904 5140 :moritur
2931 5086 3074 5139 enim
3116 5087 3242 5156 legi,
3273 5088 3362 5156 qui
3408 5088 3602 5144 libera-

2031 5188 2116 5232 tur
2155 5177 2223 5231 ab
2269 5191 2353 5242 ea,
2403 5185 2457 5232 et
2508 5177 2640 5230 vivit
2674 5177 2804 5242 Deo,
2861 5177 3011 5246 cuius
3037 5177 3096 5231 ﬁt
3119 5193 3307 5233 servus
3331 5187 3541 5248 emptus
3570 5195 3600 5234 a

2026 5266 2261 5322 Christo.
2316 5266 2500 5337 (Aug.)
2551 5266 2814 5321 Mortuum
2866 5277 3041 5322 autem
3097 5284 3155 5324 se
3201 5269 3303 5340 legi
3357 5270 3502 5332 dicit,
3542 5277 3602 5324 ut

2021 5357 2133 5427 iam
2156 5356 2254 5411 sub
2292 5355 2410 5426 lege
2438 5370 2546 5410 non
2568 5364 2732 5420 esset,
2761 5357 2852 5411 sed
2897 5366 3074 5411 tamen
3121 5374 3219 5427 per
3247 5358 3439 5428 legem,
3485 5359 3601 5415 sive

2027 5447 2150 5516 quia
2180 5444 2393 5500 ludzeus
2413 5454 2552 5510 erat,
2576 5454 2632 5500 ct
2672 5455 2924 5515 tanquam
2947 5448 3292 5518 paedagogum
3318 5448 3487 5518 legem
3510 5462 3599 5502 ac-

2028 5544 2264 5608 ceperat,
2318 5537 2461 5592 sicut
2489 5545 2674 5607 postea
2704 5537 3012 5592 manillestat
3044 5555 3056 5590 :
3083 5538 3186 5592 hoc
3217 5547 3396 5592 autem
3422 5538 3601 5604 agitur

2027 5643 2124 5699 per
2149 5628 2517 5699 paedagogum,
2554 5638 2615 5682 ut
2639 5643 2742 5682 non
2781 5629 2850 5683 sit
2881 5629 3216 5683 necessarius
3254 5628 3600 5698 predagogns,

2030 5720 2168 5775 sicut
2193 5733 2288 5788 per
2307 5719 2473 5775 ubera
2505 5718 2742 5774 nutritur
2763 5717 3032 5784 infans,ut
3060 5717 3170 5786 iam
3201 5715 3455 5772 uberibus
3490 5721 3599 5773 non
3655 5789 3660 5792 _
