  <div class='ocr_page' id='page_1' title='image "/cluster/home/n/w/nwhite01/storage/ocr_20150623/112/hvd.32044015685407/145.png"; bbox 0 0 4022 6338; ppageno 0'>
   <div class='ocr_carea' id='block_1_1' title="bbox 463 237 572 296">
    <p class='ocr_par' dir='ltr' id='par_1_1' title="bbox 463 237 572 296">
     <span class='ocr_line' id='line_1_1' title="bbox 463 237 572 296; baseline 0.018 -3"><span class='ocrx_word' id='word_1_1' title='bbox 463 237 572 296; x_wconf 76' lang='lat'><strong>279</strong></span> 
     </span>
    </p>
   </div>
   <div class='ocr_carea' id='block_1_2' title="bbox 1106 237 3097 319">
    <p class='ocr_par' dir='ltr' id='par_1_2' title="bbox 1106 237 3097 319">
     <span class='ocr_line' id='line_1_2' title="bbox 1106 237 3097 319; baseline -0.001 -23"><span class='ocrx_word' id='word_1_2' title='bbox 1106 240 1173 296; x_wconf 87' lang='grc' dir='ltr'><strong>Β.</strong></span> <span class='ocrx_word' id='word_1_3' title='bbox 1209 241 1475 319; x_wconf 34' lang='lat' dir='ltr'><strong>[MBAN].</strong></span> <span class='ocrx_word' id='word_1_4' title='bbox 1501 240 1722 299; x_wconf 79' lang='lat' dir='ltr'><strong>MAUBI</strong></span> <span class='ocrx_word' id='word_1_5' title='bbox 1759 237 2079 297; x_wconf 82' lang='lat' dir='ltr'><strong>ARCHIEP.</strong></span> <span class='ocrx_word' id='word_1_6' title='bbox 2121 237 2430 297; x_wconf 74' lang='lat' dir='ltr'><strong>MOGUNT.</strong></span> <span class='ocrx_word' id='word_1_7' title='bbox 2472 237 2759 296; x_wconf 77' lang='lat' dir='ltr'><strong>OPERUM</strong></span> <span class='ocrx_word' id='word_1_8' title='bbox 2792 237 2973 297; x_wconf 75' lang='lat' dir='ltr'><strong>PARS</strong></span> <span class='ocrx_word' id='word_1_9' title='bbox 3008 239 3097 298; x_wconf 84' lang='lat' dir='ltr'><strong>Ill.</strong></span> 
     </span>
    </p>
   </div>
   <div class='ocr_carea' id='block_1_3' title="bbox 3632 242 3742 300">
    <p class='ocr_par' dir='ltr' id='par_1_3' title="bbox 3632 242 3742 300">
     <span class='ocr_line' id='line_1_3' title="bbox 3632 242 3742 300; baseline 0 -3"><span class='ocrx_word' id='word_1_10' title='bbox 3632 242 3742 300; x_wconf 73' lang='lat'><strong>280</strong></span> 
     </span>
    </p>
   </div>
   <div class='ocr_carea' id='block_1_4' title="bbox 460 348 3736 427">
    <p class='ocr_par' dir='ltr' id='par_1_4' title="bbox 460 348 3736 427">
     <span class='ocr_line' id='line_1_4' title="bbox 460 348 3736 427; baseline 0.001 -20"><span class='ocrx_word' id='word_1_11' title='bbox 460 349 723 423; x_wconf 80' lang='lat' dir='ltr'><strong>indigeat,</strong></span> <span class='ocrx_word' id='word_1_12' title='bbox 752 356 808 405; x_wconf 91' lang='lat' dir='ltr'><strong>et</strong></span> <span class='ocrx_word' id='word_1_13' title='bbox 833 364 932 427; x_wconf 86' lang='lat' dir='ltr'><strong>per</strong></span> <span class='ocrx_word' id='word_1_14' title='bbox 975 364 1169 407; x_wconf 87' lang='lat' dir='ltr'><strong>navem</strong></span> <span class='ocrx_word' id='word_1_15' title='bbox 1208 352 1523 423; x_wconf 88' lang='lat' dir='ltr'><strong>pervenitur</strong></span> <span class='ocrx_word' id='word_1_16' title='bbox 1564 353 1632 409; x_wconf 91' lang='lat' dir='ltr'><strong>ad</strong></span> <span class='ocrx_word' id='word_1_17' title='bbox 1666 352 1928 423; x_wconf 86' lang='lat' dir='ltr'><strong>patriam,</strong></span> <span class='ocrx_word' id='word_1_18' title='bbox 1983 359 2042 407; x_wconf 91' lang='lat' dir='ltr'><strong>ut</strong></span> <span class='ocrx_word' id='word_1_19' title='bbox 2067 353 2119 417; x_wconf 75' lang='grc' dir='ltr'>Α</span> <span class='ocrx_word' id='word_1_20' title='bbox 2144 348 2247 422; x_wconf 90' lang='lat' dir='ltr'><strong>legi</strong></span> <span class='ocrx_word' id='word_1_21' title='bbox 2275 357 2651 417; x_wconf 88' lang='lat' dir='ltr'><strong>semortuum,</strong></span> <span class='ocrx_word' id='word_1_22' title='bbox 2697 352 2970 422; x_wconf 90' lang='lat' dir='ltr'><strong>quomodo</strong></span> <span class='ocrx_word' id='word_1_23' title='bbox 2995 358 3245 408; x_wconf 89' lang='lat' dir='ltr'><strong>mortuus</strong></span> <span class='ocrx_word' id='word_1_24' title='bbox 3267 349 3447 407; x_wconf 80' lang='lat' dir='ltr'><strong>fuerat</strong></span> <span class='ocrx_word' id='word_1_25' title='bbox 3469 355 3736 421; x_wconf 86' lang='lat' dir='ltr'><strong>ostendit,</strong></span> 
     </span>
    </p>
   </div>
   <div class='ocr_carea' id='block_1_5' title="bbox 454 440 2042 517">
    <p class='ocr_par' dir='ltr' id='par_1_5' title="bbox 454 440 2042 517">
     <span class='ocr_line' id='line_1_5' title="bbox 454 440 2042 517; baseline -0.001 -20"><span class='ocrx_word' id='word_1_26' title='bbox 454 440 572 513; x_wconf 85' lang='lat' dir='ltr'><strong>jam</strong></span> <span class='ocrx_word' id='word_1_27' title='bbox 611 440 739 497; x_wconf 88' lang='lat' dir='ltr'><strong>navi</strong></span> <span class='ocrx_word' id='word_1_28' title='bbox 779 454 915 511; x_wconf 85' lang='lat' dir='ltr'><strong>opus</strong></span> <span class='ocrx_word' id='word_1_29' title='bbox 957 454 1067 496; x_wconf 89' lang='lat' dir='ltr'><strong>non</strong></span> <span class='ocrx_word' id='word_1_30' title='bbox 1109 441 1200 497; x_wconf 88' lang='lat' dir='ltr'><strong>sit.</strong></span> <span class='ocrx_word' id='word_1_31' title='bbox 1229 440 1357 499; x_wconf 84' lang='lat' dir='ltr'><strong>Sive</strong></span> <span class='ocrx_word' id='word_1_32' title='bbox 1383 458 1480 513; x_wconf 90' lang='lat' dir='ltr'><strong>per</strong></span> <span class='ocrx_word' id='word_1_33' title='bbox 1514 442 1688 515; x_wconf 90' lang='lat' dir='ltr'><strong>legem</strong></span> <span class='ocrx_word' id='word_1_34' title='bbox 1729 441 2042 517; x_wconf 82' lang='lat' dir='ltr'><strong>spiritaliter</strong></span> 
     </span>
    </p>
   </div>
   <div class='ocr_carea' id='block_1_6' title="bbox 459 530 2043 607">
    <p class='ocr_par' dir='ltr' id='par_1_6' title="bbox 459 530 2043 607">
     <span class='ocr_line' id='line_1_6' title="bbox 459 530 2043 607; baseline -0.001 -19"><span class='ocrx_word' id='word_1_35' title='bbox 459 531 819 601; x_wconf 87' lang='lat' dir='ltr'><strong>intellectam,</strong></span> <span class='ocrx_word' id='word_1_36' title='bbox 869 530 976 607; x_wconf 88' lang='lat' dir='ltr'><strong>legi</strong></span> <span class='ocrx_word' id='word_1_37' title='bbox 1032 539 1280 590; x_wconf 89' lang='lat' dir='ltr'><strong>mortuus</strong></span> <span class='ocrx_word' id='word_1_38' title='bbox 1320 542 1422 602; x_wconf 88' lang='lat' dir='ltr'><strong>est,</strong></span> <span class='ocrx_word' id='word_1_39' title='bbox 1459 549 1529 590; x_wconf 90' lang='lat' dir='ltr'><strong>ne</strong></span> <span class='ocrx_word' id='word_1_40' title='bbox 1571 532 1673 589; x_wconf 82' lang='lat' dir='ltr'><strong>sub</strong></span> <span class='ocrx_word' id='word_1_41' title='bbox 1717 547 1778 590; x_wconf 85' lang='lat' dir='ltr'><strong>ea</strong></span> <span class='ocrx_word' id='word_1_42' title='bbox 1811 532 2043 592; x_wconf 82' lang='lat' dir='ltr'><strong>carnali-</strong></span> 
     </span>
    </p>
   </div>
   <div class='ocr_carea' id='block_1_7' title="bbox 458 621 2044 696">
    <p class='ocr_par' dir='ltr' id='par_1_7' title="bbox 458 621 2044 696">
     <span class='ocr_line' id='line_1_7' title="bbox 458 621 2044 696; baseline -0.001 -17"><span class='ocrx_word' id='word_1_43' title='bbox 458 631 546 679; x_wconf 85' lang='lat' dir='ltr'><strong>ter</strong></span> <span class='ocrx_word' id='word_1_44' title='bbox 586 621 817 680; x_wconf 82' lang='lat' dir='ltr'><strong>viveret.</strong></span> <span class='ocrx_word' id='word_1_45' title='bbox 853 621 990 681; x_wconf 84' lang='lat' dir='ltr'><strong>Nam</strong></span> <span class='ocrx_word' id='word_1_46' title='bbox 1037 623 1143 681; x_wconf 91' lang='lat' dir='ltr'><strong>hoc</strong></span> <span class='ocrx_word' id='word_1_47' title='bbox 1164 625 1324 680; x_wconf 91' lang='lat' dir='ltr'><strong>modo</strong></span> <span class='ocrx_word' id='word_1_48' title='bbox 1355 640 1451 695; x_wconf 89' lang='lat' dir='ltr'><strong>per</strong></span> <span class='ocrx_word' id='word_1_49' title='bbox 1488 624 1669 696; x_wconf 83' lang='lat' dir='ltr'><strong>legem‘</strong></span> <span class='ocrx_word' id='word_1_50' title='bbox 1691 622 1795 695; x_wconf 90' lang='lat' dir='ltr'><strong>legi</strong></span> <span class='ocrx_word' id='word_1_51' title='bbox 1824 632 1885 679; x_wconf 92' lang='lat' dir='ltr'><strong>ut</strong></span> <span class='ocrx_word' id='word_1_52' title='bbox 1927 638 2044 678; x_wconf 82' lang='lat' dir='ltr'><strong>mo-</strong></span> 
     </span>
    </p>
   </div>
   <div class='ocr_carea' id='block_1_8' title="bbox 456 713 2043 789">
    <p class='ocr_par' dir='ltr' id='par_1_8' title="bbox 456 713 2043 789">
     <span class='ocr_line' id='line_1_8' title="bbox 456 713 2043 789; baseline 0 -18"><span class='ocrx_word' id='word_1_53' title='bbox 456 725 712 772; x_wconf 89' lang='lat' dir='ltr'><strong>rerentur</strong></span> <span class='ocrx_word' id='word_1_54' title='bbox 763 713 999 783; x_wconf 89' lang='lat' dir='ltr'><strong>volebat,</strong></span> <span class='ocrx_word' id='word_1_55' title='bbox 1053 731 1175 771; x_wconf 91' lang='lat' dir='ltr'><strong>cum</strong></span> <span class='ocrx_word' id='word_1_56' title='bbox 1209 716 1291 772; x_wconf 89' lang='lat' dir='ltr'><strong>eis</strong></span> <span class='ocrx_word' id='word_1_57' title='bbox 1337 715 1497 788; x_wconf 88' lang='lat' dir='ltr'><strong>paulo</strong></span> <span class='ocrx_word' id='word_1_58' title='bbox 1546 724 1669 789; x_wconf 89' lang='lat' dir='ltr'><strong>post</strong></span> <span class='ocrx_word' id='word_1_59' title='bbox 1731 718 1807 778; x_wconf 86' lang='lat' dir='ltr'><strong>ait</strong></span> <span class='ocrx_word' id='word_1_60' title='bbox 1834 732 1847 770; x_wconf 89' lang='lat'><strong>:</strong></span> <span class='ocrx_word' id='word_1_61' title='bbox 1873 715 2043 773; x_wconf 88' lang='lat' dir='ltr'><strong>Dicite</strong></span> 
     </span>
    </p>
   </div>
   <div class='ocr_carea' id='block_1_9' title="bbox 453 802 2039 877">
    <p class='ocr_par' dir='ltr' id='par_1_9' title="bbox 453 802 2039 877">
     <span class='ocr_line' id='line_1_9' title="bbox 453 802 2039 877; baseline -0.001 -18"><span class='ocrx_word' id='word_1_62' title='bbox 453 802 588 867; x_wconf 78' lang='lat' dir='ltr'><strong>mihi</strong></span> <span class='ocrx_word' id='word_1_63' title='bbox 654 802 751 859; x_wconf 81' lang='lat' dir='ltr'><strong>sub</strong></span> <span class='ocrx_word' id='word_1_64' title='bbox 814 802 924 874; x_wconf 87' lang='lat' dir='ltr'><strong>lege</strong></span> <span class='ocrx_word' id='word_1_65' title='bbox 976 802 1202 860; x_wconf 85' lang='lat' dir='ltr'><strong>volentes</strong></span> <span class='ocrx_word' id='word_1_66' title='bbox 1264 821 1394 874; x_wconf 87' lang='lat' dir='ltr'><strong>esse,</strong></span> <span class='ocrx_word' id='word_1_67' title='bbox 1429 804 1593 877; x_wconf 83' lang='lat' dir='ltr'><strong>legem</strong></span> <span class='ocrx_word' id='word_1_68' title='bbox 1649 820 1755 861; x_wconf 88' lang='lat' dir='ltr'><strong>non</strong></span> <span class='ocrx_word' id='word_1_69' title='bbox 1796 802 2039 875; x_wconf 80' lang='lat' dir='ltr'><strong>legistis?</strong></span> 
     </span>
    </p>
   </div>
   <div class='ocr_carea' id='block_1_10' title="bbox 452 894 2037 969">
    <p class='ocr_par' dir='ltr' id='par_1_10' title="bbox 452 894 2037 969">
     <span class='ocr_line' id='line_1_10' title="bbox 452 894 2037 969; baseline 0 -16"><span class='ocrx_word' id='word_1_70' title='bbox 452 894 727 968; x_wconf 81' lang='lat' dir='ltr'><strong>Scriptum</strong></span> <span class='ocrx_word' id='word_1_71' title='bbox 755 904 832 951; x_wconf 89' lang='lat' dir='ltr'><strong>est</strong></span> <span class='ocrx_word' id='word_1_72' title='bbox 857 897 995 951; x_wconf 87' lang='lat' dir='ltr'><strong>enim</strong></span> <span class='ocrx_word' id='word_1_73' title='bbox 1017 895 1157 969; x_wconf 87' lang='lat' dir='ltr'><strong>quod</strong></span> <span class='ocrx_word' id='word_1_74' title='bbox 1189 896 1455 955; x_wconf 81' lang='lat' dir='ltr'><strong>Abraham</strong></span> <span class='ocrx_word' id='word_1_75' title='bbox 1484 897 1618 952; x_wconf 83' lang='lat' dir='ltr'><strong>duos</strong></span> <span class='ocrx_word' id='word_1_76' title='bbox 1644 896 1783 966; x_wconf 79' lang='lat' dir='ltr'><strong>ﬁlios</strong></span> <span class='ocrx_word' id='word_1_77' title='bbox 1834 895 2037 963; x_wconf 86' lang='lat' dir='ltr'><strong>habuit,</strong></span> 
     </span>
    </p>
   </div>
   <div class='ocr_carea' id='block_1_11' title="bbox 452 984 2042 1061">
    <p class='ocr_par' dir='ltr' id='par_1_11' title="bbox 452 984 2042 1061">
     <span class='ocr_line' id='line_1_11' title="bbox 452 984 2042 1061; baseline 0 -18"><span class='ocrx_word' id='word_1_78' title='bbox 452 995 562 1043; x_wconf 94' lang='lat' dir='ltr'><strong>etc.</strong></span> <span class='ocrx_word' id='word_1_79' title='bbox 595 985 739 1061; x_wconf 86' lang='lat' dir='ltr'><strong>(Gal.</strong></span> <span class='ocrx_word' id='word_1_80' title='bbox 763 1002 836 1054; x_wconf 79' lang='lat' dir='ltr'><strong>iV,</strong></span> <span class='ocrx_word' id='word_1_81' title='bbox 870 984 1000 1042; x_wconf 84' lang='lat' dir='ltr'><strong>Cen.</strong></span> <span class='ocrx_word' id='word_1_82' title='bbox 1039 987 1180 1061; x_wconf 75' lang='lat' dir='ltr'><strong>xxi),</strong></span> <span class='ocrx_word' id='word_1_83' title='bbox 1207 996 1266 1045; x_wconf 92' lang='lat' dir='ltr'><strong>ut</strong></span> <span class='ocrx_word' id='word_1_84' title='bbox 1306 1003 1406 1061; x_wconf 89' lang='lat' dir='ltr'><strong>per</strong></span> <span class='ocrx_word' id='word_1_85' title='bbox 1431 987 1677 1051; x_wconf 82' lang='lat' dir='ltr'><strong>eamdem</strong></span> <span class='ocrx_word' id='word_1_86' title='bbox 1725 987 1901 1061; x_wconf 80' lang='lat' dir='ltr'><strong>legem</strong></span> <span class='ocrx_word' id='word_1_87' title='bbox 1938 986 2042 1057; x_wconf 87' lang='lat' dir='ltr'><strong>spi-</strong></span> 
     </span>
    </p>
   </div>
   <div class='ocr_carea' id='block_1_12' title="bbox 450 1077 2038 1165">
    <p class='ocr_par' dir='ltr' id='par_1_12' title="bbox 450 1077 2038 1165">
     <span class='ocr_line' id='line_1_12' title="bbox 450 1077 2038 1165; baseline -0.002 -30"><span class='ocrx_word' id='word_1_88' title='bbox 450 1077 693 1135; x_wconf 88' lang='lat' dir='ltr'><strong>ritaliter</strong></span> <span class='ocrx_word' id='word_1_89' title='bbox 711 1077 1039 1134; x_wconf 85' lang='lat' dir='ltr'><strong>intellectam</strong></span> <span class='ocrx_word' id='word_1_90' title='bbox 1072 1089 1418 1139; x_wconf 83' lang='lat' dir='ltr'><strong>morerentur</strong></span> <span class='ocrx_word' id='word_1_91' title='bbox 1444 1077 1753 1165; x_wconf 63' lang='lat' dir='ltr'><strong>cprnalibus</strong></span> <span class='ocrx_word' id='word_1_92' title='bbox 1778 1078 2038 1134; x_wconf 87' lang='lat' dir='ltr'><strong>observa-</strong></span> 
     </span>
    </p>
   </div>
   <div class='ocr_carea' id='block_1_13' title="bbox 463 1168 2035 1247">
    <p class='ocr_par' dir='ltr' id='par_1_13' title="bbox 463 1168 2035 1247">
     <span class='ocr_line' id='line_1_13' title="bbox 463 1168 2035 1247; baseline -0.001 -22"><span class='ocrx_word' id='word_1_93' title='bbox 463 1168 709 1227; x_wconf 83' lang='lat' dir='ltr'><strong>tionibus</strong></span> <span class='ocrx_word' id='word_1_94' title='bbox 737 1169 892 1238; x_wconf 86' lang='lat' dir='ltr'><strong>legis.</strong></span> <span class='ocrx_word' id='word_1_95' title='bbox 929 1169 1081 1239; x_wconf 83' lang='lat' dir='ltr'><strong>Quod</strong></span> <span class='ocrx_word' id='word_1_96' title='bbox 1106 1178 1284 1226; x_wconf 89' lang='lat' dir='ltr'><strong>autem</strong></span> <span class='ocrx_word' id='word_1_97' title='bbox 1318 1168 1585 1247; x_wconf 75' lang='lat' dir='ltr'><strong>adiungit,</strong></span> <span class='ocrx_word' id='word_1_98' title='bbox 1619 1178 1675 1229; x_wconf 89' lang='lat' dir='ltr'><strong>ut</strong></span> <span class='ocrx_word' id='word_1_99' title='bbox 1713 1169 1824 1224; x_wconf 89' lang='lat' dir='ltr'><strong>Deo</strong></span> <span class='ocrx_word' id='word_1_100' title='bbox 1846 1170 2035 1235; x_wconf 83' lang='lat' dir='ltr'><strong>vivam,</strong></span> 
     </span>
    </p>
   </div>
   <div class='ocr_carea' id='block_1_14' title="bbox 450 1257 2040 1335">
    <p class='ocr_par' dir='ltr' id='par_1_14' title="bbox 450 1257 2040 1335">
     <span class='ocr_line' id='line_1_14' title="bbox 450 1257 2040 1335; baseline 0 -20"><span class='ocrx_word' id='word_1_101' title='bbox 450 1257 570 1316; x_wconf 91' lang='lat' dir='ltr'><strong>Deo</strong></span> <span class='ocrx_word' id='word_1_102' title='bbox 604 1261 761 1325; x_wconf 86' lang='lat' dir='ltr'><strong>vivit,</strong></span> <span class='ocrx_word' id='word_1_103' title='bbox 789 1260 884 1329; x_wconf 87' lang='lat' dir='ltr'><strong>qui</strong></span> <span class='ocrx_word' id='word_1_104' title='bbox 906 1260 1008 1316; x_wconf 89' lang='lat' dir='ltr'><strong>sub</strong></span> <span class='ocrx_word' id='word_1_105' title='bbox 1035 1260 1147 1316; x_wconf 89' lang='lat' dir='ltr'><strong>Deo</strong></span> <span class='ocrx_word' id='word_1_106' title='bbox 1171 1268 1275 1327; x_wconf 90' lang='lat' dir='ltr'><strong>est,</strong></span> <span class='ocrx_word' id='word_1_107' title='bbox 1310 1259 1414 1335; x_wconf 86' lang='lat' dir='ltr'><strong>legi</strong></span> <span class='ocrx_word' id='word_1_108' title='bbox 1452 1268 1632 1319; x_wconf 89' lang='lat' dir='ltr'><strong>autem</strong></span> <span class='ocrx_word' id='word_1_109' title='bbox 1662 1259 1754 1330; x_wconf 85' lang='lat' dir='ltr'><strong>qui</strong></span> <span class='ocrx_word' id='word_1_110' title='bbox 1776 1258 1877 1315; x_wconf 88' lang='lat' dir='ltr'><strong>sub</strong></span> <span class='ocrx_word' id='word_1_111' title='bbox 1920 1258 2040 1330; x_wconf 81' lang='lat' dir='ltr'><strong>lege</strong></span> 
     </span>
    </p>
   </div>
   <div class='ocr_carea' id='block_1_15' title="bbox 448 1351 2040 1424">
    <p class='ocr_par' dir='ltr' id='par_1_15' title="bbox 448 1351 2040 1424">
     <span class='ocr_line' id='line_1_15' title="bbox 448 1351 2040 1424; baseline -0.002 -15"><span class='ocrx_word' id='word_1_112' title='bbox 448 1358 557 1418; x_wconf 83' lang='lat' dir='ltr'><strong>est,</strong></span> <span class='ocrx_word' id='word_1_113' title='bbox 586 1351 687 1408; x_wconf 87' lang='lat' dir='ltr'><strong>sub</strong></span> <span class='ocrx_word' id='word_1_114' title='bbox 712 1351 832 1424; x_wconf 86' lang='lat' dir='ltr'><strong>lege</strong></span> <span class='ocrx_word' id='word_1_115' title='bbox 865 1358 1047 1407; x_wconf 89' lang='lat' dir='ltr'><strong>autem</strong></span> <span class='ocrx_word' id='word_1_116' title='bbox 1075 1351 1224 1416; x_wconf 86' lang='lat' dir='ltr'><strong>vivit,</strong></span> <span class='ocrx_word' id='word_1_117' title='bbox 1272 1352 1329 1408; x_wconf 89' lang='lat' dir='ltr'><strong>in</strong></span> <span class='ocrx_word' id='word_1_118' title='bbox 1368 1360 1631 1423; x_wconf 87' lang='lat' dir='ltr'><strong>quantum</strong></span> <span class='ocrx_word' id='word_1_119' title='bbox 1657 1351 1886 1423; x_wconf 88' lang='lat' dir='ltr'><strong>quisque</strong></span> <span class='ocrx_word' id='word_1_120' title='bbox 1913 1363 2040 1422; x_wconf 88' lang='lat' dir='ltr'><strong>pec-</strong></span> 
     </span>
    </p>
   </div>
   <div class='ocr_carea' id='block_1_16' title="bbox 451 1440 2038 1514">
    <p class='ocr_par' dir='ltr' id='par_1_16' title="bbox 451 1440 2038 1514">
     <span class='ocr_line' id='line_1_16' title="bbox 451 1440 2038 1514; baseline 0.002 -18"><span class='ocrx_word' id='word_1_121' title='bbox 451 1449 610 1501; x_wconf 84' lang='lat' dir='ltr'><strong>cator</strong></span> <span class='ocrx_word' id='word_1_122' title='bbox 638 1448 740 1507; x_wconf 89' lang='lat' dir='ltr'><strong>est,</strong></span> <span class='ocrx_word' id='word_1_123' title='bbox 769 1440 826 1497; x_wconf 90' lang='lat' dir='ltr'><strong>id</strong></span> <span class='ocrx_word' id='word_1_124' title='bbox 857 1448 961 1508; x_wconf 90' lang='lat' dir='ltr'><strong>est,</strong></span> <span class='ocrx_word' id='word_1_125' title='bbox 997 1441 1054 1497; x_wconf 91' lang='lat' dir='ltr'><strong>in</strong></span> <span class='ocrx_word' id='word_1_126' title='bbox 1084 1448 1346 1514; x_wconf 88' lang='lat' dir='ltr'><strong>quantum</strong></span> <span class='ocrx_word' id='word_1_127' title='bbox 1375 1455 1406 1497; x_wconf 90' lang='lat' dir='ltr'><strong>a</strong></span> <span class='ocrx_word' id='word_1_128' title='bbox 1448 1450 1636 1497; x_wconf 82' lang='lat' dir='ltr'><strong>vetere</strong></span> <span class='ocrx_word' id='word_1_129' title='bbox 1664 1440 1884 1497; x_wconf 83' lang='lat' dir='ltr'><strong>homine</strong></span> <span class='ocrx_word' id='word_1_130' title='bbox 1929 1454 2038 1499; x_wconf 87' lang='lat' dir='ltr'><strong>non</strong></span> 
     </span>
    </p>
   </div>
   <div class='ocr_carea' id='block_1_17' title="bbox 445 1532 2038 1602">
    <p class='ocr_par' dir='ltr' id='par_1_17' title="bbox 445 1532 2038 1602">
     <span class='ocr_line' id='line_1_17' title="bbox 445 1532 2038 1602; baseline -0.003 -12"><span class='ocrx_word' id='word_1_131' title='bbox 445 1540 535 1590; x_wconf 85' lang='lat' dir='ltr'><strong>est</strong></span> <span class='ocrx_word' id='word_1_132' title='bbox 578 1540 818 1589; x_wconf 90' lang='lat' dir='ltr'><strong>mutatus</strong></span> <span class='ocrx_word' id='word_1_133' title='bbox 849 1550 863 1591; x_wconf 86' lang='lat'><strong>:</strong></span> <span class='ocrx_word' id='word_1_134' title='bbox 895 1546 993 1588; x_wconf 87' lang='lat' dir='ltr'><strong>sua</strong></span> <span class='ocrx_word' id='word_1_135' title='bbox 1020 1532 1165 1588; x_wconf 91' lang='lat' dir='ltr'><strong>enim</strong></span> <span class='ocrx_word' id='word_1_136' title='bbox 1185 1533 1296 1588; x_wconf 87' lang='lat' dir='ltr'><strong>vita</strong></span> <span class='ocrx_word' id='word_1_137' title='bbox 1318 1533 1472 1598; x_wconf 89' lang='lat' dir='ltr'><strong>vivit,</strong></span> <span class='ocrx_word' id='word_1_138' title='bbox 1512 1541 1567 1589; x_wconf 89' lang='lat' dir='ltr'><strong>et</strong></span> <span class='ocrx_word' id='word_1_139' title='bbox 1600 1533 1722 1588; x_wconf 91' lang='lat' dir='ltr'><strong>ideo</strong></span> <span class='ocrx_word' id='word_1_140' title='bbox 1750 1532 1837 1587; x_wconf 89' lang='lat' dir='ltr'><strong>lex</strong></span> <span class='ocrx_word' id='word_1_141' title='bbox 1873 1546 2038 1602; x_wconf 85' lang='lat' dir='ltr'><strong>supra</strong></span> 
     </span>
    </p>
   </div>
   <div class='ocr_carea' id='block_1_18' title="bbox 447 1621 2032 1694">
    <p class='ocr_par' dir='ltr' id='par_1_18' title="bbox 447 1621 2032 1694">
     <span class='ocr_line' id='line_1_18' title="bbox 447 1621 2032 1694; baseline -0.001 -15"><span class='ocrx_word' id='word_1_142' title='bbox 447 1621 604 1679; x_wconf 84' lang='lat' dir='ltr'><strong>illum</strong></span> <span class='ocrx_word' id='word_1_143' title='bbox 638 1629 744 1690; x_wconf 80' lang='lat' dir='ltr'><strong>est,</strong></span> <span class='ocrx_word' id='word_1_144' title='bbox 768 1622 893 1693; x_wconf 86' lang='lat' dir='ltr'><strong>quia</strong></span> <span class='ocrx_word' id='word_1_145' title='bbox 920 1622 1011 1693; x_wconf 91' lang='lat' dir='ltr'><strong>qui</strong></span> <span class='ocrx_word' id='word_1_146' title='bbox 1040 1637 1159 1679; x_wconf 90' lang='lat' dir='ltr'><strong>eam</strong></span> <span class='ocrx_word' id='word_1_147' title='bbox 1202 1638 1310 1680; x_wconf 92' lang='lat' dir='ltr'><strong>non</strong></span> <span class='ocrx_word' id='word_1_148' title='bbox 1332 1623 1539 1694; x_wconf 87' lang='lat' dir='ltr'><strong>implet,</strong></span> <span class='ocrx_word' id='word_1_149' title='bbox 1568 1622 1711 1678; x_wconf 87' lang='lat' dir='ltr'><strong>infra</strong></span> <span class='ocrx_word' id='word_1_150' title='bbox 1753 1622 1901 1681; x_wconf 84' lang='lat' dir='ltr'><strong>illam</strong></span> <span class='ocrx_word' id='word_1_151' title='bbox 1927 1630 2032 1686; x_wconf 87' lang='lat' dir='ltr'><strong>est.</strong></span> 
     </span>
    </p>
   </div>
   <div class='ocr_carea' id='block_1_19' title="bbox 2144 440 3735 514">
    <p class='ocr_par' dir='ltr' id='par_1_19' title="bbox 2144 440 3735 514">
     <span class='ocr_line' id='line_1_19' title="bbox 2144 440 3735 514; baseline 0.003 -17"><span class='ocrx_word' id='word_1_152' title='bbox 2144 441 2350 497; x_wconf 79' lang='lat' dir='ltr'><strong>Christo</strong></span> <span class='ocrx_word' id='word_1_153' title='bbox 2374 440 2613 511; x_wconf 73' lang='lat' dir='ltr'><strong>conﬁxus</strong></span> <span class='ocrx_word' id='word_1_154' title='bbox 2666 458 2784 502; x_wconf 84' lang='lat' dir='ltr'><strong>sum</strong></span> <span class='ocrx_word' id='word_1_155' title='bbox 2833 443 3022 501; x_wconf 77' lang='lat' dir='ltr'><strong>cruci:</strong></span> <span class='ocrx_word' id='word_1_156' title='bbox 3047 442 3241 499; x_wconf 87' lang='lat' dir='ltr'><strong>tollens</strong></span> <span class='ocrx_word' id='word_1_157' title='bbox 3287 457 3508 501; x_wconf 87' lang='lat' dir='ltr'><strong>crucem</strong></span> <span class='ocrx_word' id='word_1_158' title='bbox 3550 459 3735 514; x_wconf 84' lang='lat' dir='ltr'><strong>suam,</strong></span> 
     </span>
    </p>
   </div>
   <div class='ocr_carea' id='block_1_20' title="bbox 2142 529 3729 603">
    <p class='ocr_par' dir='ltr' id='par_1_20' title="bbox 2142 529 3729 603">
     <span class='ocr_line' id='line_1_20' title="bbox 2142 529 3729 603; baseline -0.001 -15"><span class='ocrx_word' id='word_1_159' title='bbox 2142 538 2198 589; x_wconf 89' lang='lat' dir='ltr'><strong>et</strong></span> <span class='ocrx_word' id='word_1_160' title='bbox 2235 529 2509 587; x_wconf 84' lang='lat' dir='ltr'><strong>Christum</strong></span> <span class='ocrx_word' id='word_1_161' title='bbox 2537 545 2788 602; x_wconf 89' lang='lat' dir='ltr'><strong>sequens,</strong></span> <span class='ocrx_word' id='word_1_162' title='bbox 2815 540 2873 589; x_wconf 85' lang='lat' dir='ltr'><strong>et</strong></span> <span class='ocrx_word' id='word_1_163' title='bbox 2897 532 2955 587; x_wconf 93' lang='lat' dir='ltr'><strong>in</strong></span> <span class='ocrx_word' id='word_1_164' title='bbox 2975 532 3089 603; x_wconf 87' lang='lat' dir='ltr'><strong>ipsa</strong></span> <span class='ocrx_word' id='word_1_165' title='bbox 3110 532 3405 588; x_wconf 89' lang='lat' dir='ltr'><strong>obsecrans</strong></span> <span class='ocrx_word' id='word_1_166' title='bbox 3426 533 3684 603; x_wconf 88' lang='lat' dir='ltr'><strong>passione</strong></span> <span class='ocrx_word' id='word_1_167' title='bbox 3713 552 3729 587; x_wconf 89' lang='lat'><strong>:</strong></span> 
     </span>
    </p>
   </div>
   <div class='ocr_carea' id='block_1_21' title="bbox 2144 620 3744 694">
    <p class='ocr_par' dir='ltr' id='par_1_21' title="bbox 2144 620 3744 694">
     <span class='ocr_line' id='line_1_21' title="bbox 2144 620 3744 694; baseline 0.002 -18"><span class='ocrx_word' id='word_1_168' title='bbox 2144 620 2406 677; x_wconf 78' lang='lat' dir='ltr'><strong>Memento</strong></span> <span class='ocrx_word' id='word_1_169' title='bbox 2431 622 2535 676; x_wconf 86' lang='lat' dir='ltr'><strong>mei</strong></span> <span class='ocrx_word' id='word_1_170' title='bbox 2583 638 2704 679; x_wconf 87' lang='lat' dir='ltr'><strong>cum</strong></span> <span class='ocrx_word' id='word_1_171' title='bbox 2726 623 2925 683; x_wconf 87' lang='lat' dir='ltr'><strong>veneris</strong></span> <span class='ocrx_word' id='word_1_172' title='bbox 2976 622 3031 679; x_wconf 91' lang='lat' dir='ltr'><strong>in</strong></span> <span class='ocrx_word' id='word_1_173' title='bbox 3060 638 3277 694; x_wconf 78' lang='lat' dir='ltr'><strong>regnum</strong></span> <span class='ocrx_word' id='word_1_174' title='bbox 3301 630 3449 677; x_wconf 87' lang='lat' dir='ltr'><strong>tuum</strong></span> <span class='ocrx_word' id='word_1_175' title='bbox 3471 636 3492 675; x_wconf 89' lang='lat'><strong><em>:</em></strong></span> <span class='ocrx_word' id='word_1_176' title='bbox 3517 623 3744 679; x_wconf 61' lang='lat' dir='ltr'><strong>statim.</strong></span> 
     </span>
    </p>
   </div>
   <div class='ocr_carea' id='block_1_22' title="bbox 2144 698 3737 785">
    <p class='ocr_par' dir='ltr' id='par_1_22' title="bbox 2144 698 3737 785">
     <span class='ocr_line' id='line_1_22' title="bbox 2144 698 3737 785; baseline 0.004 -22"><span class='ocrx_word' id='word_1_177' title='bbox 2144 698 2250 780; x_wconf 83' lang='lat' dir='ltr'><strong>que</strong></span> <span class='ocrx_word' id='word_1_178' title='bbox 2293 711 2519 769; x_wconf 83' lang='lat' dir='ltr'><strong>audiens</strong></span> <span class='ocrx_word' id='word_1_179' title='bbox 2557 728 2571 765; x_wconf 89' lang='lat'><strong>:</strong></span> <span class='ocrx_word' id='word_1_180' title='bbox 2605 710 2781 766; x_wconf 80' lang='lat' dir='ltr'><strong>Hodie</strong></span> <span class='ocrx_word' id='word_1_181' title='bbox 2825 728 3029 767; x_wconf 86' lang='lat' dir='ltr'><strong>mecum</strong></span> <span class='ocrx_word' id='word_1_182' title='bbox 3069 711 3173 767; x_wconf 87' lang='lat' dir='ltr'><strong>eris</strong></span> <span class='ocrx_word' id='word_1_183' title='bbox 3198 711 3253 765; x_wconf 85' lang='lat' dir='ltr'><strong>in</strong></span> <span class='ocrx_word' id='word_1_184' title='bbox 3297 712 3549 782; x_wconf 73' lang='lat' dir='ltr'><strong>paradiso</strong></span> <span class='ocrx_word' id='word_1_185' title='bbox 3578 712 3737 785; x_wconf 87' lang='lat' dir='ltr'><strong>(Luc.</strong></span> 
     </span>
    </p>
   </div>
   <div class='ocr_carea' id='block_1_23' title="bbox 2142 801 3745 875">
    <p class='ocr_par' dir='ltr' id='par_1_23' title="bbox 2142 801 3745 875">
     <span class='ocr_line' id='line_1_23' title="bbox 2142 801 3745 875; baseline 0.002 -18"><span class='ocrx_word' id='word_1_186' title='bbox 2142 802 2321 875; x_wconf 61' lang='grc' dir='ltr'>χχιιι).</span> <span class='ocrx_word' id='word_1_187' title='bbox 2347 801 2405 858; x_wconf 90' lang='lat' dir='ltr'><strong>Si</strong></span> <span class='ocrx_word' id='word_1_188' title='bbox 2432 802 2556 873; x_wconf 90' lang='lat' dir='ltr'><strong>quis</strong></span> <span class='ocrx_word' id='word_1_189' title='bbox 2580 803 2922 863; x_wconf 82' lang='lat' dir='ltr'><strong>mortiﬁcatis</strong></span> <span class='ocrx_word' id='word_1_190' title='bbox 2950 804 3210 863; x_wconf 86' lang='lat' dir='ltr'><strong>membris</strong></span> <span class='ocrx_word' id='word_1_191' title='bbox 3237 818 3399 873; x_wconf 87' lang='lat' dir='ltr'><strong>super</strong></span> <span class='ocrx_word' id='word_1_192' title='bbox 3423 812 3647 869; x_wconf 87' lang='lat' dir='ltr'><strong>terram,</strong></span> <span class='ocrx_word' id='word_1_193' title='bbox 3680 817 3745 861; x_wconf 91' lang='lat' dir='ltr'><strong>et</strong></span> 
     </span>
    </p>
   </div>
   <div class='ocr_carea' id='block_1_24' title="bbox 2142 894 3740 967">
    <p class='ocr_par' dir='ltr' id='par_1_24' title="bbox 2142 894 3740 967">
     <span class='ocr_line' id='line_1_24' title="bbox 2142 894 3740 967; baseline 0.002 -18"><span class='ocrx_word' id='word_1_194' title='bbox 2142 894 2344 953; x_wconf 89' lang='lat' dir='ltr'><strong>mundo</strong></span> <span class='ocrx_word' id='word_1_195' title='bbox 2367 903 2615 951; x_wconf 89' lang='lat' dir='ltr'><strong>mortuus</strong></span> <span class='ocrx_word' id='word_1_196' title='bbox 2644 895 3015 967; x_wconf 84' lang='lat' dir='ltr'><strong>conﬁguratus</strong></span> <span class='ocrx_word' id='word_1_197' title='bbox 3030 895 3197 955; x_wconf 88' lang='lat' dir='ltr'><strong>fuerit</strong></span> <span class='ocrx_word' id='word_1_198' title='bbox 3224 896 3389 951; x_wconf 86' lang='lat' dir='ltr'><strong>morti</strong></span> <span class='ocrx_word' id='word_1_199' title='bbox 3414 895 3545 951; x_wconf 85' lang='lat' dir='ltr'><strong>Jesu</strong></span> <span class='ocrx_word' id='word_1_200' title='bbox 3572 895 3740 952; x_wconf 85' lang='lat' dir='ltr'><strong>Chri-</strong></span> 
     </span>
    </p>
   </div>
   <div class='ocr_carea' id='block_1_25' title="bbox 2141 974 3744 1057">
    <p class='ocr_par' dir='ltr' id='par_1_25' title="bbox 2141 974 3744 1057">
     <span class='ocr_line' id='line_1_25' title="bbox 2141 974 3744 1057; baseline 0.004 -18"><span class='ocrx_word' id='word_1_201' title='bbox 2141 984 2233 1050; x_wconf 86' lang='lat' dir='ltr'><strong>sti,</strong></span> <span class='ocrx_word' id='word_1_202' title='bbox 2261 983 2597 1057; x_wconf 83' lang='lat' dir='ltr'><strong>cruciﬁgitur</strong></span> <span class='ocrx_word' id='word_1_203' title='bbox 2623 1000 2746 1040; x_wconf 88' lang='lat' dir='ltr'><strong>cum</strong></span> <span class='ocrx_word' id='word_1_204' title='bbox 2786 984 2938 1053; x_wconf 80' lang='lat' dir='ltr'><strong>Jesu,</strong></span> <span class='ocrx_word' id='word_1_205' title='bbox 2989 994 3045 1042; x_wconf 90' lang='lat' dir='ltr'><strong>et</strong></span> <span class='ocrx_word' id='word_1_206' title='bbox 3075 993 3333 1056; x_wconf 78' lang='lat' dir='ltr'><strong>tropteum</strong></span> <span class='ocrx_word' id='word_1_207' title='bbox 3362 974 3744 1045; x_wconf 74' lang='lat' dir='ltr'><strong>mortiﬁcatio-</strong></span> 
     </span>
    </p>
   </div>
   <div class='ocr_carea' id='block_1_26' title="bbox 2141 1074 3739 1148">
    <p class='ocr_par' dir='ltr' id='par_1_26' title="bbox 2141 1074 3739 1148">
     <span class='ocr_line' id='line_1_26' title="bbox 2141 1074 3739 1148; baseline 0.001 -19"><span class='ocrx_word' id='word_1_208' title='bbox 2141 1076 2226 1133; x_wconf 89' lang='lat' dir='ltr'><strong>nis</strong></span> <span class='ocrx_word' id='word_1_209' title='bbox 2261 1091 2373 1133; x_wconf 72' lang='lat' dir='ltr'><strong>sua:</strong></span> <span class='ocrx_word' id='word_1_210' title='bbox 2416 1075 2474 1131; x_wconf 87' lang='lat' dir='ltr'><strong>in</strong></span> <span class='ocrx_word' id='word_1_211' title='bbox 2504 1076 2649 1148; x_wconf 91' lang='lat' dir='ltr'><strong>ligno</strong></span> <span class='ocrx_word' id='word_1_212' title='bbox 2676 1076 2970 1133; x_wconf 83' lang='lat' dir='ltr'><strong>Dominicae</strong></span> <span class='ocrx_word' id='word_1_213' title='bbox 2992 1076 3265 1148; x_wconf 86' lang='lat' dir='ltr'><strong>passionis</strong></span> <span class='ocrx_word' id='word_1_214' title='bbox 3310 1074 3500 1147; x_wconf 83' lang='lat' dir='ltr'><strong>afﬁgit.</strong></span> <span class='ocrx_word' id='word_1_215' title='bbox 3530 1075 3739 1148; x_wconf 72' lang='grc' dir='ltr'><strong>(Δηώ.)</strong></span> 
     </span>
    </p>
   </div>
   <div class='ocr_carea' id='block_1_27' title="bbox 2139 1164 3743 1240">
    <p class='ocr_par' dir='ltr' id='par_1_27' title="bbox 2139 1164 3743 1240">
     <span class='ocr_line' id='line_1_27' title="bbox 2139 1164 3743 1240; baseline 0.002 -19"><span class='ocrx_word' id='word_1_216' title='bbox 2139 1164 2241 1237; x_wconf 84' lang='lat' dir='ltr'><strong>Qui</strong></span> <span class='ocrx_word' id='word_1_217' title='bbox 2254 1168 2400 1222; x_wconf 85' lang='lat' dir='ltr'><strong>enim</strong></span> <span class='ocrx_word' id='word_1_218' title='bbox 2422 1182 2529 1225; x_wconf 89' lang='lat' dir='ltr'><strong>non</strong></span> <span class='ocrx_word' id='word_1_219' title='bbox 2546 1168 2660 1240; x_wconf 84' lang='lat' dir='ltr'><strong>agit</strong></span> <span class='ocrx_word' id='word_1_220' title='bbox 2687 1182 2807 1239; x_wconf 70' lang='lat' dir='ltr'><strong>qua:</strong></span> <span class='ocrx_word' id='word_1_221' title='bbox 2829 1168 3019 1225; x_wconf 87' lang='lat' dir='ltr'><strong>mundi</strong></span> <span class='ocrx_word' id='word_1_222' title='bbox 3046 1175 3195 1235; x_wconf 91' lang='lat' dir='ltr'><strong>sunt,</strong></span> <span class='ocrx_word' id='word_1_223' title='bbox 3218 1167 3307 1224; x_wconf 90' lang='lat' dir='ltr'><strong>vel</strong></span> <span class='ocrx_word' id='word_1_224' title='bbox 3330 1168 3558 1235; x_wconf 85' lang='lat' dir='ltr'><strong>erroris,</strong></span> <span class='ocrx_word' id='word_1_225' title='bbox 3589 1185 3743 1225; x_wconf 87' lang='lat' dir='ltr'><strong>mor-</strong></span> 
     </span>
    </p>
   </div>
   <div class='ocr_carea' id='block_1_28' title="bbox 2140 1257 2625 1319">
    <p class='ocr_par' dir='ltr' id='par_1_28' title="bbox 2140 1257 2625 1319">
     <span class='ocr_line' id='line_1_28' title="bbox 2140 1257 2625 1319; baseline 0.002 -7"><span class='ocrx_word' id='word_1_226' title='bbox 2140 1263 2268 1317; x_wconf 84' lang='lat' dir='ltr'><strong>tuus</strong></span> <span class='ocrx_word' id='word_1_227' title='bbox 2294 1257 2496 1319; x_wconf 86' lang='lat' dir='ltr'><strong>mundo</strong></span> <span class='ocrx_word' id='word_1_228' title='bbox 2523 1268 2625 1313; x_wconf 91' lang='lat' dir='ltr'><strong>est.</strong></span> 
     </span>
    </p>
   </div>
   <div class='ocr_carea' id='block_1_29' title="bbox 2173 1344 3739 1421">
    <p class='ocr_par' dir='ltr' id='par_1_29' title="bbox 2173 1344 3739 1421">
     <span class='ocr_line' id='line_1_29' title="bbox 2173 1344 3739 1421; baseline 0.004 -21"><span class='ocrx_word' id='word_1_229' title='bbox 2173 1382 2189 1401; x_wconf 91' lang='lat'><strong>.</strong></span> <span class='ocrx_word' id='word_1_230' title='bbox 2219 1344 2344 1401; x_wconf 83' lang='lat' dir='ltr'><strong>Vivo</strong></span> <span class='ocrx_word' id='word_1_231' title='bbox 2374 1356 2548 1401; x_wconf 88' lang='lat' dir='ltr'><strong>autem</strong></span> <span class='ocrx_word' id='word_1_232' title='bbox 2560 1347 2681 1417; x_wconf 82' lang='lat' dir='ltr'><strong>jam</strong></span> <span class='ocrx_word' id='word_1_233' title='bbox 2703 1364 2808 1403; x_wconf 90' lang='lat' dir='ltr'><strong>non</strong></span> <span class='ocrx_word' id='word_1_234' title='bbox 2830 1365 2922 1421; x_wconf 87' lang='lat' dir='ltr'><strong>ego</strong></span> <span class='ocrx_word' id='word_1_235' title='bbox 2945 1363 2963 1401; x_wconf 88' lang='lat'><strong><em>:</em></strong></span> <span class='ocrx_word' id='word_1_236' title='bbox 2990 1348 3112 1405; x_wconf 76' lang='lat' dir='ltr'><strong>vivit</strong></span> <span class='ocrx_word' id='word_1_237' title='bbox 3129 1365 3250 1405; x_wconf 88' lang='lat' dir='ltr'><strong>vero</strong></span> <span class='ocrx_word' id='word_1_238' title='bbox 3273 1350 3329 1405; x_wconf 90' lang='lat' dir='ltr'><strong>in</strong></span> <span class='ocrx_word' id='word_1_239' title='bbox 3351 1365 3435 1404; x_wconf 86' lang='lat' dir='ltr'><strong>me</strong></span> <span class='ocrx_word' id='word_1_240' title='bbox 3456 1348 3739 1407; x_wconf 73' lang='lat' dir='ltr'><strong>Christus:</strong></span> 
     </span>
    </p>
   </div>
   <div class='ocr_carea' id='block_1_30' title="bbox 2137 1435 3736 1513">
    <p class='ocr_par' dir='ltr' id='par_1_30' title="bbox 2137 1435 3736 1513">
     <span class='ocr_line' id='line_1_30' title="bbox 2137 1435 3736 1513; baseline 0.002 -18"><span class='ocrx_word' id='word_1_241' title='bbox 2137 1453 2245 1495; x_wconf 91' lang='lat' dir='ltr'><strong>non</strong></span> <span class='ocrx_word' id='word_1_242' title='bbox 2284 1447 2370 1496; x_wconf 91' lang='lat' dir='ltr'><strong>est</strong></span> <span class='ocrx_word' id='word_1_243' title='bbox 2400 1441 2711 1513; x_wconf 87' lang='lat' dir='ltr'><strong>ambiguum</strong></span> <span class='ocrx_word' id='word_1_244' title='bbox 2736 1442 2793 1498; x_wconf 90' lang='lat' dir='ltr'><strong>in</strong></span> <span class='ocrx_word' id='word_1_245' title='bbox 2818 1455 2885 1498; x_wconf 90' lang='lat' dir='ltr'><strong>eo</strong></span> <span class='ocrx_word' id='word_1_246' title='bbox 2920 1441 3012 1512; x_wconf 90' lang='lat' dir='ltr'><strong>qui</strong></span> <span class='ocrx_word' id='word_1_247' title='bbox 3056 1456 3158 1512; x_wconf 87' lang='lat' dir='ltr'><strong>per</strong></span> <span class='ocrx_word' id='word_1_248' title='bbox 3211 1435 3373 1498; x_wconf 79' lang='lat' dir='ltr'><strong>ﬁdem</strong></span> <span class='ocrx_word' id='word_1_249' title='bbox 3400 1441 3670 1498; x_wconf 87' lang='lat' dir='ltr'><strong>liberatur</strong></span> <span class='ocrx_word' id='word_1_250' title='bbox 3697 1458 3736 1499; x_wconf 84' lang='lat' dir='ltr'><strong>a</strong></span> 
     </span>
    </p>
   </div>
   <div class='ocr_carea' id='block_1_31' title="bbox 2137 1522 3740 1605">
    <p class='ocr_par' dir='ltr' id='par_1_31' title="bbox 2137 1522 3740 1605">
     <span class='ocr_line' id='line_1_31' title="bbox 2137 1522 3740 1605; baseline 0.003 -20"><span class='ocrx_word' id='word_1_251' title='bbox 2137 1539 2315 1587; x_wconf 80' lang='lat' dir='ltr'><strong>morte</strong></span> <span class='ocrx_word' id='word_1_252' title='bbox 2345 1530 2621 1588; x_wconf 81' lang='lat' dir='ltr'><strong>Christum</strong></span> <span class='ocrx_word' id='word_1_253' title='bbox 2648 1533 2831 1589; x_wconf 90' lang='lat' dir='ltr'><strong>vivere</strong></span> <span class='ocrx_word' id='word_1_254' title='bbox 2862 1551 2877 1588; x_wconf 88' lang='lat'><strong>:</strong></span> <span class='ocrx_word' id='word_1_255' title='bbox 2905 1540 3083 1590; x_wconf 87' lang='lat' dir='ltr'><strong>morte</strong></span> <span class='ocrx_word' id='word_1_256' title='bbox 3106 1532 3252 1589; x_wconf 91' lang='lat' dir='ltr'><strong>enim</strong></span> <span class='ocrx_word' id='word_1_257' title='bbox 3283 1533 3449 1605; x_wconf 86' lang='lat' dir='ltr'><strong>digno</strong></span> <span class='ocrx_word' id='word_1_258' title='bbox 3474 1522 3605 1590; x_wconf 84' lang='lat' dir='ltr'><strong>dum</strong></span> <span class='ocrx_word' id='word_1_259' title='bbox 3638 1535 3740 1590; x_wconf 83' lang='lat' dir='ltr'><strong>do-</strong></span> 
     </span>
    </p>
   </div>
   <div class='ocr_carea' id='block_1_32' title="bbox 2138 1610 3741 1699">
    <p class='ocr_par' dir='ltr' id='par_1_32' title="bbox 2138 1610 3741 1699">
     <span class='ocr_line' id='line_1_32' title="bbox 2138 1610 3741 1699; baseline 0.004 -24"><span class='ocrx_word' id='word_1_260' title='bbox 2138 1630 2232 1676; x_wconf 90' lang='lat' dir='ltr'><strong>nat</strong></span> <span class='ocrx_word' id='word_1_261' title='bbox 2259 1628 2500 1693; x_wconf 80' lang='lat' dir='ltr'><strong>peccata,</strong></span> <span class='ocrx_word' id='word_1_262' title='bbox 2537 1622 2654 1693; x_wconf 83' lang='lat' dir='ltr'><strong>ipse</strong></span> <span class='ocrx_word' id='word_1_263' title='bbox 2679 1622 2812 1687; x_wconf 81' lang='lat' dir='ltr'><strong>vivit</strong></span> <span class='ocrx_word' id='word_1_264' title='bbox 2849 1622 2906 1690; x_wconf 81' lang='lat' dir='ltr'><strong>in</strong></span> <span class='ocrx_word' id='word_1_265' title='bbox 2941 1622 3054 1689; x_wconf 90' lang='lat' dir='ltr'><strong>illo,</strong></span> <span class='ocrx_word' id='word_1_266' title='bbox 3086 1610 3228 1692; x_wconf 36' lang='lat' dir='ltr'><strong>‘ejus</strong></span> <span class='ocrx_word' id='word_1_267' title='bbox 3278 1623 3428 1679; x_wconf 89' lang='lat' dir='ltr'><strong>enim</strong></span> <span class='ocrx_word' id='word_1_268' title='bbox 3474 1624 3741 1699; x_wconf 67' lang='lat' dir='ltr'><strong>praesidio</strong></span> 
     </span>
    </p>
   </div>
   <div class='ocr_carea' id='block_1_33' title="bbox 447 1702 3736 1794">
    <p class='ocr_par' dir='ltr' id='par_1_33' title="bbox 447 1702 3736 1794">
     <span class='ocr_line' id='line_1_33' title="bbox 447 1702 3736 1794; baseline 0.001 -27"><span class='ocrx_word' id='word_1_269' title='bbox 447 1709 594 1767; x_wconf 85' lang='lat' dir='ltr'><strong>Nam</strong></span> <span class='ocrx_word' id='word_1_270' title='bbox 608 1710 755 1783; x_wconf 84' lang='lat' dir='ltr'><strong>justo</strong></span> <span class='ocrx_word' id='word_1_271' title='bbox 783 1710 868 1766; x_wconf 80' lang='lat' dir='ltr'><strong>lea:</strong></span> <span class='ocrx_word' id='word_1_272' title='bbox 891 1712 1061 1782; x_wconf 84' lang='lat' dir='ltr'><strong>posita</strong></span> <span class='ocrx_word' id='word_1_273' title='bbox 1082 1728 1187 1769; x_wconf 87' lang='lat' dir='ltr'><strong>non</strong></span> <span class='ocrx_word' id='word_1_274' title='bbox 1215 1722 1311 1779; x_wconf 85' lang='lat' dir='ltr'><strong>est,</strong></span> <span class='ocrx_word' id='word_1_275' title='bbox 1363 1712 1417 1769; x_wconf 86' lang='lat' dir='ltr'><strong>id</strong></span> <span class='ocrx_word' id='word_1_276' title='bbox 1441 1721 1546 1787; x_wconf 86' lang='lat' dir='ltr'><strong>est,</strong></span> <span class='ocrx_word' id='word_1_277' title='bbox 1576 1713 1827 1794; x_wconf 88' lang='lat' dir='ltr'><strong>imposita</strong></span> <span class='ocrx_word' id='word_1_278' title='bbox 1852 1721 1912 1768; x_wconf 91' lang='lat' dir='ltr'><strong>ut</strong></span> <span class='ocrx_word' id='word_1_279' title='bbox 1937 1728 2027 1768; x_wconf 88' lang='lat' dir='ltr'><strong>su-</strong></span> <span class='ocrx_word' id='word_1_280' title='bbox 2053 1702 2102 1765; x_wconf 84' lang='grc' dir='ltr'><strong>Β</strong></span> <span class='ocrx_word' id='word_1_281' title='bbox 2128 1719 2353 1782; x_wconf 87' lang='lat' dir='ltr'><strong>ereptus</strong></span> <span class='ocrx_word' id='word_1_282' title='bbox 2379 1712 2541 1768; x_wconf 90' lang='lat' dir='ltr'><strong>morti</strong></span> <span class='ocrx_word' id='word_1_283' title='bbox 2584 1711 2854 1786; x_wconf 89' lang='lat' dir='ltr'><strong>(llieron.)</strong></span> <span class='ocrx_word' id='word_1_284' title='bbox 2885 1711 3001 1769; x_wconf 85' lang='lat' dir='ltr'><strong>Non</strong></span> <span class='ocrx_word' id='word_1_285' title='bbox 3027 1713 3160 1769; x_wconf 88' lang='lat' dir='ltr'><strong>vivit</strong></span> <span class='ocrx_word' id='word_1_286' title='bbox 3197 1714 3288 1775; x_wconf 93' lang='lat' dir='ltr'><strong>ille</strong></span> <span class='ocrx_word' id='word_1_287' title='bbox 3328 1714 3424 1786; x_wconf 89' lang='lat' dir='ltr'><strong>qui</strong></span> <span class='ocrx_word' id='word_1_288' title='bbox 3449 1716 3736 1784; x_wconf 83' lang='lat' dir='ltr'><strong>quondam</strong></span> 
     </span>
    </p>
   </div>
   <div class='ocr_carea' id='block_1_34' title="bbox 439 1800 2023 1877">
    <p class='ocr_par' dir='ltr' id='par_1_34' title="bbox 439 1800 2023 1877">
     <span class='ocr_line' id='line_1_34' title="bbox 439 1800 2023 1877; baseline -0.002 -19"><span class='ocrx_word' id='word_1_289' title='bbox 439 1817 539 1875; x_wconf 88' lang='lat' dir='ltr'><strong>pra</strong></span> <span class='ocrx_word' id='word_1_290' title='bbox 566 1802 716 1859; x_wconf 83' lang='lat' dir='ltr'><strong>illum</strong></span> <span class='ocrx_word' id='word_1_291' title='bbox 752 1800 826 1858; x_wconf 85' lang='lat' dir='ltr'><strong>sit</strong></span> <span class='ocrx_word' id='word_1_292' title='bbox 856 1819 870 1856; x_wconf 92' lang='lat'>:</span> <span class='ocrx_word' id='word_1_293' title='bbox 900 1802 955 1859; x_wconf 91' lang='lat' dir='ltr'><strong>in</strong></span> <span class='ocrx_word' id='word_1_294' title='bbox 984 1801 1077 1859; x_wconf 88' lang='lat' dir='ltr'><strong>illa</strong></span> <span class='ocrx_word' id='word_1_295' title='bbox 1096 1812 1180 1858; x_wconf 88' lang='lat' dir='ltr'><strong>est</strong></span> <span class='ocrx_word' id='word_1_296' title='bbox 1203 1803 1348 1865; x_wconf 84' lang='lat' dir='ltr'><strong>enim</strong></span> <span class='ocrx_word' id='word_1_297' title='bbox 1373 1803 1556 1877; x_wconf 87' lang='lat' dir='ltr'><strong>potius</strong></span> <span class='ocrx_word' id='word_1_298' title='bbox 1589 1817 1749 1875; x_wconf 90' lang='lat' dir='ltr'><strong>quam</strong></span> <span class='ocrx_word' id='word_1_299' title='bbox 1786 1801 1888 1858; x_wconf 87' lang='lat' dir='ltr'><strong>sub</strong></span> <span class='ocrx_word' id='word_1_300' title='bbox 1908 1802 2023 1869; x_wconf 90' lang='lat' dir='ltr'><strong>illa,</strong></span> 
     </span>
    </p>
   </div>
   <div class='ocr_carea' id='block_1_35' title="bbox 438 1884 2025 1963">
    <p class='ocr_par' dir='ltr' id='par_1_35' title="bbox 438 1884 2025 1963">
     <span class='ocr_line' id='line_1_35' title="bbox 438 1884 2025 1963; baseline 0 -16"><span class='ocrx_word' id='word_1_301' title='bbox 438 1892 569 1963; x_wconf 86' lang='lat' dir='ltr'><strong>quia</strong></span> <span class='ocrx_word' id='word_1_302' title='bbox 589 1906 698 1947; x_wconf 92' lang='lat' dir='ltr'><strong>non</strong></span> <span class='ocrx_word' id='word_1_303' title='bbox 714 1905 811 1948; x_wconf 86' lang='lat' dir='ltr'><strong>sua</strong></span> <span class='ocrx_word' id='word_1_304' title='bbox 839 1892 951 1949; x_wconf 88' lang='lat' dir='ltr'><strong>vita</strong></span> <span class='ocrx_word' id='word_1_305' title='bbox 975 1891 1126 1958; x_wconf 88' lang='lat' dir='ltr'><strong>vivit,</strong></span> <span class='ocrx_word' id='word_1_306' title='bbox 1169 1892 1256 1948; x_wconf 91' lang='lat' dir='ltr'><strong>cui</strong></span> <span class='ocrx_word' id='word_1_307' title='bbox 1282 1892 1577 1948; x_wconf 88' lang='lat' dir='ltr'><strong>coercenda</strong></span> <span class='ocrx_word' id='word_1_308' title='bbox 1595 1891 1683 1946; x_wconf 84' lang='lat' dir='ltr'><strong>lex</strong></span> <span class='ocrx_word' id='word_1_309' title='bbox 1709 1884 2025 1963; x_wconf 85' lang='lat' dir='ltr'><strong>imponitur,</strong></span> 
     </span>
    </p>
   </div>
   <div class='ocr_carea' id='block_1_36' title="bbox 436 1980 2025 2059">
    <p class='ocr_par' dir='ltr' id='par_1_36' title="bbox 436 1980 2025 2059">
     <span class='ocr_line' id='line_1_36' title="bbox 436 1980 2025 2059; baseline -0.001 -18"><span class='ocrx_word' id='word_1_310' title='bbox 436 1992 502 2041; x_wconf 90' lang='lat' dir='ltr'><strong>ut</strong></span> <span class='ocrx_word' id='word_1_311' title='bbox 552 1985 696 2040; x_wconf 90' lang='lat' dir='ltr'><strong>enim</strong></span> <span class='ocrx_word' id='word_1_312' title='bbox 747 1984 829 2040; x_wconf 89' lang='lat' dir='ltr'><strong>sic</strong></span> <span class='ocrx_word' id='word_1_313' title='bbox 875 1982 1073 2051; x_wconf 85' lang='lat' dir='ltr'><strong>dicam,</strong></span> <span class='ocrx_word' id='word_1_314' title='bbox 1110 1983 1660 2059; x_wconf 88' lang='lat' dir='ltr'><strong>ipsaquodammodo</strong></span> <span class='ocrx_word' id='word_1_315' title='bbox 1710 1980 1826 2057; x_wconf 83' lang='lat' dir='ltr'><strong>lege</strong></span> <span class='ocrx_word' id='word_1_316' title='bbox 1870 1982 2025 2048; x_wconf 91' lang='lat' dir='ltr'><strong>vivit,</strong></span> 
     </span>
    </p>
   </div>
   <div class='ocr_carea' id='block_1_37' title="bbox 438 2075 2025 2149">
    <p class='ocr_par' dir='ltr' id='par_1_37' title="bbox 438 2075 2025 2149">
     <span class='ocr_line' id='line_1_37' title="bbox 438 2075 2025 2149; baseline -0.001 -17"><span class='ocrx_word' id='word_1_317' title='bbox 438 2077 534 2148; x_wconf 88' lang='lat' dir='ltr'><strong>qui</strong></span> <span class='ocrx_word' id='word_1_318' title='bbox 557 2092 683 2133; x_wconf 88' lang='lat' dir='ltr'><strong>eum</strong></span> <span class='ocrx_word' id='word_1_319' title='bbox 704 2076 992 2137; x_wconf 86' lang='lat' dir='ltr'><strong>dilectione</strong></span> <span class='ocrx_word' id='word_1_320' title='bbox 1010 2076 1232 2148; x_wconf 78' lang='lat' dir='ltr'><strong>justitize</strong></span> <span class='ocrx_word' id='word_1_321' title='bbox 1249 2076 1396 2149; x_wconf 85' lang='lat' dir='ltr'><strong>juste</strong></span> <span class='ocrx_word' id='word_1_322' title='bbox 1421 2076 1577 2143; x_wconf 88' lang='lat' dir='ltr'><strong>vivit,</strong></span> <span class='ocrx_word' id='word_1_323' title='bbox 1600 2090 1707 2131; x_wconf 90' lang='lat' dir='ltr'><strong>non</strong></span> <span class='ocrx_word' id='word_1_324' title='bbox 1723 2075 1943 2147; x_wconf 90' lang='lat' dir='ltr'><strong>proprio</strong></span> <span class='ocrx_word' id='word_1_325' title='bbox 1960 2090 2025 2131; x_wconf 92' lang='lat' dir='ltr'><strong>ac</strong></span> 
     </span>
    </p>
   </div>
   <div class='ocr_carea' id='block_1_38' title="bbox 437 2165 2028 2237">
    <p class='ocr_par' dir='ltr' id='par_1_38' title="bbox 437 2165 2028 2237">
     <span class='ocr_line' id='line_1_38' title="bbox 437 2165 2028 2237; baseline -0.001 -15"><span class='ocrx_word' id='word_1_326' title='bbox 437 2168 778 2235; x_wconf 88' lang='lat' dir='ltr'><strong>transitorio,</strong></span> <span class='ocrx_word' id='word_1_327' title='bbox 803 2165 899 2225; x_wconf 88' lang='lat' dir='ltr'><strong>sed</strong></span> <span class='ocrx_word' id='word_1_328' title='bbox 921 2167 1194 2222; x_wconf 89' lang='lat' dir='ltr'><strong>communi</strong></span> <span class='ocrx_word' id='word_1_329' title='bbox 1218 2181 1284 2222; x_wconf 90' lang='lat' dir='ltr'><strong>ac</strong></span> <span class='ocrx_word' id='word_1_330' title='bbox 1305 2166 1485 2223; x_wconf 88' lang='lat' dir='ltr'><strong>stabili</strong></span> <span class='ocrx_word' id='word_1_331' title='bbox 1510 2165 1751 2237; x_wconf 89' lang='lat' dir='ltr'><strong>gaudens</strong></span> <span class='ocrx_word' id='word_1_332' title='bbox 1764 2165 1925 2222; x_wconf 85' lang='lat' dir='ltr'><strong>bono.</strong></span> <span class='ocrx_word' id='word_1_333' title='bbox 1958 2165 2028 2221; x_wconf 85' lang='lat' dir='ltr'><strong>Et</strong></span> 
     </span>
    </p>
   </div>
   <div class='ocr_carea' id='block_1_39' title="bbox 437 2254 2027 2329">
    <p class='ocr_par' dir='ltr' id='par_1_39' title="bbox 437 2254 2027 2329">
     <span class='ocr_line' id='line_1_39' title="bbox 437 2254 2027 2329; baseline -0.003 -12"><span class='ocrx_word' id='word_1_334' title='bbox 437 2256 564 2317; x_wconf 87' lang='lat' dir='ltr'><strong>ideo</strong></span> <span class='ocrx_word' id='word_1_335' title='bbox 588 2257 755 2315; x_wconf 92' lang='lat' dir='ltr'><strong>Paulo</strong></span> <span class='ocrx_word' id='word_1_336' title='bbox 778 2272 888 2321; x_wconf 69' lang='lat' dir='ltr'><strong>non</strong></span> <span class='ocrx_word' id='word_1_337' title='bbox 913 2265 1031 2312; x_wconf 88' lang='lat' dir='ltr'><strong>erat</strong></span> <span class='ocrx_word' id='word_1_338' title='bbox 1054 2256 1141 2319; x_wconf 85' lang='lat' dir='ltr'><strong>lex</strong></span> <span class='ocrx_word' id='word_1_339' title='bbox 1176 2257 1520 2329; x_wconf 89' lang='lat' dir='ltr'><strong>imponenda,</strong></span> <span class='ocrx_word' id='word_1_340' title='bbox 1567 2256 1659 2326; x_wconf 92' lang='lat' dir='ltr'><strong>qui</strong></span> <span class='ocrx_word' id='word_1_341' title='bbox 1691 2257 1821 2313; x_wconf 88' lang='lat' dir='ltr'><strong>dicit</strong></span> <span class='ocrx_word' id='word_1_342' title='bbox 1847 2274 1860 2311; x_wconf 89' lang='lat'><strong>:</strong></span> <span class='ocrx_word' id='word_1_343' title='bbox 1899 2254 2027 2313; x_wconf 85' lang='lat' dir='ltr'><strong>Vivo</strong></span> 
     </span>
    </p>
   </div>
   <div class='ocr_carea' id='block_1_40' title="bbox 438 2342 2026 2421">
    <p class='ocr_par' dir='ltr' id='par_1_40' title="bbox 438 2342 2026 2421">
     <span class='ocr_line' id='line_1_40' title="bbox 438 2342 2026 2421; baseline -0.001 -18"><span class='ocrx_word' id='word_1_344' title='bbox 438 2358 616 2405; x_wconf 85' lang='lat' dir='ltr'><strong>autem</strong></span> <span class='ocrx_word' id='word_1_345' title='bbox 632 2348 754 2421; x_wconf 84' lang='lat' dir='ltr'><strong>jam</strong></span> <span class='ocrx_word' id='word_1_346' title='bbox 781 2363 886 2402; x_wconf 91' lang='lat' dir='ltr'><strong>non</strong></span> <span class='ocrx_word' id='word_1_347' title='bbox 914 2363 1029 2416; x_wconf 85' lang='lat' dir='ltr'><strong>ego,</strong></span> <span class='ocrx_word' id='word_1_348' title='bbox 1061 2347 1185 2405; x_wconf 85' lang='lat' dir='ltr'><strong>vivit</strong></span> <span class='ocrx_word' id='word_1_349' title='bbox 1228 2363 1350 2405; x_wconf 86' lang='lat' dir='ltr'><strong>vero</strong></span> <span class='ocrx_word' id='word_1_350' title='bbox 1380 2347 1436 2403; x_wconf 88' lang='lat' dir='ltr'><strong>in</strong></span> <span class='ocrx_word' id='word_1_351' title='bbox 1476 2362 1559 2401; x_wconf 88' lang='lat' dir='ltr'><strong>me</strong></span> <span class='ocrx_word' id='word_1_352' title='bbox 1589 2342 1848 2402; x_wconf 78' lang='lat' dir='ltr'><strong>Christus.</strong></span> <span class='ocrx_word' id='word_1_353' title='bbox 1893 2346 2026 2415; x_wconf 86' lang='lat' dir='ltr'><strong>Quis</strong></span> 
     </span>
    </p>
   </div>
   <div class='ocr_carea' id='block_1_41' title="bbox 436 2422 2025 2513">
    <p class='ocr_par' dir='ltr' id='par_1_41' title="bbox 436 2422 2025 2513">
     <span class='ocr_line' id='line_1_41' title="bbox 436 2422 2025 2513; baseline -0.001 -19"><span class='ocrx_word' id='word_1_354' title='bbox 436 2453 569 2511; x_wconf 87' lang='lat' dir='ltr'><strong>ergo</strong></span> <span class='ocrx_word' id='word_1_355' title='bbox 608 2438 808 2495; x_wconf 87' lang='lat' dir='ltr'><strong>audeat</strong></span> <span class='ocrx_word' id='word_1_356' title='bbox 849 2435 1067 2493; x_wconf 88' lang='lat' dir='ltr'><strong>Christo</strong></span> <span class='ocrx_word' id='word_1_357' title='bbox 1114 2436 1288 2508; x_wconf 90' lang='lat' dir='ltr'><strong>legem</strong></span> <span class='ocrx_word' id='word_1_358' title='bbox 1330 2437 1630 2509; x_wconf 87' lang='lat' dir='ltr'><strong>imponere,</strong></span> <span class='ocrx_word' id='word_1_359' title='bbox 1668 2436 1763 2513; x_wconf 90' lang='lat' dir='ltr'><strong>qui</strong></span> <span class='ocrx_word' id='word_1_360' title='bbox 1800 2422 1933 2493; x_wconf 86' lang='lat' dir='ltr'><strong>vivit</strong></span> <span class='ocrx_word' id='word_1_361' title='bbox 1968 2438 2025 2493; x_wconf 90' lang='lat' dir='ltr'><strong>in</strong></span> 
     </span>
    </p>
   </div>
   <div class='ocr_carea' id='block_1_42' title="bbox 433 2527 2026 2600">
    <p class='ocr_par' dir='ltr' id='par_1_42' title="bbox 433 2527 2026 2600">
     <span class='ocr_line' id='line_1_42' title="bbox 433 2527 2026 2600; baseline -0.002 -13"><span class='ocrx_word' id='word_1_362' title='bbox 433 2530 637 2587; x_wconf 87' lang='lat' dir='ltr'><strong>Paulo?</strong></span> <span class='ocrx_word' id='word_1_363' title='bbox 650 2529 766 2586; x_wconf 85' lang='lat' dir='ltr'><strong>Non</strong></span> <span class='ocrx_word' id='word_1_364' title='bbox 781 2527 927 2584; x_wconf 91' lang='lat' dir='ltr'><strong>enim</strong></span> <span class='ocrx_word' id='word_1_365' title='bbox 939 2529 1101 2590; x_wconf 89' lang='lat' dir='ltr'><strong>audet</strong></span> <span class='ocrx_word' id='word_1_366' title='bbox 1112 2528 1237 2600; x_wconf 85' lang='lat' dir='ltr'><strong>quis</strong></span> <span class='ocrx_word' id='word_1_367' title='bbox 1251 2529 1453 2597; x_wconf 87' lang='lat' dir='ltr'><strong>dicere,</strong></span> <span class='ocrx_word' id='word_1_368' title='bbox 1466 2527 1740 2584; x_wconf 88' lang='lat' dir='ltr'><strong>Christum</strong></span> <span class='ocrx_word' id='word_1_369' title='bbox 1757 2542 1862 2585; x_wconf 90' lang='lat' dir='ltr'><strong>non</strong></span> <span class='ocrx_word' id='word_1_370' title='bbox 1870 2527 2026 2584; x_wconf 82' lang='lat' dir='ltr'><strong>&#39;recte</strong></span> 
     </span>
    </p>
   </div>
   <div class='ocr_carea' id='block_1_43' title="bbox 435 2617 2023 2694">
    <p class='ocr_par' dir='ltr' id='par_1_43' title="bbox 435 2617 2023 2694">
     <span class='ocr_line' id='line_1_43' title="bbox 435 2617 2023 2694; baseline -0.002 -18"><span class='ocrx_word' id='word_1_371' title='bbox 435 2621 641 2688; x_wconf 86' lang='lat' dir='ltr'><strong>vivere,</strong></span> <span class='ocrx_word' id='word_1_372' title='bbox 676 2627 736 2681; x_wconf 93' lang='lat' dir='ltr'><strong>ut</strong></span> <span class='ocrx_word' id='word_1_373' title='bbox 756 2620 807 2675; x_wconf 90' lang='lat' dir='ltr'><strong>ei</strong></span> <span class='ocrx_word' id='word_1_374' title='bbox 831 2618 1132 2694; x_wconf 80' lang='lat' dir='ltr'><strong>coercendo</strong></span> <span class='ocrx_word' id='word_1_375' title='bbox 1160 2619 1248 2674; x_wconf 87' lang='lat' dir='ltr'><strong>lex</strong></span> <span class='ocrx_word' id='word_1_376' title='bbox 1270 2618 1596 2689; x_wconf 88' lang='lat' dir='ltr'><strong>imponenda</strong></span> <span class='ocrx_word' id='word_1_377' title='bbox 1623 2618 1715 2675; x_wconf 89' lang='lat' dir='ltr'><strong>sit.</strong></span> <span class='ocrx_word' id='word_1_378' title='bbox 1750 2617 2023 2692; x_wconf 83' lang='lat' dir='ltr'><strong>(llieron.)</strong></span> 
     </span>
    </p>
   </div>
   <div class='ocr_carea' id='block_1_44' title="bbox 434 2708 2024 2785">
    <p class='ocr_par' dir='ltr' id='par_1_44' title="bbox 434 2708 2024 2785">
     <span class='ocr_line' id='line_1_44' title="bbox 434 2708 2024 2785; baseline -0.001 -18"><span class='ocrx_word' id='word_1_379' title='bbox 434 2711 596 2773; x_wconf 70' lang='lat' dir='ltr'><strong>Aliud</strong></span> <span class='ocrx_word' id='word_1_380' title='bbox 623 2718 707 2767; x_wconf 91' lang='lat' dir='ltr'><strong>est</strong></span> <span class='ocrx_word' id='word_1_381' title='bbox 742 2725 842 2781; x_wconf 89' lang='lat' dir='ltr'><strong>per</strong></span> <span class='ocrx_word' id='word_1_382' title='bbox 868 2709 1040 2782; x_wconf 83' lang='lat' dir='ltr'><strong>legem</strong></span> <span class='ocrx_word' id='word_1_383' title='bbox 1073 2710 1233 2777; x_wconf 88' lang='lat' dir='ltr'><strong>mori,</strong></span> <span class='ocrx_word' id='word_1_384' title='bbox 1282 2718 1339 2766; x_wconf 91' lang='lat' dir='ltr'><strong>et</strong></span> <span class='ocrx_word' id='word_1_385' title='bbox 1375 2708 1522 2766; x_wconf 90' lang='lat' dir='ltr'><strong>aliud</strong></span> <span class='ocrx_word' id='word_1_386' title='bbox 1551 2709 1655 2785; x_wconf 88' lang='lat' dir='ltr'><strong>legi</strong></span> <span class='ocrx_word' id='word_1_387' title='bbox 1697 2710 1836 2771; x_wconf 80' lang='lat' dir='ltr'><strong>mori</strong></span> <span class='ocrx_word' id='word_1_388' title='bbox 1869 2727 1883 2764; x_wconf 90' lang='lat'><strong>:</strong></span> <span class='ocrx_word' id='word_1_389' title='bbox 1929 2710 2024 2782; x_wconf 90' lang='lat' dir='ltr'><strong>qui</strong></span> 
     </span>
    </p>
   </div>
   <div class='ocr_carea' id='block_1_45' title="bbox 432 2787 2025 2876">
    <p class='ocr_par' dir='ltr' id='par_1_45' title="bbox 432 2787 2025 2876">
     <span class='ocr_line' id='line_1_45' title="bbox 432 2787 2025 2876; baseline -0.001 -18"><span class='ocrx_word' id='word_1_390' title='bbox 432 2801 543 2876; x_wconf 88' lang='lat' dir='ltr'><strong>legi</strong></span> <span class='ocrx_word' id='word_1_391' title='bbox 568 2787 821 2871; x_wconf 83' lang='lat' dir='ltr'><strong>moritur,</strong></span> <span class='ocrx_word' id='word_1_392' title='bbox 850 2801 1066 2857; x_wconf 87' lang='lat' dir='ltr'><strong>vivebat</strong></span> <span class='ocrx_word' id='word_1_393' title='bbox 1090 2801 1140 2856; x_wconf 91' lang='lat' dir='ltr'><strong>ei</strong></span> <span class='ocrx_word' id='word_1_394' title='bbox 1162 2808 1455 2871; x_wconf 89' lang='lat' dir='ltr'><strong>antequam</strong></span> <span class='ocrx_word' id='word_1_395' title='bbox 1488 2807 1811 2867; x_wconf 89' lang='lat' dir='ltr'><strong>moreretur,</strong></span> <span class='ocrx_word' id='word_1_396' title='bbox 1839 2800 2025 2857; x_wconf 87' lang='lat' dir='ltr'><strong>obser-</strong></span> 
     </span>
    </p>
   </div>
   <div class='ocr_carea' id='block_1_46' title="bbox 434 2880 2020 2960">
    <p class='ocr_par' dir='ltr' id='par_1_46' title="bbox 434 2880 2020 2960">
     <span class='ocr_line' id='line_1_46' title="bbox 434 2880 2020 2960; baseline -0.003 -10"><span class='ocrx_word' id='word_1_397' title='bbox 434 2908 572 2950; x_wconf 87' lang='lat' dir='ltr'><strong>vans</strong></span> <span class='ocrx_word' id='word_1_398' title='bbox 596 2893 843 2960; x_wconf 84' lang='lat' dir='ltr'><strong>sabbata,</strong></span> <span class='ocrx_word' id='word_1_399' title='bbox 870 2890 1208 2957; x_wconf 87' lang='lat' dir='ltr'><strong>neomenias,</strong></span> <span class='ocrx_word' id='word_1_400' title='bbox 1235 2900 1291 2947; x_wconf 91' lang='lat' dir='ltr'><strong>et</strong></span> <span class='ocrx_word' id='word_1_401' title='bbox 1322 2880 1449 2954; x_wconf 22' lang='lat' dir='ltr'><strong>&quot;dies,</strong></span> <span class='ocrx_word' id='word_1_402' title='bbox 1472 2889 1665 2956; x_wconf 86' lang='lat' dir='ltr'><strong>festos,</strong></span> <span class='ocrx_word' id='word_1_403' title='bbox 1692 2897 1749 2945; x_wconf 90' lang='lat' dir='ltr'><strong>et</strong></span> <span class='ocrx_word' id='word_1_404' title='bbox 1766 2889 2020 2955; x_wconf 80' lang='lat' dir='ltr'><strong>victima-</strong></span> 
     </span>
    </p>
   </div>
   <div class='ocr_carea' id='block_1_47' title="bbox 433 2982 2021 3063">
    <p class='ocr_par' dir='ltr' id='par_1_47' title="bbox 433 2982 2021 3063">
     <span class='ocr_line' id='line_1_47' title="bbox 433 2982 2021 3063; baseline -0.003 -18"><span class='ocrx_word' id='word_1_405' title='bbox 433 3002 560 3045; x_wconf 87' lang='lat' dir='ltr'><strong>rum</strong></span> <span class='ocrx_word' id='word_1_406' title='bbox 583 2986 821 3063; x_wconf 84' lang='lat' dir='ltr'><strong>typicam</strong></span> <span class='ocrx_word' id='word_1_407' title='bbox 849 2985 1243 3052; x_wconf 85' lang='lat' dir='ltr'><strong>curiositatem,</strong></span> <span class='ocrx_word' id='word_1_408' title='bbox 1289 2992 1346 3041; x_wconf 92' lang='lat' dir='ltr'><strong>et</strong></span> <span class='ocrx_word' id='word_1_409' title='bbox 1395 2984 1608 3051; x_wconf 77' lang='lat' dir='ltr'><strong>tabulas</strong></span> <span class='ocrx_word' id='word_1_410' title='bbox 1647 2982 1922 3053; x_wconf 83' lang='lat' dir='ltr'><strong>Judaicas,</strong></span> <span class='ocrx_word' id='word_1_411' title='bbox 1963 2992 2021 3041; x_wconf 92' lang='lat' dir='ltr'><strong>et</strong></span> 
     </span>
    </p>
   </div>
   <div class='ocr_carea' id='block_1_48' title="bbox 2131 1803 3733 1879">
    <p class='ocr_par' dir='ltr' id='par_1_48' title="bbox 2131 1803 3733 1879">
     <span class='ocr_line' id='line_1_48' title="bbox 2131 1803 3733 1879; baseline 0.004 -24"><span class='ocrx_word' id='word_1_412' title='bbox 2131 1803 2350 1859; x_wconf 81' lang='lat' dir='ltr'><strong>vivebat</strong></span> <span class='ocrx_word' id='word_1_413' title='bbox 2371 1803 2425 1858; x_wconf 90' lang='lat' dir='ltr'><strong>in</strong></span> <span class='ocrx_word' id='word_1_414' title='bbox 2450 1804 2590 1877; x_wconf 85' lang='lat' dir='ltr'><strong>lege,</strong></span> <span class='ocrx_word' id='word_1_415' title='bbox 2612 1804 2812 1879; x_wconf 91' lang='lat' dir='ltr'><strong>quippe</strong></span> <span class='ocrx_word' id='word_1_416' title='bbox 2834 1804 2928 1874; x_wconf 79' lang='lat' dir='ltr'><strong>qui</strong></span> <span class='ocrx_word' id='word_1_417' title='bbox 2955 1806 3381 1877; x_wconf 87' lang='lat' dir='ltr'><strong>persequebatur</strong></span> <span class='ocrx_word' id='word_1_418' title='bbox 3403 1805 3733 1873; x_wconf 78' lang='lat' dir='ltr'><strong>Ecclesium,</strong></span> 
     </span>
    </p>
   </div>
   <div class='ocr_carea' id='block_1_49' title="bbox 2128 1892 3730 1968">
    <p class='ocr_par' dir='ltr' id='par_1_49' title="bbox 2128 1892 3730 1968">
     <span class='ocr_line' id='line_1_49' title="bbox 2128 1892 3730 1968; baseline 0.003 -20"><span class='ocrx_word' id='word_1_419' title='bbox 2128 1892 2266 1953; x_wconf 84' lang='lat' dir='ltr'><strong>vivit</strong></span> <span class='ocrx_word' id='word_1_420' title='bbox 2298 1904 2481 1951; x_wconf 84' lang='lat' dir='ltr'><strong>autem</strong></span> <span class='ocrx_word' id='word_1_421' title='bbox 2509 1895 2563 1950; x_wconf 91' lang='lat' dir='ltr'><strong>in</strong></span> <span class='ocrx_word' id='word_1_422' title='bbox 2593 1909 2661 1950; x_wconf 90' lang='lat' dir='ltr'><strong>eo</strong></span> <span class='ocrx_word' id='word_1_423' title='bbox 2678 1894 2951 1963; x_wconf 82' lang='lat' dir='ltr'><strong>Christus,</strong></span> <span class='ocrx_word' id='word_1_424' title='bbox 2973 1896 3260 1968; x_wconf 85' lang='lat' dir='ltr'><strong>sapientia,</strong></span> <span class='ocrx_word' id='word_1_425' title='bbox 3288 1894 3579 1963; x_wconf 83' lang='lat' dir='ltr'><strong>fortitudo,</strong></span> <span class='ocrx_word' id='word_1_426' title='bbox 3607 1913 3730 1955; x_wconf 85' lang='lat' dir='ltr'><strong>ser-</strong></span> 
     </span>
    </p>
   </div>
   <div class='ocr_carea' id='block_1_50' title="bbox 2128 1978 3737 2060">
    <p class='ocr_par' dir='ltr' id='par_1_50' title="bbox 2128 1978 3737 2060">
     <span class='ocr_line' id='line_1_50' title="bbox 2128 1978 3737 2060; baseline 0.007 -24"><span class='ocrx_word' id='word_1_427' title='bbox 2128 1997 2239 2049; x_wconf 87' lang='lat' dir='ltr'><strong>mo,</strong></span> <span class='ocrx_word' id='word_1_428' title='bbox 2271 1998 2403 2053; x_wconf 80' lang='lat' dir='ltr'><strong>pax,</strong></span> <span class='ocrx_word' id='word_1_429' title='bbox 2425 1985 2700 2057; x_wconf 82' lang='lat' dir='ltr'><strong>gaudium,</strong></span> <span class='ocrx_word' id='word_1_430' title='bbox 2728 1996 3045 2059; x_wconf 64' lang='lat' dir='ltr'><strong>caetera&#39;que</strong></span> <span class='ocrx_word' id='word_1_431' title='bbox 3068 1988 3328 2055; x_wconf 84' lang='lat' dir='ltr'><strong>virtutes;</strong></span> <span class='ocrx_word' id='word_1_432' title='bbox 3356 1978 3597 2060; x_wconf 84' lang='lat' dir='ltr'><strong>quasqui</strong></span> <span class='ocrx_word' id='word_1_433' title='bbox 3622 2007 3737 2048; x_wconf 88' lang='lat' dir='ltr'><strong>non</strong></span> 
     </span>
    </p>
   </div>
   <div class='ocr_carea' id='block_1_51' title="bbox 2128 2072 3723 2156">
    <p class='ocr_par' dir='ltr' id='par_1_51' title="bbox 2128 2072 3723 2156">
     <span class='ocr_line' id='line_1_51' title="bbox 2128 2072 3723 2156; baseline 0.007 -28"><span class='ocrx_word' id='word_1_434' title='bbox 2128 2072 2311 2141; x_wconf 89' lang='lat' dir='ltr'><strong>habet,</strong></span> <span class='ocrx_word' id='word_1_435' title='bbox 2334 2090 2441 2131; x_wconf 90' lang='lat' dir='ltr'><strong>non</strong></span> <span class='ocrx_word' id='word_1_436' title='bbox 2464 2084 2644 2156; x_wconf 85' lang='lat' dir='ltr'><strong>potest</strong></span> <span class='ocrx_word' id='word_1_437' title='bbox 2668 2076 2881 2134; x_wconf 88' lang='lat' dir='ltr'><strong>dicere:</strong></span> <span class='ocrx_word' id='word_1_438' title='bbox 2912 2078 3051 2135; x_wconf 84' lang='lat' dir='ltr'><strong>Vivit</strong></span> <span class='ocrx_word' id='word_1_439' title='bbox 3075 2089 3249 2135; x_wconf 88' lang='lat' dir='ltr'><strong>autem</strong></span> <span class='ocrx_word' id='word_1_440' title='bbox 3269 2079 3325 2135; x_wconf 88' lang='lat' dir='ltr'><strong>in</strong></span> <span class='ocrx_word' id='word_1_441' title='bbox 3352 2097 3434 2136; x_wconf 85' lang='lat' dir='ltr'><strong>me</strong></span> <span class='ocrx_word' id='word_1_442' title='bbox 3456 2080 3723 2139; x_wconf 75' lang='lat' dir='ltr'><strong>Christus.</strong></span> 
     </span>
    </p>
   </div>
   <div class='ocr_carea' id='block_1_52' title="bbox 2128 2161 3723 2239">
    <p class='ocr_par' dir='ltr' id='par_1_52' title="bbox 2128 2161 3723 2239">
     <span class='ocr_line' id='line_1_52' title="bbox 2128 2161 3723 2239; baseline 0.006 -21"><span class='ocrx_word' id='word_1_443' title='bbox 2128 2161 2244 2221; x_wconf 87' lang='lat' dir='ltr'><strong>lloc</strong></span> <span class='ocrx_word' id='word_1_444' title='bbox 2280 2171 2459 2220; x_wconf 89' lang='lat' dir='ltr'><strong>autem</strong></span> <span class='ocrx_word' id='word_1_445' title='bbox 2491 2173 2662 2222; x_wconf 88' lang='lat' dir='ltr'><strong>totum</strong></span> <span class='ocrx_word' id='word_1_446' title='bbox 2687 2168 2790 2223; x_wconf 90' lang='lat' dir='ltr'><strong>sub</strong></span> <span class='ocrx_word' id='word_1_447' title='bbox 2816 2183 2915 2223; x_wconf 89' lang='lat' dir='ltr'><strong>sua</strong></span> <span class='ocrx_word' id='word_1_448' title='bbox 2947 2183 3182 2239; x_wconf 87' lang='lat' dir='ltr'><strong>persona</strong></span> <span class='ocrx_word' id='word_1_449' title='bbox 3209 2170 3470 2227; x_wconf 86' lang='lat' dir='ltr'><strong>adversus</strong></span> <span class='ocrx_word' id='word_1_450' title='bbox 3494 2169 3723 2229; x_wconf 79' lang='lat' dir='ltr'><strong>Petrum</strong></span> 
     </span>
    </p>
   </div>
   <div class='ocr_carea' id='block_1_53' title="bbox 2128 2253 3723 2333">
    <p class='ocr_par' dir='ltr' id='par_1_53' title="bbox 2128 2253 3723 2333">
     <span class='ocr_line' id='line_1_53' title="bbox 2128 2253 3723 2333; baseline 0.005 -24"><span class='ocrx_word' id='word_1_451' title='bbox 2128 2253 2199 2309; x_wconf 92' lang='lat' dir='ltr'><strong>de</strong></span> <span class='ocrx_word' id='word_1_452' title='bbox 2229 2253 2393 2312; x_wconf 87' lang='lat' dir='ltr'><strong>Petro</strong></span> <span class='ocrx_word' id='word_1_453' title='bbox 2444 2255 2705 2327; x_wconf 87' lang='lat' dir='ltr'><strong>disputat.</strong></span> <span class='ocrx_word' id='word_1_454' title='bbox 2754 2255 2939 2331; x_wconf 87' lang='lat' dir='ltr'><strong>(Aug.)</strong></span> <span class='ocrx_word' id='word_1_455' title='bbox 2968 2258 3110 2315; x_wconf 84' lang='lat' dir='ltr'><strong>Audi</strong></span> <span class='ocrx_word' id='word_1_456' title='bbox 3140 2260 3444 2333; x_wconf 84' lang='lat' dir='ltr'><strong>apostolum</strong></span> <span class='ocrx_word' id='word_1_457' title='bbox 3487 2261 3723 2331; x_wconf 77' lang='lat' dir='ltr'><strong>Paulum</strong></span> 
     </span>
    </p>
   </div>
   <div class='ocr_carea' id='block_1_54' title="bbox 2129 2346 3729 2422">
    <p class='ocr_par' dir='ltr' id='par_1_54' title="bbox 2129 2346 3729 2422">
     <span class='ocr_line' id='line_1_54' title="bbox 2129 2346 3729 2422; baseline 0.003 -17"><span class='ocrx_word' id='word_1_458' title='bbox 2129 2354 2423 2416; x_wconf 80' lang='lat' dir='ltr'><strong>negantem</strong></span> <span class='ocrx_word' id='word_1_459' title='bbox 2458 2362 2543 2415; x_wconf 91' lang='lat' dir='ltr'><strong>se,</strong></span> <span class='ocrx_word' id='word_1_460' title='bbox 2581 2346 2737 2415; x_wconf 80' lang='lat' dir='ltr'><strong>Mihi,</strong></span> <span class='ocrx_word' id='word_1_461' title='bbox 2780 2349 2977 2421; x_wconf 86' lang='lat' dir='ltr'><strong>inquit,</strong></span> <span class='ocrx_word' id='word_1_462' title='bbox 3021 2350 3252 2407; x_wconf 80' lang='lat' dir='ltr'><strong>mundus</strong></span> <span class='ocrx_word' id='word_1_463' title='bbox 3291 2351 3576 2422; x_wconf 67' lang='lat' dir='ltr'><strong>cruciﬁxus</strong></span> <span class='ocrx_word' id='word_1_464' title='bbox 3625 2363 3729 2421; x_wconf 77' lang='lat' dir='ltr'><strong>est,</strong></span> 
     </span>
    </p>
   </div>
   <div class='ocr_carea' id='block_1_55' title="bbox 2124 2439 3729 2517">
    <p class='ocr_par' dir='ltr' id='par_1_55' title="bbox 2124 2439 3729 2517">
     <span class='ocr_line' id='line_1_55' title="bbox 2124 2439 3729 2517; baseline 0.007 -24"><span class='ocrx_word' id='word_1_465' title='bbox 2124 2448 2180 2494; x_wconf 80' lang='lat' dir='ltr'><strong>et</strong></span> <span class='ocrx_word' id='word_1_466' title='bbox 2217 2455 2313 2511; x_wconf 84' lang='lat' dir='ltr'><strong>ego</strong></span> <span class='ocrx_word' id='word_1_467' title='bbox 2349 2439 2568 2497; x_wconf 77' lang='lat' dir='ltr'><strong>mundo.</strong></span> <span class='ocrx_word' id='word_1_468' title='bbox 2617 2440 2759 2497; x_wconf 82' lang='lat' dir='ltr'><strong>Audi</strong></span> <span class='ocrx_word' id='word_1_469' title='bbox 2787 2443 2968 2499; x_wconf 83' lang='lat' dir='ltr'><strong>adhuc</strong></span> <span class='ocrx_word' id='word_1_470' title='bbox 2991 2450 3282 2517; x_wconf 86' lang='lat' dir='ltr'><strong>negantem</strong></span> <span class='ocrx_word' id='word_1_471' title='bbox 3327 2459 3411 2511; x_wconf 88' lang='lat' dir='ltr'><strong>se,</strong></span> <span class='ocrx_word' id='word_1_472' title='bbox 3457 2442 3601 2512; x_wconf 82' lang='lat' dir='ltr'><strong>Vivo,</strong></span> <span class='ocrx_word' id='word_1_473' title='bbox 3642 2446 3729 2505; x_wconf 90' lang='lat' dir='ltr'><strong>in-</strong></span> 
     </span>
    </p>
   </div>
   <div class='ocr_carea' id='block_1_56' title="bbox 2126 2529 3730 2606">
    <p class='ocr_par' dir='ltr' id='par_1_56' title="bbox 2126 2529 3730 2606">
     <span class='ocr_line' id='line_1_56' title="bbox 2126 2529 3730 2606; baseline 0.006 -22"><span class='ocrx_word' id='word_1_474' title='bbox 2126 2529 2266 2605; x_wconf 87' lang='lat' dir='ltr'><strong>quit,</strong></span> <span class='ocrx_word' id='word_1_475' title='bbox 2290 2547 2396 2588; x_wconf 88' lang='lat' dir='ltr'><strong>non</strong></span> <span class='ocrx_word' id='word_1_476' title='bbox 2436 2547 2530 2603; x_wconf 85' lang='lat' dir='ltr'><strong>ego</strong></span> <span class='ocrx_word' id='word_1_477' title='bbox 2552 2546 2571 2585; x_wconf 90' lang='lat'><em>:</em></span> <span class='ocrx_word' id='word_1_478' title='bbox 2594 2532 2718 2588; x_wconf 88' lang='lat' dir='ltr'><strong>vivo</strong></span> <span class='ocrx_word' id='word_1_479' title='bbox 2746 2548 2852 2599; x_wconf 84' lang='lat' dir='ltr'><strong>non</strong></span> <span class='ocrx_word' id='word_1_480' title='bbox 2878 2548 3003 2606; x_wconf 88' lang='lat' dir='ltr'><strong>ego,</strong></span> <span class='ocrx_word' id='word_1_481' title='bbox 3039 2542 3225 2606; x_wconf 87' lang='lat' dir='ltr'><strong>aperta</strong></span> <span class='ocrx_word' id='word_1_482' title='bbox 3254 2534 3340 2591; x_wconf 92' lang='lat' dir='ltr'><strong>sui</strong></span> <span class='ocrx_word' id='word_1_483' title='bbox 3359 2535 3598 2606; x_wconf 88' lang='lat' dir='ltr'><strong>negatio.</strong></span> <span class='ocrx_word' id='word_1_484' title='bbox 3618 2536 3730 2593; x_wconf 79' lang='lat' dir='ltr'><strong>Sed</strong></span> 
     </span>
    </p>
   </div>
   <div class='ocr_carea' id='block_1_57' title="bbox 2120 2610 3724 2702">
    <p class='ocr_par' dir='ltr' id='par_1_57' title="bbox 2120 2610 3724 2702">
     <span class='ocr_line' id='line_1_57' title="bbox 2120 2610 3724 2702; baseline 0.004 -26"><span class='ocrx_word' id='word_1_485' title='bbox 2120 2618 2237 2695; x_wconf 77' lang='lat' dir='ltr'><strong>jam</strong></span> <span class='ocrx_word' id='word_1_486' title='bbox 2256 2621 2504 2702; x_wconf 71' lang='lat' dir='ltr'><strong>sequitur</strong></span> <span class='ocrx_word' id='word_1_487' title='bbox 2529 2621 2761 2693; x_wconf 86' lang='lat' dir='ltr'><strong>gloriosa</strong></span> <span class='ocrx_word' id='word_1_488' title='bbox 2794 2622 2998 2679; x_wconf 88' lang='lat' dir='ltr'><strong>Christi</strong></span> <span class='ocrx_word' id='word_1_489' title='bbox 3024 2610 3316 2692; x_wconf 78' lang='lat' dir='ltr'><strong>confessio,</strong></span> <span class='ocrx_word' id='word_1_490' title='bbox 3346 2625 3468 2681; x_wconf 80' lang='lat' dir='ltr'><strong>vivit</strong></span> <span class='ocrx_word' id='word_1_491' title='bbox 3519 2640 3644 2682; x_wconf 86' lang='lat' dir='ltr'><strong>vero</strong></span> <span class='ocrx_word' id='word_1_492' title='bbox 3666 2628 3724 2682; x_wconf 85' lang='lat' dir='ltr'><strong>in</strong></span> 
     </span>
    </p>
   </div>
   <div class='ocr_carea' id='block_1_58' title="bbox 2122 2711 3727 2789">
    <p class='ocr_par' dir='ltr' id='par_1_58' title="bbox 2122 2711 3727 2789">
     <span class='ocr_line' id='line_1_58' title="bbox 2122 2711 3727 2789; baseline 0.004 -22"><span class='ocrx_word' id='word_1_493' title='bbox 2122 2727 2208 2771; x_wconf 81' lang='lat' dir='ltr'><strong>me</strong></span> <span class='ocrx_word' id='word_1_494' title='bbox 2248 2711 2513 2779; x_wconf 81' lang='lat' dir='ltr'><strong>Christus.</strong></span> <span class='ocrx_word' id='word_1_495' title='bbox 2553 2711 2696 2781; x_wconf 84' lang='lat' dir='ltr'><strong>Quid</strong></span> <span class='ocrx_word' id='word_1_496' title='bbox 2722 2719 2808 2769; x_wconf 89' lang='lat' dir='ltr'><strong>est</strong></span> <span class='ocrx_word' id='word_1_497' title='bbox 2855 2728 2988 2785; x_wconf 89' lang='lat' dir='ltr'><strong>ergo</strong></span> <span class='ocrx_word' id='word_1_498' title='bbox 3014 2730 3153 2787; x_wconf 85' lang='lat' dir='ltr'><strong>nega</strong></span> <span class='ocrx_word' id='word_1_499' title='bbox 3192 2715 3294 2773; x_wconf 80' lang='lat' dir='ltr'><strong>te?</strong></span> <span class='ocrx_word' id='word_1_500' title='bbox 3338 2715 3452 2771; x_wconf 91' lang='lat' dir='ltr'><strong>noli</strong></span> <span class='ocrx_word' id='word_1_501' title='bbox 3499 2724 3560 2772; x_wconf 87' lang='lat' dir='ltr'><strong>tu</strong></span> <span class='ocrx_word' id='word_1_502' title='bbox 3606 2718 3727 2789; x_wconf 86' lang='lat' dir='ltr'><strong>ipse</strong></span> 
     </span>
    </p>
   </div>
   <div class='ocr_carea' id='block_1_59' title="bbox 2126 2801 3723 2877">
    <p class='ocr_par' dir='ltr' id='par_1_59' title="bbox 2126 2801 3723 2877">
     <span class='ocr_line' id='line_1_59' title="bbox 2126 2801 3723 2877; baseline 0.005 -21"><span class='ocrx_word' id='word_1_503' title='bbox 2126 2801 2311 2861; x_wconf 88' lang='lat' dir='ltr'><strong>vivere</strong></span> <span class='ocrx_word' id='word_1_504' title='bbox 2360 2802 2417 2867; x_wconf 86' lang='lat' dir='ltr'><strong>in</strong></span> <span class='ocrx_word' id='word_1_505' title='bbox 2466 2810 2538 2857; x_wconf 91' lang='lat' dir='ltr'><strong>te.</strong></span> <span class='ocrx_word' id='word_1_506' title='bbox 2590 2801 2729 2871; x_wconf 86' lang='lat' dir='ltr'><strong>Quid</strong></span> <span class='ocrx_word' id='word_1_507' title='bbox 2760 2811 2866 2871; x_wconf 90' lang='lat' dir='ltr'><strong>est,</strong></span> <span class='ocrx_word' id='word_1_508' title='bbox 2896 2804 3010 2860; x_wconf 90' lang='lat' dir='ltr'><strong>noli</strong></span> <span class='ocrx_word' id='word_1_509' title='bbox 3051 2813 3111 2861; x_wconf 87' lang='lat' dir='ltr'><strong>tu</strong></span> <span class='ocrx_word' id='word_1_510' title='bbox 3155 2804 3271 2877; x_wconf 90' lang='lat' dir='ltr'><strong>ipse</strong></span> <span class='ocrx_word' id='word_1_511' title='bbox 3306 2806 3491 2862; x_wconf 88' lang='lat' dir='ltr'><strong>vivere</strong></span> <span class='ocrx_word' id='word_1_512' title='bbox 3514 2807 3573 2861; x_wconf 92' lang='lat' dir='ltr'><strong>in</strong></span> <span class='ocrx_word' id='word_1_513' title='bbox 3614 2809 3723 2864; x_wconf 81' lang='lat' dir='ltr'><strong>te?</strong></span> 
     </span>
    </p>
   </div>
   <div class='ocr_carea' id='block_1_60' title="bbox 2125 2893 3719 2970">
    <p class='ocr_par' dir='ltr' id='par_1_60' title="bbox 2125 2893 3719 2970">
     <span class='ocr_line' id='line_1_60' title="bbox 2125 2893 3719 2970; baseline 0.002 -19"><span class='ocrx_word' id='word_1_514' title='bbox 2125 2893 2237 2951; x_wconf 90' lang='lat' dir='ltr'><strong>noli</strong></span> <span class='ocrx_word' id='word_1_515' title='bbox 2248 2893 2429 2951; x_wconf 82' lang='lat' dir='ltr'><strong>facere</strong></span> <span class='ocrx_word' id='word_1_516' title='bbox 2443 2894 2777 2951; x_wconf 86' lang='lat' dir='ltr'><strong>voluntatem</strong></span> <span class='ocrx_word' id='word_1_517' title='bbox 2792 2903 2961 2964; x_wconf 85' lang='lat' dir='ltr'><strong>tuam,</strong></span> <span class='ocrx_word' id='word_1_518' title='bbox 2976 2896 3073 2954; x_wconf 89' lang='lat' dir='ltr'><strong>sed</strong></span> <span class='ocrx_word' id='word_1_519' title='bbox 3084 2897 3331 2970; x_wconf 85' lang='lat' dir='ltr'><strong>illiusqui</strong></span> <span class='ocrx_word' id='word_1_520' title='bbox 3348 2898 3555 2955; x_wconf 86' lang='lat' dir='ltr'><strong>habitat</strong></span> <span class='ocrx_word' id='word_1_521' title='bbox 3566 2899 3623 2955; x_wconf 91' lang='lat' dir='ltr'><strong>in</strong></span> <span class='ocrx_word' id='word_1_522' title='bbox 3645 2909 3719 2956; x_wconf 88' lang='lat' dir='ltr'><strong>te.</strong></span> 
     </span>
    </p>
   </div>
   <div class='ocr_carea' id='block_1_61' title="bbox 2201 2985 3723 3062">
    <p class='ocr_par' dir='ltr' id='par_1_61' title="bbox 2201 2985 3723 3062">
     <span class='ocr_line' id='line_1_61' title="bbox 2201 2985 3723 3062; baseline 0.001 -18"><span class='ocrx_word' id='word_1_523' title='bbox 2201 2985 2356 3055; x_wconf 80' lang='lat' dir='ltr'><strong>Quod</strong></span> <span class='ocrx_word' id='word_1_524' title='bbox 2390 2995 2570 3043; x_wconf 81' lang='lat' dir='ltr'><strong>autem</strong></span> <span class='ocrx_word' id='word_1_525' title='bbox 2610 3003 2749 3050; x_wconf 82' lang='lat' dir='ltr'><strong>nunc</strong></span> <span class='ocrx_word' id='word_1_526' title='bbox 2800 2989 2912 3045; x_wconf 84' lang='lat' dir='ltr'><strong>vivo</strong></span> <span class='ocrx_word' id='word_1_527' title='bbox 2957 2990 3012 3043; x_wconf 87' lang='lat' dir='ltr'><strong>in</strong></span> <span class='ocrx_word' id='word_1_528' title='bbox 3034 3006 3216 3056; x_wconf 87' lang='lat' dir='ltr'><strong>carne,</strong></span> <span class='ocrx_word' id='word_1_529' title='bbox 3248 2990 3306 3044; x_wconf 90' lang='lat' dir='ltr'><strong>in</strong></span> <span class='ocrx_word' id='word_1_530' title='bbox 3326 2989 3433 3062; x_wconf 70' lang='lat' dir='ltr'><strong>ﬁde</strong></span> <span class='ocrx_word' id='word_1_531' title='bbox 3452 2991 3562 3046; x_wconf 82' lang='lat' dir='ltr'><strong>vivo</strong></span> <span class='ocrx_word' id='word_1_532' title='bbox 3584 2989 3723 3054; x_wconf 68' lang='lat' dir='ltr'><strong>Filii</strong></span> 
     </span>
    </p>
   </div>
   <div class='ocr_carea' id='block_1_62' title="bbox 430 3049 3715 3154">
    <p class='ocr_par' dir='ltr' id='par_1_62' title="bbox 430 3049 3715 3154">
     <span class='ocr_line' id='line_1_62' title="bbox 430 3049 3715 3154; baseline 0.001 -19"><span class='ocrx_word' id='word_1_533' title='bbox 430 3049 800 3152; x_wconf 72' lang='lat' dir='ltr'><strong>genealogias;</strong></span> <span class='ocrx_word' id='word_1_534' title='bbox 838 3085 1127 3149; x_wconf 87' lang='lat' dir='ltr'><strong>postquam</strong></span> <span class='ocrx_word' id='word_1_535' title='bbox 1150 3049 1333 3135; x_wconf 78' lang='lat' dir='ltr'><strong>autem</strong></span> <span class='ocrx_word' id='word_1_536' title='bbox 1357 3049 1507 3133; x_wconf 88' lang='lat' dir='ltr'><strong>venit</strong></span> <span class='ocrx_word' id='word_1_537' title='bbox 1528 3076 1794 3143; x_wconf 87' lang='lat' dir='ltr'><strong>Christus,</strong></span> <span class='ocrx_word' id='word_1_538' title='bbox 1827 3086 1883 3134; x_wconf 91' lang='lat' dir='ltr'><strong>et</strong></span> <span class='ocrx_word' id='word_1_539' title='bbox 1906 3049 2016 3134; x_wconf 9' lang='lat' dir='ltr'><strong>ilex</strong></span> <span class='ocrx_word' id='word_1_540' title='bbox 2044 3049 2093 3114; x_wconf 59' lang='grc' dir='ltr'><strong>(ἶ</strong></span> <span class='ocrx_word' id='word_1_541' title='bbox 2122 3049 2247 3147; x_wconf 67' lang='lat' dir='ltr'><strong>Dei,</strong></span> <span class='ocrx_word' id='word_1_542' title='bbox 2284 3049 2376 3149; x_wconf 85' lang='lat' dir='ltr'><strong>qui</strong></span> <span class='ocrx_word' id='word_1_543' title='bbox 2418 3078 2601 3136; x_wconf 67' lang='lat' dir='ltr'><strong>dilexit</strong></span> <span class='ocrx_word' id='word_1_544' title='bbox 2641 3097 2743 3149; x_wconf 84' lang='lat' dir='ltr'><strong>me,</strong></span> <span class='ocrx_word' id='word_1_545' title='bbox 2790 3091 2841 3137; x_wconf 83' lang='lat' dir='ltr'><strong>et</strong></span> <span class='ocrx_word' id='word_1_546' title='bbox 2875 3081 3098 3139; x_wconf 84' lang='lat' dir='ltr'><strong>tradidit</strong></span> <span class='ocrx_word' id='word_1_547' title='bbox 3129 3049 3463 3154; x_wconf 72' lang='lat' dir='ltr'><strong>semetipsum</strong></span> <span class='ocrx_word' id='word_1_548' title='bbox 3488 3099 3587 3154; x_wconf 85' lang='lat' dir='ltr'><strong>pro</strong></span> <span class='ocrx_word' id='word_1_549' title='bbox 3609 3049 3715 3138; x_wconf 56' lang='lat' dir='ltr'><strong>me:</strong></span> 
     </span>
    </p>
   </div>
   <div class='ocr_carea' id='block_1_63' title="bbox 431 3170 2019 3244">
    <p class='ocr_par' dir='ltr' id='par_1_63' title="bbox 431 3170 2019 3244">
     <span class='ocr_line' id='line_1_63' title="bbox 431 3170 2019 3244; baseline -0.001 -16"><span class='ocrx_word' id='word_1_550' title='bbox 431 3171 502 3229; x_wconf 91' lang='lat' dir='ltr'><strong>de</strong></span> <span class='ocrx_word' id='word_1_551' title='bbox 536 3187 645 3244; x_wconf 90' lang='lat' dir='ltr'><strong>qua</strong></span> <span class='ocrx_word' id='word_1_552' title='bbox 672 3172 935 3243; x_wconf 88' lang='lat' dir='ltr'><strong>scriptum</strong></span> <span class='ocrx_word' id='word_1_553' title='bbox 962 3179 1049 3229; x_wconf 90' lang='lat' dir='ltr'><strong>est</strong></span> <span class='ocrx_word' id='word_1_554' title='bbox 1075 3189 1089 3226; x_wconf 88' lang='lat'><strong>:</strong></span> <span class='ocrx_word' id='word_1_555' title='bbox 1119 3170 1327 3228; x_wconf 86' lang='lat' dir='ltr'><strong>Scimus</strong></span> <span class='ocrx_word' id='word_1_556' title='bbox 1366 3180 1541 3227; x_wconf 87' lang='lat' dir='ltr'><strong>autem</strong></span> <span class='ocrx_word' id='word_1_557' title='bbox 1572 3170 1697 3243; x_wconf 89' lang='lat' dir='ltr'><strong>quia</strong></span> <span class='ocrx_word' id='word_1_558' title='bbox 1736 3170 1822 3226; x_wconf 73' lang='lat' dir='ltr'><strong>lea:</strong></span> <span class='ocrx_word' id='word_1_559' title='bbox 1864 3170 2019 3243; x_wconf 79' lang='lat' dir='ltr'><strong>spiri-</strong></span> 
     </span>
    </p>
   </div>
   <div class='ocr_carea' id='block_1_64' title="bbox 432 3261 2020 3336">
    <p class='ocr_par' dir='ltr' id='par_1_64' title="bbox 432 3261 2020 3336">
     <span class='ocr_line' id='line_1_64' title="bbox 432 3261 2020 3336; baseline -0.003 -15"><span class='ocrx_word' id='word_1_560' title='bbox 432 3263 556 3321; x_wconf 80' lang='lat' dir='ltr'><strong>talis</strong></span> <span class='ocrx_word' id='word_1_561' title='bbox 602 3273 679 3323; x_wconf 85' lang='lat' dir='ltr'><strong>est</strong></span> <span class='ocrx_word' id='word_1_562' title='bbox 720 3262 900 3336; x_wconf 85' lang='lat' dir='ltr'><strong>(Rom.</strong></span> <span class='ocrx_word' id='word_1_563' title='bbox 941 3262 1061 3336; x_wconf 82' lang='lat' dir='ltr'><strong>vn),</strong></span> <span class='ocrx_word' id='word_1_564' title='bbox 1114 3266 1213 3334; x_wconf 89' lang='lat' dir='ltr'><strong>pe&#39;r</strong></span> <span class='ocrx_word' id='word_1_565' title='bbox 1253 3262 1633 3334; x_wconf 87' lang='lat' dir='ltr'><strong>Evangelicam</strong></span> <span class='ocrx_word' id='word_1_566' title='bbox 1668 3261 1867 3333; x_wconf 89' lang='lat' dir='ltr'><strong>legem,</strong></span> <span class='ocrx_word' id='word_1_567' title='bbox 1914 3261 2020 3335; x_wconf 90' lang='lat' dir='ltr'><strong>legi</strong></span> 
     </span>
    </p>
   </div>
   <div class='ocr_carea' id='block_1_65' title="bbox 430 3353 2023 3425">
    <p class='ocr_par' dir='ltr' id='par_1_65' title="bbox 430 3353 2023 3425">
     <span class='ocr_line' id='line_1_65' title="bbox 430 3353 2023 3425; baseline 0.001 -17"><span class='ocrx_word' id='word_1_568' title='bbox 430 3353 674 3425; x_wconf 68' lang='lat' dir='ltr'><strong>pristina:</strong></span> <span class='ocrx_word' id='word_1_569' title='bbox 712 3361 960 3413; x_wconf 87' lang='lat' dir='ltr'><strong>mortuus</strong></span> <span class='ocrx_word' id='word_1_570' title='bbox 1017 3360 1121 3420; x_wconf 91' lang='lat' dir='ltr'><strong>est,</strong></span> <span class='ocrx_word' id='word_1_571' title='bbox 1163 3362 1220 3409; x_wconf 92' lang='lat' dir='ltr'><strong>et</strong></span> <span class='ocrx_word' id='word_1_572' title='bbox 1258 3353 1439 3423; x_wconf 85' lang='lat' dir='ltr'><strong>anima</strong></span> <span class='ocrx_word' id='word_1_573' title='bbox 1460 3368 1581 3424; x_wconf 71' lang='lat' dir='ltr'><strong>qua:</strong></span> <span class='ocrx_word' id='word_1_574' title='bbox 1622 3354 1920 3413; x_wconf 87' lang='lat' dir='ltr'><strong>secundum</strong></span> <span class='ocrx_word' id='word_1_575' title='bbox 1965 3353 2023 3411; x_wconf 91' lang='lat' dir='ltr'><strong>id</strong></span> 
     </span>
    </p>
   </div>
   <div class='ocr_carea' id='block_1_66' title="bbox 432 3442 2017 3516">
    <p class='ocr_par' dir='ltr' id='par_1_66' title="bbox 432 3442 2017 3516">
     <span class='ocr_line' id='line_1_66' title="bbox 432 3442 2017 3516; baseline 0.001 -17"><span class='ocrx_word' id='word_1_576' title='bbox 432 3444 578 3515; x_wconf 90' lang='lat' dir='ltr'><strong>quod</strong></span> <span class='ocrx_word' id='word_1_577' title='bbox 597 3443 854 3507; x_wconf 85' lang='lat' dir='ltr'><strong>scribitur</strong></span> <span class='ocrx_word' id='word_1_578' title='bbox 877 3445 946 3500; x_wconf 92' lang='lat' dir='ltr'><strong>ad</strong></span> <span class='ocrx_word' id='word_1_579' title='bbox 966 3443 1274 3501; x_wconf 82' lang='lat' dir='ltr'><strong>Romanos:</strong></span> <span class='ocrx_word' id='word_1_580' title='bbox 1308 3442 1434 3500; x_wconf 85' lang='lat' dir='ltr'><strong>Viro</strong></span> <span class='ocrx_word' id='word_1_581' title='bbox 1448 3445 1640 3500; x_wconf 83' lang='lat' dir='ltr'><strong>vivente</strong></span> <span class='ocrx_word' id='word_1_582' title='bbox 1672 3445 1718 3500; x_wconf 86' lang='lat' dir='ltr'><strong>si</strong></span> <span class='ocrx_word' id='word_1_583' title='bbox 1736 3445 2017 3516; x_wconf 82' lang='lat' dir='ltr'><strong>nupsisset,</strong></span> 
     </span>
    </p>
   </div>
   <div class='ocr_carea' id='block_1_67' title="bbox 431 3533 2014 3609">
    <p class='ocr_par' dir='ltr' id='par_1_67' title="bbox 431 3533 2014 3609">
     <span class='ocr_line' id='line_1_67' title="bbox 431 3533 2014 3609; baseline 0.003 -21"><span class='ocrx_word' id='word_1_584' title='bbox 431 3533 678 3589; x_wconf 86' lang='lat' dir='ltr'><strong>adultera</strong></span> <span class='ocrx_word' id='word_1_585' title='bbox 719 3535 1005 3591; x_wconf 87' lang='lat' dir='ltr'><strong>vocabatur</strong></span> <span class='ocrx_word' id='word_1_586' title='bbox 1035 3535 1249 3609; x_wconf 87' lang='lat' dir='ltr'><strong>(Ibid.),</strong></span> <span class='ocrx_word' id='word_1_587' title='bbox 1271 3544 1485 3593; x_wconf 90' lang='lat' dir='ltr'><strong>mortuo</strong></span> <span class='ocrx_word' id='word_1_588' title='bbox 1512 3537 1633 3592; x_wconf 91' lang='lat' dir='ltr'><strong>viro</strong></span> <span class='ocrx_word' id='word_1_589' title='bbox 1660 3552 1780 3603; x_wconf 88' lang='lat' dir='ltr'><strong>suo,</strong></span> <span class='ocrx_word' id='word_1_590' title='bbox 1820 3536 1875 3592; x_wconf 91' lang='lat' dir='ltr'><strong>id</strong></span> <span class='ocrx_word' id='word_1_591' title='bbox 1908 3544 2014 3604; x_wconf 86' lang='lat' dir='ltr'><strong>est,</strong></span> 
     </span>
    </p>
   </div>
   <div class='ocr_carea' id='block_1_68' title="bbox 428 3624 2016 3703">
    <p class='ocr_par' dir='ltr' id='par_1_68' title="bbox 428 3624 2016 3703">
     <span class='ocr_line' id='line_1_68' title="bbox 428 3624 2016 3703; baseline 0.003 -23"><span class='ocrx_word' id='word_1_592' title='bbox 428 3624 553 3697; x_wconf 89' lang='lat' dir='ltr'><strong>lege</strong></span> <span class='ocrx_word' id='word_1_593' title='bbox 612 3625 803 3691; x_wconf 91' lang='lat' dir='ltr'><strong>veteri,</strong></span> <span class='ocrx_word' id='word_1_594' title='bbox 854 3626 1039 3697; x_wconf 89' lang='lat' dir='ltr'><strong>nupsit</strong></span> <span class='ocrx_word' id='word_1_595' title='bbox 1080 3626 1185 3703; x_wconf 85' lang='lat' dir='ltr'><strong>legi</strong></span> <span class='ocrx_word' id='word_1_596' title='bbox 1248 3627 1503 3699; x_wconf 87' lang='lat' dir='ltr'><strong>spiritali,</strong></span> <span class='ocrx_word' id='word_1_597' title='bbox 1554 3634 1615 3683; x_wconf 90' lang='lat' dir='ltr'><strong>ut</strong></span> <span class='ocrx_word' id='word_1_598' title='bbox 1661 3625 2016 3684; x_wconf 80' lang='lat' dir='ltr'><strong>fructiﬁcaret</strong></span> 
     </span>
    </p>
   </div>
   <div class='ocr_carea' id='block_1_69' title="bbox 429 3714 2019 3789">
    <p class='ocr_par' dir='ltr' id='par_1_69' title="bbox 429 3714 2019 3789">
     <span class='ocr_line' id='line_1_69' title="bbox 429 3714 2019 3789; baseline 0.001 -17"><span class='ocrx_word' id='word_1_599' title='bbox 429 3716 565 3784; x_wconf 89' lang='lat' dir='ltr'><strong>Deo,</strong></span> <span class='ocrx_word' id='word_1_600' title='bbox 601 3717 745 3772; x_wconf 90' lang='lat' dir='ltr'><strong>unde</strong></span> <span class='ocrx_word' id='word_1_601' title='bbox 781 3716 837 3779; x_wconf 89' lang='lat' dir='ltr'><strong>in</strong></span> <span class='ocrx_word' id='word_1_602' title='bbox 862 3714 1003 3775; x_wconf 87' lang='lat' dir='ltr'><strong>Osee</strong></span> <span class='ocrx_word' id='word_1_603' title='bbox 1040 3718 1109 3775; x_wconf 89' lang='lat' dir='ltr'><strong>ad</strong></span> <span class='ocrx_word' id='word_1_604' title='bbox 1150 3732 1276 3775; x_wconf 83' lang='lat' dir='ltr'><strong>eam</strong></span> <span class='ocrx_word' id='word_1_605' title='bbox 1309 3717 1543 3775; x_wconf 89' lang='lat' dir='ltr'><strong>dicitur:</strong></span> <span class='ocrx_word' id='word_1_606' title='bbox 1572 3718 1658 3773; x_wconf 78' lang='lat' dir='ltr'><strong>Ea:</strong></span> <span class='ocrx_word' id='word_1_607' title='bbox 1698 3733 1781 3773; x_wconf 89' lang='lat' dir='ltr'><strong>me</strong></span> <span class='ocrx_word' id='word_1_608' title='bbox 1817 3718 2019 3789; x_wconf 83' lang='lat' dir='ltr'><strong>fructus</strong></span> 
     </span>
    </p>
   </div>
   <div class='ocr_carea' id='block_1_70' title="bbox 434 3807 2020 3881">
    <p class='ocr_par' dir='ltr' id='par_1_70' title="bbox 434 3807 2020 3881">
     <span class='ocr_line' id='line_1_70' title="bbox 434 3807 2020 3881; baseline 0.001 -19"><span class='ocrx_word' id='word_1_609' title='bbox 434 3817 559 3863; x_wconf 88' lang='lat' dir='ltr'><strong>tuus</strong></span> <span class='ocrx_word' id='word_1_610' title='bbox 580 3809 819 3871; x_wconf 84' lang='lat' dir='ltr'><strong>inventus</strong></span> <span class='ocrx_word' id='word_1_611' title='bbox 850 3817 925 3867; x_wconf 84' lang='lat' dir='ltr'><strong>est</strong></span> <span class='ocrx_word' id='word_1_612' title='bbox 957 3809 977 3881; x_wconf 93' lang='lat'><strong>(</strong></span> <span class='ocrx_word' id='word_1_613' title='bbox 1002 3807 1122 3865; x_wconf 87' lang='lat' dir='ltr'><strong>Ose.</strong></span> <span class='ocrx_word' id='word_1_614' title='bbox 1148 3808 1284 3881; x_wconf 77' lang='lat' dir='ltr'><strong>XIV).</strong></span> <span class='ocrx_word' id='word_1_615' title='bbox 1321 3807 1422 3866; x_wconf 91' lang='lat' dir='ltr'><strong>Cui</strong></span> <span class='ocrx_word' id='word_1_616' title='bbox 1468 3809 1692 3880; x_wconf 89' lang='lat' dir='ltr'><strong>pulchre</strong></span> <span class='ocrx_word' id='word_1_617' title='bbox 1727 3808 2020 3881; x_wconf 74' lang='lat' dir='ltr'><strong>mysticum</strong></span> 
     </span>
    </p>
   </div>
   <div class='ocr_carea' id='block_1_71' title="bbox 429 3897 2019 3973">
    <p class='ocr_par' dir='ltr' id='par_1_71' title="bbox 429 3897 2019 3973">
     <span class='ocr_line' id='line_1_71' title="bbox 429 3897 2019 3973; baseline 0.003 -19"><span class='ocrx_word' id='word_1_618' title='bbox 429 3897 568 3956; x_wconf 88' lang='lat' dir='ltr'><strong>illud</strong></span> <span class='ocrx_word' id='word_1_619' title='bbox 586 3897 838 3968; x_wconf 82' lang='lat' dir='ltr'><strong>infertur,</strong></span> <span class='ocrx_word' id='word_1_620' title='bbox 864 3900 981 3971; x_wconf 82' lang='lat' dir='ltr'><strong>quis</strong></span> <span class='ocrx_word' id='word_1_621' title='bbox 1015 3902 1223 3972; x_wconf 85' lang='lat' dir='ltr'><strong>sapiens</strong></span> <span class='ocrx_word' id='word_1_622' title='bbox 1247 3910 1297 3956; x_wconf 89' lang='lat' dir='ltr'><strong>et</strong></span> <span class='ocrx_word' id='word_1_623' title='bbox 1322 3900 1569 3973; x_wconf 84' lang='lat' dir='ltr'><strong>intelliget</strong></span> <span class='ocrx_word' id='word_1_624' title='bbox 1598 3902 1702 3956; x_wconf 86' lang='lat' dir='ltr'><strong>ista</strong></span> <span class='ocrx_word' id='word_1_625' title='bbox 1728 3901 1755 3955; x_wconf 79' lang='lat'><strong><em>?</em></strong></span> <span class='ocrx_word' id='word_1_626' title='bbox 1795 3900 1901 3955; x_wconf 85' lang='lat' dir='ltr'><strong>Aut</strong></span> <span class='ocrx_word' id='word_1_627' title='bbox 1938 3902 2019 3958; x_wconf 83' lang='lat' dir='ltr'><strong>in-</strong></span> 
     </span>
    </p>
   </div>
   <div class='ocr_carea' id='block_1_72' title="bbox 430 3991 2018 4067">
    <p class='ocr_par' dir='ltr' id='par_1_72' title="bbox 430 3991 2018 4067">
     <span class='ocr_line' id='line_1_72' title="bbox 430 3991 2018 4067; baseline 0.002 -18"><span class='ocrx_word' id='word_1_628' title='bbox 430 3991 669 4065; x_wconf 81' lang='lat' dir='ltr'><strong>telligens</strong></span> <span class='ocrx_word' id='word_1_629' title='bbox 716 4002 768 4059; x_wconf 84' lang='lat' dir='ltr'><strong>et</strong></span> <span class='ocrx_word' id='word_1_630' title='bbox 822 4003 1094 4066; x_wconf 83' lang='lat' dir='ltr'><strong>cognoscet</strong></span> <span class='ocrx_word' id='word_1_631' title='bbox 1155 3996 1265 4051; x_wconf 86' lang='lat' dir='ltr'><strong>ea?</strong></span> <span class='ocrx_word' id='word_1_632' title='bbox 1318 3994 1425 4064; x_wconf 88' lang='lat' dir='ltr'><strong>Qui</strong></span> <span class='ocrx_word' id='word_1_633' title='bbox 1467 4010 1567 4067; x_wconf 86' lang='lat' dir='ltr'><strong>per</strong></span> <span class='ocrx_word' id='word_1_634' title='bbox 1622 3995 1798 4065; x_wconf 82' lang='lat' dir='ltr'><strong>legem</strong></span> <span class='ocrx_word' id='word_1_635' title='bbox 1852 3996 2018 4066; x_wconf 87' lang='lat' dir='ltr'><strong>igitur</strong></span> 
     </span>
    </p>
   </div>
   <div class='ocr_carea' id='block_1_73' title="bbox 428 4084 2019 4159">
    <p class='ocr_par' dir='ltr' id='par_1_73' title="bbox 428 4084 2019 4159">
     <span class='ocr_line' id='line_1_73' title="bbox 428 4084 2019 4159; baseline 0 -16"><span class='ocrx_word' id='word_1_636' title='bbox 428 4084 730 4157; x_wconf 81' lang='lat' dir='ltr'><strong>spiritalem</strong></span> <span class='ocrx_word' id='word_1_637' title='bbox 740 4086 848 4159; x_wconf 88' lang='lat' dir='ltr'><strong>legi</strong></span> <span class='ocrx_word' id='word_1_638' title='bbox 866 4087 1062 4144; x_wconf 70' lang='lat' dir='ltr'><strong>littera:</strong></span> <span class='ocrx_word' id='word_1_639' title='bbox 1081 4087 1335 4154; x_wconf 84' lang='lat' dir='ltr'><strong>moritur,</strong></span> <span class='ocrx_word' id='word_1_640' title='bbox 1358 4088 1467 4144; x_wconf 88' lang='lat' dir='ltr'><strong>Deo</strong></span> <span class='ocrx_word' id='word_1_641' title='bbox 1489 4088 1641 4153; x_wconf 89' lang='lat' dir='ltr'><strong>vivit,</strong></span> <span class='ocrx_word' id='word_1_642' title='bbox 1669 4103 1795 4145; x_wconf 88' lang='lat' dir='ltr'><strong>cum</strong></span> <span class='ocrx_word' id='word_1_643' title='bbox 1817 4103 1923 4143; x_wconf 91' lang='lat' dir='ltr'><strong>non</strong></span> <span class='ocrx_word' id='word_1_644' title='bbox 1946 4087 2019 4143; x_wconf 90' lang='lat' dir='ltr'><strong>sit</strong></span> 
     </span>
    </p>
   </div>
   <div class='ocr_carea' id='block_1_74' title="bbox 428 4177 2016 4251">
    <p class='ocr_par' dir='ltr' id='par_1_74' title="bbox 428 4177 2016 4251">
     <span class='ocr_line' id='line_1_74' title="bbox 428 4177 2016 4251; baseline 0.001 -17"><span class='ocrx_word' id='word_1_645' title='bbox 428 4179 549 4234; x_wconf 85' lang='lat' dir='ltr'><strong>sine</strong></span> <span class='ocrx_word' id='word_1_646' title='bbox 593 4177 713 4250; x_wconf 88' lang='lat' dir='ltr'><strong>lege</strong></span> <span class='ocrx_word' id='word_1_647' title='bbox 749 4178 868 4246; x_wconf 83' lang='lat' dir='ltr'><strong>Dei,</strong></span> <span class='ocrx_word' id='word_1_648' title='bbox 918 4179 1017 4235; x_wconf 90' lang='lat' dir='ltr'><strong>sed</strong></span> <span class='ocrx_word' id='word_1_649' title='bbox 1053 4180 1109 4235; x_wconf 88' lang='lat' dir='ltr'><strong>in</strong></span> <span class='ocrx_word' id='word_1_650' title='bbox 1156 4178 1274 4251; x_wconf 86' lang='lat' dir='ltr'><strong>lege</strong></span> <span class='ocrx_word' id='word_1_651' title='bbox 1310 4179 1385 4236; x_wconf 89' lang='lat' dir='ltr'><strong>sit</strong></span> <span class='ocrx_word' id='word_1_652' title='bbox 1433 4179 1680 4236; x_wconf 91' lang='lat' dir='ltr'><strong>Christi:</strong></span> <span class='ocrx_word' id='word_1_653' title='bbox 1727 4180 1823 4251; x_wconf 88' lang='lat' dir='ltr'><strong>qui</strong></span> <span class='ocrx_word' id='word_1_654' title='bbox 1882 4195 2016 4236; x_wconf 89' lang='lat' dir='ltr'><strong>vero</strong></span> 
     </span>
    </p>
   </div>
   <div class='ocr_carea' id='block_1_75' title="bbox 429 4268 2014 4343">
    <p class='ocr_par' dir='ltr' id='par_1_75' title="bbox 429 4268 2014 4343">
     <span class='ocr_line' id='line_1_75' title="bbox 429 4268 2014 4343; baseline 0.002 -18"><span class='ocrx_word' id='word_1_655' title='bbox 429 4268 540 4341; x_wconf 88' lang='lat' dir='ltr'><strong>legi</strong></span> <span class='ocrx_word' id='word_1_656' title='bbox 580 4271 831 4338; x_wconf 90' lang='lat' dir='ltr'><strong>moritur,</strong></span> <span class='ocrx_word' id='word_1_657' title='bbox 854 4271 925 4327; x_wconf 89' lang='lat' dir='ltr'><strong>ob</strong></span> <span class='ocrx_word' id='word_1_658' title='bbox 952 4279 1195 4342; x_wconf 87' lang='lat' dir='ltr'><strong>peccata,</strong></span> <span class='ocrx_word' id='word_1_659' title='bbox 1244 4280 1488 4329; x_wconf 91' lang='lat' dir='ltr'><strong>mortuus</strong></span> <span class='ocrx_word' id='word_1_660' title='bbox 1515 4273 1734 4343; x_wconf 88' lang='lat' dir='ltr'><strong>quidem</strong></span> <span class='ocrx_word' id='word_1_661' title='bbox 1786 4279 1893 4338; x_wconf 89' lang='lat' dir='ltr'><strong>est,</strong></span> <span class='ocrx_word' id='word_1_662' title='bbox 1918 4273 2014 4328; x_wconf 82' lang='lat' dir='ltr'><strong>sed</strong></span> 
     </span>
    </p>
   </div>
   <div class='ocr_carea' id='block_1_76' title="bbox 2120 3170 3716 3253">
    <p class='ocr_par' dir='ltr' id='par_1_76' title="bbox 2120 3170 3716 3253">
     <span class='ocr_line' id='line_1_76' title="bbox 2120 3170 3716 3253; baseline 0.003 -26"><span class='ocrx_word' id='word_1_663' title='bbox 2120 3171 2330 3244; x_wconf 83' lang='lat' dir='ltr'><strong>(Amb.)</strong></span> <span class='ocrx_word' id='word_1_664' title='bbox 2369 3171 2637 3253; x_wconf 80' lang='lat' dir='ltr'><strong>Quoniam</strong></span> <span class='ocrx_word' id='word_1_665' title='bbox 2660 3170 2842 3228; x_wconf 82' lang='lat' dir='ltr'><strong>futura</strong></span> <span class='ocrx_word' id='word_1_666' title='bbox 2882 3173 2995 3228; x_wconf 90' lang='lat' dir='ltr'><strong>vita</strong></span> <span class='ocrx_word' id='word_1_667' title='bbox 3018 3172 3288 3243; x_wconf 87' lang='lat' dir='ltr'><strong>promissa</strong></span> <span class='ocrx_word' id='word_1_668' title='bbox 3318 3181 3404 3245; x_wconf 78' lang='lat' dir='ltr'><strong>est</strong></span> <span class='ocrx_word' id='word_1_669' title='bbox 3442 3172 3716 3231; x_wconf 78' lang='lat' dir='ltr'><strong>Christia-</strong></span> 
     </span>
    </p>
   </div>
   <div class='ocr_carea' id='block_1_77' title="bbox 2120 3268 3723 3340">
    <p class='ocr_par' dir='ltr' id='par_1_77' title="bbox 2120 3268 3723 3340">
     <span class='ocr_line' id='line_1_77' title="bbox 2120 3268 3723 3340; baseline 0 -15"><span class='ocrx_word' id='word_1_670' title='bbox 2120 3271 2228 3336; x_wconf 91' lang='lat' dir='ltr'><strong>nis,</strong></span> <span class='ocrx_word' id='word_1_671' title='bbox 2275 3270 2398 3326; x_wconf 91' lang='lat' dir='ltr'><strong>ideo</strong></span> <span class='ocrx_word' id='word_1_672' title='bbox 2450 3270 2543 3340; x_wconf 89' lang='lat' dir='ltr'><strong>qui</strong></span> <span class='ocrx_word' id='word_1_673' title='bbox 2595 3285 2743 3333; x_wconf 86' lang='lat' dir='ltr'><strong>nunc</strong></span> <span class='ocrx_word' id='word_1_674' title='bbox 2788 3269 2843 3325; x_wconf 92' lang='lat' dir='ltr'><strong>in</strong></span> <span class='ocrx_word' id='word_1_675' title='bbox 2892 3269 2999 3326; x_wconf 84' lang='lat' dir='ltr'><strong>hac</strong></span> <span class='ocrx_word' id='word_1_676' title='bbox 3042 3270 3155 3325; x_wconf 90' lang='lat' dir='ltr'><strong>vita</strong></span> <span class='ocrx_word' id='word_1_677' title='bbox 3201 3268 3420 3325; x_wconf 79' lang='lat' dir='ltr'><strong>auxiliis</strong></span> <span class='ocrx_word' id='word_1_678' title='bbox 3474 3268 3572 3325; x_wconf 88' lang='lat' dir='ltr'><strong>Dei</strong></span> <span class='ocrx_word' id='word_1_679' title='bbox 3601 3284 3723 3325; x_wconf 80' lang='lat' dir='ltr'><strong>mu-</strong></span> 
     </span>
    </p>
   </div>
   <div class='ocr_carea' id='block_1_78' title="bbox 2120 3359 3720 3433">
    <p class='ocr_par' dir='ltr' id='par_1_78' title="bbox 2120 3359 3720 3433">
     <span class='ocr_line' id='line_1_78' title="bbox 2120 3359 3720 3433; baseline -0.001 -17"><span class='ocrx_word' id='word_1_680' title='bbox 2120 3361 2267 3421; x_wconf 87' lang='lat' dir='ltr'><strong>nitus</strong></span> <span class='ocrx_word' id='word_1_681' title='bbox 2314 3361 2491 3426; x_wconf 86' lang='lat' dir='ltr'><strong>vivit,</strong></span> <span class='ocrx_word' id='word_1_682' title='bbox 2558 3359 2633 3415; x_wconf 48' lang='lat' dir='ltr'><strong>in.</strong></span> <span class='ocrx_word' id='word_1_683' title='bbox 2672 3360 2780 3415; x_wconf 86' lang='lat' dir='ltr'><strong>lide</strong></span> <span class='ocrx_word' id='word_1_684' title='bbox 2830 3360 2957 3419; x_wconf 70' lang='lat' dir='ltr'><strong>vitae</strong></span> <span class='ocrx_word' id='word_1_685' title='bbox 3015 3360 3298 3433; x_wconf 69' lang='lat' dir='ltr'><strong>promissa:</strong></span> <span class='ocrx_word' id='word_1_686' title='bbox 3363 3359 3501 3414; x_wconf 87' lang='lat' dir='ltr'><strong>vivit</strong></span> <span class='ocrx_word' id='word_1_687' title='bbox 3557 3377 3573 3413; x_wconf 90' lang='lat'><strong>:</strong></span> <span class='ocrx_word' id='word_1_688' title='bbox 3626 3360 3720 3417; x_wconf 89' lang='lat' dir='ltr'><strong>hic</strong></span> 
     </span>
    </p>
   </div>
   <div class='ocr_carea' id='block_1_79' title="bbox 2121 3448 3717 3522">
    <p class='ocr_par' dir='ltr' id='par_1_79' title="bbox 2121 3448 3717 3522">
     <span class='ocr_line' id='line_1_79' title="bbox 2121 3448 3717 3522; baseline -0.004 -11"><span class='ocrx_word' id='word_1_689' title='bbox 2121 3450 2267 3511; x_wconf 86' lang='lat' dir='ltr'><strong>enim</strong></span> <span class='ocrx_word' id='word_1_690' title='bbox 2316 3449 2611 3521; x_wconf 86' lang='lat' dir='ltr'><strong>imaginem</strong></span> <span class='ocrx_word' id='word_1_691' title='bbox 2649 3449 2795 3506; x_wconf 91' lang='lat' dir='ltr'><strong>illius</strong></span> <span class='ocrx_word' id='word_1_692' title='bbox 2848 3449 3269 3522; x_wconf 87' lang='lat' dir='ltr'><strong>contemplatur,</strong></span> <span class='ocrx_word' id='word_1_693' title='bbox 3309 3449 3469 3519; x_wconf 91' lang='lat' dir='ltr'><strong>quasi</strong></span> <span class='ocrx_word' id='word_1_694' title='bbox 3514 3448 3717 3521; x_wconf 88' lang='lat' dir='ltr'><strong>pignus</strong></span> 
     </span>
    </p>
   </div>
   <div class='ocr_carea' id='block_1_80' title="bbox 2122 3536 3720 3612">
    <p class='ocr_par' dir='ltr' id='par_1_80' title="bbox 2122 3536 3720 3612">
     <span class='ocr_line' id='line_1_80' title="bbox 2122 3536 3720 3612; baseline 0.001 -15"><span class='ocrx_word' id='word_1_695' title='bbox 2122 3540 2328 3599; x_wconf 87' lang='lat' dir='ltr'><strong>habens</strong></span> <span class='ocrx_word' id='word_1_696' title='bbox 2363 3540 2489 3595; x_wconf 67' lang='lat' dir='ltr'><strong>vita:</strong></span> <span class='ocrx_word' id='word_1_697' title='bbox 2545 3538 2763 3606; x_wconf 80' lang='lat' dir='ltr'><strong>futurae,</strong></span> <span class='ocrx_word' id='word_1_698' title='bbox 2820 3555 2943 3611; x_wconf 64' lang='lat' dir='ltr'><strong>quae</strong></span> <span class='ocrx_word' id='word_1_699' title='bbox 2979 3555 3078 3612; x_wconf 90' lang='lat' dir='ltr'><strong>per</strong></span> <span class='ocrx_word' id='word_1_700' title='bbox 3122 3539 3221 3596; x_wconf 88' lang='lat' dir='ltr'><strong>Dei</strong></span> <span class='ocrx_word' id='word_1_701' title='bbox 3268 3546 3461 3594; x_wconf 90' lang='lat' dir='ltr'><strong>nutum</strong></span> <span class='ocrx_word' id='word_1_702' title='bbox 3508 3536 3720 3599; x_wconf 79' lang='lat' dir='ltr'><strong>Christi</strong></span> 
     </span>
    </p>
   </div>
   <div class='ocr_carea' id='block_1_81' title="bbox 2119 3628 3717 3703">
    <p class='ocr_par' dir='ltr' id='par_1_81' title="bbox 2119 3628 3717 3703">
     <span class='ocr_line' id='line_1_81' title="bbox 2119 3628 3717 3703; baseline -0.001 -16"><span class='ocrx_word' id='word_1_703' title='bbox 2119 3646 2306 3687; x_wconf 85' lang='lat' dir='ltr'><strong>amore</strong></span> <span class='ocrx_word' id='word_1_704' title='bbox 2359 3630 2516 3686; x_wconf 88' lang='lat' dir='ltr'><strong>nobis</strong></span> <span class='ocrx_word' id='word_1_705' title='bbox 2580 3630 2806 3700; x_wconf 69' lang='lat' dir='ltr'><strong>quaesita</strong></span> <span class='ocrx_word' id='word_1_706' title='bbox 2870 3639 2976 3688; x_wconf 90' lang='lat' dir='ltr'><strong>est.</strong></span> <span class='ocrx_word' id='word_1_707' title='bbox 3040 3628 3358 3703; x_wconf 75' lang='lat' dir='ltr'><strong>(llieron.)</strong></span> <span class='ocrx_word' id='word_1_708' title='bbox 3405 3628 3571 3686; x_wconf 81' lang='lat' dir='ltr'><strong>Aliud</strong></span> <span class='ocrx_word' id='word_1_709' title='bbox 3627 3637 3717 3689; x_wconf 83' lang='lat' dir='ltr'><strong>est</strong></span> 
     </span>
    </p>
   </div>
   <div class='ocr_carea' id='block_1_82' title="bbox 2118 3719 3715 3809">
    <p class='ocr_par' dir='ltr' id='par_1_82' title="bbox 2118 3719 3715 3809">
     <span class='ocr_line' id='line_1_82' title="bbox 2118 3719 3715 3809; baseline -0.005 -30"><span class='ocrx_word' id='word_1_710' title='bbox 2118 3722 2178 3779; x_wconf 90' lang='lat' dir='ltr'><strong>in</strong></span> <span class='ocrx_word' id='word_1_711' title='bbox 2233 3735 2399 3777; x_wconf 87' lang='lat' dir='ltr'><strong>carne</strong></span> <span class='ocrx_word' id='word_1_712' title='bbox 2446 3734 2568 3784; x_wconf 87' lang='lat' dir='ltr'><strong>esse</strong></span> <span class='ocrx_word' id='word_1_713' title='bbox 2593 3762 2609 3787; x_wconf 90' lang='lat'><strong>,</strong></span> <span class='ocrx_word' id='word_1_714' title='bbox 2662 3729 2718 3777; x_wconf 90' lang='lat' dir='ltr'><strong>et</strong></span> <span class='ocrx_word' id='word_1_715' title='bbox 2761 3720 2909 3777; x_wconf 90' lang='lat' dir='ltr'><strong>aliud</strong></span> <span class='ocrx_word' id='word_1_716' title='bbox 2965 3721 3021 3779; x_wconf 84' lang='lat' dir='ltr'><strong>in</strong></span> <span class='ocrx_word' id='word_1_717' title='bbox 3084 3734 3252 3809; x_wconf 76' lang='lat' dir='ltr'><strong>carne</strong></span> <span class='ocrx_word' id='word_1_718' title='bbox 3324 3719 3532 3776; x_wconf 90' lang='lat' dir='ltr'><strong>vivere.</strong></span> <span class='ocrx_word' id='word_1_719' title='bbox 3604 3719 3715 3787; x_wconf 74' lang='lat' dir='ltr'><strong>Qui</strong></span> 
     </span>
    </p>
   </div>
   <div class='ocr_carea' id='block_1_83' title="bbox 2119 3813 3713 3886">
    <p class='ocr_par' dir='ltr' id='par_1_83' title="bbox 2119 3813 3713 3886">
     <span class='ocr_line' id='line_1_83' title="bbox 2119 3813 3713 3886; baseline 0 -17"><span class='ocrx_word' id='word_1_720' title='bbox 2119 3824 2297 3873; x_wconf 87' lang='lat' dir='ltr'><strong>autem</strong></span> <span class='ocrx_word' id='word_1_721' title='bbox 2349 3815 2406 3869; x_wconf 88' lang='lat' dir='ltr'><strong>in</strong></span> <span class='ocrx_word' id='word_1_722' title='bbox 2463 3829 2621 3869; x_wconf 88' lang='lat' dir='ltr'><strong>carne</strong></span> <span class='ocrx_word' id='word_1_723' title='bbox 2664 3823 2829 3881; x_wconf 82' lang='lat' dir='ltr'><strong>sunt,</strong></span> <span class='ocrx_word' id='word_1_724' title='bbox 2894 3814 3005 3871; x_wconf 90' lang='lat' dir='ltr'><strong>Deo</strong></span> <span class='ocrx_word' id='word_1_725' title='bbox 3048 3813 3256 3886; x_wconf 81' lang='lat' dir='ltr'><strong>placere</strong></span> <span class='ocrx_word' id='word_1_726' title='bbox 3315 3829 3423 3871; x_wconf 87' lang='lat' dir='ltr'><strong>non</strong></span> <span class='ocrx_word' id='word_1_727' title='bbox 3470 3824 3713 3885; x_wconf 83' lang='lat' dir='ltr'><strong>possunt,</strong></span> 
     </span>
    </p>
   </div>
   <div class='ocr_carea' id='block_1_84' title="bbox 2120 3904 3713 3967">
    <p class='ocr_par' dir='ltr' id='par_1_84' title="bbox 2120 3904 3713 3967">
     <span class='ocr_line' id='line_1_84' title="bbox 2120 3904 3713 3967; baseline 0 -6"><span class='ocrx_word' id='word_1_728' title='bbox 2120 3906 2263 3963; x_wconf 92' lang='lat' dir='ltr'><strong>unde</strong></span> <span class='ocrx_word' id='word_1_729' title='bbox 2288 3906 2357 3961; x_wconf 89' lang='lat' dir='ltr'><strong>ad</strong></span> <span class='ocrx_word' id='word_1_730' title='bbox 2376 3907 2517 3963; x_wconf 88' lang='lat' dir='ltr'><strong>bene</strong></span> <span class='ocrx_word' id='word_1_731' title='bbox 2535 3907 2780 3963; x_wconf 90' lang='lat' dir='ltr'><strong>viventes</strong></span> <span class='ocrx_word' id='word_1_732' title='bbox 2821 3905 3021 3963; x_wconf 90' lang='lat' dir='ltr'><strong>dicitur</strong></span> <span class='ocrx_word' id='word_1_733' title='bbox 3047 3925 3062 3963; x_wconf 87' lang='lat'><strong>:</strong></span> <span class='ocrx_word' id='word_1_734' title='bbox 3106 3904 3206 3961; x_wconf 87' lang='lat' dir='ltr'><strong>Vos</strong></span> <span class='ocrx_word' id='word_1_735' title='bbox 3237 3915 3412 3967; x_wconf 86' lang='lat' dir='ltr'><strong>autem</strong></span> <span class='ocrx_word' id='word_1_736' title='bbox 3443 3922 3551 3961; x_wconf 82' lang='lat' dir='ltr'><strong>non</strong></span> <span class='ocrx_word' id='word_1_737' title='bbox 3586 3908 3713 3963; x_wconf 83' lang='lat' dir='ltr'><strong>estis</strong></span> 
     </span>
    </p>
   </div>
   <div class='ocr_carea' id='block_1_85' title="bbox 2116 3993 3713 4067">
    <p class='ocr_par' dir='ltr' id='par_1_85' title="bbox 2116 3993 3713 4067">
     <span class='ocr_line' id='line_1_85' title="bbox 2116 3993 3713 4067; baseline -0.002 -14"><span class='ocrx_word' id='word_1_738' title='bbox 2116 3996 2175 4053; x_wconf 84' lang='lat' dir='ltr'><strong>in</strong></span> <span class='ocrx_word' id='word_1_739' title='bbox 2200 4012 2356 4052; x_wconf 86' lang='lat' dir='ltr'><strong>carne</strong></span> <span class='ocrx_word' id='word_1_740' title='bbox 2384 3994 2564 4066; x_wconf 75' lang='lat' dir='ltr'><strong>(Rom.</strong></span> <span class='ocrx_word' id='word_1_741' title='bbox 2591 3994 2734 4067; x_wconf 85' lang='lat' dir='ltr'><strong>vm).</strong></span> <span class='ocrx_word' id='word_1_742' title='bbox 2770 4013 2789 4047; x_wconf 82' lang='lat' dir='ltr'><strong>I</strong></span> <span class='ocrx_word' id='word_1_743' title='bbox 2820 3994 2879 4051; x_wconf 88' lang='lat' dir='ltr'><strong>In</strong></span> <span class='ocrx_word' id='word_1_744' title='bbox 2909 3994 3037 4062; x_wconf 81' lang='lat' dir='ltr'><strong>ﬁde,</strong></span> <span class='ocrx_word' id='word_1_745' title='bbox 3066 3994 3264 4066; x_wconf 90' lang='lat' dir='ltr'><strong>inquit,</strong></span> <span class='ocrx_word' id='word_1_746' title='bbox 3297 3995 3424 4051; x_wconf 89' lang='lat' dir='ltr'><strong>vivo</strong></span> <span class='ocrx_word' id='word_1_747' title='bbox 3447 3993 3573 4051; x_wconf 86' lang='lat' dir='ltr'><strong>Filii</strong></span> <span class='ocrx_word' id='word_1_748' title='bbox 3614 3994 3713 4053; x_wconf 86' lang='lat' dir='ltr'><strong>Dei</strong></span> 
     </span>
    </p>
   </div>
   <div class='ocr_carea' id='block_1_86' title="bbox 2118 4084 3713 4158">
    <p class='ocr_par' dir='ltr' id='par_1_86' title="bbox 2118 4084 3713 4158">
     <span class='ocr_line' id='line_1_86' title="bbox 2118 4084 3713 4158; baseline 0.001 -17"><span class='ocrx_word' id='word_1_749' title='bbox 2118 4095 2176 4141; x_wconf 87' lang='lat' dir='ltr'><strong>et</strong></span> <span class='ocrx_word' id='word_1_750' title='bbox 2226 4084 2452 4150; x_wconf 89' lang='lat' dir='ltr'><strong>Christi,</strong></span> <span class='ocrx_word' id='word_1_751' title='bbox 2528 4084 2623 4155; x_wconf 90' lang='lat' dir='ltr'><strong>qui</strong></span> <span class='ocrx_word' id='word_1_752' title='bbox 2673 4085 2862 4141; x_wconf 78' lang='lat' dir='ltr'><strong>dilexit</strong></span> <span class='ocrx_word' id='word_1_753' title='bbox 2907 4101 3014 4152; x_wconf 89' lang='lat' dir='ltr'><strong>me,</strong></span> <span class='ocrx_word' id='word_1_754' title='bbox 3084 4094 3143 4143; x_wconf 88' lang='lat' dir='ltr'><strong>et</strong></span> <span class='ocrx_word' id='word_1_755' title='bbox 3191 4085 3412 4142; x_wconf 89' lang='lat' dir='ltr'><strong>tradidit</strong></span> <span class='ocrx_word' id='word_1_756' title='bbox 3470 4086 3713 4158; x_wconf 86' lang='lat' dir='ltr'><strong>seipsum</strong></span> 
     </span>
    </p>
   </div>
   <div class='ocr_carea' id='block_1_87' title="bbox 2115 4173 3710 4246">
    <p class='ocr_par' dir='ltr' id='par_1_87' title="bbox 2115 4173 3710 4246">
     <span class='ocr_line' id='line_1_87' title="bbox 2115 4173 3710 4246; baseline 0.003 -17"><span class='ocrx_word' id='word_1_757' title='bbox 2115 4190 2215 4246; x_wconf 87' lang='lat' dir='ltr'><strong>pro</strong></span> <span class='ocrx_word' id='word_1_758' title='bbox 2243 4189 2347 4231; x_wconf 86' lang='lat' dir='ltr'><strong>me.</strong></span> <span class='ocrx_word' id='word_1_759' title='bbox 2384 4194 2405 4227; x_wconf 74' lang='grc' dir='ltr'>ι</span> <span class='ocrx_word' id='word_1_760' title='bbox 2445 4174 2527 4229; x_wconf 89' lang='lat' dir='ltr'><strong>Ad</strong></span> <span class='ocrx_word' id='word_1_761' title='bbox 2556 4173 2837 4230; x_wconf 80' lang='lat' dir='ltr'><strong>Romanos</strong></span> <span class='ocrx_word' id='word_1_762' title='bbox 2864 4177 2933 4230; x_wconf 89' lang='lat' dir='ltr'><strong>de</strong></span> <span class='ocrx_word' id='word_1_763' title='bbox 2968 4174 3080 4231; x_wconf 90' lang='lat' dir='ltr'><strong>Deo</strong></span> <span class='ocrx_word' id='word_1_764' title='bbox 3118 4173 3377 4245; x_wconf 86' lang='lat' dir='ltr'><strong>loquitur,</strong></span> <span class='ocrx_word' id='word_1_765' title='bbox 3416 4176 3564 4245; x_wconf 86' lang='lat' dir='ltr'><strong>quod</strong></span> <span class='ocrx_word' id='word_1_766' title='bbox 3613 4173 3710 4233; x_wconf 84' lang='lat' dir='ltr'><strong>Fi-</strong></span> 
     </span>
    </p>
   </div>
   <div class='ocr_carea' id='block_1_88' title="bbox 2116 4265 3715 4337">
    <p class='ocr_par' dir='ltr' id='par_1_88' title="bbox 2116 4265 3715 4337">
     <span class='ocr_line' id='line_1_88' title="bbox 2116 4265 3715 4337; baseline -0.001 -16"><span class='ocrx_word' id='word_1_767' title='bbox 2116 4266 2191 4322; x_wconf 91' lang='lat' dir='ltr'><strong>lio</strong></span> <span class='ocrx_word' id='word_1_768' title='bbox 2253 4279 2352 4320; x_wconf 90' lang='lat' dir='ltr'><strong>suo</strong></span> <span class='ocrx_word' id='word_1_769' title='bbox 2405 4279 2513 4319; x_wconf 91' lang='lat' dir='ltr'><strong>non</strong></span> <span class='ocrx_word' id='word_1_770' title='bbox 2556 4265 2880 4335; x_wconf 82' lang='lat' dir='ltr'><strong>pepercerit,</strong></span> <span class='ocrx_word' id='word_1_771' title='bbox 2925 4267 3019 4321; x_wconf 93' lang='lat' dir='ltr'><strong>sed</strong></span> <span class='ocrx_word' id='word_1_772' title='bbox 3071 4280 3171 4337; x_wconf 89' lang='lat' dir='ltr'><strong>pro</strong></span> <span class='ocrx_word' id='word_1_773' title='bbox 3214 4265 3374 4321; x_wconf 85' lang='lat' dir='ltr'><strong>nobis</strong></span> <span class='ocrx_word' id='word_1_774' title='bbox 3421 4266 3715 4323; x_wconf 83' lang='lat' dir='ltr'><strong>tradiderit</strong></span> 
     </span>
    </p>
   </div>
   <div class='ocr_carea' id='block_1_89' title="bbox 428 4353 3709 4458">
    <p class='ocr_par' dir='ltr' id='par_1_89' title="bbox 428 4353 3709 4458">
     <span class='ocr_line' id='line_1_89' title="bbox 428 4353 3709 4458; baseline 0.002 -42"><span class='ocrx_word' id='word_1_775' title='bbox 428 4375 541 4418; x_wconf 83' lang='lat' dir='ltr'><strong>non</strong></span> <span class='ocrx_word' id='word_1_776' title='bbox 561 4368 739 4432; x_wconf 87' lang='lat' dir='ltr'><strong>potest</strong></span> <span class='ocrx_word' id='word_1_777' title='bbox 759 4362 826 4429; x_wconf 87' lang='lat' dir='ltr'><strong>de</strong></span> <span class='ocrx_word' id='word_1_778' title='bbox 849 4377 916 4418; x_wconf 88' lang='lat' dir='ltr'><strong>eo</strong></span> <span class='ocrx_word' id='word_1_779' title='bbox 937 4361 1066 4430; x_wconf 90' lang='lat' dir='ltr'><strong>dici,</strong></span> <span class='ocrx_word' id='word_1_780' title='bbox 1080 4363 1227 4433; x_wconf 90' lang='lat' dir='ltr'><strong>quod</strong></span> <span class='ocrx_word' id='word_1_781' title='bbox 1249 4364 1516 4434; x_wconf 88' lang='lat' dir='ltr'><strong>sequitur,</strong></span> <span class='ocrx_word' id='word_1_782' title='bbox 1538 4372 1599 4419; x_wconf 94' lang='lat' dir='ltr'><strong>ut</strong></span> <span class='ocrx_word' id='word_1_783' title='bbox 1619 4380 1639 4416; x_wconf 78' lang='grc' dir='ltr'>ι</span> <span class='ocrx_word' id='word_1_784' title='bbox 1660 4364 1804 4419; x_wconf 88' lang='lat' dir='ltr'><strong>vivat</strong></span> <span class='ocrx_word' id='word_1_785' title='bbox 1830 4362 1958 4418; x_wconf 88' lang='lat' dir='ltr'><strong>Deo.</strong></span> <span class='ocrx_word' id='word_1_786' title='bbox 1982 4383 2003 4418; x_wconf 81' lang='grc' dir='ltr'>ι</span> <span class='ocrx_word' id='word_1_787' title='bbox 2038 4399 2086 4458; x_wconf 80' lang='lat' dir='ltr'><strong>D</strong></span> <span class='ocrx_word' id='word_1_788' title='bbox 2117 4369 2241 4458; x_wconf 59' lang='grc' dir='ltr'><em>εαξη</em></span> <span class='ocrx_word' id='word_1_789' title='bbox 2265 4369 2462 4458; x_wconf 48' lang='lat' dir='ltr'><strong>funal“!</strong></span> <span class='ocrx_word' id='word_1_790' title='bbox 2485 4355 2697 4458; x_wconf 60' lang='lat' dir='ltr'><strong>“31&#39;qu</strong></span> <span class='ocrx_word' id='word_1_791' title='bbox 2715 4353 3372 4458; x_wconf 51' lang='grc' dir='ltr'><strong>(ξιπίειοςίιωλίιξθίικξυω</strong></span> <span class='ocrx_word' id='word_1_792' title='bbox 3396 4355 3709 4423; x_wconf 52' lang='lat' dir='ltr'><strong>indidem.</strong></span> 
     </span>
    </p>
   </div>
   <div class='ocr_carea' id='block_1_90' title="bbox 426 4446 3708 4525">
    <p class='ocr_par' dir='ltr' id='par_1_90' title="bbox 426 4446 3708 4525">
     <span class='ocr_line' id='line_1_90' title="bbox 426 4446 3708 4525; baseline -0.001 -18"><span class='ocrx_word' id='word_1_793' title='bbox 426 4450 566 4509; x_wconf 86' lang='lat' dir='ltr'><strong>Esse</strong></span> <span class='ocrx_word' id='word_1_794' title='bbox 618 4460 801 4508; x_wconf 88' lang='lat' dir='ltr'><strong>autem</strong></span> <span class='ocrx_word' id='word_1_795' title='bbox 844 4451 1019 4525; x_wconf 89' lang='lat' dir='ltr'><strong>legem</strong></span> <span class='ocrx_word' id='word_1_796' title='bbox 1077 4452 1239 4507; x_wconf 81' lang='lat' dir='ltr'><strong>aliam</strong></span> <span class='ocrx_word' id='word_1_797' title='bbox 1288 4452 1586 4522; x_wconf 86' lang='lat' dir='ltr'><strong>spiritalem</strong></span> <span class='ocrx_word' id='word_1_798' title='bbox 1627 4460 1779 4509; x_wconf 81' lang='lat' dir='ltr'><strong>extra</strong></span> <span class='ocrx_word' id='word_1_799' title='bbox 1837 4451 2008 4523; x_wconf 87' lang='lat' dir='ltr'><strong>legem</strong></span> <span class='ocrx_word' id='word_1_800' title='bbox 2040 4446 2081 4458; x_wconf 87' lang='grc'><em>“’</em></span> <span class='ocrx_word' id='word_1_801' title='bbox 2111 4449 2201 4521; x_wconf 85' lang='lat' dir='ltr'><strong>qui</strong></span> <span class='ocrx_word' id='word_1_802' title='bbox 2242 4446 2423 4501; x_wconf 75' lang='lat' dir='ltr'><strong>dilexit</strong></span> <span class='ocrx_word' id='word_1_803' title='bbox 2463 4462 2564 4511; x_wconf 84' lang='lat' dir='ltr'><strong>me,</strong></span> <span class='ocrx_word' id='word_1_804' title='bbox 2604 4447 2811 4518; x_wconf 89' lang='lat' dir='ltr'><strong>inquit,</strong></span> <span class='ocrx_word' id='word_1_805' title='bbox 2854 4458 2902 4504; x_wconf 89' lang='lat' dir='ltr'><strong>et</strong></span> <span class='ocrx_word' id='word_1_806' title='bbox 2944 4447 3165 4503; x_wconf 83' lang='lat' dir='ltr'><strong>tradidit</strong></span> <span class='ocrx_word' id='word_1_807' title='bbox 3198 4448 3423 4519; x_wconf 88' lang='lat' dir='ltr'><strong>seipsum</strong></span> <span class='ocrx_word' id='word_1_808' title='bbox 3461 4463 3559 4517; x_wconf 88' lang='lat' dir='ltr'><strong>pro</strong></span> <span class='ocrx_word' id='word_1_809' title='bbox 3603 4464 3708 4505; x_wconf 79' lang='lat' dir='ltr'><strong>me.</strong></span> 
     </span>
    </p>
   </div>
   <div class='ocr_carea' id='block_1_91' title="bbox 426 4540 2010 4616">
    <p class='ocr_par' dir='ltr' id='par_1_91' title="bbox 426 4540 2010 4616">
     <span class='ocr_line' id='line_1_91' title="bbox 426 4540 2010 4616; baseline -0.002 -17"><span class='ocrx_word' id='word_1_810' title='bbox 426 4540 648 4609; x_wconf 69' lang='lat' dir='ltr'><strong>litterae,</strong></span> <span class='ocrx_word' id='word_1_811' title='bbox 671 4550 728 4603; x_wconf 85' lang='lat' dir='ltr'><strong>et</strong></span> <span class='ocrx_word' id='word_1_812' title='bbox 749 4541 878 4599; x_wconf 90' lang='lat' dir='ltr'><strong>alibi</strong></span> <span class='ocrx_word' id='word_1_813' title='bbox 926 4542 1211 4613; x_wconf 82' lang='lat' dir='ltr'><strong>Apostolus</strong></span> <span class='ocrx_word' id='word_1_814' title='bbox 1237 4544 1396 4600; x_wconf 91' lang='lat' dir='ltr'><strong>docet</strong></span> <span class='ocrx_word' id='word_1_815' title='bbox 1420 4542 1612 4603; x_wconf 88' lang='lat' dir='ltr'><strong>dicens</strong></span> <span class='ocrx_word' id='word_1_816' title='bbox 1645 4541 1827 4615; x_wconf 86' lang='lat' dir='ltr'><strong>(Rom.</strong></span> <span class='ocrx_word' id='word_1_817' title='bbox 1860 4541 1961 4616; x_wconf 84' lang='lat' dir='ltr'><strong>vn)</strong></span> <span class='ocrx_word' id='word_1_818' title='bbox 1993 4556 2010 4597; x_wconf 91' lang='lat'><strong>:</strong></span> 
     </span>
    </p>
   </div>
   <div class='ocr_carea' id='block_1_92' title="bbox 427 4631 2011 4706">
    <p class='ocr_par' dir='ltr' id='par_1_92' title="bbox 427 4631 2011 4706">
     <span class='ocr_line' id='line_1_92' title="bbox 427 4631 2011 4706; baseline -0.001 -16"><span class='ocrx_word' id='word_1_819' title='bbox 427 4631 619 4705; x_wconf 83' lang='lat' dir='ltr'><strong>Itaque</strong></span> <span class='ocrx_word' id='word_1_820' title='bbox 648 4632 734 4689; x_wconf 78' lang='lat' dir='ltr'><strong>lea:</strong></span> <span class='ocrx_word' id='word_1_821' title='bbox 779 4633 989 4706; x_wconf 82' lang='lat' dir='ltr'><strong>quidem</strong></span> <span class='ocrx_word' id='word_1_822' title='bbox 1037 4642 1223 4695; x_wconf 86' lang='lat' dir='ltr'><strong>sancta</strong></span> <span class='ocrx_word' id='word_1_823' title='bbox 1269 4643 1319 4689; x_wconf 89' lang='lat' dir='ltr'><strong>et</strong></span> <span class='ocrx_word' id='word_1_824' title='bbox 1357 4634 1670 4701; x_wconf 83' lang='lat' dir='ltr'><strong>mandatum</strong></span> <span class='ocrx_word' id='word_1_825' title='bbox 1700 4643 1940 4689; x_wconf 89' lang='lat' dir='ltr'><strong>sanctum</strong></span> <span class='ocrx_word' id='word_1_826' title='bbox 1964 4641 2011 4688; x_wconf 88' lang='lat' dir='ltr'><strong>et</strong></span> 
     </span>
    </p>
   </div>
   <div class='ocr_carea' id='block_1_93' title="bbox 421 4721 2014 4795">
    <p class='ocr_par' dir='ltr' id='par_1_93' title="bbox 421 4721 2014 4795">
     <span class='ocr_line' id='line_1_93' title="bbox 421 4721 2014 4795; baseline -0.001 -18"><span class='ocrx_word' id='word_1_827' title='bbox 421 4723 630 4794; x_wconf 84' lang='lat' dir='ltr'><strong>justum</strong></span> <span class='ocrx_word' id='word_1_828' title='bbox 672 4732 723 4779; x_wconf 84' lang='lat' dir='ltr'><strong>et</strong></span> <span class='ocrx_word' id='word_1_829' title='bbox 763 4722 973 4779; x_wconf 81' lang='lat' dir='ltr'><strong>bonum.</strong></span> <span class='ocrx_word' id='word_1_830' title='bbox 1018 4722 1089 4783; x_wconf 83' lang='lat' dir='ltr'><strong>Et</strong></span> <span class='ocrx_word' id='word_1_831' title='bbox 1117 4723 1368 4781; x_wconf 86' lang='lat' dir='ltr'><strong>Ezechiel</strong></span> <span class='ocrx_word' id='word_1_832' title='bbox 1392 4738 1463 4780; x_wconf 83' lang='lat' dir='ltr'><strong>ex</strong></span> <span class='ocrx_word' id='word_1_833' title='bbox 1510 4738 1745 4795; x_wconf 90' lang='lat' dir='ltr'><strong>persona</strong></span> <span class='ocrx_word' id='word_1_834' title='bbox 1779 4722 1876 4777; x_wconf 88' lang='lat' dir='ltr'><strong>Dei</strong></span> <span class='ocrx_word' id='word_1_835' title='bbox 1907 4721 2014 4777; x_wconf 73' lang='grc' dir='ltr'><em>εει</em></span> 
     </span>
    </p>
   </div>
   <div class='ocr_carea' id='block_1_94' title="bbox 425 4810 2016 4886">
    <p class='ocr_par' dir='ltr' id='par_1_94' title="bbox 425 4810 2016 4886">
     <span class='ocr_line' id='line_1_94' title="bbox 425 4810 2016 4886; baseline -0.001 -18"><span class='ocrx_word' id='word_1_836' title='bbox 425 4812 606 4880; x_wconf 69' lang='lat' dir='ltr'><strong>eduxi,</strong></span> <span class='ocrx_word' id='word_1_837' title='bbox 654 4811 854 4883; x_wconf 83' lang='lat' dir='ltr'><strong>inquit,</strong></span> <span class='ocrx_word' id='word_1_838' title='bbox 905 4828 1016 4880; x_wconf 88' lang='lat' dir='ltr'><strong>eos,</strong></span> <span class='ocrx_word' id='word_1_839' title='bbox 1068 4813 1125 4868; x_wconf 89' lang='lat' dir='ltr'><strong>id</strong></span> <span class='ocrx_word' id='word_1_840' title='bbox 1172 4821 1258 4875; x_wconf 84' lang='lat' dir='ltr'><strong>est</strong></span> <span class='ocrx_word' id='word_1_841' title='bbox 1294 4812 1548 4886; x_wconf 88' lang='lat' dir='ltr'><strong>populum</strong></span> <span class='ocrx_word' id='word_1_842' title='bbox 1570 4810 1902 4877; x_wconf 69' lang='lat' dir='ltr'><strong>Iudaeorum,</strong></span> <span class='ocrx_word' id='word_1_843' title='bbox 1951 4811 2016 4867; x_wconf 88' lang='lat' dir='ltr'><strong>de</strong></span> 
     </span>
    </p>
   </div>
   <div class='ocr_carea' id='block_1_95' title="bbox 426 4899 2013 4975">
    <p class='ocr_par' dir='ltr' id='par_1_95' title="bbox 426 4899 2013 4975">
     <span class='ocr_line' id='line_1_95' title="bbox 426 4899 2013 4975; baseline -0.003 -17"><span class='ocrx_word' id='word_1_844' title='bbox 426 4909 570 4959; x_wconf 83' lang='lat' dir='ltr'><strong>terra</strong></span> <span class='ocrx_word' id='word_1_845' title='bbox 607 4899 851 4975; x_wconf 67' lang='lat' dir='ltr'><strong>Egypti,</strong></span> <span class='ocrx_word' id='word_1_846' title='bbox 873 4909 923 4956; x_wconf 88' lang='lat' dir='ltr'><strong>et</strong></span> <span class='ocrx_word' id='word_1_847' title='bbox 958 4899 1162 4963; x_wconf 73' lang='lat' dir='ltr'><strong>adduxi</strong></span> <span class='ocrx_word' id='word_1_848' title='bbox 1187 4918 1275 4958; x_wconf 86' lang='lat' dir='ltr'><strong>eos</strong></span> <span class='ocrx_word' id='word_1_849' title='bbox 1303 4903 1360 4957; x_wconf 88' lang='lat' dir='ltr'><strong>in</strong></span> <span class='ocrx_word' id='word_1_850' title='bbox 1387 4901 1671 4969; x_wconf 81' lang='lat' dir='ltr'><strong>desertum,</strong></span> <span class='ocrx_word' id='word_1_851' title='bbox 1697 4910 1747 4956; x_wconf 85' lang='lat' dir='ltr'><strong>et</strong></span> <span class='ocrx_word' id='word_1_852' title='bbox 1792 4900 1916 4957; x_wconf 85' lang='lat' dir='ltr'><strong>dedi</strong></span> <span class='ocrx_word' id='word_1_853' title='bbox 1934 4901 2013 4966; x_wconf 80' lang='lat' dir='ltr'><strong>eis</strong></span> 
     </span>
    </p>
   </div>
   <div class='ocr_carea' id='block_1_96' title="bbox 424 4990 2011 5064">
    <p class='ocr_par' dir='ltr' id='par_1_96' title="bbox 424 4990 2011 5064">
     <span class='ocr_line' id='line_1_96' title="bbox 424 4990 2011 5064; baseline 0 -17"><span class='ocrx_word' id='word_1_854' title='bbox 424 5000 687 5064; x_wconf 70' lang='lat' dir='ltr'><strong>praecepta</strong></span> <span class='ocrx_word' id='word_1_855' title='bbox 706 5007 846 5059; x_wconf 85' lang='lat' dir='ltr'><strong>mea,</strong></span> <span class='ocrx_word' id='word_1_856' title='bbox 865 4990 1330 5063; x_wconf 73' lang='lat' dir='ltr'><strong>etjustiﬁcationes</strong></span> <span class='ocrx_word' id='word_1_857' title='bbox 1350 5008 1494 5051; x_wconf 85' lang='lat' dir='ltr'><strong>meas</strong></span> <span class='ocrx_word' id='word_1_858' title='bbox 1524 4991 1729 5049; x_wconf 87' lang='lat' dir='ltr'><strong>ostendi</strong></span> <span class='ocrx_word' id='word_1_859' title='bbox 1756 4992 1854 5059; x_wconf 84' lang='lat' dir='ltr'><strong>eis,</strong></span> <span class='ocrx_word' id='word_1_860' title='bbox 1878 5007 2011 5064; x_wconf 78' lang='lat' dir='ltr'><strong>quas</strong></span> 
     </span>
    </p>
   </div>
   <div class='ocr_carea' id='block_1_97' title="bbox 428 5081 2011 5156">
    <p class='ocr_par' dir='ltr' id='par_1_97' title="bbox 428 5081 2011 5156">
     <span class='ocr_line' id='line_1_97' title="bbox 428 5081 2011 5156; baseline -0.001 -16"><span class='ocrx_word' id='word_1_861' title='bbox 428 5083 589 5156; x_wconf 80' lang='lat' dir='ltr'><strong>faciet</strong></span> <span class='ocrx_word' id='word_1_862' title='bbox 611 5083 788 5152; x_wconf 84' lang='lat' dir='ltr'><strong>homo,</strong></span> <span class='ocrx_word' id='word_1_863' title='bbox 810 5091 860 5139; x_wconf 87' lang='lat' dir='ltr'><strong>et</strong></span> <span class='ocrx_word' id='word_1_864' title='bbox 902 5083 1033 5141; x_wconf 82' lang='lat' dir='ltr'><strong>vivet</strong></span> <span class='ocrx_word' id='word_1_865' title='bbox 1060 5082 1117 5138; x_wconf 89' lang='lat' dir='ltr'><strong>in</strong></span> <span class='ocrx_word' id='word_1_866' title='bbox 1131 5082 1207 5139; x_wconf 88' lang='lat' dir='ltr'><strong>eis</strong></span> <span class='ocrx_word' id='word_1_867' title='bbox 1260 5081 1481 5155; x_wconf 72' lang='lat' dir='ltr'><strong>(Ezech.</strong></span> <span class='ocrx_word' id='word_1_868' title='bbox 1526 5082 1644 5154; x_wconf 87' lang='lat' dir='ltr'><strong>xx).</strong></span> <span class='ocrx_word' id='word_1_869' title='bbox 1675 5081 1755 5138; x_wconf 88' lang='lat' dir='ltr'><strong>De</strong></span> <span class='ocrx_word' id='word_1_870' title='bbox 1782 5095 1850 5138; x_wconf 90' lang='lat' dir='ltr'><strong>ea</strong></span> <span class='ocrx_word' id='word_1_871' title='bbox 1880 5096 2011 5139; x_wconf 87' lang='lat' dir='ltr'><strong>vero</strong></span> 
     </span>
    </p>
   </div>
   <div class='ocr_carea' id='block_1_98' title="bbox 425 5173 2012 5248">
    <p class='ocr_par' dir='ltr' id='par_1_98' title="bbox 425 5173 2012 5248">
     <span class='ocr_line' id='line_1_98' title="bbox 425 5173 2012 5248; baseline -0.002 -15"><span class='ocrx_word' id='word_1_872' title='bbox 425 5176 544 5248; x_wconf 89' lang='lat' dir='ltr'><strong>lege</strong></span> <span class='ocrx_word' id='word_1_873' title='bbox 573 5190 693 5247; x_wconf 68' lang='lat' dir='ltr'><strong>quae</strong></span> <span class='ocrx_word' id='word_1_874' title='bbox 725 5174 863 5233; x_wconf 89' lang='lat' dir='ltr'><strong>iram</strong></span> <span class='ocrx_word' id='word_1_875' title='bbox 890 5182 1166 5245; x_wconf 86' lang='lat' dir='ltr'><strong>operatur,</strong></span> <span class='ocrx_word' id='word_1_876' title='bbox 1217 5174 1306 5232; x_wconf 92' lang='lat' dir='ltr'><strong>cui</strong></span> <span class='ocrx_word' id='word_1_877' title='bbox 1348 5183 1406 5231; x_wconf 89' lang='lat' dir='ltr'><strong>et</strong></span> <span class='ocrx_word' id='word_1_878' title='bbox 1443 5173 1732 5245; x_wconf 81' lang='lat' dir='ltr'><strong>Apostolus</strong></span> <span class='ocrx_word' id='word_1_879' title='bbox 1764 5180 2012 5233; x_wconf 86' lang='lat' dir='ltr'><strong>mortuus</strong></span> 
     </span>
    </p>
   </div>
   <div class='ocr_carea' id='block_1_99' title="bbox 425 5266 2010 5340">
    <p class='ocr_par' dir='ltr' id='par_1_99' title="bbox 425 5266 2010 5340">
     <span class='ocr_line' id='line_1_99' title="bbox 425 5266 2010 5340; baseline -0.004 -14"><span class='ocrx_word' id='word_1_880' title='bbox 425 5275 534 5337; x_wconf 80' lang='lat' dir='ltr'><strong>est,</strong></span> <span class='ocrx_word' id='word_1_881' title='bbox 579 5275 771 5340; x_wconf 81' lang='lat' dir='ltr'><strong>postea</strong></span> <span class='ocrx_word' id='word_1_882' title='bbox 803 5266 1006 5324; x_wconf 87' lang='lat' dir='ltr'><strong>infert:</strong></span> <span class='ocrx_word' id='word_1_883' title='bbox 1043 5266 1114 5321; x_wconf 89' lang='lat' dir='ltr'><strong>Et</strong></span> <span class='ocrx_word' id='word_1_884' title='bbox 1157 5283 1252 5339; x_wconf 90' lang='lat' dir='ltr'><strong>ego</strong></span> <span class='ocrx_word' id='word_1_885' title='bbox 1292 5266 1415 5322; x_wconf 89' lang='lat' dir='ltr'><strong>dedi</strong></span> <span class='ocrx_word' id='word_1_886' title='bbox 1452 5266 1529 5322; x_wconf 87' lang='lat' dir='ltr'><strong>eis</strong></span> <span class='ocrx_word' id='word_1_887' title='bbox 1585 5273 1844 5337; x_wconf 66' lang='lat' dir='ltr'><strong>pracepta</strong></span> <span class='ocrx_word' id='word_1_888' title='bbox 1904 5280 2010 5319; x_wconf 90' lang='lat' dir='ltr'><strong>non</strong></span> 
     </span>
    </p>
   </div>
   <div class='ocr_carea' id='block_1_100' title="bbox 427 5357 2006 5430">
    <p class='ocr_par' dir='ltr' id='par_1_100' title="bbox 427 5357 2006 5430">
     <span class='ocr_line' id='line_1_100' title="bbox 427 5357 2006 5430; baseline 0 -18"><span class='ocrx_word' id='word_1_889' title='bbox 427 5358 586 5425; x_wconf 82' lang='lat' dir='ltr'><strong>bona,</strong></span> <span class='ocrx_word' id='word_1_890' title='bbox 606 5366 657 5415; x_wconf 88' lang='lat' dir='ltr'><strong>et</strong></span> <span class='ocrx_word' id='word_1_891' title='bbox 686 5357 1120 5430; x_wconf 81' lang='lat' dir='ltr'><strong>justiﬁcationes,</strong></span> <span class='ocrx_word' id='word_1_892' title='bbox 1162 5359 1220 5414; x_wconf 91' lang='lat' dir='ltr'><strong>in</strong></span> <span class='ocrx_word' id='word_1_893' title='bbox 1270 5357 1459 5430; x_wconf 79' lang='lat' dir='ltr'><strong>quibus</strong></span> <span class='ocrx_word' id='word_1_894' title='bbox 1484 5374 1595 5414; x_wconf 89' lang='lat' dir='ltr'><strong>non</strong></span> <span class='ocrx_word' id='word_1_895' title='bbox 1616 5358 1784 5413; x_wconf 85' lang='lat' dir='ltr'><strong>vivent</strong></span> <span class='ocrx_word' id='word_1_896' title='bbox 1812 5358 1870 5412; x_wconf 89' lang='lat' dir='ltr'><strong>in</strong></span> <span class='ocrx_word' id='word_1_897' title='bbox 1910 5357 2006 5413; x_wconf 89' lang='lat' dir='ltr'><strong>eis.</strong></span> 
     </span>
    </p>
   </div>
   <div class='ocr_carea' id='block_1_101' title="bbox 425 5446 2013 5520">
    <p class='ocr_par' dir='ltr' id='par_1_101' title="bbox 425 5446 2013 5520">
     <span class='ocr_line' id='line_1_101' title="bbox 425 5446 2013 5520; baseline 0.001 -17"><span class='ocrx_word' id='word_1_898' title='bbox 425 5446 664 5518; x_wconf 87' lang='lat' dir='ltr'><strong>ldipsum</strong></span> <span class='ocrx_word' id='word_1_899' title='bbox 711 5447 1049 5520; x_wconf 80' lang='lat' dir='ltr'><strong>signiﬁcatur</strong></span> <span class='ocrx_word' id='word_1_900' title='bbox 1091 5456 1148 5504; x_wconf 91' lang='lat' dir='ltr'><strong>et</strong></span> <span class='ocrx_word' id='word_1_901' title='bbox 1186 5448 1242 5504; x_wconf 91' lang='lat' dir='ltr'><strong>in</strong></span> <span class='ocrx_word' id='word_1_902' title='bbox 1280 5448 1568 5515; x_wconf 90' lang='lat' dir='ltr'><strong>Psalterio,</strong></span> <span class='ocrx_word' id='word_1_903' title='bbox 1606 5448 1855 5519; x_wconf 84' lang='lat' dir='ltr'><strong>quoniam</strong></span> <span class='ocrx_word' id='word_1_904' title='bbox 1904 5463 2013 5505; x_wconf 81' lang='lat' dir='ltr'><strong>non</strong></span> 
     </span>
    </p>
   </div>
   <div class='ocr_carea' id='block_1_102' title="bbox 427 5536 2012 5611">
    <p class='ocr_par' dir='ltr' id='par_1_102' title="bbox 427 5536 2012 5611">
     <span class='ocr_line' id='line_1_102' title="bbox 427 5536 2012 5611; baseline 0.001 -19"><span class='ocrx_word' id='word_1_905' title='bbox 427 5539 643 5610; x_wconf 74' lang='lat' dir='ltr'><strong>cognovi</strong></span> <span class='ocrx_word' id='word_1_906' title='bbox 666 5536 1038 5607; x_wconf 85' lang='lat' dir='ltr'><strong>litteraturam,</strong></span> <span class='ocrx_word' id='word_1_907' title='bbox 1072 5539 1300 5596; x_wconf 81' lang='lat' dir='ltr'><strong>introibo</strong></span> <span class='ocrx_word' id='word_1_908' title='bbox 1323 5540 1379 5594; x_wconf 88' lang='lat' dir='ltr'><strong>in</strong></span> <span class='ocrx_word' id='word_1_909' title='bbox 1400 5538 1760 5611; x_wconf 79' lang='lat' dir='ltr'><strong>fortitudinem</strong></span> <span class='ocrx_word' id='word_1_910' title='bbox 1782 5537 2012 5593; x_wconf 90' lang='lat' dir='ltr'><strong>Domini.</strong></span> 
     </span>
    </p>
   </div>
   <div class='ocr_carea' id='block_1_103' title="bbox 501 5627 2016 5713">
    <p class='ocr_par' dir='ltr' id='par_1_103' title="bbox 501 5627 2016 5713">
     <span class='ocr_line' id='line_1_103' title="bbox 501 5627 2016 5713; baseline -0.003 -20"><span class='ocrx_word' id='word_1_911' title='bbox 501 5627 709 5693; x_wconf 76' lang='lat' dir='ltr'><strong>Christo</strong></span> <span class='ocrx_word' id='word_1_912' title='bbox 726 5630 963 5713; x_wconf 56' lang='lat' dir='ltr'><strong>conﬁsus</strong></span> <span class='ocrx_word' id='word_1_913' title='bbox 989 5648 1107 5690; x_wconf 86' lang='lat' dir='ltr'><strong>sum</strong></span> <span class='ocrx_word' id='word_1_914' title='bbox 1128 5633 1291 5689; x_wconf 88' lang='lat' dir='ltr'><strong>cruci.</strong></span> <span class='ocrx_word' id='word_1_915' title='bbox 1331 5631 1467 5705; x_wconf 92' lang='lat' dir='ltr'><strong>Quia</strong></span> <span class='ocrx_word' id='word_1_916' title='bbox 1491 5632 1703 5691; x_wconf 80' lang='lat' dir='ltr'><strong>dixerat</strong></span> <span class='ocrx_word' id='word_1_917' title='bbox 1722 5647 1818 5707; x_wconf 87' lang='lat' dir='ltr'><strong>per</strong></span> <span class='ocrx_word' id='word_1_918' title='bbox 1842 5631 2016 5706; x_wconf 88' lang='lat' dir='ltr'><strong>legem</strong></span> 
     </span>
    </p>
   </div>
   <div class='ocr_carea' id='block_1_104' title="bbox 2111 4535 3710 4612">
    <p class='ocr_par' dir='ltr' id='par_1_104' title="bbox 2111 4535 3710 4612">
     <span class='ocr_line' id='line_1_104' title="bbox 2111 4535 3710 4612; baseline 0.002 -19"><span class='ocrx_word' id='word_1_919' title='bbox 2111 4537 2170 4594; x_wconf 83' lang='lat' dir='ltr'><strong>In</strong></span> <span class='ocrx_word' id='word_1_920' title='bbox 2211 4535 2501 4605; x_wconf 80' lang='lat' dir='ltr'><strong>Evangelio</strong></span> <span class='ocrx_word' id='word_1_921' title='bbox 2540 4551 2688 4603; x_wconf 88' lang='lat' dir='ltr'><strong>vero,</strong></span> <span class='ocrx_word' id='word_1_922' title='bbox 2740 4537 2834 4599; x_wconf 87' lang='lat' dir='ltr'><strong>ubi</strong></span> <span class='ocrx_word' id='word_1_923' title='bbox 2877 4538 3107 4612; x_wconf 87' lang='lat' dir='ltr'><strong>apostoli</strong></span> <span class='ocrx_word' id='word_1_924' title='bbox 3151 4545 3567 4605; x_wconf 85' lang='lat' dir='ltr'><strong>enumerantur,</strong></span> <span class='ocrx_word' id='word_1_925' title='bbox 3619 4538 3710 4596; x_wconf 89' lang='lat' dir='ltr'><strong>in-</strong></span> 
     </span>
    </p>
   </div>
   <div class='ocr_carea' id='block_1_105' title="bbox 2117 4625 3714 4700">
    <p class='ocr_par' dir='ltr' id='par_1_105' title="bbox 2117 4625 3714 4700">
     <span class='ocr_line' id='line_1_105' title="bbox 2117 4625 3714 4700; baseline 0.002 -17"><span class='ocrx_word' id='word_1_926' title='bbox 2117 4628 2334 4693; x_wconf 84' lang='lat' dir='ltr'><strong>fertur,</strong></span> <span class='ocrx_word' id='word_1_927' title='bbox 2383 4636 2433 4682; x_wconf 91' lang='lat' dir='ltr'><strong>et</strong></span> <span class='ocrx_word' id='word_1_928' title='bbox 2490 4625 2663 4685; x_wconf 75' lang='lat' dir='ltr'><strong>Iudas</strong></span> <span class='ocrx_word' id='word_1_929' title='bbox 2703 4626 2986 4684; x_wconf 83' lang='lat' dir='ltr'><strong>Iscariotes</strong></span> <span class='ocrx_word' id='word_1_930' title='bbox 3030 4630 3124 4700; x_wconf 87' lang='lat' dir='ltr'><strong>qui</strong></span> <span class='ocrx_word' id='word_1_931' title='bbox 3165 4628 3383 4697; x_wconf 80' lang='lat' dir='ltr'><strong>tradidit</strong></span> <span class='ocrx_word' id='word_1_932' title='bbox 3438 4644 3600 4694; x_wconf 84' lang='lat' dir='ltr'><strong>eum;</strong></span> <span class='ocrx_word' id='word_1_933' title='bbox 3654 4637 3714 4686; x_wconf 88' lang='lat' dir='ltr'><strong>et</strong></span> 
     </span>
    </p>
   </div>
   <div class='ocr_carea' id='block_1_106' title="bbox 2116 4718 3709 4792">
    <p class='ocr_par' dir='ltr' id='par_1_106' title="bbox 2116 4718 3709 4792">
     <span class='ocr_line' id='line_1_106' title="bbox 2116 4718 3709 4792; baseline 0.001 -17"><span class='ocrx_word' id='word_1_934' title='bbox 2116 4734 2333 4775; x_wconf 88' lang='lat' dir='ltr'><strong>rursum</strong></span> <span class='ocrx_word' id='word_1_935' title='bbox 2358 4720 2414 4775; x_wconf 88' lang='lat' dir='ltr'><strong>in</strong></span> <span class='ocrx_word' id='word_1_936' title='bbox 2440 4719 2631 4774; x_wconf 89' lang='lat' dir='ltr'><strong>eodem</strong></span> <span class='ocrx_word' id='word_1_937' title='bbox 2656 4737 2669 4772; x_wconf 76' lang='grc' dir='ltr'>ε</span> <span class='ocrx_word' id='word_1_938' title='bbox 2701 4718 2838 4775; x_wconf 83' lang='lat' dir='ltr'><strong>Ecce</strong></span> <span class='ocrx_word' id='word_1_939' title='bbox 2858 4720 3291 4792; x_wconf 81' lang='lat' dir='ltr'><strong>appropinquavit</strong></span> <span class='ocrx_word' id='word_1_940' title='bbox 3314 4720 3406 4792; x_wconf 83' lang='lat' dir='ltr'><strong>qui</strong></span> <span class='ocrx_word' id='word_1_941' title='bbox 3427 4735 3509 4775; x_wconf 87' lang='lat' dir='ltr'><strong>me</strong></span> <span class='ocrx_word' id='word_1_942' title='bbox 3535 4721 3709 4777; x_wconf 85' lang='lat' dir='ltr'><strong>tradet</strong></span> 
     </span>
    </p>
   </div>
   <div class='ocr_carea' id='block_1_107' title="bbox 2121 4806 3711 4883">
    <p class='ocr_par' dir='ltr' id='par_1_107' title="bbox 2121 4806 3711 4883">
     <span class='ocr_line' id='line_1_107' title="bbox 2121 4806 3711 4883; baseline 0.001 -19"><span class='ocrx_word' id='word_1_943' title='bbox 2121 4808 2319 4881; x_wconf 75' lang='lat' dir='ltr'><strong>(Marc.</strong></span> <span class='ocrx_word' id='word_1_944' title='bbox 2352 4825 2410 4874; x_wconf 89' lang='lat' dir='ltr'><strong>x,</strong></span> <span class='ocrx_word' id='word_1_945' title='bbox 2444 4806 2639 4875; x_wconf 67' lang='lat' dir='ltr'><strong>Matth.</strong></span> <span class='ocrx_word' id='word_1_946' title='bbox 2679 4807 2829 4883; x_wconf 78' lang='lat' dir='ltr'><strong>xxvi)</strong></span> <span class='ocrx_word' id='word_1_947' title='bbox 2857 4827 2871 4863; x_wconf 91' lang='lat'><strong>:</strong></span> <span class='ocrx_word' id='word_1_948' title='bbox 2897 4810 2962 4866; x_wconf 90' lang='lat' dir='ltr'><strong>de</strong></span> <span class='ocrx_word' id='word_1_949' title='bbox 3012 4809 3341 4882; x_wconf 87' lang='lat' dir='ltr'><strong>principibus</strong></span> <span class='ocrx_word' id='word_1_950' title='bbox 3362 4824 3495 4866; x_wconf 90' lang='lat' dir='ltr'><strong>vero</strong></span> <span class='ocrx_word' id='word_1_951' title='bbox 3524 4824 3711 4867; x_wconf 84' lang='lat' dir='ltr'><strong>sacer-</strong></span> 
     </span>
    </p>
   </div>
   <div class='ocr_carea' id='block_1_108' title="bbox 2115 4885 3705 4973">
    <p class='ocr_par' dir='ltr' id='par_1_108' title="bbox 2115 4885 3705 4973">
     <span class='ocr_line' id='line_1_108' title="bbox 2115 4885 3705 4973; baseline 0.001 -18"><span class='ocrx_word' id='word_1_952' title='bbox 2115 4900 2300 4959; x_wconf 88' lang='lat' dir='ltr'><strong>dotum</strong></span> <span class='ocrx_word' id='word_1_953' title='bbox 2345 4908 2402 4956; x_wconf 91' lang='lat' dir='ltr'><strong>et</strong></span> <span class='ocrx_word' id='word_1_954' title='bbox 2433 4898 2737 4955; x_wconf 89' lang='lat' dir='ltr'><strong>senioribus</strong></span> <span class='ocrx_word' id='word_1_955' title='bbox 2771 4900 2953 4973; x_wconf 89' lang='lat' dir='ltr'><strong>populi</strong></span> <span class='ocrx_word' id='word_1_956' title='bbox 2982 4885 3263 4972; x_wconf 82' lang='lat' dir='ltr'><strong>Scriptura</strong></span> <span class='ocrx_word' id='word_1_957' title='bbox 3287 4908 3705 4966; x_wconf 85' lang='lat' dir='ltr'><strong>commemorat,</strong></span> 
     </span>
    </p>
   </div>
   <div class='ocr_carea' id='block_1_109' title="bbox 2113 4988 3709 5062">
    <p class='ocr_par' dir='ltr' id='par_1_109' title="bbox 2113 4988 3709 5062">
     <span class='ocr_line' id='line_1_109' title="bbox 2113 4988 3709 5062; baseline -0.001 -15"><span class='ocrx_word' id='word_1_958' title='bbox 2113 4990 2259 5062; x_wconf 87' lang='lat' dir='ltr'><strong>quod</strong></span> <span class='ocrx_word' id='word_1_959' title='bbox 2297 4990 2778 5047; x_wconf 87' lang='lat' dir='ltr'><strong>condemnaverint</strong></span> <span class='ocrx_word' id='word_1_960' title='bbox 2801 4988 2985 5045; x_wconf 84' lang='lat' dir='ltr'><strong>Jesum</strong></span> <span class='ocrx_word' id='word_1_961' title='bbox 3008 4991 3194 5057; x_wconf 89' lang='lat' dir='ltr'><strong>morti,</strong></span> <span class='ocrx_word' id='word_1_962' title='bbox 3226 4998 3284 5046; x_wconf 86' lang='lat' dir='ltr'><strong>et</strong></span> <span class='ocrx_word' id='word_1_963' title='bbox 3324 4990 3555 5061; x_wconf 73' lang='lat' dir='ltr'><strong>ligentes</strong></span> <span class='ocrx_word' id='word_1_964' title='bbox 3580 5005 3709 5046; x_wconf 87' lang='lat' dir='ltr'><strong>eum</strong></span> 
     </span>
    </p>
   </div>
   <div class='ocr_carea' id='block_1_110' title="bbox 2114 5079 3711 5153">
    <p class='ocr_par' dir='ltr' id='par_1_110' title="bbox 2114 5079 3711 5153">
     <span class='ocr_line' id='line_1_110' title="bbox 2114 5079 3711 5153; baseline -0.001 -14"><span class='ocrx_word' id='word_1_965' title='bbox 2114 5082 2433 5139; x_wconf 88' lang='lat' dir='ltr'><strong>duxerintet</strong></span> <span class='ocrx_word' id='word_1_966' title='bbox 2456 5079 2779 5137; x_wconf 88' lang='lat' dir='ltr'><strong>tradiderint</strong></span> <span class='ocrx_word' id='word_1_967' title='bbox 2805 5080 2978 5138; x_wconf 88' lang='lat' dir='ltr'><strong>Pilato</strong></span> <span class='ocrx_word' id='word_1_968' title='bbox 2999 5081 3316 5153; x_wconf 61' lang='lat' dir='ltr'><strong>praesidiun</strong></span> <span class='ocrx_word' id='word_1_969' title='bbox 3348 5081 3607 5151; x_wconf 87' lang='lat' dir='ltr'><strong>deinceps</strong></span> <span class='ocrx_word' id='word_1_970' title='bbox 3638 5083 3711 5138; x_wconf 85' lang='lat' dir='ltr'><strong>de</strong></span> 
     </span>
    </p>
   </div>
   <div class='ocr_carea' id='block_1_111' title="bbox 2114 5168 3711 5243">
    <p class='ocr_par' dir='ltr' id='par_1_111' title="bbox 2114 5168 3711 5243">
     <span class='ocr_line' id='line_1_111' title="bbox 2114 5168 3711 5243; baseline -0.001 -14"><span class='ocrx_word' id='word_1_971' title='bbox 2114 5173 2288 5230; x_wconf 88' lang='lat' dir='ltr'><strong>Pilato</strong></span> <span class='ocrx_word' id='word_1_972' title='bbox 2320 5190 2332 5226; x_wconf 88' lang='lat'><strong>:</strong></span> <span class='ocrx_word' id='word_1_973' title='bbox 2362 5172 2577 5227; x_wconf 85' lang='lat' dir='ltr'><strong>Dimisit</strong></span> <span class='ocrx_word' id='word_1_974' title='bbox 2599 5172 2675 5226; x_wconf 91' lang='lat' dir='ltr'><strong>eis</strong></span> <span class='ocrx_word' id='word_1_975' title='bbox 2704 5168 3018 5239; x_wconf 84' lang='lat' dir='ltr'><strong>Barrabam,</strong></span> <span class='ocrx_word' id='word_1_976' title='bbox 3044 5172 3227 5229; x_wconf 77' lang='lat' dir='ltr'><strong>Iesum</strong></span> <span class='ocrx_word' id='word_1_977' title='bbox 3249 5181 3424 5228; x_wconf 82' lang='lat' dir='ltr'><strong>autem</strong></span> <span class='ocrx_word' id='word_1_978' title='bbox 3467 5171 3711 5243; x_wconf 80' lang='lat' dir='ltr'><strong>ﬂagella-</strong></span> 
     </span>
    </p>
   </div>
   <div class='ocr_carea' id='block_1_112' title="bbox 2112 5262 3703 5338">
    <p class='ocr_par' dir='ltr' id='par_1_112' title="bbox 2112 5262 3703 5338">
     <span class='ocr_line' id='line_1_112' title="bbox 2112 5262 3703 5338; baseline -0.001 -18"><span class='ocrx_word' id='word_1_979' title='bbox 2112 5274 2225 5321; x_wconf 85' lang='lat' dir='ltr'><strong>tum</strong></span> <span class='ocrx_word' id='word_1_980' title='bbox 2264 5264 2481 5321; x_wconf 89' lang='lat' dir='ltr'><strong>tradidit</strong></span> <span class='ocrx_word' id='word_1_981' title='bbox 2512 5264 2586 5320; x_wconf 87' lang='lat' dir='ltr'><strong>eis</strong></span> <span class='ocrx_word' id='word_1_982' title='bbox 2631 5272 2687 5318; x_wconf 88' lang='lat' dir='ltr'><strong>ut</strong></span> <span class='ocrx_word' id='word_1_983' title='bbox 2710 5263 3071 5336; x_wconf 78' lang='lat' dir='ltr'><strong>cruciﬁgerent</strong></span> <span class='ocrx_word' id='word_1_984' title='bbox 3102 5282 3220 5321; x_wconf 87' lang='lat' dir='ltr'><strong>eum</strong></span> <span class='ocrx_word' id='word_1_985' title='bbox 3244 5264 3460 5337; x_wconf 73' lang='lat' dir='ltr'><strong>(Matth.</strong></span> <span class='ocrx_word' id='word_1_986' title='bbox 3500 5262 3703 5338; x_wconf 74' lang='lat' dir='ltr'><strong>xxvii).</strong></span> 
     </span>
    </p>
   </div>
   <div class='ocr_carea' id='block_1_113' title="bbox 2111 5354 3705 5429">
    <p class='ocr_par' dir='ltr' id='par_1_113' title="bbox 2111 5354 3705 5429">
     <span class='ocr_line' id='line_1_113' title="bbox 2111 5354 3705 5429; baseline 0 -18"><span class='ocrx_word' id='word_1_987' title='bbox 2111 5356 2281 5429; x_wconf 84' lang='lat' dir='ltr'><strong>Igitur</strong></span> <span class='ocrx_word' id='word_1_988' title='bbox 2315 5363 2373 5412; x_wconf 91' lang='lat' dir='ltr'><strong>et</strong></span> <span class='ocrx_word' id='word_1_989' title='bbox 2400 5354 2562 5411; x_wconf 90' lang='lat' dir='ltr'><strong>Pater</strong></span> <span class='ocrx_word' id='word_1_990' title='bbox 2582 5354 2804 5411; x_wconf 88' lang='lat' dir='ltr'><strong>tradidit</strong></span> <span class='ocrx_word' id='word_1_991' title='bbox 2824 5354 3041 5423; x_wconf 85' lang='lat' dir='ltr'><strong>Filium,</strong></span> <span class='ocrx_word' id='word_1_992' title='bbox 3088 5363 3143 5412; x_wconf 90' lang='lat' dir='ltr'><strong>et</strong></span> <span class='ocrx_word' id='word_1_993' title='bbox 3160 5355 3331 5412; x_wconf 88' lang='lat' dir='ltr'><strong>Filius</strong></span> <span class='ocrx_word' id='word_1_994' title='bbox 3358 5355 3471 5425; x_wconf 85' lang='lat' dir='ltr'><strong>ipse</strong></span> <span class='ocrx_word' id='word_1_995' title='bbox 3496 5370 3559 5410; x_wconf 88' lang='lat' dir='ltr'><strong>se</strong></span> <span class='ocrx_word' id='word_1_996' title='bbox 3586 5362 3705 5411; x_wconf 83' lang='lat' dir='ltr'><strong>tra-</strong></span> 
     </span>
    </p>
   </div>
   <div class='ocr_carea' id='block_1_114' title="bbox 2114 5444 3704 5518">
    <p class='ocr_par' dir='ltr' id='par_1_114' title="bbox 2114 5444 3704 5518">
     <span class='ocr_line' id='line_1_114' title="bbox 2114 5444 3704 5518; baseline 0.001 -17"><span class='ocrx_word' id='word_1_997' title='bbox 2114 5446 2273 5508; x_wconf 85' lang='lat' dir='ltr'><strong>didit,</strong></span> <span class='ocrx_word' id='word_1_998' title='bbox 2293 5454 2352 5501; x_wconf 90' lang='lat' dir='ltr'><strong>et</strong></span> <span class='ocrx_word' id='word_1_999' title='bbox 2374 5445 2560 5511; x_wconf 78' lang='lat' dir='ltr'><strong>ludas,</strong></span> <span class='ocrx_word' id='word_1_1000' title='bbox 2589 5452 2647 5501; x_wconf 92' lang='lat' dir='ltr'><strong>et</strong></span> <span class='ocrx_word' id='word_1_1001' title='bbox 2673 5444 2986 5502; x_wconf 87' lang='lat' dir='ltr'><strong>sacerdotes</strong></span> <span class='ocrx_word' id='word_1_1002' title='bbox 3016 5460 3141 5501; x_wconf 92' lang='lat' dir='ltr'><strong>eum</strong></span> <span class='ocrx_word' id='word_1_1003' title='bbox 3168 5446 3505 5518; x_wconf 86' lang='lat' dir='ltr'><strong>principibus</strong></span> <span class='ocrx_word' id='word_1_1004' title='bbox 3532 5446 3704 5503; x_wconf 85' lang='lat' dir='ltr'><strong>tradi-</strong></span> 
     </span>
    </p>
   </div>
   <div class='ocr_carea' id='block_1_115' title="bbox 2118 5536 3705 5606">
    <p class='ocr_par' dir='ltr' id='par_1_115' title="bbox 2118 5536 3705 5606">
     <span class='ocr_line' id='line_1_115' title="bbox 2118 5536 3705 5606; baseline 0 -12"><span class='ocrx_word' id='word_1_1005' title='bbox 2118 5538 2336 5604; x_wconf 90' lang='lat' dir='ltr'><strong>derunt,</strong></span> <span class='ocrx_word' id='word_1_1006' title='bbox 2364 5546 2419 5595; x_wconf 90' lang='lat' dir='ltr'><strong>et</strong></span> <span class='ocrx_word' id='word_1_1007' title='bbox 2449 5536 2518 5594; x_wconf 89' lang='lat' dir='ltr'><strong>ad</strong></span> <span class='ocrx_word' id='word_1_1008' title='bbox 2544 5545 2848 5594; x_wconf 86' lang='lat' dir='ltr'><strong>extremum</strong></span> <span class='ocrx_word' id='word_1_1009' title='bbox 2891 5537 3147 5593; x_wconf 87' lang='lat' dir='ltr'><strong>traditum</strong></span> <span class='ocrx_word' id='word_1_1010' title='bbox 3175 5538 3300 5604; x_wconf 87' lang='lat' dir='ltr'><strong>sibi,</strong></span> <span class='ocrx_word' id='word_1_1011' title='bbox 3334 5537 3557 5593; x_wconf 85' lang='lat' dir='ltr'><strong>tradidit</strong></span> <span class='ocrx_word' id='word_1_1012' title='bbox 3587 5538 3705 5606; x_wconf 86' lang='lat' dir='ltr'><strong>ipse</strong></span> 
     </span>
    </p>
   </div>
   <div class='ocr_carea' id='block_1_116' title="bbox 2118 5626 3704 5709">
    <p class='ocr_par' dir='ltr' id='par_1_116' title="bbox 2118 5626 3704 5709">
     <span class='ocr_line' id='line_1_116' title="bbox 2118 5626 3704 5709; baseline -0.001 -22"><span class='ocrx_word' id='word_1_1013' title='bbox 2118 5627 2328 5687; x_wconf 87' lang='lat' dir='ltr'><strong>Pilatus</strong></span> <span class='ocrx_word' id='word_1_1014' title='bbox 2373 5629 2514 5688; x_wconf 88' lang='lat' dir='ltr'><strong>:sed</strong></span> <span class='ocrx_word' id='word_1_1015' title='bbox 2565 5627 2729 5685; x_wconf 89' lang='lat' dir='ltr'><strong>Pater</strong></span> <span class='ocrx_word' id='word_1_1016' title='bbox 2777 5627 3003 5697; x_wconf 73' lang='lat' dir='ltr'><strong>tradidit</strong></span> <span class='ocrx_word' id='word_1_1017' title='bbox 3046 5636 3107 5685; x_wconf 88' lang='lat' dir='ltr'><strong>ut</strong></span> <span class='ocrx_word' id='word_1_1018' title='bbox 3151 5627 3387 5686; x_wconf 87' lang='lat' dir='ltr'><strong>salvaret</strong></span> <span class='ocrx_word' id='word_1_1019' title='bbox 3430 5626 3704 5709; x_wconf 77' lang='lat' dir='ltr'><strong>perditum</strong></span> 
     </span>
    </p>
   </div>
  </div>
