4022 6338
203 341 301 396 281

661 340 1212 398 ΕΝΑΒΒΑΤΙΟΝΠΜ
1255 340 1323 396 ΙΝ
1365 341 1513 396 ΕΡΡ.
1554 337 1761 396 PAULI

1889 336 1926 389 ς.
1970 335 2107 392 xw.
2149 369 2219 379 —
2247 339 2315 395 1N
2353 340 2570 398 EPIST.
2609 343 2702 397 an
2738 342 2989 428 canar.

3350 343 3459 402 282

201 453 484 519 mundum,
507 451 662 508 Iesus
703 456 815 524 ipse
841 469 898 511 se
936 456 1176 521 tradidit,
1208 463 1268 510 ut
1294 455 1473 510 Patris
1513 469 1774 524 suamque
1801 457 1855 516 Α
1879 461 1989 510 tem
2031 461 2208 522 potest
2258 467 2380 508 cum
2432 452 2689 523 Apostolo
2731 453 2912 509 dicere
2954 471 2967 507 ε
3005 450 3190 509 Gratia
3238 457 3352 525 ejus
3399 456 3460 514 in

201 543 408 599 faceret
451 543 799 608 voluntatem,
846 543 1010 599 Judas
1036 553 1238 611 autem,
1269 553 1324 600 et
1367 543 1694 608 sacerdotes,
1723 553 1779 597 et

202 635 444 690 seniores
469 633 670 704 populi,
697 641 751 689 et
774 633 1000 700 Pilatus,
1046 635 1214 688 vitam
1259 634 1420 688 morti
1468 633 1637 688 nescii
1669 640 1780 687 tra-

202 727 475 783 diderunt.
518 725 700 798 (Aug)
752 726 882 793 Quae
918 743 1041 782 cum
1067 727 1184 796 ipsa
1224 741 1437 796 quoque
1467 741 1524 782 se
1547 741 1648 796 pro
1675 741 1776 781 no-

201 825 318 872 stra
346 815 521 871 salute
563 817 867 882 tradiderit,
912 817 1106 873 videtis
1134 818 1258 887 quia
1295 833 1402 871 non
1451 817 1582 888 quid
1615 815 1778 872 faciat

202 905 369 964 homo
409 904 853 966 considerandum
877 915 978 972 est,
1014 906 1108 960 sed
1137 920 1244 976 quo
1285 906 1468 960 animo
1497 912 1553 960 et
1586 904 1776 960 volun-

203 1005 326 1058 tate
360 995 542 1050 faciat.
575 995 631 1049 ln
659 996 846 1051 eodem
901 996 1046 1051 facto
1102 997 1406 1051 invenimus
1465 995 1634 1051 Deum
1675 996 1779 1051 Pa—

205 1095 366 1151 trem,
417 1087 472 1140 in
514 1101 621 1156 quo
648 1086 950 1142 invenimus
976 1085 1450 1143 JudamzPatrem
1499 1087 1777 1142 benedici-

203 1194 347 1243 mus,
390 1175 584 1236 ludam
633 1178 983 1244 detestamur,
1027 1177 1390 1234 benedicimus
1437 1177 1775 1242 charitatem,

202 1268 537 1329 detestamur
573 1267 930 1336 iniquitatem.
981 1266 1252 1334 Quantum
1287 1268 1432 1321 enim
1477 1267 1778 1337 priestitum

201 1367 288 1413 est
319 1357 507 1427 generi
536 1358 771 1412 humano
805 1358 1000 1412 tradito
1025 1357 1265 1423 Christo,
1289 1357 1532 1426 nunquid
1561 1358 1664 1413 hoc
1697 1371 1781 1412 co-

203 1449 398 1520 gitavit
443 1445 610 1502 Judas
646 1455 705 1504 ut
747 1446 1028 1502 traderet?
1077 1449 1220 1502 Deus
1249 1447 1504 1518 cogitavit
1549 1446 1778 1501 salutem

201 1547 464 1601 nostram,
533 1536 658 1606 quia
706 1537 968 1606 redempti
1040 1530 1225 1591 sumus
1254 1554 1267 1589 :
1296 1534 1464 1590 Judas
1527 1535 1782 1607 cogitavit

201 1628 433 1700 pretium
459 1641 566 1698 quo
594 1626 830 1682 vendidit
854 1626 1140 1684 Dominum
1167 1644 1178 1688 ;
1207 1625 1376 1682 Filius
1403 1626 1518 1696 ipse
1542 1626 1778 1694 pretium

200 1719 346 1791 quod
375 1719 521 1773 dedit
545 1733 642 1788 pro
665 1718 841 1782 nobis,
869 1715 1035 1772 Judas
1062 1717 1318 1789 cogitavit
1363 1716 1596 1787 pretium
1633 1715 1778 1786 quod

1879 559 1960 597 me
1998 559 2102 596 non
2152 543 2252 612 fuit
2305 560 2474 597 vacua
2511 543 2563 615 (Ι
2614 543 2735 598 Cor.
2779 543 2904 615 xv),
2965 544 3068 600 iste
3127 554 3182 600 et
3225 547 3329 602 hoc
3377 547 3460 604 lo-

1879 633 2065 703 quitur
2119 632 2454 688 contidenter
2504 653 2516 686 :
2564 633 2690 688 Non
2746 634 2998 703 abjiciam
3044 636 3274 706 gratiam
3330 638 3452 694 Dei.

1880 722 2032 789 Quod
2073 730 2253 777 autem
2309 725 2572 794 sequitur,
2596 725 2750 780 valde
2785 726 3148 780 necessarium
3221 736 3305 782 est
3355 729 3456 782 ad-

1877 827 2093 866 versum
2148 827 2242 868 eos
2289 813 2379 882 qui
2421 822 2542 882 post
2592 813 2750 869 fidem
2808 814 3027 881 Christi,
3074 824 3267 886 putant
3319 817 3454 889 legis

1877 909 2148 972 praecepta
2176 903 2459 958 servanda.
2503 904 2792 958 Dicendum
2825 905 3020 974 quippe
3047 906 3147 971 eis,
3180 907 3224 962 si
3265 922 3360 976 per
3380 907 3456 962 le-

1880 1004 2000 1061 gem
2021 989 2228 1059 justitia
2251 1003 2353 1055 est,
2375 991 2516 1060 quod
2540 991 2784 1048 Christus
2797 994 2966 1063 gratis
2987 1001 3232 1049 mortuus
3247 996 3332 1059 sit,
3360 1004 3454 1050 aut

1879 1089 2024 1135 certe
2055 1081 2283 1136 doceant
2305 1083 2569 1151 quomodo
2597 1099 2702 1136 non
2727 1081 2973 1138 Christus
3000 1085 3170 1153 gratis
3215 1093 3458 1140 mortuus

1879 1170 1970 1233 sit,
1996 1170 2041 1224 si
2063 1185 2227 1239 opera
2245 1170 2560 1240 justifieeut.
2587 1170 2691 1226 Sed
2713 1173 2958 1241 quamvis
2979 1173 3086 1227 sint
3105 1173 3352 1239 hebetes,
3375 1175 3454 1229 di-

1879 1273 2002 1313 cere
2021 1274 2127 1313 non
2150 1260 2422 1314 audebunt
2445 1260 2715 1316 Christum
2741 1261 2858 1315 sine
2879 1277 3042 1317 causa
3067 1270 3358 1318 mortuum.
3374 1263 3458 1319 Ad

1879 1349 2195 1419 particulam
2216 1350 2396 1419 itaque
2428 1351 2742 1422 syllogismi,
2778 1367 2898 1422 quae
2928 1353 3016 1408 hic
3040 1354 3376 1423 proponitur,
3403 1354 3459 1409 id

1880 1449 1984 1507 est,
2013 1441 2059 1494 si
2106 1442 2244 1496 enim
2288 1459 2380 1511 per
2417 1441 2575 1512 legem
2595 1441 2836 1510 justitia,
2871 1458 2990 1511 ergo
3021 1441 3258 1496 Christus
3292 1443 3457 1513 gratis

1880 1543 2118 1590 mortuus
2139 1541 2236 1599 est,
2259 1533 2518 1588 debemus
2533 1532 2660 1587 illud
2681 1546 2956 1587 assumere
2971 1533 3112 1602 quod
3131 1547 3460 1603 consequen-

1881 1634 1964 1681 ter
1988 1625 2234 1692 infertur,
2264 1633 2319 1681 et
2339 1625 2522 1695 negari
2545 1640 2651 1680 non
2668 1631 2844 1694 potest
2863 1639 2876 1678 :
2893 1623 3137 1679 Christus
3151 1633 3328 1678 autem
3351 1637 3458 1678 non

1879 1724 1963 1773 est
2000 1717 2166 1788 gratis
2185 1725 2453 1781 mortuus,
2477 1724 2532 1770 et
2550 1714 2870 1772 concludere
2895 1731 2906 1767 :
2932 1729 3039 1769 non
3063 1713 3226 1784 igitur
3253 1727 3350 1784 per
3379 1712 3457 1767 le-

201 1812 434 1881 accepit,
463 1820 526 1866 ut
552 1811 826 1866 venderet.
859 1809 1082 1864 Diversa
1134 1823 1264 1879 ergo
1296 1808 1528 1862 intentio
1566 1807 1780 1862 diversa
1811 1805 1854 1864 Β
1882 1822 1999 1878 gem
2009 1806 2242 1876 justitia.
2261 1805 2549 1877 Hucusque
2569 1812 2759 1860 contra
2785 1803 3024 1868 Petrum,
3054 1818 3199 1862 nunc
3220 1804 3287 1861 ad
3304 1802 3458 1860 Gala-

199 1902 343 1956 facta
366 1900 519 1965 facit,
543 1915 666 1954 cum
687 1899 760 1955 sit
788 1913 894 1953 una
919 1913 1008 1952 res
1035 1911 1102 1957 ex
1124 1897 1352 1952 diversis
1372 1895 1777 1962 intentionibus,

199 2006 322 2047 eam
367 1990 414 2044 si
448 1989 757 2052 metiamur,
793 2002 968 2050 unum
1001 1985 1311 2051 amandum,
1364 1986 1592 2041 alterum
1631 1987 1782 2042 dam-

200 2079 460 2143 nandum,
512 2093 679 2133 unum
743 2076 1173 2147 glorificandum,
1231 2076 1463 2131 alterum
1505 2076 1780 2132 detestan-

201 2170 329 2226 dum
380 2167 706 2226 invenimus.
745 2185 762 2217 ‹
792 2165 944 2242 Quod
985 2174 1166 2223 autem
1212 2181 1355 2220 nunc
1386 2167 1527 2232 vivo,
1581 2166 1779 2236 inquit,

202 2259 258 2314 in
313 2271 502 2320 carne,
532 2267 567 2308 ι’
587 2255 714 2324 quia
757 2271 864 2310 non
893 2264 1076 2326 posset
1103 2256 1280 2311 dicere
1309 2254 1584 2311 Christum
1606 2257 1781 2311 adhuc

201 2347 506 2404 mortaliter
556 2345 762 2412 vivere,
787 2335 906 2400 vita.
923 2355 1103 2401 autem
1127 2346 1182 2400 in
1213 2361 1378 2402 carne
1405 2347 1648 2401 mortalis
1674 2356 1778 2412 est,

200 2441 257 2494 in
286 2439 414 2508 ﬁde,
440 2437 634 2507 inquit,
656 2436 775 2492 'vivo
801 2435 930 2492 Filii
956 2439 1078 2504 Dei,
1123 2449 1182 2492 ut
1209 2439 1372 2494 etiam
1427 2439 1505 2496 sic
1535 2438 1782 2495 Christus

201 2533 350 2587 vivat
393 2531 448 2585 in
493 2529 766 2594 credente,
807 2529 1099 2585 habitando
1145 2529 1200 2584 in
1243 2530 1501 2586 interiore
1562 2530 1783 2586 homine

203 2638 300 2695 per
353 2622 535 2684 fidem,
583 2629 644 2674 ut
694 2629 878 2690 postea
929 2636 1026 2692 per
1069 2620 1304 2689 speciem
1360 2619 1580 2690 impleat
1635 2634 1778 2684 eum,

209 2727 332 2767 cum
374 2712 692 2780 absorptum
748 2708 912 2770 fuerit
949 2710 1180 2766 mortale
1214 2725 1246 2764 a
1305 2710 1436 2764 vita.
1487 2709 1558 2765 Ut
1600 2719 1782 2763 autem

204 2799 514 2856 ostenderet
581 2797 724 2868 quod
795 2799 928 2854 vivit
993 2799 1048 2855 in
1103 2799 1194 2862 illo
1249 2797 1498 2856 Christus
1544 2808 1600 2854 et
1643 2798 1785 2868 quod

206 2894 261 2948 in
287 2907 454 2948 carne
497 2877 686 2948 vivens
715 2893 767 2946 in
803 2893 908 2948 riae
957 2893 1092 2948 vivit
1127 2893 1250 2950 Filii
1289 2893 1402 2957 Dei,
1444 2908 1552 2948 non
1606 2889 1784 2947 meriti

205 2986 286 3041 sui
333 2999 457 3039 esse
487 3025 502 3049 ,
560 2983 654 3049 sed
705 2983 892 3054 gratiae
958 2984 1148 3054 ipsius,
1219 2983 1310 3054 qui
1361 3000 1442 3038 me
1475 3023 1492 3051 ,
1561 2983 1776 3054 inquit,

206 3073 386 3130 dilexit
427 3083 474 3128 et
518 3072 736 3137 tradidit
776 3072 998 3142 seipsum
1042 3089 1137 3142 pro
1170 3089 1271 3138 me,
1299 3087 1398 3142 pro
1426 3088 1534 3145 quo
1576 3073 1783 3143 utique,

1883 1905 1968 1954 tas
1993 1897 2302 1952 revertitur.

2495 1985 2722 2044 CAPUT
2760 1986 2845 2042 lll.

1881 2100 2229 2171 Increpantur
2257 2097 2482 2171 Galqtte,
2507 2099 2880 2171 ostendensque
2909 2097 3189 2171 Apostolus
3213 2097 3454 2171 imperfe-

1950 2168 2169 2227 ctionem
2194 2169 2320 2240 legis
2360 2168 2628 2240 Mosaiete,
2673 2169 2798 2222 dicit
2814 2169 3080 2238 justitiam
3105 2185 3214 2223 esse
3238 2185 3301 2222 ea;
3327 2168 3452 2238 ﬁde,

1951 2238 2272 2293 annectendo
2294 2238 2422 2308 legis
2445 2239 2744 2292 utilitatem.

1955 2351 1999 2407 0
2029 2351 2281 2406 insensati
2333 2347 2556 2416 Galatw,
2605 2350 2721 2420 quis
2764 2365 2851 2404 vos
2883 2349 3210 2419 fascinavit?
3240 2347 3444 2420 (Amb.)

1881 2445 2171 2510 Irascentis
2193 2461 2315 2500 cum
2340 2444 2600 2500 miraculo
2630 2444 2792 2499 verba
2821 2450 2967 2507 sunt,
2994 2443 3120 2512 quia
3141 2442 3221 2501 sic
3245 2439 3461 2496 fuerant

1881 2537 2176 2607 depravati,
2231 2544 2291 2590 ut
2340 2551 2442 2590 nec
2492 2550 2552 2590 se
2603 2543 2960 2602 agnoscerent
3030 2533 3454 2589 circumventos.

1879 2626 2151 2682 Prooemio
2185 2641 2317 2680 usus
2346 2633 2450 2691 est,
2491 2625 2668 2680 omnis
2716 2625 2863 2680 enim
2906 2625 2999 2694 qui
3031 2623 3348 2690 fascinatur,
3392 2627 3458 2679 de

1883 2718 2022 2772 bono
2053 2717 2247 2772 transit
2283 2717 2351 2771 ad
2383 2716 2604 2782 malum,
2638 2716 2777 2770 sicut
2819 2724 2874 2770 et
2918 2716 2972 2770 hi
3029 2716 3095 2770 de
3133 2716 3380 2770 libertate
3407 2721 3463 2770 et

1885 2808 2174 2864 securitate
2223 2807 2290 2861 ad
2337 2806 2616 2860 servitium
2669 2813 2725 2860 et
2777 2805 3190 2861 sollicitudinem
3234 2805 3462 2860 transie-

1885 2906 2028 2955 runt.
2061 2894 2330 2970 (Ηὶενοη.)
2369 2895 2664 2963 Dupliciter
2686 2894 2774 2948 hic
2804 2893 2954 2948 locus
2979 2894 3204 2964 intelligi
3240 2903 3455 2962 potest;

1885 2993 1972 3048 vel
2002 2991 2124 3046 ideo
2169 2991 2473 3045 insensatos
2499 2985 2715 3044 Galatas
2743 2984 3060 3057 appellatos,
3090 3001 3120 3038 a
3165 2984 3460 3053 majoribus

1890 3082 1957 3136 ad
1976 3080 2183 3135 minora
2209 3079 2505 3142 venientes,
2535 3077 2659 3146 quia
2685 3073 2948 3146 coeperint
2974 3073 3187 3144 spiritu,
3212 3083 3268 3130 et
3296 3088 3460 3132 carne

207 3166 308 3220 nisi
341 3179 439 3234 pro
461 3171 763 3232 peccatore.
796 3171 856 3225 ut
882 3179 1005 3219 eum
1028 3162 1378 3232 justiﬁcaI'et?
1405 3164 1472 3218 Ει
1497 3164 1627 3219 diCil
1657 3165 1779 3230 hoc,
1887 3177 2329 3226 consummentur
2356 3183 2370 3222 :
2395 3168 2478 3223 vel
2499 3169 2568 3223 ob
2589 3168 2642 3222 id
2669 3169 2810 3236 quod
2833 3183 3163 3238 uitaquarque
3181 3169 3456 3239 provincia

208 3256 298 3325 qui
325 3254 545 3309 Judmus
580 3263 740 3307 natus
779 3261 832 3306 et
859 3255 1115 3308 educatus
1144 3262 1282 3318 erat,
1327 3261 1382 3307 et
1428 3253 1786 3308 abundantius

207 3344 486 3400 aemulator
500 3343 786 3397 exstiterat
802 3351 1149 3412 paternarum
1173 3357 1390 3398 suarum
1415 3343 1781 3398 traditionum.

207 3437 350 3506 Ergo
381 3444 438 3490 et
490 3434 535 3489 si
594 3449 691 3504 pro
721 3433 914 3488 talibus
961 3449 1019 3488 se
1059 3434 1275 3488 tradidit
1314 3433 1584 3498 Christus,
1622 3435 1787 3488 etiam

209 3528 307 3599 ipsi
335 3532 653 3596 peccatores
673 3532 848 3580 erant.
873 3523 990 3579 Non
1020 3538 1149 3594 ergo
1197 3523 1404 3578 meritis
1421 3522 1647 3591 iustitiae
1676 3539 1787 3578 suae

209 3620 394 3676 datum
448 3615 666 3682 dicant,
719 3617 861 3686 quod
921 3631 1029 3671 non
1096 3631 1230 3686 opus
1277 3624 1396 3670 erat
1440 3614 1602 3684 justis
1647 3615 1783 3672 dari.

211 3709 338 3765 Non
369 3707 516 3764 enim
537 3707 652 3760 veni
682 3723 865 3760 vocare
879 3705 1074 3775 justos,
1099 3707 1175 3760 ait
1197 3705 1479 3772 Dominus,
1505 3705 1594 3760 sed
1614 3721 1792 3775 pecca-

204 3812 366 3864 tores,
392 3801 461 3854 ad
483 3800 585 3854 hoc
607 3799 793 3868 utique
808 3813 874 3853 ne
890 3783 1340 3868 sintpeccatOres.
1367 3795 1569 3867 (Ilier.)
1593 3795 1791 3851 Beatus

206 3891 553 3960 multumque
595 3888 725 3944 felix
769 3888 860 3959 qui
906 3889 1123 3944 vivente
1171 3889 1225 3943 in
1282 3903 1340 3943 se
1393 3887 1650 3952 Christo,
1696 3903 1793 3958 per

205 3984 455 4056 singulas
493 3983 846 4054 cogitationes
899 3994 954 4038 et
999 3998 1184 4054 Opera,
1232 3991 1410 4054 potest
1467 3983 1691 4038 dicere:
1727 3982 1792 4038 In

205 4077 316 4144 ﬁde
342 4078 455 4130 vico
493 4073 624 4128 Filii
655 4074 754 4130 Dei
775 4074 864 4146 qui
907 4073 1088 4128 dilex't
1111 4091 1192 4128 me
1229 4084 1274 4128 et
1307 4073 1524 4127 tradidit
1567 4074 1795 4144 seipsum

205 4186 304 4240 pro
332 4185 434 4221 me.
451 4165 659 4220 -Νοη
681 4167 868 4236 abjicio
894 4167 1118 4236 gratiam
1137 4165 1256 4219 Dei.
1283 4163 1342 4220 Si
1361 4167 1499 4220 enim
1520 4181 1612 4234 per
1632 4163 1794 4235 legem

207 4260 442 4330 iustitia,
495 4275 614 4330 ergo
667 4255 905 4312 Christus
947 4259 1112 4327 gratis
1165 4271 1401 4312 mortuus
1451 4266 1546 4312 est.
1591 4255 1793 4328 (Amb.)

209 4351 318 4405 llic
363 4364 496 4419 ergo
549 4363 655 4401 non
703 4355 788 4402 est
840 4348 1082 4418 ingratus
1131 4347 1379 4412 Christo,
1435 4348 1528 4417 qui
1578 4347 1632 4400 in
1683 4347 1788 4401 ﬁde

211 4439 335 4508 ejus
349 4438 628 4508 perdurat,
655 4437 830 4492 sciens
844 4438 1039 4492 nullius
1068 4453 1124 4492 se
1137 4439 1335 4492 habere
1357 4436 1676 4492 beneficium
1691 4437 1793 4492 nisi

1887 3277 2010 3316 suas
2053 3261 2244 3314 habeat
2268 3258 2648 3328 proprietates.
2678 3257 2968 3313 Cretenses
2996 3273 3211 3328 semper
3241 3260 3460 3314 menda-

1887 3369 1978 3409 ces
2008 3372 2020 3407 :
2055 3352 2224 3408 malas
2251 3353 2468 3418 bestias,
2499 3360 2716 3407 ventres
2743 3352 2946 3422 pigros,
2974 3367 3101 3408 vere
3140 3354 3209 3408 ab
3243 3353 3459 3424 Epime-

1887 3445 2014 3498 nide
2061 3450 2220 3513 poeta
2262 3442 2457 3508 dictos,
2513 3443 2799 3512 Apostolus
2868 3445 3182 3514 comprobat
3233 3463 3245 3499 :
3297 3461 3462 3500 vanos

1891 3535 2129 3598 Mauros,
2169 3543 2224 3589 et
2269 3534 2479 3590 feroces
2509 3535 2780 3590 Dalmatas
2817 3536 3038 3590 Latinus
3094 3537 3274 3606 pulsat
3295 3537 3466 3592 histo-

1890 3628 2050 3689 ricus,
2092 3625 2306 3680 timidos
2334 3625 2574 3696 Phrygas
2599 3641 2788 3682 omnes
2809 3635 2978 3696 poeta:
3008 3627 3268 3682 lacerant.
3297 3627 3464 3682 Athe—

1890 3717 1976 3772 nis
2007 3716 2341 3787 expeditiora
2372 3716 2521 3770 nasci
2550 3716 2759 3787 ingenia
2797 3717 3097 3786 philosophi
3128 3717 3457 3787 gloriantur;

1890 3809 2104 3866 Griecos
2130 3807 2274 3863 leves
2302 3809 2441 3878 apud
2475 3806 2663 3862 Caium
2701 3806 2967 3862 Caesarem
2995 3807 3241 3878 suggillat
3263 3807 3468 3862 Tullius

1891 3899 2099 3962 dicens,
2119 3915 2136 3948 ς
2165 3897 2468 3951 autlcvium
2490 3896 2797 3951 Graecorum
2819 3905 2911 3948 aut
2933 3896 3245 3950 immanium
3268 3896 3466 3951 barba-

1893 4003 2098 4044 rorum.
2113 4007 2130 4038 ›
2151 3987 2217 4041 Et
2234 4002 2330 4057 pro
2349 3986 2562 4049 Flacco,
2581 3985 2842 4055 Ingenita,
2861 3985 3053 4054 inquit,
3078 3986 3257 4040 levitas
3274 3998 3320 4040 et
3345 4003 3466 4041 eru-

1894 4079 2004 4131 dita
2037 4078 2257 4140 vanitas,
2293 4076 2465 4145 ipsum
2507 4075 2672 4130 Israel
2714 4076 2863 4146 gravi
2892 4075 3052 4130 corde
3095 4085 3152 4130 et
3177 4077 3313 4130 dura
3346 4093 3464 4132 cer-

1894 4169 2014 4224 vice
2038 4182 2225 4221 omnes
2243 4167 2533 4236 Scripturae
2561 4174 2812 4236 arguunt.
2838 4165 2897 4220 lu
2928 4167 3070 4221 hunc
3091 4182 3222 4238 ergo
3250 4167 3468 4222 modum

1895 4260 2126 4314 arbitror
2155 4267 2208 4312 et
2233 4257 2548 4328 Apostolum
2582 4255 2798 4312 Galatas
2832 4258 3068 4328 regionis
3089 4274 3199 4314 sua:
3229 4260 3469 4330 proprie-

1897 4361 2004 4408 tate
2037 4349 2280 4421 pulsasse
2311 4367 2324 4403 ε
2355 4349 2480 4402 licet
2505 4349 2721 4419 quidam
2755 4347 3038 4420 profundis
3064 4364 3122 4404 se
3167 4350 3472 4418 qtuestioni-
3539 4393 3543 4398 .

1896 4441 1996 4495 bus
2017 4441 2338 4502 inserentes,
2360 4437 2511 4508 quasi
2542 4436 2643 4492 sub
2674 4439 2896 4493 obtentu
2943 4438 3176 4493 vitanda:
3201 4438 3471 4494 haereseos

212 4505 406 4602 hujus,
439 4538 493 4584 et
523 4529 590 4583 ad
614 4530 991 4585 contumeliam
1021 4529 1137 4598 eius
1167 4529 1452 4599 proficere,
1489 4529 1532 4584 si
1567 4529 1796 4583 alterum
1823 4505 1872 4564 D
1898 4545 2018 4605 qua:
2060 4529 2300 4584 diversas
2323 4505 2546 4582 naturas
2593 4525 2754 4582 infert
2798 4527 2983 4582 dicant
3011 4528 3199 4599 Tyrios
3228 4544 3470 4598 quoque,

216 4622 271 4676 ei
319 4629 615 4689 comparet,
658 4619 809 4687 cujus
859 4620 1116 4673 auxilium
1183 4619 1383 4676 habere
1429 4634 1536 4674 non
1600 4619 1794 4689 potuit.

219 4712 286 4768 Si
328 4711 488 4776 enim,
534 4710 726 4778 inquit,
775 4725 864 4779 per
902 4709 1063 4779 legem
1095 4709 1333 4779 justitia,
1385 4725 1508 4780 ergo
1555 4706 1796 4762 Christus

217 4802 392 4872 gratis
432 4809 667 4854 mortuus
688 4809 784 4853 est.
827 4797 972 4854 Nihil
1019 4808 1126 4854 tam
1161 4807 1432 4872 apertum,
1485 4799 1610 4868 quia
1629 4799 1674 4853 si
1703 4813 1799 4868 per

218 4892 402 4963 legem
428 4890 693 4961 potuisset
717 4887 1194 4958 homojustificari,
1218 4889 1492 4944 Christum
1517 4904 1623 4943 non
1643 4903 1803 4958 opor-

220 4991 409 5037 tuerat
429 4980 583 5034 mori.
611 4978 716 5034 Sed
746 4981 870 5049 quia
893 4980 977 5034 lex
996 4980 1125 5035 dare
1153 4978 1523 5035 remissionem
1547 4986 1802 5048 peccato-

223 5089 352 5128 rum
380 5087 484 5126 non
509 5079 739 5140 poterat,
793 5085 966 5141 neque
1015 5070 1306 5127 secundam
1337 5079 1566 5127 mortem
1616 5071 1802 5126 trium-

223 5163 405 5234 phans
435 5161 734 5231 exspoliare
780 5161 1020 5230 captivos
1061 5173 1195 5231 quos
1226 5161 1442 5216 tenebat
1471 5175 1634 5215 causa
1665 5175 1802 5230 pec-

227 5255 365 5320 cati,
396 5253 600 5308 idcirco
647 5251 896 5308 Christus
948 5261 1188 5306 mortuus
1223 5260 1306 5306 est
1363 5261 1422 5306 ut
1481 5267 1544 5307 ea
1582 5261 1806 5321 praesta-

229 5353 340 5410 ret,
392 5359 513 5414 quae
555 5343 645 5398 lex
690 5358 795 5398 non
840 5353 1075 5414 poterat,
1116 5357 1180 5397 ac
1225 5358 1321 5411 per
1375 5343 1478 5398 hoc
1521 5359 1626 5398 non
1683 5357 1807 5412 gra-

231 5438 309 5492 tis
359 5447 606 5492 mortuus
656 5445 759 5502 est,
798 5451 944 5492 mors
995 5437 1138 5492 enim
1180 5435 1296 5504 ejus
1339 5435 1652 5506 justificatio
1687 5452 1808 5507 pec-

1899 4620 2168 4686 Sidonios,
2217 4619 2476 4674 Moabitas
2517 4627 2574 4673 et
2599 4618 2942 4674 Ammonitas
2983 4625 3037 4673 et
3063 4619 3344 4682 Idumaeos,
3370 4619 3471 4673 Ba-

1897 4710 2142 4782 bylonios
2197 4718 2251 4764 et
2311 4707 2614 4779 Egyptios,
2667 4723 2962 4776 omnesque
3005 4717 3189 4778 gentes
3242 4724 3364 4779 qua:
3417 4709 3472 4764 in

1907 4797 2200 4869 Scripturis
2250 4797 2616 4863 nominantur,
2671 4797 2873 4851 habere
2909 4799 3155 4866 qutedam
3217 4799 3473 4860 idiomata

1905 4908 1971 4948 ex
1998 4892 2176 4947 causis
2202 4889 2632 4960 praecedentibus
2653 4897 2711 4943 et
2733 4888 2926 4943 merito
2957 4903 3180 4958 operum
3217 4891 3473 4960 pristino—

1907 4999 2046 5048 rum,
2077 4998 2145 5037 ne
2164 4981 2372 5052 justitia
2394 4980 2488 5036 Dei
2508 4980 2688 5034 veniat
2716 4979 2770 5034 in
2799 4978 3042 5045 dubium,
3065 4995 3186 5034 cum
3219 4995 3478 5050 unaquteo

1908 5089 2011 5146 que
2045 5087 2175 5142 gens
2218 5069 2304 5124 vel
2333 5071 2532 5125 bonum
2574 5069 2660 5124 vel
2692 5068 2892 5122 malum
2933 5069 3142 5124 habere
3177 5079 3472 5135 asseratur,

1909 5161 2049 5230 quod
2094 5160 2197 5215 alia
2234 5175 2340 5214 non
2377 5160 2594 5214 habeat.
2652 5159 2761 5214 Nos
2808 5161 2942 5216 istas
2967 5161 3277 5218 altitudines
3310 5163 3476 5217 decli-

1909 5259 2120 5316 nantes,
2135 5251 2412 5320 superiora
2431 5250 2780 5315 seetabimur,
2808 5257 2899 5304 aut
2921 5249 3164 5323 saeuitiae
3181 5265 3274 5306 eos
3303 5253 3476 5324 argui,

1909 5344 2168 5408 dicentes,
2193 5358 2290 5412 per
2313 5357 2472 5412 quam
2499 5342 2747 5412 spiritum
2769 5342 2900 5412 legis
2936 5352 2990 5398 et
3019 5343 3251 5398 litteram
3281 5343 3479 5413 dijudi-

1907 5448 2032 5487 care
2067 5447 2171 5486 non
2201 5432 2425 5502 possint,
2459 5441 2551 5487 aut
2589 5433 2718 5487 vitio
2744 5433 2918 5505 gentis
2953 5435 3169 5503 corripi,
3224 5435 3368 5505 quod
3398 5435 3478 5489 in-

233 5536 482 5581 catorum
532 5535 636 5582 est.
689 5524 958 5596 (Hieron.)
1016 5525 1214 5597 Abjicit
1267 5527 1494 5596 gratiam
1533 5527 1651 5592 Dei,
1701 5535 1810 5582 tam
1912 5522 2110 5578 dociles
2130 5521 2238 5577 sint
2259 5530 2313 5577 et
2337 5523 2612 5588 vecordes,
2638 5532 2694 5578 et
2731 5524 2799 5578 ad
2822 5523 3140 5592 sapientiam
3191 5523 3478 5579 tardiores.

235 5614 330 5670 ille
379 5617 470 5686 qui
525 5625 648 5686 post
685 5615 1031 5684 Evangelium
1074 5615 1206 5668 vivit
1248 5615 1300 5668 in
1360 5613 1502 5684 lege,
1559 5631 1722 5684 quam
1768 5616 1813 5671 is
1913 5611 2066 5678 Quod
2113 5621 2292 5667 autem
2342 5614 2623 5683 sequitur:
2653 5613 2782 5678 Quis
2817 5631 2900 5668 vos
2946 5614 3267 5684 fascinavit?
3317 5614 3478 5681 digno

238 5704 333 5780 qui
385 5704 622 5778 peccatis
680 5712 798 5778 post
847 5703 1171 5780 baptismum
1223 5703 1678 5775 sordidatur-:qui
1720 5719 1815 5759 au-
1914 5705 2101 5772 Paulo,
2133 5706 2244 5777 qui,
2271 5707 2374 5762 etsi
2399 5706 2678 5778 imperitus
2717 5716 2800 5760 est
2845 5721 3112 5772 sermone,
3157 5721 3260 5760 non
3303 5712 3486 5762 tamen
