4022 6338
530 336 635 393 285

1178 334 1237 390 Β.
1276 335 1527 392 RABANI
1565 334 1782 394 MAURI
1819 333 2134 392 ARCHlEP.
2173 335 2481 394 MOGUNT.
2519 332 2802 392 OPERUM
2841 335 3016 392 PARS
3049 335 3134 392 ll].

3682 336 3792 392 284

528 451 778 518 scientia,
806 450 1064 507 debemus
1099 466 1366 521 exponere
1396 471 1408 504 :
1443 468 1548 506 non
1587 452 1729 523 quod
1755 450 1939 506 scierit
1983 465 2104 506 esse
2131 459 2182 518 Α
2207 452 2353 508 dum.
2393 451 2596 524 (Auq.).
2627 451 2759 506 Cum
2811 461 2990 508 autem
3044 451 3268 505 dixisset
3302 469 3313 503 :
3342 449 3499 504 Jesus
3545 453 3794 507 Christus

527 540 918 610 fascinum,un
937 539 1094 608 vulgo
1114 548 1332 609 putatur
1345 556 1569 596 nocere:
1593 542 1686 597 sed
1709 555 1838 595 usus
1858 555 2106 595 sermone

533 631 603 687 sit
628 630 782 694 trito,
799 637 931 684 etut
957 628 1008 682 in
1032 629 1263 693 caeteris,
1289 629 1364 682 ita
1395 630 1447 683 in
1465 630 1568 684 hoc
1585 644 1800 700 quoque
1824 628 1963 694 loco,
1983 644 2107 684 ver-

532 719 659 779 bum
688 718 1014 788 quotidianae
1039 718 1512 773 sermocinationis
1549 720 1917 788 assumpserit.
1946 718 2104 789 Legi-

534 830 655 873 mus
685 815 738 869 in
761 813 1066 882 Sapientia:
1087 811 1689 866 Douuminvidicruciat
1719 811 1894 866 oculos
1915 810 2104 881 (Eccli.

533 905 658 975 xx);
691 905 784 975 qui
827 905 967 973 apud
995 917 1093 956 nos
1118 902 1344 965 invidus,
1369 902 1422 956 in
1453 901 1664 967 Graeco,
1695 901 2106 971 signiﬁcantius,

533 981 1116 1068 ponitur'fasciuator.
1174 993 1239 1046 Et
1279 993 1332 1046 in
1387 993 1664 1062 Sapientia
1709 1009 1828 1062 qua:
1866 993 2109 1050 Salomo-

534 1090 619 1145 nis
641 1088 896 1144 scribitur
928 1105 939 1139 :
979 1083 1282 1139 Fasciuatio
1309 1085 1648 1154 malignitatis
1692 1087 1934 1139 obscurat
1978 1086 2111 1139 bona

535 1180 686 1251 (Sep.
712 1178 810 1245 tv).
839 1176 1044 1244 Quibus
1099 1175 1354 1231 docemur
1379 1177 1664 1246 exemplis,
1695 1177 1838 1246 quod
1870 1176 1954 1232 vel
1983 1177 2115 1231 invi-

540 1270 642 1324 dus
685 1268 862 1348 aliena
900 1265 1156 1320 felicitate
1182 1265 1470 1328 crucietur,
1509 1265 1592 1319 vel
1629 1265 1674 1320 is
1723 1266 1776 1320 in
1823 1279 1930 1335 quo
1972 1266 2112 1320 bona

541 1360 651 1414 sint
674 1359 876 1428 aliqua,
907 1358 1014 1412 alio
1068 1355 1386 1420 fasciuante,
1411 1357 1464 1410 id
1486 1366 1589 1420 est,
1618 1357 1890 1411 invidente
1916 1370 2114 1410 nocea-

535 1464 645 1510 tur.
701 1453 909 1508 Dicitur
937 1451 1170 1506 fascinus
1209 1451 1427 1520 proprie
1490 1449 1780 1504 infantibus
1821 1464 2018 1505 nocere
2061 1456 2117 1502 et

2208 543 2532 612 proscriptus
2573 550 2672 603 est,
2699 540 2926 604 addidit,
2955 541 3258 607 cruciﬁxus,
3289 550 3345 594 ut
3391 540 3517 594 hinc
3551 557 3645 595 eos
3675 559 3796 596 ma-

2209 629 2354 684 xime
2391 638 2654 693 moveret,
2681 644 2801 682 cum
2841 631 3247 684 considerarent
3281 644 3386 698 quo
3412 631 3589 698 pretio
3641 647 3794 686 eme-

2209 720 2280 775 rit
2308 721 2725 790 possessionem,
2757 736 2919 790 qnam
2970 721 3024 775 in
3059 723 3138 776 eis
3167 722 3467 785 amittebat,
3496 731 3557 776 ut
3595 739 3792 792 parum

2210 819 2354 864 esset
2381 811 2548 881 gratis
2575 826 2698 866 eum
2751 819 3046 877 mortuum,
3073 813 3222 890 quod
3261 814 3510 884 superius
3554 814 3792 870 dixerat.

2211 903 2342 957 Illud
2386 905 2528 958 enim
2566 905 2638 958 ita
2694 915 2870 970 sonat,
2906 915 3164 976 tanquam
3212 922 3319 962 non
3367 908 3677 976 pervenerit
3725 908 3794 962 ad

2211 995 2602 1064 possessionem
2633 1012 2731 1065 pro
2754 1011 2859 1066 qua
2889 998 3202 1066 sanguinem
3256 998 3421 1054 dedit.
3477 998 3796 1067 Proscripto

2213 1095 2413 1150 autem,
2441 1086 2602 1140 etiam
2628 1101 2748 1156 qua:
2780 1088 3014 1152 tenebat,
3056 1086 3335 1152 aufertur;
3376 1088 3470 1142 sed
3511 1089 3627 1143 haec
3655 1105 3792 1159 pro-

2213 1176 2436 1245 scriptio
2465 1191 2569 1229 non
2591 1175 2743 1229 obest
2777 1175 2991 1231 Christo
3016 1177 3106 1246 qui
3148 1179 3313 1232 etiam
3340 1179 3418 1232 sic
3446 1194 3542 1248 per
3592 1179 3795 1232 divini-

2216 1274 2379 1322 tatem
2431 1267 2688 1322 Dominus
2740 1276 2822 1322 est
2866 1269 3126 1332 omnium,
3154 1271 3246 1324 sed
3300 1270 3397 1338 ipsi
3441 1272 3796 1340 possessioni,

2215 1373 2335 1428 quae
2364 1355 2522 1426 hujus
2549 1358 2734 1427 gratim
2761 1357 2968 1411 cultura
2997 1366 3165 1413 caret.
3195 1358 3460 1427 llincjam
3489 1360 3680 1428 incipit
3703 1361 3801 1414 de-

2217 1455 2538 1511 monstrare,
2567 1446 3025 1514 quemadmodum,
3075 1449 3245 1518 gratia
3279 1447 3415 1502 'ﬁdei
3459 1445 3690 1502 sufﬁciat
3733 1450 3799 1502 ad

535 1543 682 1598 aetati
703 1541 958 1612 parvulae,
979 1550 1033 1594 et
1053 1539 1138 1594 his
1159 1539 1251 1608 qni
1275 1539 1500 1594 necdum
1525 1539 1680 1594 ﬁrmo
1699 1538 1925 1610 vestigio
1949 1537 2117 1608 ﬁgant
2209 1533 2616 1602 justiﬁ‘candum
2663 1536 2778 1593 sine
2809 1539 3060 1605 operibus
3109 1538 3265 1609 legis,
3325 1553 3392 1593 ne
3429 1539 3550 1607 quis
3590 1539 3802 1594 diceret

533 1633 782 1704 gradum.
825 1631 976 1687 Unde
1004 1639 1058 1685 et
1085 1631 1304 1700 quidam
1331 1645 1360 1684 e
1388 1631 1678 1701 gentilibus
1708 1648 1720 1683 :

662 1731 839 1781 Nescio
861 1732 1194 1794 quisteneros
1217 1729 1385 1780 oculus
1405 1731 1518 1779 mihi
1553 1729 1750 1780 fascinat
1770 1741 1937 1792 agnos.

2219 1640 2326 1678 non
2351 1640 2410 1679 se
2443 1625 2660 1694 quidem
2697 1625 2948 1694 operibus
2983 1626 3113 1696 legis
3149 1635 3356 1680 tantum
3403 1636 3571 1682 totam
3623 1628 3802 1681 homi-

2223 1717 2305 1770 nis
2327 1717 2769 1786 justiﬁcationem
2819 1717 3078 1780 tribucre,
3109 1720 3202 1772 sed
3225 1733 3399 1787 neque
3430 1726 3643 1772 tantum
3674 1735 3803 1788 gra-

536 1831 652 1887 lloc
675 1840 856 1886 utrum
877 1846 1064 1885 verum
1093 1845 1261 1884 necne
1278 1830 1364 1894 sit,
1381 1829 1523 1883 Dens
1538 1828 1763 1894 viderit;
1795 1828 1919 1899 quia
1943 1833 2119 1896 potest

2226 1806 2308 1859 tiae
2361 1805 2503 1868 ﬁdei,
2533 1821 2599 1859 ex
2644 1814 2873 1875 utroque
2917 1818 3094 1861 autem
3139 1807 3341 1878 perfeci
3386 1807 3634 1863 salutem.
3693 1807 3803 1863 Sed

538 1921 654 1978 ﬁeri
670 1931 728 1977 ut
746 1931 800 1976 et
820 1922 1088 1976 daemones
1105 1920 1229 1983 huic
1241 1927 1467 1988 peccato
1487 1919 1746 1983 serviant,
1771 1925 1824 1971 et
1844 1931 2117 1986 quoscun-

537 2028 644 2083 que
663 2013 718 2068 in
740 2013 836 2067 Dei
859 2028 1020 2082 opere
1040 2011 1290 2081 cmpisse,
1320 2010 1403 2064 vel
1430 2009 1722 2078 profecisse
1742 2007 2114 2080 cognoverint,

537 2120 634 2160 eos
655 2121 684 2160 a
707 2107 861 2160 bonis
879 2103 1134 2174 operibus
1156 2111 1420 2157 avertant.
1437 2102 1591 2156 Nunc
1608 2101 1735 2155 illud
1760 2101 1814 2154 in
1835 2114 1997 2154 causa
2016 2107 2118 2163 est,

539 2195 683 2264 quod
701 2210 768 2249 ex
795 2194 1048 2265 opinione
1066 2193 1207 2262 vulgi
1230 2198 1500 2260 sumptum
1525 2200 1776 2261 putamus
1793 2188 2120 2258 exemplum,

538 2293 601 2339 ut
633 2285 900 2354 quomodo
929 2293 1114 2338 tenera
1151 2291 1283 2338 mtas
1311 2283 1497 2337 noceri
1521 2281 1719 2342 dicitur
1763 2279 1994 2344 fascino,
2043 2279 2123 2334 sic

541 2374 707 2429 etiam
737 2374 943 2429 Galatae
969 2375 1021 2428 in
1053 2373 1255 2427 Christi
1299 2372 1404 2427 ﬁde
1459 2387 1631 2441 nuper
1674 2370 1788 2425 nati
1835 2378 1889 2425 et
1933 2370 2122 2432 nutriti

542 2463 686 2521 lacte
714 2474 769 2520 et
795 2481 904 2520 non
951 2464 1123 2520 solido
1151 2465 1294 2530 cibo,
1324 2464 1491 2518 veluti
1543 2462 1774 2532 quodam
1821 2460 2125 2516 fasciuante

543 2555 655 2610 sint
703 2554 898 2619 nociti,
946 2563 1002 2608 et
1042 2553 1321 2608 stomacho
1363 2552 1486 2606 ﬁdei
1536 2560 1865 2616 nanseante,
1901 2549 2125 2618 spiritus

547 2645 923 2700 sancti'eibum
963 2643 1316 2698 evomuerint.
1350 2641 1502 2708 Quod
1527 2642 1571 2695 si
1617 2641 1811 2710 aliquis
1856 2640 2127 2702 contradi-

545 2733 636 2794 cit,
668 2741 898 2802 exponat
922 2731 1190 2800 quomodo
1212 2731 1278 2785 de
1298 2730 1568 2786 communi
1597 2730 1851 2799 opinione
1875 2729 1945 2782 sit
1975 2745 2123 2783 sum-

545 2835 718 2895 ptum,
752 2824 916 2879 Vallis
952 2824 1268 2879 Titanorum
1293 2824 1348 2878 in
1375 2823 1685 2892 Regnorum
1707 2822 1858 2878 libris
1881 2821 1966 2893 (ΙΙ
1993 2821 2122 2900 Reg.

548 2916 739 2987 χχιιι),
797 2917 988 2971 sirenae
1041 2923 1097 2970 et
1153 2916 1502 2970 onocentauri
1553 2916 1606 2969 in
1653 2913 1788 2969 Isaia
1833 2912 1967 2984 (Isn.
1999 2929 2124 2978 xm,

547 3009 758 3077 χχχιιι),
797 3008 1060 3062 Arcturus
1101 3015 1157 3060 et
1185 3005 1349 3062 Orion
1377 3015 1431 3060 et
1459 3006 1705 3060 Pleiades
1735 3007 1786 3058 in
1836 3003 1936 3059 Job
1979 3005 2122 3075 (Job‘.

549 3098 804 3169 xxxvm),
829 3107 882 3152 et
924 3105 1119 3152 ca2tera
1145 3097 1230 3151 his
1258 3096 1477 3161 similia,
1503 3111 1622 3165 quae
1657 3097 1844 3164 utique
1869 3094 2125 3150 vocabula

2222 1895 2338 1949 hmc
2369 1895 2594 1964 quaestio
2619 1906 2674 1950 ut
2710 1896 2994 1967 diligenter
3019 1906 3301 1963 tractetur,
3324 1912 3392 1952 ne
3425 1897 3547 1970 quis
3581 1896 3804 1952 fallatur

2223 1984 2493 2054 ambiguo,
2511 1985 2651 2038 scire
2670 1985 2819 2053 prius
2843 1985 3001 2040 debet
3021 2001 3183 2055 opera
3206 1987 3342 2058 legis
3371 1971 3633 2056 bipartita
3655 2002 3798 2041 esse.

2222 2075 2356 2129 Nam
2389 2077 2584 2150 partim
2609 2076 2662 2130 in
2702 2079 3075 2143 sacramentis,
3099 2079 3296 2149 partim
3322 2092 3448 2133 vero
3473 2079 3526 2133 in
3561 2079 3804 2134 moribus
3869 2128 3872 2130 .

2224 2167 2608 2236 accipiuntur:
2651 2169 2717 2222 ad
2750 2179 3086 2224 sacramenta
3137 2171 3408 2242 pertinent
3457 2171 3805 2228 circumcisio

2223 2260 2422 2324 carnis,
2459 2261 2743 2314 sabbatum
2804 2262 3132 2331 temporale,
3176 2263 3489 2327 neomeniaa,
3535 2263 3805 2320 sacriﬁcia

2224 2360 2386 2420 atque
2407 2365 2597 2406 omnes
2619 2349 2920 2419 huiusmodi
2942 2353 3361 2409 innumerabiles
3375 2356 3803 2420 observationes.

2223 2440 2304 2493 Ad
2332 2456 2512 2496 mores
2538 2449 2739 2508 autem,
2766 2458 2871 2498 non
2896 2445 3128 2508 occides,
3157 2461 3265 2499 non
3293 2447 3672 2512 mmchaberis,
3695 2463 3802 2502 non

2225 2531 2418 2585 falsum
2446 2533 2813 2588 testimonium
2840 2534 3014 2607 dices,
3041 2545 3097 2592 et
3126 2537 3250 2590 talia
3287 2546 3498 2591 czetera.
3533 2537 3806 2606 Nunquid-

2225 2637 2350 2674 nam
2378 2637 2506 2693 ergo
2559 2623 2846 2692 Apostolus
2891 2625 2964 2679 ita
3011 2635 3187 2695 potest
3232 2643 3335 2682 non
3383 2637 3574 2684 enrare
3620 2640 3804 2684 utrum

2226 2710 2565 2766 Christianus
2594 2711 2898 2779 homicida,
2940 2722 3030 2768 aut
3078 2717 3321 2771 mmchus
3348 2718 3438 2782 sit,
3479 2735 3544 2772 an
3599 2729 3802 2785 castus,

2226 2810 2386 2870 atque
2434 2802 2710 2868 innocens,
2776 2804 3224 2872 quemadmodum
3273 2823 3378 2860 non
3422 2816 3578 2860 curat
3623 2818 3804 2862 utrum

2226 2893 2579 2948 circumcisus
2619 2908 2805 2958 carne,
2834 2909 2900 2948 an
2925 2896 3278 2965 prieputiatus
3321 2897 3430 2951 sit?
3475 2897 3627 2952 Nune
3675 2914 3804 2967 ergo

2228 2985 2294 3044 de
2322 2984 2406 3038 his
2430 2985 2680 3053 operibus
2706 2986 2938 3039 maxime
2969 2996 3160 3041 tractat
3187 3004 3304 3057 qua:
3335 2998 3458 3043 sunt
3513 2990 3566 3043 in
3616 3005 3808 3044 sacra-

2229 3076 2446 3140 mentis,
2479 3091 2788 3146 quanquam
2832 3086 2885 3132 et
2933 3078 3020 3132 illa
3075 3080 3341 3134 interdum
3400 3095 3456 3135 se
3507 3081 3808 3159 admiscere

551 3157 827 3260 gentilium
861 3187 1161 3242 fabularum
1211 3194 1266 3240 et
1317 3157 1592 3242 causasct
1619 3157 1858 3257 origines
1904 3188 2123 3242 habent.
2154 3157 2200 3220 θ’
2230 3166 2510 3260 εῖειτὶηοθι·
2541 3165 2712 3236 Prope
2739 3167 2899 3221 ﬁnem
2930 3177 3108 3222 autem
3145 3170 3383 3238 ορίδ¹ο¹ω
3413 3171 3477 3224 δε
3523 3157 3618 3224 his?
3651 3187 3810 3240 50W?

554 3278 686 3331 Ante
713 3293 932 3344 quorum
971 3275 1146 3329 oculos
1173 3275 1328 3330 Iesus
1375 3276 1616 3330 Christus
1668 3277 1985 3347 proscriptus
2028 3286 2124 3330 est.

551 3366 758 3437 (Amb.)
788 3364 1125 3419 Manifestum
1155 3373 1238 3418 cst
1264 3365 1387 3422 quia
1421 3365 1706 3419 stultorum
1755 3365 1928 3420 oculis
1971 3364 2128 3420 Chri-

549 3466 665 3511 stus
685 3457 1014 3527 proscriptus
1038 3455 1266 3518 videtur,
1297 3455 1352 3509 id
1377 3465 1479 3518 est,
1506 3456 1858 3524 exspoliatus,
1879 3455 1964 3508 vel
1994 3471 2128 3521 eone

551 3548 838 3601 damnatus
871 3564 882 3598 :
916 3545 1259 3615 prudentium
1295 3561 1422 3600 vero
1450 3547 1621 3601 oculis
1649 3556 1703 3600 et
1745 3547 1992 3601 sensibus
2021 3562 2127 3602 non

552 3637 728 3691 solum
768 3652 872 3690 non
931 3636 1354 3700 condemnatus,
1384 3637 1478 3690 sed
1531 3637 1644 3706 ipse
1691 3647 1918 3692 mortem
1967 3653 2129 3694 cruce

555 3741 650 3781 sua
675 3727 956 3782 damnasse
978 3727 1210 3781 videtur.
1260 3725 1444 3781 Passio
1473 3730 1614 3781 enim
1646 3729 1854 3783 Domini
1895 3730 2002 3784 vita
2029 3746 2128 3797 no—_

552 3825 666 3873 stra
689 3825 795 3882 est,
821 3824 875 3872 et
892 3817 1188 3872 destructio
1208 3818 1398 3871 mortis
1423 3829 1528 3873 est.
1559 3818 1662 3873 Sed
1686 3820 1808 3888 quia
1840 3819 1894 3874 hi
1917 3820 2131 3890 indigne

552 3917 831 3978 eruperant
864 3909 1064 3962 sentire
1092 3907 1337 3962 translati
1385 3909 1449 3961 ad
1480 3908 1674 3978 legem,
1711 3910 1910 3964 idcirco
1937 3911 2132 3964 menti-

551 3998 654 4053 bus
677 4012 864 4053 eorum
890 3996 1161 4052 Christum
1187 3997 1600 4053 condemnatum
1645 3999 1811 4054 videri
1837 4001 2130 4068 conqueri-

555 4097 660 4154 tur,
687 4088 806 4144 ideo
831 4097 887 4144 et
906 4088 1163 4159 subjecit:
1191 4088 1255 4143 In
1279 4091 1417 4145 vobis
1447 4091 1731 4158 cruciﬁxus
1756 4100 1849 4144 est.
1881 4091 1992 4145 lloc
2024 4101 2126 4154 est,

553 4195 716 4235 sensu
756 4187 941 4234 vestro
992 4179 1283 4235 cruciﬁxus
1327 4189 1412 4236 est
1463 4181 1619 4250 quasi
1671 4183 1852 4244 homo,
1918 4181 1972 4233 in
2024 4195 2132 4250 quo

554 4269 699 4323 enim
723 4284 848 4338 spes
874 4269 1030 4338 plena
1057 4285 1162 4324 non
1194 4279 1296 4334 est,
1327 4271 1490 4325 homo
1515 4279 1617 4333 est,
1649 4270 1769 4324 ideo
1800 4270 1852 4323 hi
1890 4286 2002 4324 non
2032 4286 2132 4339 pu-

557 4359 744 4414 tabant
766 4361 981 4430 plenam
1012 4360 1239 4416 salutem
1285 4376 1406 4416 esse
1436 4361 1488 4414 in
1516 4359 1755 4424 Christo,
1782 4359 1907 4428 quia
1956 4359 2131 4430 legem

558 4450 636 4504 illi
669 4449 974 4519 aequabant.
1023 4450 1083 4505 ιιι
1126 4451 1211 4505 his
1259 4465 1389 4504 vero
1425 4451 1515 4518 qui
1546 4464 1782 4519 congrue
1824 4450 2130 4519 intelligunt

557 4539 848 4605 Christum,
872 4540 1006 4595 vivit
1025 4541 1079 4594 in
1101 4541 1181 4595 eis
1200 4538 1466 4594 Christus.
1495 4539 1551 4593 In
1574 4539 1804 4594 Photino
1833 4540 2126 4597 cruciﬁxus

557 4640 661 4695 est,
687 4632 775 4686 hic
798 4632 940 4686 enim
963 4646 1091 4686 vere
1114 4639 1359 4684 mortuus
1386 4638 1468 4684 est
1493 4629 1548 4683 in
1579 4644 1686 4698 quo
1714 4629 1961 4684 Christus
1990 4630 2126 4686 dici-

559 4729 647 4774 tur
668 4721 975 4784 cruciﬁxus,
999 4711 1291 4790 quia'istud
1327 4718 1446 4773 loco
1469 4720 1830 4774 accusationis
1854 4719 2125 4787 objicitur.

561 4807 761 4882 (Ηίεν.)
791 4811 982 4874 Aliter,
1007 4828 1024 4858 ι
1049 4809 1101 4862 in
1133 4809 1284 4863 vobis
1311 4808 1597 4864 cruciﬁxus
1622 4818 1740 4864 est:
1765 4829 1781 4861 ι
1812 4810 1964 4865 nobis
1984 4812 2129 4865 enim

561 4907 707 4953 recte
736 4899 1083 4969 praescriptus
1127 4905 1206 4952 est
1231 4896 1501 4962 Christus,
1539 4899 1604 4952 de
1632 4897 1784 4966 cujus
1817 4901 2054 4969 patibulo
2076 4912 2132 4956 et

560 4987 830 5056 passione,
859 4987 1024 5056 alapis
1046 4995 1100 5040 et
1122 4984 1364 5056 flagellis,
1395 4988 1574 5043 omnis
1594 4979 1974 5059 prophetarum
1995 5006 2132 5059 pra}-

561 5079 694 5134 dicit
720 5079 938 5143 chorus,
975 5087 1033 5132 ut
1080 5094 1296 5133 crucem
1346 5079 1544 5152 ipsius,
1586 5096 1691 5134 non
1727 5080 1794 5135 de
1840 5081 2130 5152 Evangelia

561 5175 774 5221 tantum
812 5167 865 5220 in
895 5182 1001 5236 quo
1028 5168 1318 5224 cruciﬁxus
1371 5170 1624 5236 refertur,
1648 5170 1740 5225 sed
1771 5170 1939 5226 multo
1982 5180 2133 5226 ante-

561 5272 722 5326 quam
745 5257 1072 5314 descendere
1095 5259 1409 5328 dignaretur
1438 5261 1504 5314 ad
1537 5270 1731 5325 terras,
1755 5269 1810 5314 et
1833 5261 2129 5329 hominem,

562 5347 654 5416 qui
683 5354 766 5400 est
789 5348 1077 5403 cruciﬁxus
1122 5359 1442 5414 assumeret,
1475 5351 1802 5405 noverimus.
1829 5349 1937 5405 Nec
1966 5366 2132 5419 parva

563 5437 680 5492 laus
707 5437 1020 5494 Galatarum
1077 5429 1356 5510 est,'quod
1384 5442 1456 5495 ita
1494 5441 1819 5496 crediderint
1849 5442 1902 5495 in
1953 5442 2131 5496 cruci-

565 5529 752 5596 ﬁxum,
785 5539 842 5584 ut
867 5532 947 5586 eis
995 5530 1156 5588 fuerit
1181 5542 1306 5588 ante
1351 5533 1714 5602 przescriptus,
1747 5531 1887 5602 quod
1928 5533 2134 5588 scilicet

563 5617 874 5675 lectitantes
899 5619 1217 5690 Prophetas,
1247 5631 1302 5676 et
1328 5622 1508 5676 omnia
1545 5623 1741 5676 veteris
1790 5621 1924 5691 legis
1949 5635 2132 5676 sacra-

563 5717 741 5764 menta
774 5719 1076 5779 noscentes,
1108 5712 1192 5766 via
1223 5721 1275 5768 et
1325 5713 1512 5768 ordine
1539 5711 1786 5768 venerint
1813 5711 1879 5768 ad
1909 5712 2133 5768 creden-

2229 3259 2388 3312 ratim
2414 3261 2689 3324 tractabit,
2724 3275 2842 3330 qum
2870 3271 2992 3314 sunt
3021 3262 3072 3314 in
3099 3262 3358 3329 moribus,
3390 3270 3446 3317 et
3475 3263 3604 3316 illud
3630 3264 3810 3317 brevi-

2229 3359 2332 3416 ter,
2364 3351 2465 3405 hoc
2489 3361 2670 3406 autem
2695 3353 2917 3406 diutius.
2951 3352 3075 3406 llaxc
3103 3355 3246 3407 enim
3273 3369 3437 3408 onera
3481 3355 3660 3424 potius
3707 3356 3812 3409 im-

2227 3441 2379 3510 ponit
2406 3443 2918 3511 gentibus,quorum
2946 3444 3150 3499 utilitas
3178 3445 3229 3498 in
3258 3443 3527 3500 intellectu
3555 3455 3657 3508 est,
3683 3463 3810 3500 nam

2230 3532 2343 3586 haec
2372 3533 2550 3587 omnia
2579 3544 2922 3603 exponuntur
2957 3533 3302 3602 Christianis,
3336 3545 3393 3590 ut
3420 3537 3546 3606 quid
3592 3538 3814 3591 valeant

2231 3629 2439 3676 tantum
2475 3621 2793 3692 intelligant,
2823 3624 2986 3677 etiam
3038 3623 3216 3678 facere
3263 3641 3369 3679 non
3411 3635 3691 3696 cogantur.
3751 3628 3810 3680 ln

2228 3712 2698 3768 observationibus
2736 3723 2938 3779 autem,
2970 3715 3014 3768 si
3054 3731 3160 3769 non
3213 3716 3604 3785 intelligantur,
3643 3720 3786 3772 servi

2231 3813 2319 3861 tus
2340 3805 2450 3861 sola
2475 3815 2577 3871 est,
2607 3807 2782 3876 qualis
2809 3816 2928 3860 erat
2972 3808 3025 3862 in
3062 3809 3258 3879 populo
3288 3808 3619 3874 Judarorum,
3643 3820 3698 3864 et
3725 3819 3812 3865 est

2230 3913 2401 3967 usque
2423 3898 2616 3953 adhuc.
2665 3897 2722 3952 Si
2753 3906 2931 3951 autem
2959 3907 3011 3951 ct
3037 3900 3394 3954 observentur
3435 3898 3522 3952 illa
3550 3908 3605 3953 et
3649 3900 3810 3967 ἰιιιοτιτ

2231 3986 2483 4058 ligantur,
2515 4001 2620 4052 non
2651 3987 2809 4042 modo
2838 3987 2971 4040 nihil
3011 3987 3229 4053 obsunt,
3257 3987 3349 4042 sed
3391 3987 3553 4041 etiam
3585 3997 3816 4058 prosunt

2232 4078 2433 4146 aliquid
2466 4078 2508 4132 si
2535 4077 2763 4146 tempori
2813 4087 3132 4149 congruant,
3161 4079 3301 4132 sient
3331 4079 3397 4131 ab
3443 4077 3560 4146 ipso
3608 4077 3813 4147 Moyse,

2231 4168 2507 4238 prophetis
2537 4182 2751 4238 quoque
2775 4168 3059 4222 observata
3092 4177 3215 4222 sunt
3268 4168 3697 4238 congruentibus
3730 4169 3809 4221 illi

2231 4259 2443 4329 populo,
2471 4260 2555 4314 cui
2587 4259 2762 4313 adhuc
2782 4259 2905 4314 talis
2930 4259 3165 4314 servitus
3197 4259 3344 4313 utilis
3365 4269 3500 4320 erat,
3533 4267 3593 4311 ut
3622 4258 3723 4311 sub
3748 4259 3816 4311 ti-

2233 4365 2381 4404 more
2399 4349 2776 4404 custodiretur.
2796 4349 2936 4403 Nihil
2961 4351 3103 4406 enim
3125 4358 3233 4408 tam
3253 4350 3339 4418 pic
3363 4357 3529 4404 terret
3548 4350 3812 4414 animam,

2234 4455 2396 4508 quam
2458 4448 2855 4494 sacramentum
2909 4455 3018 4494 non
3071 4440 3402 4494 intellectum
3435 4461 3447 4492 :
3478 4439 3814 4495 intellectum

2233 4539 2436 4597 autem,
2462 4530 2715 4602 gaudium
2740 4529 2887 4600 pium
2917 4531 3079 4600 parit,
3107 4539 3160 4584 et
3195 4529 3500 4586 celebratur
3551 4529 3723 4585 libere
3767 4531 3814 4584 si

2233 4635 2368 4690 opus
2393 4627 2476 4673 est
2503 4619 2754 4688 tempori,
2783 4618 2830 4672 si
2871 4627 3050 4672 autem
3079 4634 3184 4672 non
3216 4627 3299 4673 est
3324 4633 3478 4688 opus,
3510 4632 3633 4671 cum
3684 4633 3813 4680 sua,-

2233 4715 2400 4768 vitate
2415 4712 2643 4782 spiritali
2668 4712 3038 4768 tantummodo
3051 4711 3246 4782 legitur
3266 4720 3321 4766 et
3341 4719 3622 4765 tractatur.
3641 4709 3816 4766 Omne

2237 4814 2415 4860 autem
2457 4813 2852 4860 sacramentum
2891 4819 3013 4858 cum
3047 4804 3378 4876 intelligitur,
3420 4812 3512 4858 aut
3557 4805 3626 4858 ad
3678 4820 3810 4859 con-

2235 4896 2634 4965 templationem
2657 4896 2901 4951 veritatis
2923 4895 3176 4962 refertur,
3200 4905 3291 4950 aut
3317 4897 3384 4950 ad
3415 4899 3582 4951 bonos
3608 4911 3810 4952 mores.

2232 4986 2622 5058 Contemplatio
2649 4987 2894 5042 veritatis
2922 4988 2974 5042 in
3007 4987 3174 5042 solius
3219 4987 3314 5042 Dei
3361 4987 3646 5044 dilectione
3694 4986 3812 5052 fun:

2235 5079 2361 5134 data
2392 5088 2496 5145 est,
2526 5079 2652 5135 boni
2681 5094 2860 5134 mores
2890 5080 2942 5134 in
2989 5079 3277 5134 dilectione
3321 5079 3416 5133 Dei
3461 5087 3517 5132 et
3554 5077 3814 5148 proximi,

2232 5169 2286 5224 in
2317 5169 2510 5238 quibus
2539 5169 2744 5224 duobus
2770 5169 3053 5238 praeceptis
3081 5178 3188 5224 tota
3234 5168 3319 5222 lex
3361 5167 3557 5237 pendet
3591 5176 3647 5220 et
3687 5182 3815 5236 pro-

2234 5258 2429 5329 phetae.
2457 5256 2609 5312 Nunc
2638 5258 2796 5326 igitur
2821 5259 3271 5329 quemadmodum
3309 5257 3656 5311 circumcisio
3700 5272 3815 5311 car-

2236 5349 2321 5402 nis
2345 5357 2400 5402 et
2418 5357 2609 5401 cartera
2633 5347 2934 5414 bujusmodi
2963 5348 3094 5419 legis
3126 5365 3312 5418 opera,
3343 5347 3433 5402 ubi
3476 5345 3592 5415 jam
3635 5346 3813 5417 gratia

2237 5438 2358 5492 ﬁdei
2388 5447 2490 5503 est,
2522 5454 2626 5493 non
2661 5439 2769 5492 sint
2792 5442 3115 5507 necessaria,
3143 5441 3439 5495 videamus.
3493 5437 3608 5492 Hoc
3640 5439 3812 5493 solum

2237 5530 2350 5585 volo
2380 5549 2413 5585 a
2435 5532 2574 5585 vobis
2609 5531 2806 5586 discere
2833 5549 2851 5586 :
2871 5548 2934 5586 ea:
2962 5532 3199 5602 operibus
3221 5531 3347 5601 legis
3386 5531 3626 5600 spiritum
3664 5548 3811 5584 acce-

2236 5620 2405 5690 pistis,
2432 5637 2498 5673 an
2536 5636 2598 5674 ex
2639 5620 2826 5678 auditu
2883 5605 3046 5688 ﬁdei?
3090 5621 3464 5691 Respondetur
3511 5620 3696 5690 utique
3744 5635 3812 5673 ex

2240 5712 2422 5768 auditu
2447 5711 2598 5769 ﬁdei:
2621 5711 2687 5766 ab
2711 5711 2965 5782 Apostolo
2981 5713 3121 5768 enim
3143 5713 3428 5783 praedicata
3451 5718 3533 5766 est
3552 5710 3632 5765 eis
3655 5709 3808 5774 ﬁdes,
3837 5773 3840 5778 _
