  <div class='ocr_page' id='page_1' title='image "/cluster/home/n/w/nwhite01/storage/ocr_20150623/112/hvd.32044015685407/148.png"; bbox 0 0 4022 6338; ppageno 0'>
   <div class='ocr_carea' id='block_1_1' title="bbox 260 336 364 395">
    <p class='ocr_par' dir='ltr' id='par_1_1' title="bbox 260 336 364 395">
     <span class='ocr_line' id='line_1_1' title="bbox 260 336 364 395; baseline 0 -4"><span class='ocrx_word' id='word_1_1' title='bbox 260 336 364 395; x_wconf 71' lang='lat'><strong>285</strong></span> 
     </span>
    </p>
   </div>
   <div class='ocr_carea' id='block_1_2' title="bbox 712 318 3000 398">
    <p class='ocr_par' dir='ltr' id='par_1_2' title="bbox 712 318 3000 398">
     <span class='ocr_line' id='line_1_2' title="bbox 712 318 3000 398; baseline -0.006 -9"><span class='ocrx_word' id='word_1_2' title='bbox 712 333 1256 398; x_wconf 72' lang='lat' dir='ltr'><strong>ENARRATIONUM</strong></span> <span class='ocrx_word' id='word_1_3' title='bbox 1293 334 1358 388; x_wconf 99' lang='lat' dir='ltr'><strong>IN</strong></span> <span class='ocrx_word' id='word_1_4' title='bbox 1397 333 1543 389; x_wconf 89' lang='lat' dir='ltr'><strong>EPP.</strong></span> <span class='ocrx_word' id='word_1_5' title='bbox 1586 326 1789 386; x_wconf 89' lang='lat' dir='ltr'><strong>PAULI</strong></span> <span class='ocrx_word' id='word_1_6' title='bbox 1824 319 1950 376; x_wconf 85' lang='lat' dir='ltr'><strong>LIB.</strong></span> <span class='ocrx_word' id='word_1_7' title='bbox 1991 318 2129 376; x_wconf 76' lang='lat' dir='ltr'><strong>XIV.</strong></span> <span class='ocrx_word' id='word_1_8' title='bbox 2165 351 2237 361; x_wconf 96' lang='lat'><strong><em>—</em></strong></span> <span class='ocrx_word' id='word_1_9' title='bbox 2270 321 2340 378; x_wconf 87' lang='lat' dir='ltr'><strong>IN</strong></span> <span class='ocrx_word' id='word_1_10' title='bbox 2371 321 2590 378; x_wconf 84' lang='lat' dir='ltr'><strong>EPIST.</strong></span> <span class='ocrx_word' id='word_1_11' title='bbox 2623 321 2716 378; x_wconf 88' lang='lat' dir='ltr'><strong>AD</strong></span> <span class='ocrx_word' id='word_1_12' title='bbox 2749 321 3000 378; x_wconf 80' lang='lat' dir='ltr'><strong>GALA&#39;I‘.</strong></span> 
     </span>
    </p>
   </div>
   <div class='ocr_carea' id='block_1_3' title="bbox 3389 315 3496 373">
    <p class='ocr_par' dir='ltr' id='par_1_3' title="bbox 3389 315 3496 373">
     <span class='ocr_line' id='line_1_3' title="bbox 3389 315 3496 373; baseline -0.019 0"><span class='ocrx_word' id='word_1_13' title='bbox 3389 315 3496 373; x_wconf 73' lang='lat'><strong>286</strong></span> 
     </span>
    </p>
   </div>
   <div class='ocr_carea' id='block_1_4' title="bbox 262 429 3501 522">
    <p class='ocr_par' dir='ltr' id='par_1_4' title="bbox 262 429 3501 522">
     <span class='ocr_line' id='line_1_4' title="bbox 262 429 3501 522; baseline -0.006 -20"><span class='ocrx_word' id='word_1_14' title='bbox 262 453 320 508; x_wconf 84' lang='lat' dir='ltr'><strong>in</strong></span> <span class='ocrx_word' id='word_1_15' title='bbox 343 465 450 522; x_wconf 82' lang='lat' dir='ltr'><strong>qua</strong></span> <span class='ocrx_word' id='word_1_16' title='bbox 463 447 841 520; x_wconf 67' lang='lat' dir='ltr'><strong>pmdicatione</strong></span> <span class='ocrx_word' id='word_1_17' title='bbox 859 449 1046 518; x_wconf 83' lang='lat' dir='ltr'><strong>utique</strong></span> <span class='ocrx_word' id='word_1_18' title='bbox 1064 450 1350 503; x_wconf 74' lang='lat' dir='ltr'><strong>adventum</strong></span> <span class='ocrx_word' id='word_1_19' title='bbox 1371 455 1425 502; x_wconf 76' lang='lat' dir='ltr'><strong>et</strong></span> <span class='ocrx_word' id='word_1_20' title='bbox 1443 444 1836 518; x_wconf 68' lang='lat' dir='ltr'><strong>pnesciemiam</strong></span> <span class='ocrx_word' id='word_1_21' title='bbox 1863 439 1914 498; x_wconf 82' lang='grc' dir='ltr'><strong>Α</strong></span> <span class='ocrx_word' id='word_1_22' title='bbox 1939 435 2196 490; x_wconf 81' lang='lat' dir='ltr'><strong>ditionem</strong></span> <span class='ocrx_word' id='word_1_23' title='bbox 2219 435 2508 506; x_wconf 86' lang='lat' dir='ltr'><strong>signiﬁcat,</strong></span> <span class='ocrx_word' id='word_1_24' title='bbox 2539 435 2592 490; x_wconf 92' lang='lat' dir='ltr'><strong>id</strong></span> <span class='ocrx_word' id='word_1_25' title='bbox 2613 443 2714 500; x_wconf 89' lang='lat' dir='ltr'><strong>est,</strong></span> <span class='ocrx_word' id='word_1_26' title='bbox 2740 434 2918 488; x_wconf 85' lang='lat' dir='ltr'><strong>ﬁdem.</strong></span> <span class='ocrx_word' id='word_1_27' title='bbox 2951 431 3218 503; x_wconf 75' lang='grc' dir='ltr'><strong>(Ηεενοη.)</strong></span> <span class='ocrx_word' id='word_1_28' title='bbox 3245 429 3501 522; x_wconf 83' lang='lat' dir='ltr'><strong>Conside-</strong></span> 
     </span>
    </p>
   </div>
   <div class='ocr_carea' id='block_1_5' title="bbox 263 535 1830 607">
    <p class='ocr_par' dir='ltr' id='par_1_5' title="bbox 263 535 1830 607">
     <span class='ocr_line' id='line_1_5' title="bbox 263 535 1830 607; baseline -0.004 -12"><span class='ocrx_word' id='word_1_29' title='bbox 263 540 441 598; x_wconf 81' lang='lat' dir='ltr'><strong>sancti</strong></span> <span class='ocrx_word' id='word_1_30' title='bbox 474 536 708 607; x_wconf 80' lang='lat' dir='ltr'><strong>Spiritus</strong></span> <span class='ocrx_word' id='word_1_31' title='bbox 733 546 1026 603; x_wconf 84' lang='lat' dir='ltr'><strong>senserant,</strong></span> <span class='ocrx_word' id='word_1_32' title='bbox 1056 539 1196 592; x_wconf 92' lang='lat' dir='ltr'><strong>sicut</strong></span> <span class='ocrx_word' id='word_1_33' title='bbox 1218 538 1310 592; x_wconf 92' lang='lat' dir='ltr'><strong>illo</strong></span> <span class='ocrx_word' id='word_1_34' title='bbox 1337 545 1576 606; x_wconf 88' lang='lat' dir='ltr'><strong>tempore</strong></span> <span class='ocrx_word' id='word_1_35' title='bbox 1599 536 1652 589; x_wconf 90' lang='lat' dir='ltr'><strong>in</strong></span> <span class='ocrx_word' id='word_1_36' title='bbox 1685 535 1830 590; x_wconf 83' lang='lat' dir='ltr'><strong>novi-</strong></span> 
     </span>
    </p>
   </div>
   <div class='ocr_carea' id='block_1_6' title="bbox 263 626 1840 693">
    <p class='ocr_par' dir='ltr' id='par_1_6' title="bbox 263 626 1840 693">
     <span class='ocr_line' id='line_1_6' title="bbox 263 626 1840 693; baseline -0.004 -6"><span class='ocrx_word' id='word_1_37' title='bbox 263 642 378 686; x_wconf 84' lang='lat' dir='ltr'><strong>tate</strong></span> <span class='ocrx_word' id='word_1_38' title='bbox 402 628 729 691; x_wconf 73' lang='lat' dir='ltr'><strong>invitationis</strong></span> <span class='ocrx_word' id='word_1_39' title='bbox 741 628 1000 693; x_wconf 86' lang='lat' dir='ltr'><strong>adﬁdem,</strong></span> <span class='ocrx_word' id='word_1_40' title='bbox 1023 629 1184 688; x_wconf 87' lang='lat' dir='ltr'><strong>etiam</strong></span> <span class='ocrx_word' id='word_1_41' title='bbox 1205 626 1840 682; x_wconf 83' lang='lat' dir='ltr'><strong>sensibilibusmiraculis-</strong></span> 
     </span>
    </p>
   </div>
   <div class='ocr_carea' id='block_1_7' title="bbox 263 717 1832 792">
    <p class='ocr_par' dir='ltr' id='par_1_7' title="bbox 263 717 1832 792">
     <span class='ocr_line' id='line_1_7' title="bbox 263 717 1832 792; baseline -0.004 -16"><span class='ocrx_word' id='word_1_42' title='bbox 263 720 555 792; x_wconf 60' lang='lat' dir='ltr'><strong>praesentia</strong></span> <span class='ocrx_word' id='word_1_43' title='bbox 583 719 753 774; x_wconf 87' lang='lat' dir='ltr'><strong>sancti</strong></span> <span class='ocrx_word' id='word_1_44' title='bbox 785 717 1016 790; x_wconf 85' lang='lat' dir='ltr'><strong>Spiritus</strong></span> <span class='ocrx_word' id='word_1_45' title='bbox 1043 719 1351 787; x_wconf 83' lang='lat' dir='ltr'><strong>apparebat,</strong></span> <span class='ocrx_word' id='word_1_46' title='bbox 1377 719 1515 773; x_wconf 91' lang='lat' dir='ltr'><strong>sicut</strong></span> <span class='ocrx_word' id='word_1_47' title='bbox 1536 718 1590 771; x_wconf 89' lang='lat' dir='ltr'><strong>in</strong></span> <span class='ocrx_word' id='word_1_48' title='bbox 1610 717 1832 774; x_wconf 81' lang='lat' dir='ltr'><strong>Actibus</strong></span> 
     </span>
    </p>
   </div>
   <div class='ocr_carea' id='block_1_8' title="bbox 266 804 1835 886">
    <p class='ocr_par' dir='ltr' id='par_1_8' title="bbox 266 804 1835 886">
     <span class='ocr_line' id='line_1_8' title="bbox 266 804 1835 886; baseline -0.006 -16"><span class='ocrx_word' id='word_1_49' title='bbox 266 813 637 886; x_wconf 78' lang='lat' dir='ltr'><strong>apostolorum</strong></span> <span class='ocrx_word' id='word_1_50' title='bbox 671 804 883 881; x_wconf 83' lang='lat' dir='ltr'><strong>legitur.</strong></span> <span class='ocrx_word' id='word_1_51' title='bbox 924 811 1038 866; x_wconf 89' lang='lat' dir='ltr'><strong>Hoc</strong></span> <span class='ocrx_word' id='word_1_52' title='bbox 1087 819 1266 865; x_wconf 88' lang='lat' dir='ltr'><strong>autem</strong></span> <span class='ocrx_word' id='word_1_53' title='bbox 1295 810 1493 864; x_wconf 90' lang='lat' dir='ltr'><strong>factum</strong></span> <span class='ocrx_word' id='word_1_54' title='bbox 1524 817 1642 863; x_wconf 90' lang='lat' dir='ltr'><strong>erat</strong></span> <span class='ocrx_word' id='word_1_55' title='bbox 1695 807 1835 877; x_wconf 88' lang='lat' dir='ltr'><strong>apud</strong></span> 
     </span>
    </p>
   </div>
   <div class='ocr_carea' id='block_1_9' title="bbox 267 893 1836 970">
    <p class='ocr_par' dir='ltr' id='par_1_9' title="bbox 267 893 1836 970">
     <span class='ocr_line' id='line_1_9' title="bbox 267 893 1836 970; baseline -0.004 -13"><span class='ocrx_word' id='word_1_56' title='bbox 267 893 513 967; x_wconf 79' lang='lat' dir='ltr'><strong>Galatas,</strong></span> <span class='ocrx_word' id='word_1_57' title='bbox 539 909 824 970; x_wconf 85' lang='lat' dir='ltr'><strong>antequam</strong></span> <span class='ocrx_word' id='word_1_58' title='bbox 859 901 946 955; x_wconf 90' lang='lat' dir='ltr'><strong>isti</strong></span> <span class='ocrx_word' id='word_1_59' title='bbox 973 901 1041 955; x_wconf 90' lang='lat' dir='ltr'><strong>ad</strong></span> <span class='ocrx_word' id='word_1_60' title='bbox 1089 915 1182 954; x_wconf 88' lang='lat' dir='ltr'><strong>eos</strong></span> <span class='ocrx_word' id='word_1_61' title='bbox 1229 900 1613 968; x_wconf 87' lang='lat' dir='ltr'><strong>pervertendos</strong></span> <span class='ocrx_word' id='word_1_62' title='bbox 1635 905 1690 952; x_wconf 91' lang='lat' dir='ltr'><strong>et</strong></span> <span class='ocrx_word' id='word_1_63' title='bbox 1728 897 1836 952; x_wconf 90' lang='lat' dir='ltr'><strong>cir-</strong></span> 
     </span>
    </p>
   </div>
   <div class='ocr_carea' id='block_1_10' title="bbox 267 986 1835 1058">
    <p class='ocr_par' dir='ltr' id='par_1_10' title="bbox 267 986 1835 1058">
     <span class='ocr_line' id='line_1_10' title="bbox 267 986 1835 1058; baseline -0.006 -11"><span class='ocrx_word' id='word_1_64' title='bbox 267 991 653 1048; x_wconf 88' lang='lat' dir='ltr'><strong>cumcidendos</strong></span> <span class='ocrx_word' id='word_1_65' title='bbox 700 990 991 1044; x_wconf 81' lang='lat' dir='ltr'><strong>venissent.</strong></span> <span class='ocrx_word' id='word_1_66' title='bbox 1023 988 1128 1042; x_wconf 90' lang='lat' dir='ltr'><strong>Iste</strong></span> <span class='ocrx_word' id='word_1_67' title='bbox 1169 1003 1298 1058; x_wconf 86' lang='lat' dir='ltr'><strong>ergo</strong></span> <span class='ocrx_word' id='word_1_68' title='bbox 1325 1002 1516 1041; x_wconf 88' lang='lat' dir='ltr'><strong>sensus</strong></span> <span class='ocrx_word' id='word_1_69' title='bbox 1559 996 1662 1051; x_wconf 88' lang='lat' dir='ltr'><strong>est,</strong></span> <span class='ocrx_word' id='word_1_70' title='bbox 1687 986 1733 1040; x_wconf 89' lang='lat' dir='ltr'><strong>si</strong></span> <span class='ocrx_word' id='word_1_71' title='bbox 1781 987 1835 1039; x_wconf 88' lang='lat' dir='ltr'><strong>in</strong></span> 
     </span>
    </p>
   </div>
   <div class='ocr_carea' id='block_1_11' title="bbox 268 1074 1836 1150">
    <p class='ocr_par' dir='ltr' id='par_1_11' title="bbox 268 1074 1836 1150">
     <span class='ocr_line' id='line_1_11' title="bbox 268 1074 1836 1150; baseline -0.008 -10"><span class='ocrx_word' id='word_1_72' title='bbox 268 1083 379 1140; x_wconf 86' lang='lat' dir='ltr'><strong>illis</strong></span> <span class='ocrx_word' id='word_1_73' title='bbox 428 1079 678 1150; x_wconf 84' lang='lat' dir='ltr'><strong>Operibus</strong></span> <span class='ocrx_word' id='word_1_74' title='bbox 727 1077 860 1148; x_wconf 87' lang='lat' dir='ltr'><strong>legis</strong></span> <span class='ocrx_word' id='word_1_75' title='bbox 918 1085 1061 1132; x_wconf 91' lang='lat' dir='ltr'><strong>esset</strong></span> <span class='ocrx_word' id='word_1_76' title='bbox 1110 1077 1254 1130; x_wconf 89' lang='lat' dir='ltr'><strong>salus</strong></span> <span class='ocrx_word' id='word_1_77' title='bbox 1302 1083 1503 1138; x_wconf 88' lang='lat' dir='ltr'><strong>vestra,</strong></span> <span class='ocrx_word' id='word_1_78' title='bbox 1530 1091 1636 1130; x_wconf 86' lang='lat' dir='ltr'><strong>non</strong></span> <span class='ocrx_word' id='word_1_79' title='bbox 1683 1074 1836 1128; x_wconf 79' lang='lat' dir='ltr'><strong>vobis</strong></span> 
     </span>
    </p>
   </div>
   <div class='ocr_carea' id='block_1_12' title="bbox 268 1164 1838 1240">
    <p class='ocr_par' dir='ltr' id='par_1_12' title="bbox 268 1164 1838 1240">
     <span class='ocr_line' id='line_1_12' title="bbox 268 1164 1838 1240; baseline -0.006 -14"><span class='ocrx_word' id='word_1_80' title='bbox 268 1172 506 1240; x_wconf 86' lang='lat' dir='ltr'><strong>Spiritus</strong></span> <span class='ocrx_word' id='word_1_81' title='bbox 565 1175 782 1228; x_wconf 88' lang='lat' dir='ltr'><strong>sanctus</strong></span> <span class='ocrx_word' id='word_1_82' title='bbox 819 1167 921 1223; x_wconf 88' lang='lat' dir='ltr'><strong>nisi</strong></span> <span class='ocrx_word' id='word_1_83' title='bbox 975 1165 1307 1220; x_wconf 87' lang='lat' dir='ltr'><strong>circumcisis</strong></span> <span class='ocrx_word' id='word_1_84' title='bbox 1359 1165 1592 1220; x_wconf 83' lang='lat' dir='ltr'><strong>daretur.</strong></span> <span class='ocrx_word' id='word_1_85' title='bbox 1639 1164 1838 1218; x_wconf 84' lang='lat' dir='ltr'><strong>Deinde</strong></span> 
     </span>
    </p>
   </div>
   <div class='ocr_carea' id='block_1_13' title="bbox 267 1255 1838 1324">
    <p class='ocr_par' dir='ltr' id='par_1_13' title="bbox 267 1255 1838 1324">
     <span class='ocr_line' id='line_1_13' title="bbox 267 1255 1838 1324; baseline -0.006 -10"><span class='ocrx_word' id='word_1_86' title='bbox 267 1258 486 1314; x_wconf 86' lang='lat' dir='ltr'><strong>intulit:</strong></span> <span class='ocrx_word' id='word_1_87' title='bbox 507 1256 596 1311; x_wconf 95' lang='lat' dir='ltr'><strong>Sic</strong></span> <span class='ocrx_word' id='word_1_88' title='bbox 618 1255 764 1309; x_wconf 81' lang='lat' dir='ltr'><strong>stulti</strong></span> <span class='ocrx_word' id='word_1_89' title='bbox 788 1255 930 1318; x_wconf 83' lang='lat' dir='ltr'><strong>estis,</strong></span> <span class='ocrx_word' id='word_1_90' title='bbox 957 1264 1011 1306; x_wconf 89' lang='lat' dir='ltr'><strong>ut</strong></span> <span class='ocrx_word' id='word_1_91' title='bbox 1031 1271 1148 1308; x_wconf 84' lang='lat' dir='ltr'><strong>cum</strong></span> <span class='ocrx_word' id='word_1_92' title='bbox 1172 1255 1358 1324; x_wconf 87' lang='lat' dir='ltr'><strong>spiritu</strong></span> <span class='ocrx_word' id='word_1_93' title='bbox 1385 1255 1670 1322; x_wconf 75' lang='lat' dir='ltr'><strong>cmperilis;</strong></span> <span class='ocrx_word' id='word_1_94' title='bbox 1702 1269 1838 1306; x_wconf 87' lang='lat' dir='ltr'><strong>nunc</strong></span> 
     </span>
    </p>
   </div>
   <div class='ocr_carea' id='block_1_14' title="bbox 265 1341 1838 1412">
    <p class='ocr_par' dir='ltr' id='par_1_14' title="bbox 265 1341 1838 1412">
     <span class='ocr_line' id='line_1_14' title="bbox 265 1341 1838 1412; baseline -0.006 -9"><span class='ocrx_word' id='word_1_95' title='bbox 265 1365 432 1404; x_wconf 84' lang='lat' dir='ltr'><strong>carne</strong></span> <span class='ocrx_word' id='word_1_96' title='bbox 445 1345 897 1400; x_wconf 82' lang='lat' dir='ltr'><strong>consummemini?</strong></span> <span class='ocrx_word' id='word_1_97' title='bbox 912 1343 1025 1397; x_wconf 85' lang='lat' dir='ltr'><strong>Hoc</strong></span> <span class='ocrx_word' id='word_1_98' title='bbox 1043 1351 1124 1396; x_wconf 90' lang='lat' dir='ltr'><strong>est</strong></span> <span class='ocrx_word' id='word_1_99' title='bbox 1136 1343 1277 1412; x_wconf 88' lang='lat' dir='ltr'><strong>quod</strong></span> <span class='ocrx_word' id='word_1_100' title='bbox 1294 1341 1536 1411; x_wconf 84' lang='lat' dir='ltr'><strong>superius</strong></span> <span class='ocrx_word' id='word_1_101' title='bbox 1553 1343 1605 1395; x_wconf 92' lang='lat' dir='ltr'><strong>in</strong></span> <span class='ocrx_word' id='word_1_102' title='bbox 1619 1341 1838 1396; x_wconf 77' lang='lat' dir='ltr'><strong>exordio</strong></span> 
     </span>
    </p>
   </div>
   <div class='ocr_carea' id='block_1_15' title="bbox 267 1432 1840 1508">
    <p class='ocr_par' dir='ltr' id='par_1_15' title="bbox 267 1432 1840 1508">
     <span class='ocr_line' id='line_1_15' title="bbox 267 1432 1840 1508; baseline -0.006 -14"><span class='ocrx_word' id='word_1_103' title='bbox 267 1441 502 1502; x_wconf 81' lang='lat' dir='ltr'><strong>dixerat,</strong></span> <span class='ocrx_word' id='word_1_104' title='bbox 533 1438 631 1490; x_wconf 84' lang='lat' dir='ltr'><strong>nisi</strong></span> <span class='ocrx_word' id='word_1_105' title='bbox 672 1435 834 1508; x_wconf 60' lang='lat' dir='ltr'><strong>aliqui</strong></span> <span class='ocrx_word' id='word_1_106' title='bbox 875 1445 994 1494; x_wconf 85' lang='lat' dir='ltr'><strong>sunt</strong></span> <span class='ocrx_word' id='word_1_107' title='bbox 1037 1435 1402 1492; x_wconf 81' lang='lat' dir='ltr'><strong>conturbantes</strong></span> <span class='ocrx_word' id='word_1_108' title='bbox 1428 1450 1514 1487; x_wconf 79' lang='lat' dir='ltr'><strong>vos</strong></span> <span class='ocrx_word' id='word_1_109' title='bbox 1540 1441 1588 1486; x_wconf 85' lang='lat' dir='ltr'><strong>et</strong></span> <span class='ocrx_word' id='word_1_110' title='bbox 1617 1432 1840 1486; x_wconf 79' lang='lat' dir='ltr'><strong>volentes</strong></span> 
     </span>
    </p>
   </div>
   <div class='ocr_carea' id='block_1_16' title="bbox 267 1523 1836 1594">
    <p class='ocr_par' dir='ltr' id='par_1_16' title="bbox 267 1523 1836 1594">
     <span class='ocr_line' id='line_1_16' title="bbox 267 1523 1836 1594; baseline -0.005 -11"><span class='ocrx_word' id='word_1_111' title='bbox 267 1539 568 1583; x_wconf 84' lang='lat' dir='ltr'><strong>convertere</strong></span> <span class='ocrx_word' id='word_1_112' title='bbox 617 1523 959 1594; x_wconf 84' lang='lat' dir='ltr'><strong>Evangelium</strong></span> <span class='ocrx_word' id='word_1_113' title='bbox 1005 1523 1220 1579; x_wconf 85' lang='lat' dir='ltr'><strong>Christi.</strong></span> <span class='ocrx_word' id='word_1_114' title='bbox 1289 1523 1637 1578; x_wconf 88' lang='lat' dir='ltr'><strong>Conturbatio</strong></span> <span class='ocrx_word' id='word_1_115' title='bbox 1693 1523 1836 1586; x_wconf 89' lang='lat' dir='ltr'><strong>enim</strong></span> 
     </span>
    </p>
   </div>
   <div class='ocr_carea' id='block_1_17' title="bbox 267 1610 1843 1676">
    <p class='ocr_par' dir='ltr' id='par_1_17' title="bbox 267 1610 1843 1676">
     <span class='ocr_line' id='line_1_17' title="bbox 267 1610 1843 1676; baseline -0.003 -6"><span class='ocrx_word' id='word_1_116' title='bbox 267 1617 450 1670; x_wconf 85' lang='lat' dir='ltr'><strong>ordini</strong></span> <span class='ocrx_word' id='word_1_117' title='bbox 487 1613 752 1668; x_wconf 88' lang='lat' dir='ltr'><strong>contraria</strong></span> <span class='ocrx_word' id='word_1_118' title='bbox 781 1621 882 1667; x_wconf 89' lang='lat' dir='ltr'><strong>est.</strong></span> <span class='ocrx_word' id='word_1_119' title='bbox 924 1611 1067 1668; x_wconf 90' lang='lat' dir='ltr'><strong>Ordo</strong></span> <span class='ocrx_word' id='word_1_120' title='bbox 1100 1621 1183 1666; x_wconf 89' lang='lat' dir='ltr'><strong>est</strong></span> <span class='ocrx_word' id='word_1_121' title='bbox 1227 1620 1426 1676; x_wconf 89' lang='lat' dir='ltr'><strong>autem,</strong></span> <span class='ocrx_word' id='word_1_122' title='bbox 1464 1625 1495 1664; x_wconf 87' lang='lat' dir='ltr'><strong>a</strong></span> <span class='ocrx_word' id='word_1_123' title='bbox 1537 1610 1843 1665; x_wconf 85' lang='lat' dir='ltr'><strong>carnalibus</strong></span> 
     </span>
    </p>
   </div>
   <div class='ocr_carea' id='block_1_18' title="bbox 270 1698 1842 1772">
    <p class='ocr_par' dir='ltr' id='par_1_18' title="bbox 270 1698 1842 1772">
     <span class='ocr_line' id='line_1_18' title="bbox 270 1698 1842 1772; baseline -0.004 -13"><span class='ocrx_word' id='word_1_124' title='bbox 270 1704 342 1758; x_wconf 86' lang='lat' dir='ltr'><strong>ad</strong></span> <span class='ocrx_word' id='word_1_125' title='bbox 366 1702 628 1772; x_wconf 82' lang='lat' dir='ltr'><strong>spiritalia</strong></span> <span class='ocrx_word' id='word_1_126' title='bbox 665 1716 902 1770; x_wconf 78' lang='lat' dir='ltr'><strong>surgere,</strong></span> <span class='ocrx_word' id='word_1_127' title='bbox 938 1716 1042 1754; x_wconf 90' lang='lat' dir='ltr'><strong>non</strong></span> <span class='ocrx_word' id='word_1_128' title='bbox 1070 1701 1137 1754; x_wconf 92' lang='lat' dir='ltr'><strong>ab</strong></span> <span class='ocrx_word' id='word_1_129' title='bbox 1163 1699 1493 1768; x_wconf 83' lang='lat' dir='ltr'><strong>spiritalibus</strong></span> <span class='ocrx_word' id='word_1_130' title='bbox 1517 1699 1584 1753; x_wconf 89' lang='lat' dir='ltr'><strong>ad</strong></span> <span class='ocrx_word' id='word_1_131' title='bbox 1608 1698 1842 1753; x_wconf 84' lang='lat' dir='ltr'><strong>carnalia</strong></span> 
     </span>
    </p>
   </div>
   <div class='ocr_carea' id='block_1_19' title="bbox 1933 521 3496 598">
    <p class='ocr_par' dir='ltr' id='par_1_19' title="bbox 1933 521 3496 598">
     <span class='ocr_line' id='line_1_19' title="bbox 1933 521 3496 598; baseline -0.006 -16"><span class='ocrx_word' id='word_1_132' title='bbox 1933 543 2113 582; x_wconf 90' lang='lat' dir='ltr'><strong>remus</strong></span> <span class='ocrx_word' id='word_1_133' title='bbox 2142 527 2443 598; x_wconf 76' lang='lat' dir='ltr'><strong>diligenter,</strong></span> <span class='ocrx_word' id='word_1_134' title='bbox 2476 527 2602 596; x_wconf 86' lang='lat' dir='ltr'><strong>quia</strong></span> <span class='ocrx_word' id='word_1_135' title='bbox 2632 542 2738 580; x_wconf 90' lang='lat' dir='ltr'><strong>non</strong></span> <span class='ocrx_word' id='word_1_136' title='bbox 2767 524 2962 580; x_wconf 82' lang='lat' dir='ltr'><strong>dixerit</strong></span> <span class='ocrx_word' id='word_1_137' title='bbox 2987 542 3000 576; x_wconf 92' lang='lat'><strong>:</strong></span> <span class='ocrx_word' id='word_1_138' title='bbox 3031 522 3219 580; x_wconf 68' lang='lat' dir='ltr'><strong>Voloa</strong></span> <span class='ocrx_word' id='word_1_139' title='bbox 3245 522 3384 575; x_wconf 81' lang='lat' dir='ltr'><strong>vobis</strong></span> <span class='ocrx_word' id='word_1_140' title='bbox 3411 521 3496 574; x_wconf 87' lang='lat' dir='ltr'><strong>di-</strong></span> 
     </span>
    </p>
   </div>
   <div class='ocr_carea' id='block_1_20' title="bbox 1933 609 3500 685">
    <p class='ocr_par' dir='ltr' id='par_1_20' title="bbox 1933 609 3500 685">
     <span class='ocr_line' id='line_1_20' title="bbox 1933 609 3500 685; baseline -0.006 -12"><span class='ocrx_word' id='word_1_141' title='bbox 1933 635 2094 682; x_wconf 86' lang='lat' dir='ltr'><strong>scere,</strong></span> <span class='ocrx_word' id='word_1_142' title='bbox 2133 627 2306 670; x_wconf 85' lang='lat' dir='ltr'><strong>utrum</strong></span> <span class='ocrx_word' id='word_1_143' title='bbox 2346 631 2410 670; x_wconf 77' lang='lat' dir='ltr'><strong>ea:</strong></span> <span class='ocrx_word' id='word_1_144' title='bbox 2453 616 2689 685; x_wconf 80' lang='lat' dir='ltr'><strong>operibus</strong></span> <span class='ocrx_word' id='word_1_145' title='bbox 2729 615 2984 684; x_wconf 81' lang='lat' dir='ltr'><strong>Spiritum</strong></span> <span class='ocrx_word' id='word_1_146' title='bbox 3031 612 3348 682; x_wconf 83' lang='lat' dir='ltr'><strong>accepsistis,</strong></span> <span class='ocrx_word' id='word_1_147' title='bbox 3404 609 3500 664; x_wconf 86' lang='lat' dir='ltr'><strong>sed</strong></span> 
     </span>
    </p>
   </div>
   <div class='ocr_carea' id='block_1_21' title="bbox 1934 698 3498 776">
    <p class='ocr_par' dir='ltr' id='par_1_21' title="bbox 1934 698 3498 776">
     <span class='ocr_line' id='line_1_21' title="bbox 1934 698 3498 776; baseline -0.006 -15"><span class='ocrx_word' id='word_1_148' title='bbox 1934 706 2210 776; x_wconf 69' lang='lat' dir='ltr'><strong>adiecerit,</strong></span> <span class='ocrx_word' id='word_1_149' title='bbox 2237 721 2301 759; x_wconf 75' lang='lat' dir='ltr'><strong>ea:</strong></span> <span class='ocrx_word' id='word_1_150' title='bbox 2326 705 2565 774; x_wconf 81' lang='lat' dir='ltr'><strong>operibus</strong></span> <span class='ocrx_word' id='word_1_151' title='bbox 2585 703 2744 773; x_wconf 85' lang='lat' dir='ltr'><strong>legis;</strong></span> <span class='ocrx_word' id='word_1_152' title='bbox 2775 703 2979 756; x_wconf 82' lang='lat' dir='ltr'><strong>sciebat</strong></span> <span class='ocrx_word' id='word_1_153' title='bbox 3004 703 3146 756; x_wconf 88' lang='lat' dir='ltr'><strong>enim</strong></span> <span class='ocrx_word' id='word_1_154' title='bbox 3194 698 3498 755; x_wconf 87' lang='lat' dir='ltr'><strong>Cornelium</strong></span> 
     </span>
    </p>
   </div>
   <div class='ocr_carea' id='block_1_22' title="bbox 1933 793 3501 867">
    <p class='ocr_par' dir='ltr' id='par_1_22' title="bbox 1933 793 3501 867">
     <span class='ocr_line' id='line_1_22' title="bbox 1933 793 3501 867; baseline -0.004 -15"><span class='ocrx_word' id='word_1_155' title='bbox 1933 798 2304 853; x_wconf 89' lang='lat' dir='ltr'><strong>centurionem</strong></span> <span class='ocrx_word' id='word_1_156' title='bbox 2335 795 2474 867; x_wconf 83' lang='lat' dir='ltr'><strong>(Act.</strong></span> <span class='ocrx_word' id='word_1_157' title='bbox 2523 794 2580 867; x_wconf 81' lang='grc' dir='ltr'>ιι)</span> <span class='ocrx_word' id='word_1_158' title='bbox 2632 796 2892 865; x_wconf 89' lang='lat' dir='ltr'><strong>Spiritum</strong></span> <span class='ocrx_word' id='word_1_159' title='bbox 2940 793 3308 864; x_wconf 84' lang='lat' dir='ltr'><strong>exoperibus</strong></span> <span class='ocrx_word' id='word_1_160' title='bbox 3349 807 3501 847; x_wconf 87' lang='lat' dir='ltr'><strong>acce-</strong></span> 
     </span>
    </p>
   </div>
   <div class='ocr_carea' id='block_1_23' title="bbox 1933 885 3497 958">
    <p class='ocr_par' dir='ltr' id='par_1_23' title="bbox 1933 885 3497 958">
     <span class='ocr_line' id='line_1_23' title="bbox 1933 885 3497 958; baseline -0.001 -18"><span class='ocrx_word' id='word_1_161' title='bbox 1933 889 2100 958; x_wconf 86' lang='lat' dir='ltr'><strong>pisse,</strong></span> <span class='ocrx_word' id='word_1_162' title='bbox 2124 889 2216 942; x_wconf 91' lang='lat' dir='ltr'><strong>sed</strong></span> <span class='ocrx_word' id='word_1_163' title='bbox 2243 903 2350 941; x_wconf 89' lang='lat' dir='ltr'><strong>non</strong></span> <span class='ocrx_word' id='word_1_164' title='bbox 2375 901 2442 941; x_wconf 80' lang='lat' dir='ltr'><strong>ex</strong></span> <span class='ocrx_word' id='word_1_165' title='bbox 2485 889 2740 957; x_wconf 89' lang='lat' dir='ltr'><strong>operibus</strong></span> <span class='ocrx_word' id='word_1_166' title='bbox 2781 886 2936 957; x_wconf 88' lang='lat' dir='ltr'><strong>legis,</strong></span> <span class='ocrx_word' id='word_1_167' title='bbox 2969 901 3131 954; x_wconf 90' lang='lat' dir='ltr'><strong>quam</strong></span> <span class='ocrx_word' id='word_1_168' title='bbox 3183 885 3497 939; x_wconf 86' lang='lat' dir='ltr'><strong>nesciebat:</strong></span> 
     </span>
    </p>
   </div>
   <div class='ocr_carea' id='block_1_24' title="bbox 1936 975 3506 1046">
    <p class='ocr_par' dir='ltr' id='par_1_24' title="bbox 1936 975 3506 1046">
     <span class='ocr_line' id='line_1_24' title="bbox 1936 975 3506 1046; baseline -0.002 -13"><span class='ocrx_word' id='word_1_169' title='bbox 1936 979 1980 1034; x_wconf 91' lang='lat' dir='ltr'><strong>si</strong></span> <span class='ocrx_word' id='word_1_170' title='bbox 2009 986 2187 1032; x_wconf 90' lang='lat' dir='ltr'><strong>autem</strong></span> <span class='ocrx_word' id='word_1_171' title='bbox 2220 978 2523 1032; x_wconf 89' lang='lat' dir='ltr'><strong>econtrario</strong></span> <span class='ocrx_word' id='word_1_172' title='bbox 2549 977 2747 1032; x_wconf 89' lang='lat' dir='ltr'><strong>dicitur</strong></span> <span class='ocrx_word' id='word_1_173' title='bbox 2777 991 2791 1029; x_wconf 94' lang='lat'><strong>:</strong></span> <span class='ocrx_word' id='word_1_174' title='bbox 2819 991 2949 1046; x_wconf 82' lang='lat' dir='ltr'><strong>ergo</strong></span> <span class='ocrx_word' id='word_1_175' title='bbox 2976 985 3032 1030; x_wconf 87' lang='lat' dir='ltr'><strong>et</strong></span> <span class='ocrx_word' id='word_1_176' title='bbox 3072 975 3189 1030; x_wconf 90' lang='lat' dir='ltr'><strong>sine</strong></span> <span class='ocrx_word' id='word_1_177' title='bbox 3235 975 3506 1030; x_wconf 87' lang='lat' dir='ltr'><strong>auditione</strong></span> 
     </span>
    </p>
   </div>
   <div class='ocr_carea' id='block_1_25' title="bbox 1937 1066 3505 1138">
    <p class='ocr_par' dir='ltr' id='par_1_25' title="bbox 1937 1066 3505 1138">
     <span class='ocr_line' id='line_1_25' title="bbox 1937 1066 3505 1138; baseline 0 -16"><span class='ocrx_word' id='word_1_178' title='bbox 1937 1069 2060 1122; x_wconf 85' lang='lat' dir='ltr'><strong>ﬁdei</strong></span> <span class='ocrx_word' id='word_1_179' title='bbox 2111 1069 2282 1137; x_wconf 85' lang='lat' dir='ltr'><strong>accipi</strong></span> <span class='ocrx_word' id='word_1_180' title='bbox 2341 1067 2576 1137; x_wconf 82' lang='lat' dir='ltr'><strong>Spiritus</strong></span> <span class='ocrx_word' id='word_1_181' title='bbox 2626 1068 2840 1138; x_wconf 82' lang='lat' dir='ltr'><strong>potest?</strong></span> <span class='ocrx_word' id='word_1_182' title='bbox 2903 1066 3010 1121; x_wconf 92' lang='lat' dir='ltr'><strong>Nos</strong></span> <span class='ocrx_word' id='word_1_183' title='bbox 3066 1067 3505 1137; x_wconf 88' lang='lat' dir='ltr'><strong>respondebimus</strong></span> 
     </span>
    </p>
   </div>
   <div class='ocr_carea' id='block_1_26' title="bbox 1939 1155 3505 1228">
    <p class='ocr_par' dir='ltr' id='par_1_26' title="bbox 1939 1155 3505 1228">
     <span class='ocr_line' id='line_1_26' title="bbox 1939 1155 3505 1228; baseline -0.001 -16"><span class='ocrx_word' id='word_1_184' title='bbox 1939 1159 2206 1228; x_wconf 86' lang='lat' dir='ltr'><strong>accepisse</strong></span> <span class='ocrx_word' id='word_1_185' title='bbox 2231 1158 2444 1227; x_wconf 87' lang='lat' dir='ltr'><strong>quidem</strong></span> <span class='ocrx_word' id='word_1_186' title='bbox 2470 1173 2590 1213; x_wconf 76' lang='lat' dir='ltr'><strong>eum</strong></span> <span class='ocrx_word' id='word_1_187' title='bbox 2614 1157 2895 1225; x_wconf 89' lang='lat' dir='ltr'><strong>Spiritum,</strong></span> <span class='ocrx_word' id='word_1_188' title='bbox 2936 1156 3028 1212; x_wconf 86' lang='lat' dir='ltr'><strong>sed</strong></span> <span class='ocrx_word' id='word_1_189' title='bbox 3053 1172 3118 1211; x_wconf 76' lang='lat' dir='ltr'><strong>ex</strong></span> <span class='ocrx_word' id='word_1_190' title='bbox 3169 1157 3354 1210; x_wconf 89' lang='lat' dir='ltr'><strong>auditu</strong></span> <span class='ocrx_word' id='word_1_191' title='bbox 3382 1155 3505 1211; x_wconf 89' lang='lat' dir='ltr'><strong>ﬁdei</strong></span> 
     </span>
    </p>
   </div>
   <div class='ocr_carea' id='block_1_27' title="bbox 1939 1247 3504 1318">
    <p class='ocr_par' dir='ltr' id='par_1_27' title="bbox 1939 1247 3504 1318">
     <span class='ocr_line' id='line_1_27' title="bbox 1939 1247 3504 1318; baseline -0.001 -15"><span class='ocrx_word' id='word_1_192' title='bbox 1939 1257 1994 1303; x_wconf 90' lang='lat' dir='ltr'><strong>et</strong></span> <span class='ocrx_word' id='word_1_193' title='bbox 2036 1248 2264 1301; x_wconf 87' lang='lat' dir='ltr'><strong>naturali</strong></span> <span class='ocrx_word' id='word_1_194' title='bbox 2307 1247 2444 1318; x_wconf 90' lang='lat' dir='ltr'><strong>lege,</strong></span> <span class='ocrx_word' id='word_1_195' title='bbox 2473 1263 2592 1317; x_wconf 73' lang='lat' dir='ltr'><strong>qua:</strong></span> <span class='ocrx_word' id='word_1_196' title='bbox 2622 1247 2861 1316; x_wconf 86' lang='lat' dir='ltr'><strong>loquitur</strong></span> <span class='ocrx_word' id='word_1_197' title='bbox 2909 1247 2961 1301; x_wconf 91' lang='lat' dir='ltr'><strong>in</strong></span> <span class='ocrx_word' id='word_1_198' title='bbox 3007 1247 3258 1302; x_wconf 89' lang='lat' dir='ltr'><strong>cordibus</strong></span> <span class='ocrx_word' id='word_1_199' title='bbox 3285 1247 3504 1314; x_wconf 87' lang='lat' dir='ltr'><strong>nostris,</strong></span> 
     </span>
    </p>
   </div>
   <div class='ocr_carea' id='block_1_28' title="bbox 1939 1337 3499 1406">
    <p class='ocr_par' dir='ltr' id='par_1_28' title="bbox 1939 1337 3499 1406">
     <span class='ocr_line' id='line_1_28' title="bbox 1939 1337 3499 1406; baseline -0.001 -14"><span class='ocrx_word' id='word_1_200' title='bbox 1939 1339 2079 1394; x_wconf 85' lang='lat' dir='ltr'><strong>bona</strong></span> <span class='ocrx_word' id='word_1_201' title='bbox 2112 1351 2336 1406; x_wconf 70' lang='lat' dir='ltr'><strong>qumque</strong></span> <span class='ocrx_word' id='word_1_202' title='bbox 2365 1337 2628 1402; x_wconf 88' lang='lat' dir='ltr'><strong>facienda,</strong></span> <span class='ocrx_word' id='word_1_203' title='bbox 2661 1345 2714 1391; x_wconf 91' lang='lat' dir='ltr'><strong>et</strong></span> <span class='ocrx_word' id='word_1_204' title='bbox 2743 1337 2958 1390; x_wconf 88' lang='lat' dir='ltr'><strong>vitanda</strong></span> <span class='ocrx_word' id='word_1_205' title='bbox 2989 1337 3163 1402; x_wconf 90' lang='lat' dir='ltr'><strong>mala;</strong></span> <span class='ocrx_word' id='word_1_206' title='bbox 3213 1352 3310 1406; x_wconf 89' lang='lat' dir='ltr'><strong>per</strong></span> <span class='ocrx_word' id='word_1_207' title='bbox 3338 1352 3499 1404; x_wconf 90' lang='lat' dir='ltr'><strong>quam</strong></span> 
     </span>
    </p>
   </div>
   <div class='ocr_carea' id='block_1_29' title="bbox 1942 1426 3507 1496">
    <p class='ocr_par' dir='ltr' id='par_1_29' title="bbox 1942 1426 3507 1496">
     <span class='ocr_line' id='line_1_29' title="bbox 1942 1426 3507 1496; baseline -0.001 -14"><span class='ocrx_word' id='word_1_208' title='bbox 1942 1427 2141 1482; x_wconf 87' lang='lat' dir='ltr'><strong>dudum</strong></span> <span class='ocrx_word' id='word_1_209' title='bbox 2178 1441 2390 1495; x_wconf 90' lang='lat' dir='ltr'><strong>quoque</strong></span> <span class='ocrx_word' id='word_1_210' title='bbox 2431 1426 2723 1492; x_wconf 87' lang='lat' dir='ltr'><strong>Abraham,</strong></span> <span class='ocrx_word' id='word_1_211' title='bbox 2769 1426 3006 1496; x_wconf 85' lang='lat' dir='ltr'><strong>Moysen,</strong></span> <span class='ocrx_word' id='word_1_212' title='bbox 3049 1435 3103 1480; x_wconf 90' lang='lat' dir='ltr'><strong>et</strong></span> <span class='ocrx_word' id='word_1_213' title='bbox 3137 1435 3360 1481; x_wconf 78' lang='lat' dir='ltr'><strong>caeteros</strong></span> <span class='ocrx_word' id='word_1_214' title='bbox 3387 1442 3507 1482; x_wconf 91' lang='lat' dir='ltr'><strong>san-</strong></span> 
     </span>
    </p>
   </div>
   <div class='ocr_carea' id='block_1_30' title="bbox 1943 1516 3509 1590">
    <p class='ocr_par' dir='ltr' id='par_1_30' title="bbox 1943 1516 3509 1590">
     <span class='ocr_line' id='line_1_30' title="bbox 1943 1516 3509 1590; baseline 0 -17"><span class='ocrx_word' id='word_1_215' title='bbox 1943 1527 2058 1574; x_wconf 91' lang='lat' dir='ltr'><strong>ctos</strong></span> <span class='ocrx_word' id='word_1_216' title='bbox 2087 1516 2406 1584; x_wconf 86' lang='lat' dir='ltr'><strong>justiticatos</strong></span> <span class='ocrx_word' id='word_1_217' title='bbox 2444 1519 2755 1582; x_wconf 87' lang='lat' dir='ltr'><strong>retulimus,</strong></span> <span class='ocrx_word' id='word_1_218' title='bbox 2819 1533 2978 1587; x_wconf 90' lang='lat' dir='ltr'><strong>quam</strong></span> <span class='ocrx_word' id='word_1_219' title='bbox 3020 1533 3216 1588; x_wconf 85' lang='lat' dir='ltr'><strong>angere</strong></span> <span class='ocrx_word' id='word_1_220' title='bbox 3257 1520 3509 1590; x_wconf 89' lang='lat' dir='ltr'><strong>deinceps</strong></span> 
     </span>
    </p>
   </div>
   <div class='ocr_carea' id='block_1_31' title="bbox 1943 1606 3508 1677">
    <p class='ocr_par' dir='ltr' id='par_1_31' title="bbox 1943 1606 3508 1677">
     <span class='ocr_line' id='line_1_31' title="bbox 1943 1606 3508 1677; baseline 0 -16"><span class='ocrx_word' id='word_1_221' title='bbox 1943 1616 2119 1675; x_wconf 86' lang='lat' dir='ltr'><strong>potest</strong></span> <span class='ocrx_word' id='word_1_222' title='bbox 2144 1621 2364 1676; x_wconf 90' lang='lat' dir='ltr'><strong>operum</strong></span> <span class='ocrx_word' id='word_1_223' title='bbox 2390 1606 2711 1672; x_wconf 85' lang='lat' dir='ltr'><strong>observatio,</strong></span> <span class='ocrx_word' id='word_1_224' title='bbox 2756 1607 2995 1677; x_wconf 81' lang='lat' dir='ltr'><strong>legisque</strong></span> <span class='ocrx_word' id='word_1_225' title='bbox 3017 1606 3243 1676; x_wconf 88' lang='lat' dir='ltr'><strong>justitia,</strong></span> <span class='ocrx_word' id='word_1_226' title='bbox 3287 1624 3392 1664; x_wconf 90' lang='lat' dir='ltr'><strong>non</strong></span> <span class='ocrx_word' id='word_1_227' title='bbox 3425 1619 3508 1662; x_wconf 87' lang='lat' dir='ltr'><strong>ta-</strong></span> 
     </span>
    </p>
   </div>
   <div class='ocr_carea' id='block_1_32' title="bbox 1944 1696 3505 1768">
    <p class='ocr_par' dir='ltr' id='par_1_32' title="bbox 1944 1696 3505 1768">
     <span class='ocr_line' id='line_1_32' title="bbox 1944 1696 3505 1768; baseline 0 -18"><span class='ocrx_word' id='word_1_228' title='bbox 1944 1712 2068 1751; x_wconf 90' lang='lat' dir='ltr'><strong>men</strong></span> <span class='ocrx_word' id='word_1_229' title='bbox 2095 1697 2328 1752; x_wconf 86' lang='lat' dir='ltr'><strong>carnalis</strong></span> <span class='ocrx_word' id='word_1_230' title='bbox 2378 1696 2510 1767; x_wconf 85' lang='lat' dir='ltr'><strong>legis</strong></span> <span class='ocrx_word' id='word_1_231' title='bbox 2553 1713 2672 1766; x_wconf 81' lang='lat' dir='ltr'><strong>quae</strong></span> <span class='ocrx_word' id='word_1_232' title='bbox 2735 1697 3024 1766; x_wconf 69' lang='lat' dir='ltr'><strong>prmteriit,</strong></span> <span class='ocrx_word' id='word_1_233' title='bbox 3093 1699 3186 1752; x_wconf 89' lang='lat' dir='ltr'><strong>sed</strong></span> <span class='ocrx_word' id='word_1_234' title='bbox 3230 1697 3505 1768; x_wconf 87' lang='lat' dir='ltr'><strong>spiritalis.</strong></span> 
     </span>
    </p>
   </div>
   <div class='ocr_carea' id='block_1_33' title="bbox 269 1777 3512 1858">
    <p class='ocr_par' dir='ltr' id='par_1_33' title="bbox 269 1777 3512 1858">
     <span class='ocr_line' id='line_1_33' title="bbox 269 1777 3512 1858; baseline -0.002 -11"><span class='ocrx_word' id='word_1_235' title='bbox 269 1791 474 1848; x_wconf 89' lang='lat' dir='ltr'><strong>cadere</strong></span> <span class='ocrx_word' id='word_1_236' title='bbox 503 1810 516 1844; x_wconf 92' lang='lat'><strong>:</strong></span> <span class='ocrx_word' id='word_1_237' title='bbox 549 1792 687 1844; x_wconf 90' lang='lat' dir='ltr'><strong>sicut</strong></span> <span class='ocrx_word' id='word_1_238' title='bbox 741 1791 857 1844; x_wconf 89' lang='lat' dir='ltr'><strong>istis</strong></span> <span class='ocrx_word' id='word_1_239' title='bbox 885 1789 1170 1850; x_wconf 86' lang='lat' dir='ltr'><strong>acciderat.</strong></span> <span class='ocrx_word' id='word_1_240' title='bbox 1197 1788 1264 1841; x_wconf 87' lang='lat' dir='ltr'><strong>Et</strong></span> <span class='ocrx_word' id='word_1_241' title='bbox 1306 1789 1420 1842; x_wconf 81' lang='lat' dir='ltr'><strong>haec</strong></span> <span class='ocrx_word' id='word_1_242' title='bbox 1445 1795 1526 1840; x_wconf 91' lang='lat' dir='ltr'><strong>est</strong></span> <span class='ocrx_word' id='word_1_243' title='bbox 1568 1785 1840 1855; x_wconf 78' lang='lat' dir='ltr'><strong>Evangelii</strong></span> <span class='ocrx_word' id='word_1_244' title='bbox 1869 1777 1914 1834; x_wconf 85' lang='lat' dir='ltr'><strong>B</strong></span> <span class='ocrx_word' id='word_1_245' title='bbox 1943 1787 2051 1842; x_wconf 82' lang='lat' dir='ltr'><strong>Lex</strong></span> <span class='ocrx_word' id='word_1_246' title='bbox 2076 1789 2216 1842; x_wconf 90' lang='lat' dir='ltr'><strong>enim</strong></span> <span class='ocrx_word' id='word_1_247' title='bbox 2247 1787 2502 1856; x_wconf 90' lang='lat' dir='ltr'><strong>spiritalis</strong></span> <span class='ocrx_word' id='word_1_248' title='bbox 2528 1797 2626 1842; x_wconf 90' lang='lat' dir='ltr'><strong>est.</strong></span> <span class='ocrx_word' id='word_1_249' title='bbox 2657 1786 2841 1857; x_wconf 89' lang='lat' dir='ltr'><strong>Neque</strong></span> <span class='ocrx_word' id='word_1_250' title='bbox 2867 1801 3018 1851; x_wconf 85' lang='lat' dir='ltr'><strong>vero,</strong></span> <span class='ocrx_word' id='word_1_251' title='bbox 3047 1787 3170 1856; x_wconf 84' lang='lat' dir='ltr'><strong>quia</strong></span> <span class='ocrx_word' id='word_1_252' title='bbox 3195 1787 3350 1842; x_wconf 85' lang='lat' dir='ltr'><strong>ﬁdem</strong></span> <span class='ocrx_word' id='word_1_253' title='bbox 3375 1805 3512 1858; x_wconf 74' lang='lat' dir='ltr'><strong>pne-</strong></span> 
     </span>
    </p>
   </div>
   <div class='ocr_carea' id='block_1_34' title="bbox 269 1877 1842 1948">
    <p class='ocr_par' dir='ltr' id='par_1_34' title="bbox 269 1877 1842 1948">
     <span class='ocr_line' id='line_1_34' title="bbox 269 1877 1842 1948; baseline -0.006 -12"><span class='ocrx_word' id='word_1_254' title='bbox 269 1881 558 1936; x_wconf 86' lang='lat' dir='ltr'><strong>conversio</strong></span> <span class='ocrx_word' id='word_1_255' title='bbox 589 1888 874 1944; x_wconf 87' lang='lat' dir='ltr'><strong>retrorsus,</strong></span> <span class='ocrx_word' id='word_1_256' title='bbox 901 1880 1042 1948; x_wconf 86' lang='lat' dir='ltr'><strong>quod</strong></span> <span class='ocrx_word' id='word_1_257' title='bbox 1076 1879 1200 1948; x_wconf 87' lang='lat' dir='ltr'><strong>quia</strong></span> <span class='ocrx_word' id='word_1_258' title='bbox 1227 1877 1424 1932; x_wconf 89' lang='lat' dir='ltr'><strong>bonum</strong></span> <span class='ocrx_word' id='word_1_259' title='bbox 1454 1891 1558 1930; x_wconf 88' lang='lat' dir='ltr'><strong>non</strong></span> <span class='ocrx_word' id='word_1_260' title='bbox 1607 1884 1710 1940; x_wconf 89' lang='lat' dir='ltr'><strong>est,</strong></span> <span class='ocrx_word' id='word_1_261' title='bbox 1735 1889 1842 1934; x_wconf 88' lang='lat' dir='ltr'><strong>non</strong></span> 
     </span>
    </p>
   </div>
   <div class='ocr_carea' id='block_1_35' title="bbox 269 1965 1845 2041">
    <p class='ocr_par' dir='ltr' id='par_1_35' title="bbox 269 1965 1845 2041">
     <span class='ocr_line' id='line_1_35' title="bbox 269 1965 1845 2041; baseline -0.006 -13"><span class='ocrx_word' id='word_1_262' title='bbox 269 1981 358 2028; x_wconf 89' lang='lat' dir='ltr'><strong>est</strong></span> <span class='ocrx_word' id='word_1_263' title='bbox 384 1971 732 2041; x_wconf 76' lang='lat' dir='ltr'><strong>Evangelium</strong></span> <span class='ocrx_word' id='word_1_264' title='bbox 759 1986 880 2024; x_wconf 92' lang='lat' dir='ltr'><strong>cum</strong></span> <span class='ocrx_word' id='word_1_265' title='bbox 908 1970 1008 2024; x_wconf 89' lang='lat' dir='ltr'><strong>hoc</strong></span> <span class='ocrx_word' id='word_1_266' title='bbox 1037 1969 1404 2024; x_wconf 89' lang='lat' dir='ltr'><strong>annuntiatur.</strong></span> <span class='ocrx_word' id='word_1_267' title='bbox 1445 1966 1534 2021; x_wconf 88' lang='lat' dir='ltr'><strong>Sic</strong></span> <span class='ocrx_word' id='word_1_268' title='bbox 1579 1965 1739 2029; x_wconf 79' lang='lat' dir='ltr'><strong>stulti,</strong></span> <span class='ocrx_word' id='word_1_269' title='bbox 1764 1966 1845 2020; x_wconf 89' lang='lat' dir='ltr'><strong>in-</strong></span> 
     </span>
    </p>
   </div>
   <div class='ocr_carea' id='block_1_36' title="bbox 272 2057 1846 2132">
    <p class='ocr_par' dir='ltr' id='par_1_36' title="bbox 272 2057 1846 2132">
     <span class='ocr_line' id='line_1_36' title="bbox 272 2057 1846 2132; baseline -0.005 -17"><span class='ocrx_word' id='word_1_270' title='bbox 272 2063 418 2132; x_wconf 78' lang='lat' dir='ltr'><strong>quit,</strong></span> <span class='ocrx_word' id='word_1_271' title='bbox 441 2061 580 2123; x_wconf 78' lang='lat' dir='ltr'><strong>estis,</strong></span> <span class='ocrx_word' id='word_1_272' title='bbox 615 2068 669 2111; x_wconf 90' lang='lat' dir='ltr'><strong>ut</strong></span> <span class='ocrx_word' id='word_1_273' title='bbox 705 2075 820 2111; x_wconf 88' lang='lat' dir='ltr'><strong>cum</strong></span> <span class='ocrx_word' id='word_1_274' title='bbox 853 2059 1037 2127; x_wconf 83' lang='lat' dir='ltr'><strong>spiritu</strong></span> <span class='ocrx_word' id='word_1_275' title='bbox 1063 2057 1335 2127; x_wconf 63' lang='lat' dir='ltr'><strong>carpentis,</strong></span> <span class='ocrx_word' id='word_1_276' title='bbox 1361 2072 1495 2109; x_wconf 86' lang='lat' dir='ltr'><strong>nunc</strong></span> <span class='ocrx_word' id='word_1_277' title='bbox 1533 2071 1688 2108; x_wconf 86' lang='lat' dir='ltr'><strong>carne</strong></span> <span class='ocrx_word' id='word_1_278' title='bbox 1724 2071 1846 2108; x_wconf 86' lang='lat' dir='ltr'><strong>con-</strong></span> 
     </span>
    </p>
   </div>
   <div class='ocr_carea' id='block_1_37' title="bbox 272 2144 1842 2218">
    <p class='ocr_par' dir='ltr' id='par_1_37' title="bbox 272 2144 1842 2218">
     <span class='ocr_line' id='line_1_37' title="bbox 272 2144 1842 2218; baseline -0.005 -14"><span class='ocrx_word' id='word_1_279' title='bbox 272 2149 610 2206; x_wconf 79' lang='lat' dir='ltr'><strong>summemini</strong></span> <span class='ocrx_word' id='word_1_280' title='bbox 627 2150 650 2201; x_wconf 87' lang='lat'><strong><em>?</em></strong></span> <span class='ocrx_word' id='word_1_281' title='bbox 675 2147 878 2218; x_wconf 72' lang='grc' dir='ltr'><strong>(Δηώ.)</strong></span> <span class='ocrx_word' id='word_1_282' title='bbox 905 2147 1094 2202; x_wconf 86' lang='lat' dir='ltr'><strong>Adhuc</strong></span> <span class='ocrx_word' id='word_1_283' title='bbox 1123 2162 1242 2201; x_wconf 92' lang='lat' dir='ltr'><strong>cum</strong></span> <span class='ocrx_word' id='word_1_284' title='bbox 1265 2147 1541 2200; x_wconf 90' lang='lat' dir='ltr'><strong>stomacho</strong></span> <span class='ocrx_word' id='word_1_285' title='bbox 1565 2144 1803 2214; x_wconf 88' lang='lat' dir='ltr'><strong>loquitur</strong></span> <span class='ocrx_word' id='word_1_286' title='bbox 1830 2161 1842 2196; x_wconf 92' lang='lat'><strong>:</strong></span> 
     </span>
    </p>
   </div>
   <div class='ocr_carea' id='block_1_38' title="bbox 274 2233 1846 2305">
    <p class='ocr_par' dir='ltr' id='par_1_38' title="bbox 274 2233 1846 2305">
     <span class='ocr_line' id='line_1_38' title="bbox 274 2233 1846 2305; baseline -0.004 -13"><span class='ocrx_word' id='word_1_287' title='bbox 274 2239 426 2292; x_wconf 91' lang='lat' dir='ltr'><strong>dolet</strong></span> <span class='ocrx_word' id='word_1_288' title='bbox 455 2239 595 2290; x_wconf 89' lang='lat' dir='ltr'><strong>enim</strong></span> <span class='ocrx_word' id='word_1_289' title='bbox 624 2237 775 2291; x_wconf 79' lang='lat' dir='ltr'><strong>valde</strong></span> <span class='ocrx_word' id='word_1_290' title='bbox 802 2252 962 2305; x_wconf 91' lang='lat' dir='ltr'><strong>super</strong></span> <span class='ocrx_word' id='word_1_291' title='bbox 989 2252 1173 2291; x_wconf 91' lang='lat' dir='ltr'><strong>errore</strong></span> <span class='ocrx_word' id='word_1_292' title='bbox 1199 2252 1406 2299; x_wconf 91' lang='lat' dir='ltr'><strong>eorum,</strong></span> <span class='ocrx_word' id='word_1_293' title='bbox 1436 2235 1558 2303; x_wconf 85' lang='lat' dir='ltr'><strong>quia</strong></span> <span class='ocrx_word' id='word_1_294' title='bbox 1589 2233 1846 2288; x_wconf 86' lang='lat' dir='ltr'><strong>fabricam</strong></span> 
     </span>
    </p>
   </div>
   <div class='ocr_carea' id='block_1_39' title="bbox 275 2325 1850 2399">
    <p class='ocr_par' dir='ltr' id='par_1_39' title="bbox 275 2325 1850 2399">
     <span class='ocr_line' id='line_1_39' title="bbox 275 2325 1850 2399; baseline -0.003 -15"><span class='ocrx_word' id='word_1_295' title='bbox 275 2345 434 2384; x_wconf 88' lang='lat' dir='ltr'><strong>suam</strong></span> <span class='ocrx_word' id='word_1_296' title='bbox 464 2345 566 2398; x_wconf 88' lang='lat' dir='ltr'><strong>qua</strong></span> <span class='ocrx_word' id='word_1_297' title='bbox 589 2345 684 2384; x_wconf 91' lang='lat' dir='ltr'><strong>eos</strong></span> <span class='ocrx_word' id='word_1_298' title='bbox 712 2345 807 2399; x_wconf 89' lang='lat' dir='ltr'><strong>per</strong></span> <span class='ocrx_word' id='word_1_299' title='bbox 859 2328 1202 2399; x_wconf 76' lang='lat' dir='ltr'><strong>Evangelium</strong></span> <span class='ocrx_word' id='word_1_300' title='bbox 1233 2328 1608 2391; x_wconf 73' lang='lat' dir='ltr'><strong>tediiicaverat,</strong></span> <span class='ocrx_word' id='word_1_301' title='bbox 1636 2325 1850 2380; x_wconf 80' lang='lat' dir='ltr'><strong>videbat</strong></span> 
     </span>
    </p>
   </div>
   <div class='ocr_carea' id='block_1_40' title="bbox 276 2417 1846 2481">
    <p class='ocr_par' dir='ltr' id='par_1_40' title="bbox 276 2417 1846 2481">
     <span class='ocr_line' id='line_1_40' title="bbox 276 2417 1846 2481; baseline -0.002 -8"><span class='ocrx_word' id='word_1_302' title='bbox 276 2433 404 2474; x_wconf 89' lang='lat' dir='ltr'><strong>esse</strong></span> <span class='ocrx_word' id='word_1_303' title='bbox 434 2419 780 2473; x_wconf 79' lang='lat' dir='ltr'><strong>destructum.</strong></span> <span class='ocrx_word' id='word_1_304' title='bbox 821 2419 933 2474; x_wconf 89' lang='lat' dir='ltr'><strong>Non</strong></span> <span class='ocrx_word' id='word_1_305' title='bbox 970 2420 1045 2474; x_wconf 92' lang='lat' dir='ltr'><strong>sic</strong></span> <span class='ocrx_word' id='word_1_306' title='bbox 1072 2419 1137 2472; x_wconf 92' lang='lat' dir='ltr'><strong>de</strong></span> <span class='ocrx_word' id='word_1_307' title='bbox 1183 2417 1476 2476; x_wconf 86' lang='lat' dir='ltr'><strong>Corinthiis</strong></span> <span class='ocrx_word' id='word_1_308' title='bbox 1525 2425 1702 2473; x_wconf 88' lang='lat' dir='ltr'><strong>motus</strong></span> <span class='ocrx_word' id='word_1_309' title='bbox 1745 2425 1846 2481; x_wconf 81' lang='lat' dir='ltr'><strong>est,</strong></span> 
     </span>
    </p>
   </div>
   <div class='ocr_carea' id='block_1_41' title="bbox 276 2507 1850 2586">
    <p class='ocr_par' dir='ltr' id='par_1_41' title="bbox 276 2507 1850 2586">
     <span class='ocr_line' id='line_1_41' title="bbox 276 2507 1850 2586; baseline -0.001 -24"><span class='ocrx_word' id='word_1_310' title='bbox 276 2511 410 2586; x_wconf 82' lang='lat' dir='ltr'><strong>quia</strong></span> <span class='ocrx_word' id='word_1_311' title='bbox 467 2510 712 2578; x_wconf 71' lang='lat' dir='ltr'><strong>quamvis</strong></span> <span class='ocrx_word' id='word_1_312' title='bbox 765 2509 1004 2564; x_wconf 87' lang='lat' dir='ltr'><strong>carnales</strong></span> <span class='ocrx_word' id='word_1_313' title='bbox 1059 2507 1176 2572; x_wconf 84' lang='lat' dir='ltr'><strong>illos</strong></span> <span class='ocrx_word' id='word_1_314' title='bbox 1220 2507 1468 2578; x_wconf 88' lang='lat' dir='ltr'><strong>appellet,</strong></span> <span class='ocrx_word' id='word_1_315' title='bbox 1515 2522 1622 2564; x_wconf 90' lang='lat' dir='ltr'><strong>non</strong></span> <span class='ocrx_word' id='word_1_316' title='bbox 1675 2514 1850 2567; x_wconf 88' lang='lat' dir='ltr'><strong>tamen</strong></span> 
     </span>
    </p>
   </div>
   <div class='ocr_carea' id='block_1_42' title="bbox 277 2596 1853 2668">
    <p class='ocr_par' dir='ltr' id='par_1_42' title="bbox 277 2596 1853 2668">
     <span class='ocr_line' id='line_1_42' title="bbox 277 2596 1853 2668; baseline -0.001 -16"><span class='ocrx_word' id='word_1_317' title='bbox 277 2614 457 2668; x_wconf 89' lang='lat' dir='ltr'><strong>usque</strong></span> <span class='ocrx_word' id='word_1_318' title='bbox 483 2599 616 2653; x_wconf 91' lang='lat' dir='ltr'><strong>adeo</strong></span> <span class='ocrx_word' id='word_1_319' title='bbox 645 2598 857 2652; x_wconf 87' lang='lat' dir='ltr'><strong>fuerant</strong></span> <span class='ocrx_word' id='word_1_320' title='bbox 901 2609 1084 2653; x_wconf 89' lang='lat' dir='ltr'><strong>mente</strong></span> <span class='ocrx_word' id='word_1_321' title='bbox 1132 2599 1292 2668; x_wconf 91' lang='lat' dir='ltr'><strong>capti,</strong></span> <span class='ocrx_word' id='word_1_322' title='bbox 1322 2607 1382 2652; x_wconf 90' lang='lat' dir='ltr'><strong>ut</strong></span> <span class='ocrx_word' id='word_1_323' title='bbox 1428 2596 1742 2652; x_wconf 89' lang='lat' dir='ltr'><strong>circumcidi</strong></span> <span class='ocrx_word' id='word_1_324' title='bbox 1793 2610 1853 2652; x_wconf 88' lang='lat' dir='ltr'><strong>se</strong></span> 
     </span>
    </p>
   </div>
   <div class='ocr_carea' id='block_1_43' title="bbox 279 2687 1854 2764">
    <p class='ocr_par' dir='ltr' id='par_1_43' title="bbox 279 2687 1854 2764">
     <span class='ocr_line' id='line_1_43' title="bbox 279 2687 1854 2764; baseline -0.002 -21"><span class='ocrx_word' id='word_1_325' title='bbox 279 2698 615 2764; x_wconf 83' lang='lat' dir='ltr'><strong>paterentur.</strong></span> <span class='ocrx_word' id='word_1_326' title='bbox 643 2687 764 2743; x_wconf 88' lang='lat' dir='ltr'><strong>Ideo</strong></span> <span class='ocrx_word' id='word_1_327' title='bbox 807 2695 859 2744; x_wconf 92' lang='lat' dir='ltr'><strong>et</strong></span> <span class='ocrx_word' id='word_1_328' title='bbox 881 2688 936 2744; x_wconf 90' lang='lat' dir='ltr'><strong>bi</strong></span> <span class='ocrx_word' id='word_1_329' title='bbox 973 2689 1119 2743; x_wconf 90' lang='lat' dir='ltr'><strong>stulti</strong></span> <span class='ocrx_word' id='word_1_330' title='bbox 1143 2697 1198 2742; x_wconf 90' lang='lat' dir='ltr'><strong>et</strong></span> <span class='ocrx_word' id='word_1_331' title='bbox 1257 2689 1371 2743; x_wconf 87' lang='lat' dir='ltr'><strong>sine</strong></span> <span class='ocrx_word' id='word_1_332' title='bbox 1414 2687 1687 2744; x_wconf 87' lang='lat' dir='ltr'><strong>intellectu</strong></span> <span class='ocrx_word' id='word_1_333' title='bbox 1734 2701 1854 2741; x_wconf 90' lang='lat' dir='ltr'><strong>esse</strong></span> 
     </span>
    </p>
   </div>
   <div class='ocr_carea' id='block_1_44' title="bbox 281 2775 1855 2849">
    <p class='ocr_par' dir='ltr' id='par_1_44' title="bbox 281 2775 1855 2849">
     <span class='ocr_line' id='line_1_44' title="bbox 281 2775 1855 2849; baseline -0.003 -15"><span class='ocrx_word' id='word_1_334' title='bbox 281 2781 558 2844; x_wconf 81' lang='lat' dir='ltr'><strong>dicuntur,</strong></span> <span class='ocrx_word' id='word_1_335' title='bbox 588 2779 716 2849; x_wconf 83' lang='lat' dir='ltr'><strong>quia</strong></span> <span class='ocrx_word' id='word_1_336' title='bbox 745 2794 846 2838; x_wconf 88' lang='lat' dir='ltr'><strong>nec</strong></span> <span class='ocrx_word' id='word_1_337' title='bbox 892 2779 1070 2842; x_wconf 28' lang='lat' dir='ltr'><strong>dolori,</strong></span> <span class='ocrx_word' id='word_1_338' title='bbox 1093 2779 1270 2834; x_wconf 88' lang='lat' dir='ltr'><strong>carnis</strong></span> <span class='ocrx_word' id='word_1_339' title='bbox 1303 2792 1411 2833; x_wconf 66' lang='lat' dir='ltr'><strong>suae</strong></span> <span class='ocrx_word' id='word_1_340' title='bbox 1440 2775 1721 2832; x_wconf 89' lang='lat' dir='ltr'><strong>consulere</strong></span> <span class='ocrx_word' id='word_1_341' title='bbox 1760 2790 1855 2829; x_wconf 90' lang='lat' dir='ltr'><strong>va-</strong></span> 
     </span>
    </p>
   </div>
   <div class='ocr_carea' id='block_1_45' title="bbox 279 2864 1856 2944">
    <p class='ocr_par' dir='ltr' id='par_1_45' title="bbox 279 2864 1856 2944">
     <span class='ocr_line' id='line_1_45' title="bbox 279 2864 1856 2944; baseline -0.003 -22"><span class='ocrx_word' id='word_1_342' title='bbox 279 2869 521 2934; x_wconf 78' lang='lat' dir='ltr'><strong>luerunt,</strong></span> <span class='ocrx_word' id='word_1_343' title='bbox 546 2884 715 2937; x_wconf 91' lang='lat' dir='ltr'><strong>usque</strong></span> <span class='ocrx_word' id='word_1_344' title='bbox 742 2870 811 2924; x_wconf 89' lang='lat' dir='ltr'><strong>ad</strong></span> <span class='ocrx_word' id='word_1_345' title='bbox 847 2871 952 2925; x_wconf 91' lang='lat' dir='ltr'><strong>hoc</strong></span> <span class='ocrx_word' id='word_1_346' title='bbox 998 2871 1140 2923; x_wconf 88' lang='lat' dir='ltr'><strong>enim</strong></span> <span class='ocrx_word' id='word_1_347' title='bbox 1169 2869 1306 2922; x_wconf 89' lang='lat' dir='ltr'><strong>solet</strong></span> <span class='ocrx_word' id='word_1_348' title='bbox 1333 2868 1452 2937; x_wconf 83' lang='lat' dir='ltr'><strong>quis</strong></span> <span class='ocrx_word' id='word_1_349' title='bbox 1488 2867 1667 2921; x_wconf 88' lang='lat' dir='ltr'><strong>induci</strong></span> <span class='ocrx_word' id='word_1_350' title='bbox 1712 2864 1856 2944; x_wconf 86' lang='lat' dir='ltr'><strong>quod</strong></span> 
     </span>
    </p>
   </div>
   <div class='ocr_carea' id='block_1_46' title="bbox 283 2957 1857 3028">
    <p class='ocr_par' dir='ltr' id='par_1_46' title="bbox 283 2957 1857 3028">
     <span class='ocr_line' id='line_1_46' title="bbox 283 2957 1857 3028; baseline -0.002 -16"><span class='ocrx_word' id='word_1_351' title='bbox 283 2957 538 3022; x_wconf 86' lang='lat' dir='ltr'><strong>delectat,</strong></span> <span class='ocrx_word' id='word_1_352' title='bbox 559 2965 660 3025; x_wconf 83' lang='lat' dir='ltr'><strong>aut</strong></span> <span class='ocrx_word' id='word_1_353' title='bbox 675 2958 913 3012; x_wconf 89' lang='lat' dir='ltr'><strong>dolorem</strong></span> <span class='ocrx_word' id='word_1_354' title='bbox 939 2973 1044 3012; x_wconf 93' lang='lat' dir='ltr'><strong>non</strong></span> <span class='ocrx_word' id='word_1_355' title='bbox 1067 2966 1301 3028; x_wconf 71' lang='lat' dir='ltr'><strong>praestat.</strong></span> <span class='ocrx_word' id='word_1_356' title='bbox 1319 2957 1702 3026; x_wconf 87' lang='lat' dir='ltr'><strong>Interrogantis</strong></span> <span class='ocrx_word' id='word_1_357' title='bbox 1727 2969 1857 3026; x_wconf 87' lang='lat' dir='ltr'><strong>ergo</strong></span> 
     </span>
    </p>
   </div>
   <div class='ocr_carea' id='block_1_47' title="bbox 281 3047 1854 3118">
    <p class='ocr_par' dir='ltr' id='par_1_47' title="bbox 281 3047 1854 3118">
     <span class='ocr_line' id='line_1_47' title="bbox 281 3047 1854 3118; baseline 0 -17"><span class='ocrx_word' id='word_1_358' title='bbox 281 3049 454 3104; x_wconf 72' lang='lat' dir='ltr'><strong>verba</strong></span> <span class='ocrx_word' id='word_1_359' title='bbox 482 3056 628 3112; x_wconf 91' lang='lat' dir='ltr'><strong>sunt,</strong></span> <span class='ocrx_word' id='word_1_360' title='bbox 660 3055 715 3103; x_wconf 93' lang='lat' dir='ltr'><strong>et</strong></span> <span class='ocrx_word' id='word_1_361' title='bbox 756 3049 897 3118; x_wconf 89' lang='lat' dir='ltr'><strong>quod</strong></span> <span class='ocrx_word' id='word_1_362' title='bbox 921 3049 1222 3118; x_wconf 83' lang='lat' dir='ltr'><strong>interrogat</strong></span> <span class='ocrx_word' id='word_1_363' title='bbox 1247 3063 1313 3101; x_wconf 79' lang='lat' dir='ltr'><strong>ex</strong></span> <span class='ocrx_word' id='word_1_364' title='bbox 1344 3055 1494 3117; x_wconf 89' lang='lat' dir='ltr'><strong>parte</strong></span> <span class='ocrx_word' id='word_1_365' title='bbox 1527 3047 1854 3101; x_wconf 88' lang='lat' dir='ltr'><strong>conﬁrman-</strong></span> 
     </span>
    </p>
   </div>
   <div class='ocr_carea' id='block_1_48' title="bbox 287 3139 1855 3204">
    <p class='ocr_par' dir='ltr' id='par_1_48' title="bbox 287 3139 1855 3204">
     <span class='ocr_line' id='line_1_48' title="bbox 287 3139 1855 3204; baseline -0.001 -10"><span class='ocrx_word' id='word_1_366' title='bbox 287 3141 381 3204; x_wconf 87' lang='lat' dir='ltr'><strong>tis,</strong></span> <span class='ocrx_word' id='word_1_367' title='bbox 417 3155 540 3194; x_wconf 90' lang='lat' dir='ltr'><strong>cum</strong></span> <span class='ocrx_word' id='word_1_368' title='bbox 571 3140 730 3194; x_wconf 87' lang='lat' dir='ltr'><strong>dicit:</strong></span> <span class='ocrx_word' id='word_1_369' title='bbox 764 3139 879 3194; x_wconf 86' lang='lat' dir='ltr'><strong>Hoc</strong></span> <span class='ocrx_word' id='word_1_370' title='bbox 907 3141 1077 3194; x_wconf 88' lang='lat' dir='ltr'><strong>solum</strong></span> <span class='ocrx_word' id='word_1_371' title='bbox 1123 3140 1235 3194; x_wconf 86' lang='lat' dir='ltr'><strong>volo</strong></span> <span class='ocrx_word' id='word_1_372' title='bbox 1282 3141 1480 3194; x_wconf 83' lang='lat' dir='ltr'><strong>discere</strong></span> <span class='ocrx_word' id='word_1_373' title='bbox 1509 3156 1542 3192; x_wconf 91' lang='lat' dir='ltr'><strong>a</strong></span> <span class='ocrx_word' id='word_1_374' title='bbox 1590 3140 1752 3203; x_wconf 85' lang='lat' dir='ltr'><strong>vobis,</strong></span> <span class='ocrx_word' id='word_1_375' title='bbox 1791 3154 1855 3193; x_wconf 74' lang='lat' dir='ltr'><strong>ex</strong></span> 
     </span>
    </p>
   </div>
   <div class='ocr_carea' id='block_1_49' title="bbox 284 3230 1862 3302">
    <p class='ocr_par' dir='ltr' id='par_1_49' title="bbox 284 3230 1862 3302">
     <span class='ocr_line' id='line_1_49' title="bbox 284 3230 1862 3302; baseline 0 -16"><span class='ocrx_word' id='word_1_376' title='bbox 284 3231 526 3300; x_wconf 85' lang='lat' dir='ltr'><strong>operibus</strong></span> <span class='ocrx_word' id='word_1_377' title='bbox 551 3230 675 3301; x_wconf 84' lang='lat' dir='ltr'><strong>legis</strong></span> <span class='ocrx_word' id='word_1_378' title='bbox 697 3233 936 3301; x_wconf 82' lang='lat' dir='ltr'><strong>spiritum</strong></span> <span class='ocrx_word' id='word_1_379' title='bbox 962 3233 1246 3302; x_wconf 86' lang='lat' dir='ltr'><strong>accepistis,</strong></span> <span class='ocrx_word' id='word_1_380' title='bbox 1272 3248 1340 3285; x_wconf 89' lang='lat' dir='ltr'><strong>an</strong></span> <span class='ocrx_word' id='word_1_381' title='bbox 1375 3248 1438 3286; x_wconf 74' lang='lat' dir='ltr'><strong>ex</strong></span> <span class='ocrx_word' id='word_1_382' title='bbox 1467 3233 1649 3286; x_wconf 89' lang='lat' dir='ltr'><strong>auditu</strong></span> <span class='ocrx_word' id='word_1_383' title='bbox 1693 3233 1862 3302; x_wconf 84' lang='lat' dir='ltr'><strong>ﬁdei?</strong></span> 
     </span>
    </p>
   </div>
   <div class='ocr_carea' id='block_1_50' title="bbox 283 3320 1862 3394">
    <p class='ocr_par' dir='ltr' id='par_1_50' title="bbox 283 3320 1862 3394">
     <span class='ocr_line' id='line_1_50' title="bbox 283 3320 1862 3394; baseline 0.002 -18"><span class='ocrx_word' id='word_1_384' title='bbox 283 3320 405 3376; x_wconf 79' lang='lat' dir='ltr'><strong>Hoc</strong></span> <span class='ocrx_word' id='word_1_385' title='bbox 434 3320 501 3374; x_wconf 88' lang='lat' dir='ltr'><strong>ab</strong></span> <span class='ocrx_word' id='word_1_386' title='bbox 520 3321 599 3374; x_wconf 90' lang='lat' dir='ltr'><strong>eis</strong></span> <span class='ocrx_word' id='word_1_387' title='bbox 624 3321 834 3389; x_wconf 68' lang='lat' dir='ltr'><strong>quaerit,</strong></span> <span class='ocrx_word' id='word_1_388' title='bbox 858 3321 911 3375; x_wconf 90' lang='lat' dir='ltr'><strong>in</strong></span> <span class='ocrx_word' id='word_1_389' title='bbox 942 3337 1048 3390; x_wconf 90' lang='lat' dir='ltr'><strong>quo</strong></span> <span class='ocrx_word' id='word_1_390' title='bbox 1073 3330 1128 3376; x_wconf 93' lang='lat' dir='ltr'><strong>et</strong></span> <span class='ocrx_word' id='word_1_391' title='bbox 1174 3322 1559 3392; x_wconf 77' lang='lat' dir='ltr'><strong>gloriabantur,</strong></span> <span class='ocrx_word' id='word_1_392' title='bbox 1588 3330 1642 3377; x_wconf 92' lang='lat' dir='ltr'><strong>et</strong></span> <span class='ocrx_word' id='word_1_393' title='bbox 1668 3337 1862 3394; x_wconf 85' lang='lat' dir='ltr'><strong>negare</strong></span> 
     </span>
    </p>
   </div>
   <div class='ocr_carea' id='block_1_51' title="bbox 285 3409 1861 3490">
    <p class='ocr_par' dir='ltr' id='par_1_51' title="bbox 285 3409 1861 3490">
     <span class='ocr_line' id='line_1_51' title="bbox 285 3409 1861 3490; baseline 0.003 -25"><span class='ocrx_word' id='word_1_394' title='bbox 285 3425 399 3465; x_wconf 90' lang='lat' dir='ltr'><strong>non</strong></span> <span class='ocrx_word' id='word_1_395' title='bbox 427 3417 695 3479; x_wconf 82' lang='lat' dir='ltr'><strong>poterant,</strong></span> <span class='ocrx_word' id='word_1_396' title='bbox 728 3411 854 3479; x_wconf 88' lang='lat' dir='ltr'><strong>quia</strong></span> <span class='ocrx_word' id='word_1_397' title='bbox 882 3409 1143 3490; x_wconf 91' lang='lat' dir='ltr'><strong>Spiritum</strong></span> <span class='ocrx_word' id='word_1_398' title='bbox 1177 3421 1418 3466; x_wconf 89' lang='lat' dir='ltr'><strong>sanctum</strong></span> <span class='ocrx_word' id='word_1_399' title='bbox 1449 3426 1546 3481; x_wconf 92' lang='lat' dir='ltr'><strong>per</strong></span> <span class='ocrx_word' id='word_1_400' title='bbox 1583 3410 1740 3466; x_wconf 86' lang='lat' dir='ltr'><strong>ﬁdem</strong></span> <span class='ocrx_word' id='word_1_401' title='bbox 1769 3426 1861 3469; x_wconf 89' lang='lat' dir='ltr'><strong>ac-</strong></span> 
     </span>
    </p>
   </div>
   <div class='ocr_carea' id='block_1_52' title="bbox 287 3503 1858 3574">
    <p class='ocr_par' dir='ltr' id='par_1_52' title="bbox 287 3503 1858 3574">
     <span class='ocr_line' id='line_1_52' title="bbox 287 3503 1858 3574; baseline -0.001 -18"><span class='ocrx_word' id='word_1_402' title='bbox 287 3509 569 3571; x_wconf 78' lang='lat' dir='ltr'><strong>ceperant,</strong></span> <span class='ocrx_word' id='word_1_403' title='bbox 601 3517 708 3556; x_wconf 90' lang='lat' dir='ltr'><strong>non</strong></span> <span class='ocrx_word' id='word_1_404' title='bbox 746 3519 844 3572; x_wconf 90' lang='lat' dir='ltr'><strong>per</strong></span> <span class='ocrx_word' id='word_1_405' title='bbox 882 3503 1078 3572; x_wconf 83' lang='lat' dir='ltr'><strong>legem,</strong></span> <span class='ocrx_word' id='word_1_406' title='bbox 1118 3512 1176 3565; x_wconf 86' lang='lat' dir='ltr'><strong>ut</strong></span> <span class='ocrx_word' id='word_1_407' title='bbox 1203 3504 1582 3572; x_wconf 86' lang='lat' dir='ltr'><strong>resipiscentes</strong></span> <span class='ocrx_word' id='word_1_408' title='bbox 1601 3518 1858 3574; x_wconf 35' lang='lat' dir='ltr'><strong>agnosces</strong></span> 
     </span>
    </p>
   </div>
   <div class='ocr_carea' id='block_1_53' title="bbox 285 3590 1860 3666">
    <p class='ocr_par' dir='ltr' id='par_1_53' title="bbox 285 3590 1860 3666">
     <span class='ocr_line' id='line_1_53' title="bbox 285 3590 1860 3666; baseline -0.001 -21"><span class='ocrx_word' id='word_1_409' title='bbox 285 3599 415 3646; x_wconf 83' lang='lat' dir='ltr'><strong>rent</strong></span> <span class='ocrx_word' id='word_1_410' title='bbox 452 3592 576 3661; x_wconf 88' lang='lat' dir='ltr'><strong>quia</strong></span> <span class='ocrx_word' id='word_1_411' title='bbox 621 3591 818 3646; x_wconf 89' lang='lat' dir='ltr'><strong>donum</strong></span> <span class='ocrx_word' id='word_1_412' title='bbox 871 3590 991 3657; x_wconf 90' lang='lat' dir='ltr'><strong>Dei,</strong></span> <span class='ocrx_word' id='word_1_413' title='bbox 1036 3592 1089 3645; x_wconf 93' lang='lat' dir='ltr'><strong>in</strong></span> <span class='ocrx_word' id='word_1_414' title='bbox 1138 3606 1243 3660; x_wconf 88' lang='lat' dir='ltr'><strong>quo</strong></span> <span class='ocrx_word' id='word_1_415' title='bbox 1287 3591 1602 3666; x_wconf 84' lang='lat' dir='ltr'><strong>gloriantur,</strong></span> <span class='ocrx_word' id='word_1_416' title='bbox 1641 3605 1745 3645; x_wconf 90' lang='lat' dir='ltr'><strong>non</strong></span> <span class='ocrx_word' id='word_1_417' title='bbox 1793 3605 1860 3644; x_wconf 84' lang='lat' dir='ltr'><strong>ex</strong></span> 
     </span>
    </p>
   </div>
   <div class='ocr_carea' id='block_1_54' title="bbox 286 3680 1861 3753">
    <p class='ocr_par' dir='ltr' id='par_1_54' title="bbox 286 3680 1861 3753">
     <span class='ocr_line' id='line_1_54' title="bbox 286 3680 1861 3753; baseline -0.003 -15"><span class='ocrx_word' id='word_1_418' title='bbox 286 3695 456 3749; x_wconf 87' lang='lat' dir='ltr'><strong>opere</strong></span> <span class='ocrx_word' id='word_1_419' title='bbox 487 3680 618 3750; x_wconf 91' lang='lat' dir='ltr'><strong>legis</strong></span> <span class='ocrx_word' id='word_1_420' title='bbox 666 3690 1005 3750; x_wconf 88' lang='lat' dir='ltr'><strong>acceperant,</strong></span> <span class='ocrx_word' id='word_1_421' title='bbox 1037 3682 1130 3736; x_wconf 90' lang='lat' dir='ltr'><strong>sed</strong></span> <span class='ocrx_word' id='word_1_422' title='bbox 1164 3683 1446 3736; x_wconf 87' lang='lat' dir='ltr'><strong>credentes</strong></span> <span class='ocrx_word' id='word_1_423' title='bbox 1481 3682 1532 3735; x_wconf 92' lang='lat' dir='ltr'><strong>in</strong></span> <span class='ocrx_word' id='word_1_424' title='bbox 1561 3680 1861 3753; x_wconf 58' lang='lat' dir='ltr'><strong>Christum,</strong></span> 
     </span>
    </p>
   </div>
   <div class='ocr_carea' id='block_1_55' title="bbox 287 3768 1864 3840">
    <p class='ocr_par' dir='ltr' id='par_1_55' title="bbox 287 3768 1864 3840">
     <span class='ocr_line' id='line_1_55' title="bbox 287 3768 1864 3840; baseline 0.001 -18"><span class='ocrx_word' id='word_1_425' title='bbox 287 3777 354 3822; x_wconf 90' lang='lat' dir='ltr'><strong>ut</strong></span> <span class='ocrx_word' id='word_1_426' title='bbox 373 3768 459 3822; x_wconf 83' lang='lat' dir='ltr'><strong>vel</strong></span> <span class='ocrx_word' id='word_1_427' title='bbox 481 3769 559 3823; x_wconf 91' lang='lat' dir='ltr'><strong>sic</strong></span> <span class='ocrx_word' id='word_1_428' title='bbox 610 3770 747 3839; x_wconf 82' lang='lat' dir='ltr'><strong>grati</strong></span> <span class='ocrx_word' id='word_1_429' title='bbox 799 3769 1015 3824; x_wconf 90' lang='lat' dir='ltr'><strong>Christo</strong></span> <span class='ocrx_word' id='word_1_430' title='bbox 1042 3769 1211 3840; x_wconf 85' lang='lat' dir='ltr'><strong>legem</strong></span> <span class='ocrx_word' id='word_1_431' title='bbox 1255 3785 1418 3840; x_wconf 89' lang='lat' dir='ltr'><strong>quam</strong></span> <span class='ocrx_word' id='word_1_432' title='bbox 1474 3769 1574 3824; x_wconf 91' lang='lat' dir='ltr'><strong>sibi</strong></span> <span class='ocrx_word' id='word_1_433' title='bbox 1621 3770 1674 3824; x_wconf 93' lang='lat' dir='ltr'><strong>in</strong></span> <span class='ocrx_word' id='word_1_434' title='bbox 1721 3770 1864 3824; x_wconf 91' lang='lat' dir='ltr'><strong>nullo</strong></span> 
     </span>
    </p>
   </div>
   <div class='ocr_carea' id='block_1_56' title="bbox 286 3861 1866 3931">
    <p class='ocr_par' dir='ltr' id='par_1_56' title="bbox 286 3861 1866 3931">
     <span class='ocr_line' id='line_1_56' title="bbox 286 3861 1866 3931; baseline 0 -17"><span class='ocrx_word' id='word_1_435' title='bbox 286 3861 550 3930; x_wconf 88' lang='lat' dir='ltr'><strong>prodesse</strong></span> <span class='ocrx_word' id='word_1_436' title='bbox 571 3861 868 3916; x_wconf 87' lang='lat' dir='ltr'><strong>didicerant</strong></span> <span class='ocrx_word' id='word_1_437' title='bbox 892 3861 1272 3930; x_wconf 88' lang='lat' dir='ltr'><strong>relinquerent.</strong></span> <span class='ocrx_word' id='word_1_438' title='bbox 1299 3862 1411 3916; x_wconf 84' lang='lat' dir='ltr'><strong>Hoc</strong></span> <span class='ocrx_word' id='word_1_439' title='bbox 1432 3862 1700 3931; x_wconf 88' lang='lat' dir='ltr'><strong>proponit,</strong></span> <span class='ocrx_word' id='word_1_440' title='bbox 1725 3861 1866 3930; x_wconf 91' lang='lat' dir='ltr'><strong>quod</strong></span> 
     </span>
    </p>
   </div>
   <div class='ocr_carea' id='block_1_57' title="bbox 289 3953 1867 4026">
    <p class='ocr_par' dir='ltr' id='par_1_57' title="bbox 289 3953 1867 4026">
     <span class='ocr_line' id='line_1_57' title="bbox 289 3953 1867 4026; baseline -0.001 -16"><span class='ocrx_word' id='word_1_441' title='bbox 289 3955 391 4010; x_wconf 89' lang='lat' dir='ltr'><strong>illo</strong></span> <span class='ocrx_word' id='word_1_442' title='bbox 435 3955 494 4010; x_wconf 91' lang='lat' dir='ltr'><strong>in</strong></span> <span class='ocrx_word' id='word_1_443' title='bbox 533 3963 772 4024; x_wconf 87' lang='lat' dir='ltr'><strong>tempore</strong></span> <span class='ocrx_word' id='word_1_444' title='bbox 816 3956 1001 4026; x_wconf 88' lang='lat' dir='ltr'><strong>negari</strong></span> <span class='ocrx_word' id='word_1_445' title='bbox 1051 3969 1157 4009; x_wconf 88' lang='lat' dir='ltr'><strong>non</strong></span> <span class='ocrx_word' id='word_1_446' title='bbox 1205 3962 1442 4024; x_wconf 84' lang='lat' dir='ltr'><strong>poterat,</strong></span> <span class='ocrx_word' id='word_1_447' title='bbox 1485 3953 1730 4023; x_wconf 89' lang='lat' dir='ltr'><strong>spiritum</strong></span> <span class='ocrx_word' id='word_1_448' title='bbox 1773 3953 1867 4008; x_wconf 89' lang='lat' dir='ltr'><strong>Dei</strong></span> 
     </span>
    </p>
   </div>
   <div class='ocr_carea' id='block_1_58' title="bbox 292 4044 1871 4105">
    <p class='ocr_par' dir='ltr' id='par_1_58' title="bbox 292 4044 1871 4105">
     <span class='ocr_line' id='line_1_58' title="bbox 292 4044 1871 4105; baseline -0.002 -6"><span class='ocrx_word' id='word_1_449' title='bbox 292 4046 478 4100; x_wconf 88' lang='lat' dir='ltr'><strong>inesse</strong></span> <span class='ocrx_word' id='word_1_450' title='bbox 525 4045 884 4101; x_wconf 91' lang='lat' dir='ltr'><strong>credentibus.</strong></span> <span class='ocrx_word' id='word_1_451' title='bbox 939 4046 1020 4100; x_wconf 86' lang='lat' dir='ltr'><strong>Ad</strong></span> <span class='ocrx_word' id='word_1_452' title='bbox 1050 4046 1350 4105; x_wconf 81' lang='lat' dir='ltr'><strong>rudimenta</strong></span> <span class='ocrx_word' id='word_1_453' title='bbox 1381 4045 1523 4100; x_wconf 90' lang='lat' dir='ltr'><strong>enim</strong></span> <span class='ocrx_word' id='word_1_454' title='bbox 1554 4044 1678 4099; x_wconf 91' lang='lat' dir='ltr'><strong>ﬁdei</strong></span> <span class='ocrx_word' id='word_1_455' title='bbox 1723 4058 1871 4098; x_wconf 84' lang='lat' dir='ltr'><strong>com-</strong></span> 
     </span>
    </p>
   </div>
   <div class='ocr_carea' id='block_1_59' title="bbox 292 4134 1868 4200">
    <p class='ocr_par' dir='ltr' id='par_1_59' title="bbox 292 4134 1868 4200">
     <span class='ocr_line' id='line_1_59' title="bbox 292 4134 1868 4200; baseline -0.001 -10"><span class='ocrx_word' id='word_1_456' title='bbox 292 4135 618 4200; x_wconf 86' lang='lat' dir='ltr'><strong>mendanda,</strong></span> <span class='ocrx_word' id='word_1_457' title='bbox 653 4134 853 4192; x_wconf 89' lang='lat' dir='ltr'><strong>donum</strong></span> <span class='ocrx_word' id='word_1_458' title='bbox 897 4139 1001 4192; x_wconf 88' lang='lat' dir='ltr'><strong>hoc</strong></span> <span class='ocrx_word' id='word_1_459' title='bbox 1041 4137 1134 4192; x_wconf 90' lang='lat' dir='ltr'><strong>Dei</strong></span> <span class='ocrx_word' id='word_1_460' title='bbox 1165 4135 1604 4193; x_wconf 88' lang='lat' dir='ltr'><strong>manifestabatur</strong></span> <span class='ocrx_word' id='word_1_461' title='bbox 1634 4135 1868 4190; x_wconf 91' lang='lat' dir='ltr'><strong>homini-</strong></span> 
     </span>
    </p>
   </div>
   <div class='ocr_carea' id='block_1_60' title="bbox 291 4223 1870 4294">
    <p class='ocr_par' dir='ltr' id='par_1_60' title="bbox 291 4223 1870 4294">
     <span class='ocr_line' id='line_1_60' title="bbox 291 4223 1870 4294; baseline 0.002 -17"><span class='ocrx_word' id='word_1_462' title='bbox 291 4223 419 4288; x_wconf 83' lang='lat' dir='ltr'><strong>bus,</strong></span> <span class='ocrx_word' id='word_1_463' title='bbox 457 4225 597 4278; x_wconf 89' lang='lat' dir='ltr'><strong>sicut</strong></span> <span class='ocrx_word' id='word_1_464' title='bbox 625 4225 765 4288; x_wconf 86' lang='lat' dir='ltr'><strong>inter</strong></span> <span class='ocrx_word' id='word_1_465' title='bbox 790 4225 903 4294; x_wconf 86' lang='lat' dir='ltr'><strong>ipsa</strong></span> <span class='ocrx_word' id='word_1_466' title='bbox 955 4226 1108 4285; x_wconf 88' lang='lat' dir='ltr'><strong>initia</strong></span> <span class='ocrx_word' id='word_1_467' title='bbox 1146 4225 1346 4280; x_wconf 91' lang='lat' dir='ltr'><strong>factum</strong></span> <span class='ocrx_word' id='word_1_468' title='bbox 1397 4226 1557 4280; x_wconf 85' lang='lat' dir='ltr'><strong>estin</strong></span> <span class='ocrx_word' id='word_1_469' title='bbox 1603 4225 1870 4294; x_wconf 86' lang='lat' dir='ltr'><strong>Apostolis</strong></span> 
     </span>
    </p>
   </div>
   <div class='ocr_carea' id='block_1_61' title="bbox 295 4314 1868 4384">
    <p class='ocr_par' dir='ltr' id='par_1_61' title="bbox 295 4314 1868 4384">
     <span class='ocr_line' id='line_1_61' title="bbox 295 4314 1868 4384; baseline 0.001 -16"><span class='ocrx_word' id='word_1_470' title='bbox 295 4321 355 4368; x_wconf 84' lang='lat' dir='ltr'><strong>et</strong></span> <span class='ocrx_word' id='word_1_471' title='bbox 377 4314 586 4368; x_wconf 60' lang='lat' dir='ltr'><strong>caeteris</strong></span> <span class='ocrx_word' id='word_1_472' title='bbox 619 4315 895 4384; x_wconf 82' lang='lat' dir='ltr'><strong>discipulis</strong></span> <span class='ocrx_word' id='word_1_473' title='bbox 928 4334 940 4369; x_wconf 91' lang='lat'><strong>:</strong></span> <span class='ocrx_word' id='word_1_474' title='bbox 975 4331 1075 4372; x_wconf 89' lang='lat' dir='ltr'><strong>nec</strong></span> <span class='ocrx_word' id='word_1_475' title='bbox 1127 4331 1234 4377; x_wconf 88' lang='lat' dir='ltr'><strong>non</strong></span> <span class='ocrx_word' id='word_1_476' title='bbox 1259 4325 1313 4370; x_wconf 90' lang='lat' dir='ltr'><strong>et</strong></span> <span class='ocrx_word' id='word_1_477' title='bbox 1349 4317 1402 4370; x_wconf 93' lang='lat' dir='ltr'><strong>in</strong></span> <span class='ocrx_word' id='word_1_478' title='bbox 1428 4316 1533 4370; x_wconf 91' lang='lat' dir='ltr'><strong>illis</strong></span> <span class='ocrx_word' id='word_1_479' title='bbox 1559 4316 1868 4381; x_wconf 89' lang='lat' dir='ltr'><strong>duodecim,</strong></span> 
     </span>
    </p>
   </div>
   <div class='ocr_carea' id='block_1_62' title="bbox 296 4402 1871 4474">
    <p class='ocr_par' dir='ltr' id='par_1_62' title="bbox 296 4402 1871 4474">
     <span class='ocr_line' id='line_1_62' title="bbox 296 4402 1871 4474; baseline 0.002 -20"><span class='ocrx_word' id='word_1_480' title='bbox 296 4417 459 4472; x_wconf 85' lang='lat' dir='ltr'><strong>quos,</strong></span> <span class='ocrx_word' id='word_1_481' title='bbox 514 4402 638 4472; x_wconf 86' lang='lat' dir='ltr'><strong>quia</strong></span> <span class='ocrx_word' id='word_1_482' title='bbox 684 4403 737 4456; x_wconf 90' lang='lat' dir='ltr'><strong>in</strong></span> <span class='ocrx_word' id='word_1_483' title='bbox 782 4404 1086 4462; x_wconf 89' lang='lat' dir='ltr'><strong>adulterino</strong></span> <span class='ocrx_word' id='word_1_484' title='bbox 1134 4405 1474 4474; x_wconf 89' lang='lat' dir='ltr'><strong>baptismate,</strong></span> <span class='ocrx_word' id='word_1_485' title='bbox 1513 4404 1610 4458; x_wconf 89' lang='lat' dir='ltr'><strong>sub</strong></span> <span class='ocrx_word' id='word_1_486' title='bbox 1656 4405 1871 4457; x_wconf 91' lang='lat' dir='ltr'><strong>nomine</strong></span> 
     </span>
    </p>
   </div>
   <div class='ocr_carea' id='block_1_63' title="bbox 297 4471 1950 4560">
    <p class='ocr_par' dir='ltr' id='par_1_63' title="bbox 297 4471 1950 4560">
     <span class='ocr_line' id='line_1_63' title="bbox 297 4471 1950 4560; baseline 0.001 -14"><span class='ocrx_word' id='word_1_487' title='bbox 297 4471 553 4560; x_wconf 80' lang='lat' dir='ltr'><strong>baptismi</strong></span> <span class='ocrx_word' id='word_1_488' title='bbox 593 4490 820 4546; x_wconf 82' lang='lat' dir='ltr'><strong>Joannis</strong></span> <span class='ocrx_word' id='word_1_489' title='bbox 877 4493 1089 4548; x_wconf 82' lang='lat' dir='ltr'><strong>fuerant</strong></span> <span class='ocrx_word' id='word_1_490' title='bbox 1115 4471 1220 4547; x_wconf 79' lang='lat' dir='ltr'><strong>non</strong></span> <span class='ocrx_word' id='word_1_491' title='bbox 1251 4494 1420 4558; x_wconf 91' lang='lat' dir='ltr'><strong>tincti,</strong></span> <span class='ocrx_word' id='word_1_492' title='bbox 1459 4494 1552 4548; x_wconf 89' lang='lat' dir='ltr'><strong>sed</strong></span> <span class='ocrx_word' id='word_1_493' title='bbox 1589 4495 1868 4558; x_wconf 87' lang='lat' dir='ltr'><strong>sordidati,</strong></span> <span class='ocrx_word' id='word_1_494' title='bbox 1899 4471 1950 4530; x_wconf 69' lang='grc' dir='ltr'>Π</span> 
     </span>
    </p>
   </div>
   <div class='ocr_carea' id='block_1_64' title="bbox 299 4569 1872 4652">
    <p class='ocr_par' dir='ltr' id='par_1_64' title="bbox 299 4569 1872 4652">
     <span class='ocr_line' id='line_1_64' title="bbox 299 4569 1872 4652; baseline -0.001 -14"><span class='ocrx_word' id='word_1_495' title='bbox 299 4583 502 4638; x_wconf 88' lang='lat' dir='ltr'><strong>Paulus</strong></span> <span class='ocrx_word' id='word_1_496' title='bbox 547 4569 836 4651; x_wconf 84' lang='lat' dir='ltr'><strong>Apostolus</strong></span> <span class='ocrx_word' id='word_1_497' title='bbox 887 4583 942 4636; x_wconf 90' lang='lat' dir='ltr'><strong>in</strong></span> <span class='ocrx_word' id='word_1_498' title='bbox 1005 4582 1283 4637; x_wconf 84' lang='lat' dir='ltr'><strong>Trinitatis</strong></span> <span class='ocrx_word' id='word_1_499' title='bbox 1339 4583 1554 4637; x_wconf 88' lang='lat' dir='ltr'><strong>nomine</strong></span> <span class='ocrx_word' id='word_1_500' title='bbox 1604 4583 1872 4652; x_wconf 84' lang='lat' dir='ltr'><strong>baptizari</strong></span> 
     </span>
    </p>
   </div>
   <div class='ocr_carea' id='block_1_65' title="bbox 300 4671 1872 4742">
    <p class='ocr_par' dir='ltr' id='par_1_65' title="bbox 300 4671 1872 4742">
     <span class='ocr_line' id='line_1_65' title="bbox 300 4671 1872 4742; baseline -0.001 -14"><span class='ocrx_word' id='word_1_501' title='bbox 300 4672 584 4742; x_wconf 71' lang='lat' dir='ltr'><strong>prazcepit,</strong></span> <span class='ocrx_word' id='word_1_502' title='bbox 615 4673 809 4740; x_wconf 89' lang='lat' dir='ltr'><strong>quibus</strong></span> <span class='ocrx_word' id='word_1_503' title='bbox 839 4673 1103 4735; x_wconf 80' lang='lat' dir='ltr'><strong>impositis</strong></span> <span class='ocrx_word' id='word_1_504' title='bbox 1155 4672 1422 4736; x_wconf 89' lang='lat' dir='ltr'><strong>manibus,</strong></span> <span class='ocrx_word' id='word_1_505' title='bbox 1453 4671 1651 4726; x_wconf 88' lang='lat' dir='ltr'><strong>decidit</strong></span> <span class='ocrx_word' id='word_1_506' title='bbox 1679 4671 1730 4725; x_wconf 95' lang='lat' dir='ltr'><strong>in</strong></span> <span class='ocrx_word' id='word_1_507' title='bbox 1779 4686 1872 4726; x_wconf 87' lang='lat' dir='ltr'><strong>eos</strong></span> 
     </span>
    </p>
   </div>
   <div class='ocr_carea' id='block_1_66' title="bbox 303 4760 1874 4832">
    <p class='ocr_par' dir='ltr' id='par_1_66' title="bbox 303 4760 1874 4832">
     <span class='ocr_line' id='line_1_66' title="bbox 303 4760 1874 4832; baseline -0.001 -16"><span class='ocrx_word' id='word_1_508' title='bbox 303 4762 542 4832; x_wconf 90' lang='lat' dir='ltr'><strong>Spiritus</strong></span> <span class='ocrx_word' id='word_1_509' title='bbox 556 4769 794 4824; x_wconf 89' lang='lat' dir='ltr'><strong>sanctus,</strong></span> <span class='ocrx_word' id='word_1_510' title='bbox 811 4769 865 4815; x_wconf 91' lang='lat' dir='ltr'><strong>et</strong></span> <span class='ocrx_word' id='word_1_511' title='bbox 877 4762 1206 4815; x_wconf 85' lang='lat' dir='ltr'><strong>diversarum</strong></span> <span class='ocrx_word' id='word_1_512' title='bbox 1223 4760 1522 4830; x_wconf 82' lang='lat' dir='ltr'><strong>linguarum</strong></span> <span class='ocrx_word' id='word_1_513' title='bbox 1538 4761 1874 4814; x_wconf 87' lang='lat' dir='ltr'><strong>ministrabat</strong></span> 
     </span>
    </p>
   </div>
   <div class='ocr_carea' id='block_1_67' title="bbox 302 4849 1873 4926">
    <p class='ocr_par' dir='ltr' id='par_1_67' title="bbox 302 4849 1873 4926">
     <span class='ocr_line' id='line_1_67' title="bbox 302 4849 1873 4926; baseline -0.001 -21"><span class='ocrx_word' id='word_1_514' title='bbox 302 4852 538 4921; x_wconf 86' lang='lat' dir='ltr'><strong>eloquia,</strong></span> <span class='ocrx_word' id='word_1_515' title='bbox 567 4867 689 4912; x_wconf 88' lang='lat' dir='ltr'><strong>cum</strong></span> <span class='ocrx_word' id='word_1_516' title='bbox 715 4851 1157 4926; x_wconf 87' lang='lat' dir='ltr'><strong>interpretatione</strong></span> <span class='ocrx_word' id='word_1_517' title='bbox 1186 4865 1390 4915; x_wconf 90' lang='lat' dir='ltr'><strong>earum,</strong></span> <span class='ocrx_word' id='word_1_518' title='bbox 1425 4858 1485 4903; x_wconf 92' lang='lat' dir='ltr'><strong>ut</strong></span> <span class='ocrx_word' id='word_1_519' title='bbox 1510 4849 1685 4904; x_wconf 91' lang='lat' dir='ltr'><strong>nullus</strong></span> <span class='ocrx_word' id='word_1_520' title='bbox 1711 4850 1873 4905; x_wconf 88' lang='lat' dir='ltr'><strong>aude-</strong></span> 
     </span>
    </p>
   </div>
   <div class='ocr_carea' id='block_1_68' title="bbox 303 4939 1879 5010">
    <p class='ocr_par' dir='ltr' id='par_1_68' title="bbox 303 4939 1879 5010">
     <span class='ocr_line' id='line_1_68' title="bbox 303 4939 1879 5010; baseline -0.002 -13"><span class='ocrx_word' id='word_1_521' title='bbox 303 4950 390 4998; x_wconf 84' lang='lat' dir='ltr'><strong>ret</strong></span> <span class='ocrx_word' id='word_1_522' title='bbox 409 4957 607 5010; x_wconf 88' lang='lat' dir='ltr'><strong>negare</strong></span> <span class='ocrx_word' id='word_1_523' title='bbox 621 4939 878 5008; x_wconf 90' lang='lat' dir='ltr'><strong>Spiritum</strong></span> <span class='ocrx_word' id='word_1_524' title='bbox 894 4951 1137 4994; x_wconf 90' lang='lat' dir='ltr'><strong>sanctum</strong></span> <span class='ocrx_word' id='word_1_525' title='bbox 1157 4939 1330 4994; x_wconf 89' lang='lat' dir='ltr'><strong>inesse</strong></span> <span class='ocrx_word' id='word_1_526' title='bbox 1346 4940 1397 4992; x_wconf 90' lang='lat' dir='ltr'><strong>in</strong></span> <span class='ocrx_word' id='word_1_527' title='bbox 1410 4939 1879 5005; x_wconf 81' lang='lat' dir='ltr'><strong>eis.Quamobrem</strong></span> 
     </span>
    </p>
   </div>
   <div class='ocr_carea' id='block_1_69' title="bbox 303 5030 1874 5100">
    <p class='ocr_par' dir='ltr' id='par_1_69' title="bbox 303 5030 1874 5100">
     <span class='ocr_line' id='line_1_69' title="bbox 303 5030 1874 5100; baseline -0.004 -10"><span class='ocrx_word' id='word_1_528' title='bbox 303 5034 424 5090; x_wconf 83' lang='lat' dir='ltr'><strong>sine</strong></span> <span class='ocrx_word' id='word_1_529' title='bbox 450 5031 724 5086; x_wconf 89' lang='lat' dir='ltr'><strong>intellectu</strong></span> <span class='ocrx_word' id='word_1_530' title='bbox 777 5030 994 5086; x_wconf 89' lang='lat' dir='ltr'><strong>Galatas</strong></span> <span class='ocrx_word' id='word_1_531' title='bbox 1020 5045 1139 5086; x_wconf 86' lang='lat' dir='ltr'><strong>esse</strong></span> <span class='ocrx_word' id='word_1_532' title='bbox 1167 5030 1414 5100; x_wconf 88' lang='lat' dir='ltr'><strong>appellat,</strong></span> <span class='ocrx_word' id='word_1_533' title='bbox 1449 5032 1538 5100; x_wconf 91' lang='lat' dir='ltr'><strong>qui</strong></span> <span class='ocrx_word' id='word_1_534' title='bbox 1589 5031 1746 5100; x_wconf 87' lang='lat' dir='ltr'><strong>hujus</strong></span> <span class='ocrx_word' id='word_1_535' title='bbox 1795 5032 1874 5085; x_wconf 90' lang='lat' dir='ltr'><strong>rei</strong></span> 
     </span>
    </p>
   </div>
   <div class='ocr_carea' id='block_1_70' title="bbox 305 5120 1875 5194">
    <p class='ocr_par' dir='ltr' id='par_1_70' title="bbox 305 5120 1875 5194">
     <span class='ocr_line' id='line_1_70' title="bbox 305 5120 1875 5194; baseline -0.001 -18"><span class='ocrx_word' id='word_1_536' title='bbox 305 5123 459 5194; x_wconf 88' lang='lat' dir='ltr'><strong>gnari</strong></span> <span class='ocrx_word' id='word_1_537' title='bbox 477 5129 532 5175; x_wconf 92' lang='lat' dir='ltr'><strong>et</strong></span> <span class='ocrx_word' id='word_1_538' title='bbox 547 5120 749 5175; x_wconf 90' lang='lat' dir='ltr'><strong>conscii</strong></span> <span class='ocrx_word' id='word_1_539' title='bbox 771 5120 1126 5189; x_wconf 86' lang='lat' dir='ltr'><strong>degradantes</strong></span> <span class='ocrx_word' id='word_1_540' title='bbox 1152 5131 1230 5184; x_wconf 91' lang='lat' dir='ltr'><strong>se,</strong></span> <span class='ocrx_word' id='word_1_541' title='bbox 1248 5120 1428 5174; x_wconf 85' lang='lat' dir='ltr'><strong>carnis</strong></span> <span class='ocrx_word' id='word_1_542' title='bbox 1458 5135 1600 5174; x_wconf 67' lang='lat' dir='ltr'><strong>cura:</strong></span> <span class='ocrx_word' id='word_1_543' title='bbox 1615 5136 1672 5174; x_wconf 90' lang='lat' dir='ltr'><strong>se</strong></span> <span class='ocrx_word' id='word_1_544' title='bbox 1698 5121 1875 5190; x_wconf 89' lang='lat' dir='ltr'><strong>subje-</strong></span> 
     </span>
    </p>
   </div>
   <div class='ocr_carea' id='block_1_71' title="bbox 305 5209 1876 5279">
    <p class='ocr_par' dir='ltr' id='par_1_71' title="bbox 305 5209 1876 5279">
     <span class='ocr_line' id='line_1_71' title="bbox 305 5209 1876 5279; baseline -0.002 -13"><span class='ocrx_word' id='word_1_545' title='bbox 305 5220 517 5272; x_wconf 80' lang='lat' dir='ltr'><strong>eerunt.</strong></span> <span class='ocrx_word' id='word_1_546' title='bbox 555 5210 893 5278; x_wconf 85' lang='lat' dir='ltr'><strong>Incipientes,</strong></span> <span class='ocrx_word' id='word_1_547' title='bbox 918 5209 1108 5278; x_wconf 90' lang='lat' dir='ltr'><strong>inquit,</strong></span> <span class='ocrx_word' id='word_1_548' title='bbox 1138 5211 1354 5279; x_wconf 78' lang='lat' dir='ltr'><strong>spiritu,</strong></span> <span class='ocrx_word' id='word_1_549' title='bbox 1379 5225 1514 5262; x_wconf 88' lang='lat' dir='ltr'><strong>nunc</strong></span> <span class='ocrx_word' id='word_1_550' title='bbox 1561 5225 1716 5262; x_wconf 89' lang='lat' dir='ltr'><strong>carne</strong></span> <span class='ocrx_word' id='word_1_551' title='bbox 1759 5226 1876 5263; x_wconf 89' lang='lat' dir='ltr'><strong>con-</strong></span> 
     </span>
    </p>
   </div>
   <div class='ocr_carea' id='block_1_72' title="bbox 306 5297 1873 5368">
    <p class='ocr_par' dir='ltr' id='par_1_72' title="bbox 306 5297 1873 5368">
     <span class='ocr_line' id='line_1_72' title="bbox 306 5297 1873 5368; baseline -0.002 -12"><span class='ocrx_word' id='word_1_552' title='bbox 306 5301 638 5356; x_wconf 75' lang='lat' dir='ltr'><strong>summmini</strong></span> <span class='ocrx_word' id='word_1_553' title='bbox 651 5301 676 5353; x_wconf 86' lang='lat'><strong><em>?</em></strong></span> <span class='ocrx_word' id='word_1_554' title='bbox 695 5297 808 5354; x_wconf 85' lang='lat' dir='ltr'><strong>Hoc</strong></span> <span class='ocrx_word' id='word_1_555' title='bbox 840 5300 990 5364; x_wconf 90' lang='lat' dir='ltr'><strong>dicit,</strong></span> <span class='ocrx_word' id='word_1_556' title='bbox 1023 5299 1147 5368; x_wconf 91' lang='lat' dir='ltr'><strong>quia</strong></span> <span class='ocrx_word' id='word_1_557' title='bbox 1174 5315 1296 5352; x_wconf 92' lang='lat' dir='ltr'><strong>cum</strong></span> <span class='ocrx_word' id='word_1_558' title='bbox 1335 5300 1401 5354; x_wconf 90' lang='lat' dir='ltr'><strong>ab</strong></span> <span class='ocrx_word' id='word_1_559' title='bbox 1439 5298 1784 5355; x_wconf 89' lang='lat' dir='ltr'><strong>inferioribus</strong></span> <span class='ocrx_word' id='word_1_560' title='bbox 1806 5300 1873 5353; x_wconf 91' lang='lat' dir='ltr'><strong>ad</strong></span> 
     </span>
    </p>
   </div>
   <div class='ocr_carea' id='block_1_73' title="bbox 307 5389 1873 5456">
    <p class='ocr_par' dir='ltr' id='par_1_73' title="bbox 307 5389 1873 5456">
     <span class='ocr_line' id='line_1_73' title="bbox 307 5389 1873 5456; baseline -0.001 -10"><span class='ocrx_word' id='word_1_561' title='bbox 307 5407 519 5449; x_wconf 87' lang='lat' dir='ltr'><strong>summa</strong></span> <span class='ocrx_word' id='word_1_562' title='bbox 550 5391 673 5446; x_wconf 86' lang='lat' dir='ltr'><strong>ﬁdei</strong></span> <span class='ocrx_word' id='word_1_563' title='bbox 719 5405 974 5450; x_wconf 84' lang='lat' dir='ltr'><strong>ascensus</strong></span> <span class='ocrx_word' id='word_1_564' title='bbox 1003 5391 1092 5456; x_wconf 91' lang='lat' dir='ltr'><strong>sit,</strong></span> <span class='ocrx_word' id='word_1_565' title='bbox 1123 5391 1174 5443; x_wconf 90' lang='lat' dir='ltr'><strong>hi</strong></span> <span class='ocrx_word' id='word_1_566' title='bbox 1206 5400 1414 5455; x_wconf 87' lang='lat' dir='ltr'><strong>contra,</strong></span> <span class='ocrx_word' id='word_1_567' title='bbox 1449 5391 1514 5444; x_wconf 90' lang='lat' dir='ltr'><strong>de</strong></span> <span class='ocrx_word' id='word_1_568' title='bbox 1545 5389 1770 5444; x_wconf 89' lang='lat' dir='ltr'><strong>summis</strong></span> <span class='ocrx_word' id='word_1_569' title='bbox 1820 5391 1873 5444; x_wconf 90' lang='lat' dir='ltr'><strong>in</strong></span> 
     </span>
    </p>
   </div>
   <div class='ocr_carea' id='block_1_74' title="bbox 311 5485 1874 5555">
    <p class='ocr_par' dir='ltr' id='par_1_74' title="bbox 311 5485 1874 5555">
     <span class='ocr_line' id='line_1_74' title="bbox 311 5485 1874 5555; baseline -0.002 -14"><span class='ocrx_word' id='word_1_570' title='bbox 311 5487 419 5541; x_wconf 86' lang='lat' dir='ltr'><strong>ima</strong></span> <span class='ocrx_word' id='word_1_571' title='bbox 445 5486 644 5555; x_wconf 91' lang='lat' dir='ltr'><strong>delapsi</strong></span> <span class='ocrx_word' id='word_1_572' title='bbox 675 5494 821 5540; x_wconf 91' lang='lat' dir='ltr'><strong>sunt.</strong></span> <span class='ocrx_word' id='word_1_573' title='bbox 849 5485 951 5540; x_wconf 89' lang='lat' dir='ltr'><strong>Per</strong></span> <span class='ocrx_word' id='word_1_574' title='bbox 978 5486 1137 5541; x_wconf 88' lang='lat' dir='ltr'><strong>ﬁdem</strong></span> <span class='ocrx_word' id='word_1_575' title='bbox 1171 5487 1316 5538; x_wconf 89' lang='lat' dir='ltr'><strong>enim</strong></span> <span class='ocrx_word' id='word_1_576' title='bbox 1366 5485 1636 5554; x_wconf 86' lang='lat' dir='ltr'><strong>spiritales</strong></span> <span class='ocrx_word' id='word_1_577' title='bbox 1677 5485 1874 5552; x_wconf 84' lang='lat' dir='ltr'><strong>eﬁ‘eeti,</strong></span> 
     </span>
    </p>
   </div>
   <div class='ocr_carea' id='block_1_75' title="bbox 311 5573 1877 5646">
    <p class='ocr_par' dir='ltr' id='par_1_75' title="bbox 311 5573 1877 5646">
     <span class='ocr_line' id='line_1_75' title="bbox 311 5573 1877 5646; baseline -0.001 -15"><span class='ocrx_word' id='word_1_578' title='bbox 311 5577 560 5632; x_wconf 79' lang='lat' dir='ltr'><strong>conversi</strong></span> <span class='ocrx_word' id='word_1_579' title='bbox 613 5577 681 5630; x_wconf 91' lang='lat' dir='ltr'><strong>ad</strong></span> <span class='ocrx_word' id='word_1_580' title='bbox 727 5575 935 5646; x_wconf 83' lang='lat' dir='ltr'><strong>legem,</strong></span> <span class='ocrx_word' id='word_1_581' title='bbox 981 5576 1326 5645; x_wconf 88' lang='lat' dir='ltr'><strong>perdiderant</strong></span> <span class='ocrx_word' id='word_1_582' title='bbox 1368 5575 1594 5643; x_wconf 84' lang='lat' dir='ltr'><strong>gratiam</strong></span> <span class='ocrx_word' id='word_1_583' title='bbox 1647 5573 1877 5643; x_wconf 89' lang='lat' dir='ltr'><strong>Spiritus</strong></span> 
     </span>
    </p>
   </div>
   <div class='ocr_carea' id='block_1_76' title="bbox 315 5665 1880 5740">
    <p class='ocr_par' dir='ltr' id='par_1_76' title="bbox 315 5665 1880 5740">
     <span class='ocr_line' id='line_1_76' title="bbox 315 5665 1880 5740; baseline -0.001 -18"><span class='ocrx_word' id='word_1_584' title='bbox 315 5685 478 5740; x_wconf 88' lang='lat' dir='ltr'><strong>quam</strong></span> <span class='ocrx_word' id='word_1_585' title='bbox 531 5666 742 5722; x_wconf 86' lang='lat' dir='ltr'><strong>fuerant</strong></span> <span class='ocrx_word' id='word_1_586' title='bbox 787 5667 1097 5738; x_wconf 85' lang='lat' dir='ltr'><strong>consecuti,</strong></span> <span class='ocrx_word' id='word_1_587' title='bbox 1141 5665 1532 5722; x_wconf 87' lang='lat' dir='ltr'><strong>consummatio</strong></span> <span class='ocrx_word' id='word_1_588' title='bbox 1574 5665 1714 5719; x_wconf 91' lang='lat' dir='ltr'><strong>enim</strong></span> <span class='ocrx_word' id='word_1_589' title='bbox 1765 5679 1880 5733; x_wconf 90' lang='lat' dir='ltr'><strong>per-</strong></span> 
     </span>
    </p>
   </div>
   <div class='ocr_carea' id='block_1_77' title="bbox 1943 1877 3512 1948">
    <p class='ocr_par' dir='ltr' id='par_1_77' title="bbox 1943 1877 3512 1948">
     <span class='ocr_line' id='line_1_77' title="bbox 1943 1877 3512 1948; baseline 0 -16"><span class='ocrx_word' id='word_1_590' title='bbox 1943 1878 2186 1942; x_wconf 87' lang='lat' dir='ltr'><strong>ferimus,</strong></span> <span class='ocrx_word' id='word_1_591' title='bbox 2217 1877 2349 1947; x_wconf 83' lang='lat' dir='ltr'><strong>legis</strong></span> <span class='ocrx_word' id='word_1_592' title='bbox 2367 1893 2531 1948; x_wconf 88' lang='lat' dir='ltr'><strong>opera</strong></span> <span class='ocrx_word' id='word_1_593' title='bbox 2556 1878 2908 1944; x_wconf 88' lang='lat' dir='ltr'><strong>destruimus,</strong></span> <span class='ocrx_word' id='word_1_594' title='bbox 2934 1893 3034 1932; x_wconf 92' lang='lat' dir='ltr'><strong>nec</strong></span> <span class='ocrx_word' id='word_1_595' title='bbox 3069 1878 3296 1932; x_wconf 88' lang='lat' dir='ltr'><strong>dicimus</strong></span> <span class='ocrx_word' id='word_1_596' title='bbox 3322 1894 3512 1933; x_wconf 87' lang='lat' dir='ltr'><strong>secun-</strong></span> 
     </span>
    </p>
   </div>
   <div class='ocr_carea' id='block_1_78' title="bbox 1943 1968 3511 2038">
    <p class='ocr_par' dir='ltr' id='par_1_78' title="bbox 1943 1968 3511 2038">
     <span class='ocr_line' id='line_1_78' title="bbox 1943 1968 3511 2038; baseline -0.001 -14"><span class='ocrx_word' id='word_1_597' title='bbox 1943 1971 2068 2024; x_wconf 91' lang='lat' dir='ltr'><strong>dum</strong></span> <span class='ocrx_word' id='word_1_598' title='bbox 2113 1969 2391 2038; x_wconf 90' lang='lat' dir='ltr'><strong>quosdam,</strong></span> <span class='ocrx_word' id='word_1_599' title='bbox 2425 1968 2681 2037; x_wconf 82' lang='lat' dir='ltr'><strong>faciamus</strong></span> <span class='ocrx_word' id='word_1_600' title='bbox 2735 1968 2877 2022; x_wconf 89' lang='lat' dir='ltr'><strong>mala</strong></span> <span class='ocrx_word' id='word_1_601' title='bbox 2917 1969 3078 2022; x_wconf 86' lang='lat' dir='ltr'><strong>donec</strong></span> <span class='ocrx_word' id='word_1_602' title='bbox 3127 1970 3328 2022; x_wconf 85' lang='lat' dir='ltr'><strong>veniant</strong></span> <span class='ocrx_word' id='word_1_603' title='bbox 3378 1969 3511 2023; x_wconf 80' lang='lat' dir='ltr'><strong>bona</strong></span> 
     </span>
    </p>
   </div>
   <div class='ocr_carea' id='block_1_79' title="bbox 1945 2050 3512 2132">
    <p class='ocr_par' dir='ltr' id='par_1_79' title="bbox 1945 2050 3512 2132">
     <span class='ocr_line' id='line_1_79' title="bbox 1945 2050 3512 2132; baseline -0.001 -19"><span class='ocrx_word' id='word_1_604' title='bbox 1945 2050 2121 2132; x_wconf 76' lang='lat' dir='ltr'><strong>(Rom.</strong></span> <span class='ocrx_word' id='word_1_605' title='bbox 2151 2060 2270 2130; x_wconf 86' lang='grc' dir='ltr'>ιιι),</span> <span class='ocrx_word' id='word_1_606' title='bbox 2298 2073 2525 2128; x_wconf 89' lang='lat' dir='ltr'><strong>quorum</strong></span> <span class='ocrx_word' id='word_1_607' title='bbox 2553 2058 2986 2128; x_wconf 70' lang='lat' dir='ltr'><strong>damnatiojusta</strong></span> <span class='ocrx_word' id='word_1_608' title='bbox 3013 2065 3115 2123; x_wconf 91' lang='lat' dir='ltr'><strong>est,</strong></span> <span class='ocrx_word' id='word_1_609' title='bbox 3144 2059 3236 2112; x_wconf 92' lang='lat' dir='ltr'><strong>sed</strong></span> <span class='ocrx_word' id='word_1_610' title='bbox 3266 2058 3512 2111; x_wconf 77' lang='lat' dir='ltr'><strong>servituti</strong></span> 
     </span>
    </p>
   </div>
   <div class='ocr_carea' id='block_1_80' title="bbox 1944 2145 3516 2220">
    <p class='ocr_par' dir='ltr' id='par_1_80' title="bbox 1944 2145 3516 2220">
     <span class='ocr_line' id='line_1_80' title="bbox 1944 2145 3516 2220; baseline -0.001 -18"><span class='ocrx_word' id='word_1_611' title='bbox 1944 2149 2172 2220; x_wconf 78' lang='lat' dir='ltr'><strong>gratiam</strong></span> <span class='ocrx_word' id='word_1_612' title='bbox 2217 2147 2610 2217; x_wconf 88' lang='lat' dir='ltr'><strong>anteponimus,</strong></span> <span class='ocrx_word' id='word_1_613' title='bbox 2654 2146 2987 2214; x_wconf 91' lang='lat' dir='ltr'><strong>dicimusque</strong></span> <span class='ocrx_word' id='word_1_614' title='bbox 3023 2149 3164 2215; x_wconf 91' lang='lat' dir='ltr'><strong>quod</strong></span> <span class='ocrx_word' id='word_1_615' title='bbox 3201 2145 3366 2200; x_wconf 70' lang='lat' dir='ltr'><strong>Judaei</strong></span> <span class='ocrx_word' id='word_1_616' title='bbox 3393 2161 3516 2220; x_wconf 86' lang='lat' dir='ltr'><strong>pro-</strong></span> 
     </span>
    </p>
   </div>
   <div class='ocr_carea' id='block_1_81' title="bbox 1944 2235 3512 2312">
    <p class='ocr_par' dir='ltr' id='par_1_81' title="bbox 1944 2235 3512 2312">
     <span class='ocr_line' id='line_1_81' title="bbox 1944 2235 3512 2312; baseline -0.004 -17"><span class='ocrx_word' id='word_1_617' title='bbox 1944 2250 2064 2312; x_wconf 91' lang='lat' dir='ltr'><strong>pter</strong></span> <span class='ocrx_word' id='word_1_618' title='bbox 2109 2249 2309 2294; x_wconf 91' lang='lat' dir='ltr'><strong>metum</strong></span> <span class='ocrx_word' id='word_1_619' title='bbox 2361 2237 2582 2302; x_wconf 86' lang='lat' dir='ltr'><strong>faciunt,</strong></span> <span class='ocrx_word' id='word_1_620' title='bbox 2628 2238 2682 2292; x_wconf 92' lang='lat' dir='ltr'><strong>id</strong></span> <span class='ocrx_word' id='word_1_621' title='bbox 2723 2251 2822 2291; x_wconf 90' lang='lat' dir='ltr'><strong>nos</strong></span> <span class='ocrx_word' id='word_1_622' title='bbox 2869 2236 3046 2292; x_wconf 89' lang='lat' dir='ltr'><strong>facere</strong></span> <span class='ocrx_word' id='word_1_623' title='bbox 3086 2245 3305 2306; x_wconf 89' lang='lat' dir='ltr'><strong>propter</strong></span> <span class='ocrx_word' id='word_1_624' title='bbox 3335 2235 3512 2290; x_wconf 80' lang='lat' dir='ltr'><strong>chari-</strong></span> 
     </span>
    </p>
   </div>
   <div class='ocr_carea' id='block_1_82' title="bbox 1945 2325 3508 2396">
    <p class='ocr_par' dir='ltr' id='par_1_82' title="bbox 1945 2325 3508 2396">
     <span class='ocr_line' id='line_1_82' title="bbox 1945 2325 3508 2396; baseline -0.004 -11"><span class='ocrx_word' id='word_1_625' title='bbox 1945 2337 2110 2386; x_wconf 86' lang='lat' dir='ltr'><strong>tatem</strong></span> <span class='ocrx_word' id='word_1_626' title='bbox 2140 2346 2152 2382; x_wconf 89' lang='lat'><strong>:</strong></span> <span class='ocrx_word' id='word_1_627' title='bbox 2183 2328 2301 2383; x_wconf 92' lang='lat' dir='ltr'><strong>illos</strong></span> <span class='ocrx_word' id='word_1_628' title='bbox 2329 2343 2515 2384; x_wconf 87' lang='lat' dir='ltr'><strong>servos</strong></span> <span class='ocrx_word' id='word_1_629' title='bbox 2540 2343 2679 2392; x_wconf 89' lang='lat' dir='ltr'><strong>esse,</strong></span> <span class='ocrx_word' id='word_1_630' title='bbox 2710 2342 2808 2382; x_wconf 92' lang='lat' dir='ltr'><strong>nos</strong></span> <span class='ocrx_word' id='word_1_631' title='bbox 2835 2326 2992 2382; x_wconf 90' lang='lat' dir='ltr'><strong>ﬁlios.</strong></span> <span class='ocrx_word' id='word_1_632' title='bbox 3024 2325 3146 2381; x_wconf 89' lang='lat' dir='ltr'><strong>Illos</strong></span> <span class='ocrx_word' id='word_1_633' title='bbox 3176 2326 3292 2396; x_wconf 86' lang='lat' dir='ltr'><strong>cogi</strong></span> <span class='ocrx_word' id='word_1_634' title='bbox 3323 2327 3388 2379; x_wconf 91' lang='lat' dir='ltr'><strong>ad</strong></span> <span class='ocrx_word' id='word_1_635' title='bbox 3415 2327 3508 2380; x_wconf 90' lang='lat' dir='ltr'><strong>bo-</strong></span> 
     </span>
    </p>
   </div>
   <div class='ocr_carea' id='block_1_83' title="bbox 1946 2415 3518 2487">
    <p class='ocr_par' dir='ltr' id='par_1_83' title="bbox 1946 2415 3518 2487">
     <span class='ocr_line' id='line_1_83' title="bbox 1946 2415 3518 2487; baseline -0.005 -9"><span class='ocrx_word' id='word_1_636' title='bbox 1946 2435 2095 2481; x_wconf 83' lang='lat' dir='ltr'><strong>num,</strong></span> <span class='ocrx_word' id='word_1_637' title='bbox 2123 2433 2222 2473; x_wconf 90' lang='lat' dir='ltr'><strong>nos</strong></span> <span class='ocrx_word' id='word_1_638' title='bbox 2260 2419 2459 2474; x_wconf 88' lang='lat' dir='ltr'><strong>bonum</strong></span> <span class='ocrx_word' id='word_1_639' title='bbox 2490 2429 2681 2487; x_wconf 86' lang='lat' dir='ltr'><strong>sponte</strong></span> <span class='ocrx_word' id='word_1_640' title='bbox 2705 2418 2994 2486; x_wconf 88' lang='lat' dir='ltr'><strong>suscipere.</strong></span> <span class='ocrx_word' id='word_1_641' title='bbox 3029 2416 3143 2470; x_wconf 89' lang='lat' dir='ltr'><strong>Non</strong></span> <span class='ocrx_word' id='word_1_642' title='bbox 3168 2430 3296 2484; x_wconf 89' lang='lat' dir='ltr'><strong>ergo</strong></span> <span class='ocrx_word' id='word_1_643' title='bbox 3325 2415 3378 2470; x_wconf 93' lang='lat' dir='ltr'><strong>in</strong></span> <span class='ocrx_word' id='word_1_644' title='bbox 3414 2415 3518 2470; x_wconf 85' lang='lat' dir='ltr'><strong>ﬁde</strong></span> 
     </span>
    </p>
   </div>
   <div class='ocr_carea' id='block_1_84' title="bbox 1948 2510 3517 2580">
    <p class='ocr_par' dir='ltr' id='par_1_84' title="bbox 1948 2510 3517 2580">
     <span class='ocr_line' id='line_1_84' title="bbox 1948 2510 3517 2580; baseline -0.003 -14"><span class='ocrx_word' id='word_1_645' title='bbox 1948 2510 2148 2567; x_wconf 85' lang='lat' dir='ltr'><strong>Christi</strong></span> <span class='ocrx_word' id='word_1_646' title='bbox 2190 2510 2411 2568; x_wconf 89' lang='lat' dir='ltr'><strong>licentia</strong></span> <span class='ocrx_word' id='word_1_647' title='bbox 2449 2511 2690 2565; x_wconf 90' lang='lat' dir='ltr'><strong>nascitur</strong></span> <span class='ocrx_word' id='word_1_648' title='bbox 2737 2510 3101 2580; x_wconf 90' lang='lat' dir='ltr'><strong>delinquendi,</strong></span> <span class='ocrx_word' id='word_1_649' title='bbox 3154 2510 3247 2565; x_wconf 88' lang='lat' dir='ltr'><strong>sed</strong></span> <span class='ocrx_word' id='word_1_650' title='bbox 3285 2525 3351 2564; x_wconf 82' lang='lat' dir='ltr'><strong>ex</strong></span> <span class='ocrx_word' id='word_1_651' title='bbox 3387 2510 3517 2564; x_wconf 89' lang='lat' dir='ltr'><strong>dile-</strong></span> 
     </span>
    </p>
   </div>
   <div class='ocr_carea' id='block_1_85' title="bbox 1947 2601 3519 2672">
    <p class='ocr_par' dir='ltr' id='par_1_85' title="bbox 1947 2601 3519 2672">
     <span class='ocr_line' id='line_1_85' title="bbox 1947 2601 3519 2672; baseline -0.003 -14"><span class='ocrx_word' id='word_1_652' title='bbox 1947 2604 2126 2658; x_wconf 84' lang='lat' dir='ltr'><strong>ctione</strong></span> <span class='ocrx_word' id='word_1_653' title='bbox 2170 2601 2294 2658; x_wconf 84' lang='lat' dir='ltr'><strong>iidei</strong></span> <span class='ocrx_word' id='word_1_654' title='bbox 2355 2603 2605 2658; x_wconf 86' lang='lat' dir='ltr'><strong>voluntas</strong></span> <span class='ocrx_word' id='word_1_655' title='bbox 2667 2603 2792 2657; x_wconf 92' lang='lat' dir='ltr'><strong>boni</strong></span> <span class='ocrx_word' id='word_1_656' title='bbox 2855 2603 3034 2672; x_wconf 86' lang='lat' dir='ltr'><strong>operis</strong></span> <span class='ocrx_word' id='word_1_657' title='bbox 3081 2611 3348 2671; x_wconf 89' lang='lat' dir='ltr'><strong>augetur:</strong></span> <span class='ocrx_word' id='word_1_658' title='bbox 3394 2602 3519 2656; x_wconf 92' lang='lat' dir='ltr'><strong>dum</strong></span> 
     </span>
    </p>
   </div>
   <div class='ocr_carea' id='block_1_86' title="bbox 1949 2691 3514 2763">
    <p class='ocr_par' dir='ltr' id='par_1_86' title="bbox 1949 2691 3514 2763">
     <span class='ocr_line' id='line_1_86' title="bbox 1949 2691 3514 2763; baseline -0.001 -15"><span class='ocrx_word' id='word_1_659' title='bbox 1949 2693 2091 2748; x_wconf 86' lang='lat' dir='ltr'><strong>bona</strong></span> <span class='ocrx_word' id='word_1_660' title='bbox 2123 2693 2241 2748; x_wconf 91' lang='lat' dir='ltr'><strong>ideo</strong></span> <span class='ocrx_word' id='word_1_661' title='bbox 2276 2691 2522 2759; x_wconf 88' lang='lat' dir='ltr'><strong>facimus,</strong></span> <span class='ocrx_word' id='word_1_662' title='bbox 2551 2709 2656 2748; x_wconf 77' lang='lat' dir='ltr'><strong>non</strong></span> <span class='ocrx_word' id='word_1_663' title='bbox 2701 2694 2823 2763; x_wconf 83' lang='lat' dir='ltr'><strong>quia</strong></span> <span class='ocrx_word' id='word_1_664' title='bbox 2861 2691 3098 2760; x_wconf 89' lang='lat' dir='ltr'><strong>judicem</strong></span> <span class='ocrx_word' id='word_1_665' title='bbox 3143 2691 3514 2757; x_wconf 87' lang='lat' dir='ltr'><strong>formidamus,</strong></span> 
     </span>
    </p>
   </div>
   <div class='ocr_carea' id='block_1_87' title="bbox 1953 2783 3518 2854">
    <p class='ocr_par' dir='ltr' id='par_1_87' title="bbox 1953 2783 3518 2854">
     <span class='ocr_line' id='line_1_87' title="bbox 1953 2783 3518 2854; baseline -0.003 -14"><span class='ocrx_word' id='word_1_666' title='bbox 1953 2785 2046 2840; x_wconf 92' lang='lat' dir='ltr'><strong>sed</strong></span> <span class='ocrx_word' id='word_1_667' title='bbox 2073 2784 2198 2854; x_wconf 91' lang='lat' dir='ltr'><strong>quia</strong></span> <span class='ocrx_word' id='word_1_668' title='bbox 2233 2784 2434 2839; x_wconf 90' lang='lat' dir='ltr'><strong>scimus</strong></span> <span class='ocrx_word' id='word_1_669' title='bbox 2482 2799 2546 2840; x_wconf 90' lang='lat' dir='ltr'><strong>ea</strong></span> <span class='ocrx_word' id='word_1_670' title='bbox 2588 2785 2637 2838; x_wconf 92' lang='lat' dir='ltr'><strong>ei</strong></span> <span class='ocrx_word' id='word_1_671' title='bbox 2670 2783 2882 2853; x_wconf 87' lang='lat' dir='ltr'><strong>placere</strong></span> <span class='ocrx_word' id='word_1_672' title='bbox 2931 2783 2984 2837; x_wconf 94' lang='lat' dir='ltr'><strong>in</strong></span> <span class='ocrx_word' id='word_1_673' title='bbox 3027 2799 3186 2852; x_wconf 90' lang='lat' dir='ltr'><strong>quem</strong></span> <span class='ocrx_word' id='word_1_674' title='bbox 3231 2784 3518 2838; x_wconf 88' lang='lat' dir='ltr'><strong>credimus.</strong></span> 
     </span>
    </p>
   </div>
   <div class='ocr_carea' id='block_1_88' title="bbox 1954 2873 3518 2943">
    <p class='ocr_par' dir='ltr' id='par_1_88' title="bbox 1954 2873 3518 2943">
     <span class='ocr_line' id='line_1_88' title="bbox 1954 2873 3518 2943; baseline -0.002 -15"><span class='ocrx_word' id='word_1_675' title='bbox 1954 2874 2168 2942; x_wconf 66' lang='lat' dir='ltr'><strong>Quaerat</strong></span> <span class='ocrx_word' id='word_1_676' title='bbox 2211 2875 2498 2943; x_wconf 89' lang='lat' dir='ltr'><strong>quispiam,</strong></span> <span class='ocrx_word' id='word_1_677' title='bbox 2551 2875 2597 2928; x_wconf 92' lang='lat' dir='ltr'><strong>si</strong></span> <span class='ocrx_word' id='word_1_678' title='bbox 2647 2874 2780 2927; x_wconf 89' lang='lat' dir='ltr'><strong>ﬁdes</strong></span> <span class='ocrx_word' id='word_1_679' title='bbox 2809 2888 2916 2926; x_wconf 86' lang='lat' dir='ltr'><strong>non</strong></span> <span class='ocrx_word' id='word_1_680' title='bbox 2947 2880 3030 2927; x_wconf 89' lang='lat' dir='ltr'><strong>est</strong></span> <span class='ocrx_word' id='word_1_681' title='bbox 3071 2873 3170 2926; x_wconf 92' lang='lat' dir='ltr'><strong>nisi</strong></span> <span class='ocrx_word' id='word_1_682' title='bbox 3203 2888 3268 2926; x_wconf 82' lang='lat' dir='ltr'><strong>ex</strong></span> <span class='ocrx_word' id='word_1_683' title='bbox 3314 2873 3518 2936; x_wconf 87' lang='lat' dir='ltr'><strong>auditu,</strong></span> 
     </span>
    </p>
   </div>
   <div class='ocr_carea' id='block_1_89' title="bbox 1954 2959 3521 3036">
    <p class='ocr_par' dir='ltr' id='par_1_89' title="bbox 1954 2959 3521 3036">
     <span class='ocr_line' id='line_1_89' title="bbox 1954 2959 3521 3036; baseline -0.004 -16"><span class='ocrx_word' id='word_1_684' title='bbox 1954 2965 2220 3036; x_wconf 90' lang='lat' dir='ltr'><strong>quomodo</strong></span> <span class='ocrx_word' id='word_1_685' title='bbox 2264 2965 2353 3034; x_wconf 90' lang='lat' dir='ltr'><strong>qui</strong></span> <span class='ocrx_word' id='word_1_686' title='bbox 2401 2963 2548 3018; x_wconf 84' lang='lat' dir='ltr'><strong>surdi</strong></span> <span class='ocrx_word' id='word_1_687' title='bbox 2597 2964 2708 3018; x_wconf 90' lang='lat' dir='ltr'><strong>nati</strong></span> <span class='ocrx_word' id='word_1_688' title='bbox 2740 2971 2896 3032; x_wconf 86' lang='lat' dir='ltr'><strong>sunt,</strong></span> <span class='ocrx_word' id='word_1_689' title='bbox 2945 2970 3172 3031; x_wconf 90' lang='lat' dir='ltr'><strong>possunt</strong></span> <span class='ocrx_word' id='word_1_690' title='bbox 3209 2961 3327 3014; x_wconf 90' lang='lat' dir='ltr'><strong>ﬁeri</strong></span> <span class='ocrx_word' id='word_1_691' title='bbox 3366 2959 3521 3016; x_wconf 80' lang='lat' dir='ltr'><strong>Citri-</strong></span> 
     </span>
    </p>
   </div>
   <div class='ocr_carea' id='block_1_90' title="bbox 1958 3055 3526 3128">
    <p class='ocr_par' dir='ltr' id='par_1_90' title="bbox 1958 3055 3526 3128">
     <span class='ocr_line' id='line_1_90' title="bbox 1958 3055 3526 3128; baseline -0.004 -14"><span class='ocrx_word' id='word_1_692' title='bbox 1958 3059 2115 3114; x_wconf 91' lang='lat' dir='ltr'><strong>stiani</strong></span> <span class='ocrx_word' id='word_1_693' title='bbox 2141 3077 2154 3112; x_wconf 88' lang='lat'><strong>:</strong></span> <span class='ocrx_word' id='word_1_694' title='bbox 2186 3059 2350 3114; x_wconf 90' lang='lat' dir='ltr'><strong>Deum</strong></span> <span class='ocrx_word' id='word_1_695' title='bbox 2372 3059 2570 3128; x_wconf 89' lang='lat' dir='ltr'><strong>quippe</strong></span> <span class='ocrx_word' id='word_1_696' title='bbox 2592 3057 2807 3114; x_wconf 88' lang='lat' dir='ltr'><strong>Patrem</strong></span> <span class='ocrx_word' id='word_1_697' title='bbox 2838 3072 2902 3112; x_wconf 81' lang='lat' dir='ltr'><strong>ex</strong></span> <span class='ocrx_word' id='word_1_698' title='bbox 2934 3056 3302 3126; x_wconf 83' lang='lat' dir='ltr'><strong>magnitudine</strong></span> <span class='ocrx_word' id='word_1_699' title='bbox 3331 3063 3382 3108; x_wconf 91' lang='lat' dir='ltr'><strong>et</strong></span> <span class='ocrx_word' id='word_1_700' title='bbox 3409 3055 3526 3126; x_wconf 87' lang='lat' dir='ltr'><strong>pul-</strong></span> 
     </span>
    </p>
   </div>
   <div class='ocr_carea' id='block_1_91' title="bbox 1963 3145 3524 3217">
    <p class='ocr_par' dir='ltr' id='par_1_91' title="bbox 1963 3145 3524 3217">
     <span class='ocr_line' id='line_1_91' title="bbox 1963 3145 3524 3217; baseline -0.004 -12"><span class='ocrx_word' id='word_1_701' title='bbox 1963 3149 2268 3205; x_wconf 84' lang='lat' dir='ltr'><strong>chritudine</strong></span> <span class='ocrx_word' id='word_1_702' title='bbox 2293 3157 2664 3203; x_wconf 87' lang='lat' dir='ltr'><strong>creaturarum</strong></span> <span class='ocrx_word' id='word_1_703' title='bbox 2691 3155 2869 3217; x_wconf 91' lang='lat' dir='ltr'><strong>potest</strong></span> <span class='ocrx_word' id='word_1_704' title='bbox 2891 3147 3012 3216; x_wconf 90' lang='lat' dir='ltr'><strong>quis</strong></span> <span class='ocrx_word' id='word_1_705' title='bbox 3057 3145 3372 3215; x_wconf 86' lang='lat' dir='ltr'><strong>intelligere,</strong></span> <span class='ocrx_word' id='word_1_706' title='bbox 3401 3154 3455 3200; x_wconf 91' lang='lat' dir='ltr'><strong>et</strong></span> <span class='ocrx_word' id='word_1_707' title='bbox 3493 3161 3524 3198; x_wconf 91' lang='lat' dir='ltr'><strong>a</strong></span> 
     </span>
    </p>
   </div>
   <div class='ocr_carea' id='block_1_92' title="bbox 1963 3237 3523 3307">
    <p class='ocr_par' dir='ltr' id='par_1_92' title="bbox 1963 3237 3523 3307">
     <span class='ocr_line' id='line_1_92' title="bbox 1963 3237 3523 3307; baseline -0.004 -13"><span class='ocrx_word' id='word_1_708' title='bbox 1963 3240 2360 3295; x_wconf 75' lang='lat' dir='ltr'><strong>conditionibus</strong></span> <span class='ocrx_word' id='word_1_709' title='bbox 2407 3239 2652 3294; x_wconf 91' lang='lat' dir='ltr'><strong>conditor</strong></span> <span class='ocrx_word' id='word_1_710' title='bbox 2703 3244 3100 3307; x_wconf 85' lang='lat' dir='ltr'><strong>consequenter</strong></span> <span class='ocrx_word' id='word_1_711' title='bbox 3155 3237 3465 3305; x_wconf 86' lang='lat' dir='ltr'><strong>agnoscitur</strong></span> <span class='ocrx_word' id='word_1_712' title='bbox 3509 3253 3523 3288; x_wconf 94' lang='lat'><strong>:</strong></span> 
     </span>
    </p>
   </div>
   <div class='ocr_carea' id='block_1_93' title="bbox 1964 3327 3526 3393">
    <p class='ocr_par' dir='ltr' id='par_1_93' title="bbox 1964 3327 3526 3393">
     <span class='ocr_line' id='line_1_93' title="bbox 1964 3327 3526 3393; baseline -0.003 -9"><span class='ocrx_word' id='word_1_713' title='bbox 1964 3329 2164 3385; x_wconf 88' lang='lat' dir='ltr'><strong>Christi</strong></span> <span class='ocrx_word' id='word_1_714' title='bbox 2211 3337 2390 3385; x_wconf 90' lang='lat' dir='ltr'><strong>autem</strong></span> <span class='ocrx_word' id='word_1_715' title='bbox 2442 3329 2716 3393; x_wconf 86' lang='lat' dir='ltr'><strong>nativitas,</strong></span> <span class='ocrx_word' id='word_1_716' title='bbox 2765 3343 2918 3392; x_wconf 82' lang='lat' dir='ltr'><strong>crux,</strong></span> <span class='ocrx_word' id='word_1_717' title='bbox 2969 3341 3136 3391; x_wconf 91' lang='lat' dir='ltr'><strong>mors,</strong></span> <span class='ocrx_word' id='word_1_718' title='bbox 3179 3327 3526 3390; x_wconf 85' lang='lat' dir='ltr'><strong>resurrectio,</strong></span> 
     </span>
    </p>
   </div>
   <div class='ocr_carea' id='block_1_94' title="bbox 1964 3419 3530 3496">
    <p class='ocr_par' dir='ltr' id='par_1_94' title="bbox 1964 3419 3530 3496">
     <span class='ocr_line' id='line_1_94' title="bbox 1964 3419 3530 3496; baseline -0.004 -19"><span class='ocrx_word' id='word_1_719' title='bbox 1964 3422 2066 3477; x_wconf 90' lang='lat' dir='ltr'><strong>nisi</strong></span> <span class='ocrx_word' id='word_1_720' title='bbox 2104 3437 2168 3476; x_wconf 82' lang='lat' dir='ltr'><strong>ex</strong></span> <span class='ocrx_word' id='word_1_721' title='bbox 2213 3423 2420 3487; x_wconf 88' lang='lat' dir='ltr'><strong>auditu,</strong></span> <span class='ocrx_word' id='word_1_722' title='bbox 2472 3421 2598 3476; x_wconf 90' lang='lat' dir='ltr'><strong>sciri</strong></span> <span class='ocrx_word' id='word_1_723' title='bbox 2625 3435 2731 3474; x_wconf 92' lang='lat' dir='ltr'><strong>non</strong></span> <span class='ocrx_word' id='word_1_724' title='bbox 2779 3426 2995 3489; x_wconf 89' lang='lat' dir='ltr'><strong>potest;</strong></span> <span class='ocrx_word' id='word_1_725' title='bbox 3032 3426 3126 3472; x_wconf 88' lang='lat' dir='ltr'><strong>aut</strong></span> <span class='ocrx_word' id='word_1_726' title='bbox 3171 3420 3322 3473; x_wconf 84' lang='lat' dir='ltr'><strong>surdi</strong></span> <span class='ocrx_word' id='word_1_727' title='bbox 3358 3419 3530 3496; x_wconf 84' lang='lat' dir='ltr'><strong>igitur</strong></span> 
     </span>
    </p>
   </div>
   <div class='ocr_carea' id='block_1_95' title="bbox 1965 3511 3528 3577">
    <p class='ocr_par' dir='ltr' id='par_1_95' title="bbox 1965 3511 3528 3577">
     <span class='ocr_line' id='line_1_95' title="bbox 1965 3511 3528 3577; baseline -0.003 -8"><span class='ocrx_word' id='word_1_728' title='bbox 1965 3512 2254 3569; x_wconf 87' lang='lat' dir='ltr'><strong>Christiani</strong></span> <span class='ocrx_word' id='word_1_729' title='bbox 2285 3529 2392 3569; x_wconf 91' lang='lat' dir='ltr'><strong>non</strong></span> <span class='ocrx_word' id='word_1_730' title='bbox 2436 3522 2581 3577; x_wconf 89' lang='lat' dir='ltr'><strong>sunt,</strong></span> <span class='ocrx_word' id='word_1_731' title='bbox 2633 3519 2725 3565; x_wconf 90' lang='lat' dir='ltr'><strong>aut</strong></span> <span class='ocrx_word' id='word_1_732' title='bbox 2775 3511 2818 3565; x_wconf 91' lang='lat' dir='ltr'><strong>si</strong></span> <span class='ocrx_word' id='word_1_733' title='bbox 2868 3511 3014 3565; x_wconf 90' lang='lat' dir='ltr'><strong>surdi</strong></span> <span class='ocrx_word' id='word_1_734' title='bbox 3046 3519 3174 3565; x_wconf 87' lang='lat' dir='ltr'><strong>sunt</strong></span> <span class='ocrx_word' id='word_1_735' title='bbox 3217 3511 3528 3575; x_wconf 87' lang='lat' dir='ltr'><strong>Christiani,</strong></span> 
     </span>
    </p>
   </div>
   <div class='ocr_carea' id='block_1_96' title="bbox 1966 3600 3530 3672">
    <p class='ocr_par' dir='ltr' id='par_1_96' title="bbox 1966 3600 3530 3672">
     <span class='ocr_line' id='line_1_96' title="bbox 1966 3600 3530 3672; baseline 0 -16"><span class='ocrx_word' id='word_1_736' title='bbox 1966 3603 2158 3658; x_wconf 86' lang='lat' dir='ltr'><strong>falsum</strong></span> <span class='ocrx_word' id='word_1_737' title='bbox 2203 3611 2286 3658; x_wconf 91' lang='lat' dir='ltr'><strong>est</strong></span> <span class='ocrx_word' id='word_1_738' title='bbox 2330 3603 2472 3672; x_wconf 90' lang='lat' dir='ltr'><strong>quod</strong></span> <span class='ocrx_word' id='word_1_739' title='bbox 2513 3602 2640 3656; x_wconf 90' lang='lat' dir='ltr'><strong>alibi</strong></span> <span class='ocrx_word' id='word_1_740' title='bbox 2683 3601 2752 3656; x_wconf 88' lang='lat' dir='ltr'><strong>ab</strong></span> <span class='ocrx_word' id='word_1_741' title='bbox 2793 3600 3046 3670; x_wconf 82' lang='lat' dir='ltr'><strong>Apostolo</strong></span> <span class='ocrx_word' id='word_1_742' title='bbox 3075 3601 3272 3655; x_wconf 89' lang='lat' dir='ltr'><strong>dicitur</strong></span> <span class='ocrx_word' id='word_1_743' title='bbox 3299 3619 3310 3654; x_wconf 98' lang='lat'><strong>:</strong></span> <span class='ocrx_word' id='word_1_744' title='bbox 3342 3601 3530 3671; x_wconf 79' lang='lat' dir='ltr'><strong>Itaque</strong></span> 
     </span>
    </p>
   </div>
   <div class='ocr_carea' id='block_1_97' title="bbox 1966 3692 3534 3764">
    <p class='ocr_par' dir='ltr' id='par_1_97' title="bbox 1966 3692 3534 3764">
     <span class='ocr_line' id='line_1_97' title="bbox 1966 3692 3534 3764; baseline -0.002 -15"><span class='ocrx_word' id='word_1_745' title='bbox 1966 3695 2095 3764; x_wconf 79' lang='lat' dir='ltr'><strong>ﬁdes</strong></span> <span class='ocrx_word' id='word_1_746' title='bbox 2139 3711 2202 3749; x_wconf 79' lang='lat' dir='ltr'><strong>ea:</strong></span> <span class='ocrx_word' id='word_1_747' title='bbox 2251 3695 2469 3758; x_wconf 85' lang='lat' dir='ltr'><strong>auditu,</strong></span> <span class='ocrx_word' id='word_1_748' title='bbox 2536 3694 2748 3746; x_wconf 85' lang='lat' dir='ltr'><strong>auditus</strong></span> <span class='ocrx_word' id='word_1_749' title='bbox 2793 3701 2968 3744; x_wconf 84' lang='lat' dir='ltr'><strong>autem</strong></span> <span class='ocrx_word' id='word_1_750' title='bbox 3028 3707 3118 3760; x_wconf 85' lang='lat' dir='ltr'><strong>per</strong></span> <span class='ocrx_word' id='word_1_751' title='bbox 3177 3692 3384 3745; x_wconf 83' lang='lat' dir='ltr'><strong>verbum</strong></span> <span class='ocrx_word' id='word_1_752' title='bbox 3435 3692 3534 3746; x_wconf 78' lang='lat' dir='ltr'><strong>Det</strong></span> 
     </span>
    </p>
   </div>
   <div class='ocr_carea' id='block_1_98' title="bbox 1968 3781 3534 3857">
    <p class='ocr_par' dir='ltr' id='par_1_98' title="bbox 1968 3781 3534 3857">
     <span class='ocr_line' id='line_1_98' title="bbox 1968 3781 3534 3857; baseline -0.001 -19"><span class='ocrx_word' id='word_1_753' title='bbox 1968 3785 2145 3857; x_wconf 83' lang='lat' dir='ltr'><strong>(Rom.</strong></span> <span class='ocrx_word' id='word_1_754' title='bbox 2170 3785 2248 3856; x_wconf 70' lang='grc' dir='ltr'><strong>κ).</strong></span> <span class='ocrx_word' id='word_1_755' title='bbox 2274 3783 2357 3842; x_wconf 88' lang='lat' dir='ltr'><strong>Ad</strong></span> <span class='ocrx_word' id='word_1_756' title='bbox 2383 3783 2525 3853; x_wconf 90' lang='lat' dir='ltr'><strong>quod</strong></span> <span class='ocrx_word' id='word_1_757' title='bbox 2549 3783 2640 3852; x_wconf 91' lang='lat' dir='ltr'><strong>qui</strong></span> <span class='ocrx_word' id='word_1_758' title='bbox 2677 3781 2903 3850; x_wconf 88' lang='lat' dir='ltr'><strong>simplici</strong></span> <span class='ocrx_word' id='word_1_759' title='bbox 2935 3781 3287 3849; x_wconf 87' lang='lat' dir='ltr'><strong>responsione</strong></span> <span class='ocrx_word' id='word_1_760' title='bbox 3317 3788 3534 3836; x_wconf 86' lang='lat' dir='ltr'><strong>conten-</strong></span> 
     </span>
    </p>
   </div>
   <div class='ocr_carea' id='block_1_99' title="bbox 1969 3871 3530 3942">
    <p class='ocr_par' dir='ltr' id='par_1_99' title="bbox 1969 3871 3530 3942">
     <span class='ocr_line' id='line_1_99' title="bbox 1969 3871 3530 3942; baseline -0.004 -10"><span class='ocrx_word' id='word_1_761' title='bbox 1969 3885 2055 3932; x_wconf 78' lang='lat' dir='ltr'><strong>tus</strong></span> <span class='ocrx_word' id='word_1_762' title='bbox 2083 3884 2187 3941; x_wconf 86' lang='lat' dir='ltr'><strong>est,</strong></span> <span class='ocrx_word' id='word_1_763' title='bbox 2237 3875 2385 3938; x_wconf 89' lang='lat' dir='ltr'><strong>dicit,</strong></span> <span class='ocrx_word' id='word_1_764' title='bbox 2431 3890 2535 3929; x_wconf 93' lang='lat' dir='ltr'><strong>non</strong></span> <span class='ocrx_word' id='word_1_765' title='bbox 2575 3889 2698 3927; x_wconf 91' lang='lat' dir='ltr'><strong>eum</strong></span> <span class='ocrx_word' id='word_1_766' title='bbox 2748 3871 3070 3942; x_wconf 87' lang='lat' dir='ltr'><strong>generaliter</strong></span> <span class='ocrx_word' id='word_1_767' title='bbox 3121 3871 3345 3933; x_wconf 77' lang='lat' dir='ltr'><strong>dixisse,</strong></span> <span class='ocrx_word' id='word_1_768' title='bbox 3397 3872 3530 3926; x_wconf 91' lang='lat' dir='ltr'><strong>ﬁdes</strong></span> 
     </span>
    </p>
   </div>
   <div class='ocr_carea' id='block_1_100' title="bbox 1969 3960 3527 4030">
    <p class='ocr_par' dir='ltr' id='par_1_100' title="bbox 1969 3960 3527 4030">
     <span class='ocr_line' id='line_1_100' title="bbox 1969 3960 3527 4030; baseline -0.005 -8"><span class='ocrx_word' id='word_1_769' title='bbox 1969 3967 2205 4022; x_wconf 90' lang='lat' dir='ltr'><strong>omnium</strong></span> <span class='ocrx_word' id='word_1_770' title='bbox 2231 3980 2300 4018; x_wconf 82' lang='lat' dir='ltr'><strong>ex</strong></span> <span class='ocrx_word' id='word_1_771' title='bbox 2326 3965 2509 4018; x_wconf 91' lang='lat' dir='ltr'><strong>auditu</strong></span> <span class='ocrx_word' id='word_1_772' title='bbox 2531 3972 2636 4026; x_wconf 89' lang='lat' dir='ltr'><strong>est,</strong></span> <span class='ocrx_word' id='word_1_773' title='bbox 2657 3963 2750 4016; x_wconf 89' lang='lat' dir='ltr'><strong>sed</strong></span> <span class='ocrx_word' id='word_1_774' title='bbox 2775 3962 2901 4030; x_wconf 82' lang='lat' dir='ltr'><strong>ﬁdes</strong></span> <span class='ocrx_word' id='word_1_775' title='bbox 2923 3977 2987 4014; x_wconf 78' lang='lat' dir='ltr'><strong>ea:</strong></span> <span class='ocrx_word' id='word_1_776' title='bbox 3007 3960 3212 4025; x_wconf 84' lang='lat' dir='ltr'><strong>auditu,</strong></span> <span class='ocrx_word' id='word_1_777' title='bbox 3236 3961 3379 4028; x_wconf 87' lang='lat' dir='ltr'><strong>quod</strong></span> <span class='ocrx_word' id='word_1_778' title='bbox 3399 3971 3452 4014; x_wconf 91' lang='lat' dir='ltr'><strong>et</strong></span> <span class='ocrx_word' id='word_1_779' title='bbox 3475 3963 3527 4014; x_wconf 88' lang='lat' dir='ltr'><strong>in</strong></span> 
     </span>
    </p>
   </div>
   <div class='ocr_carea' id='block_1_101' title="bbox 1969 4050 3538 4126">
    <p class='ocr_par' dir='ltr' id='par_1_101' title="bbox 1969 4050 3538 4126">
     <span class='ocr_line' id='line_1_101' title="bbox 1969 4050 3538 4126; baseline -0.003 -18"><span class='ocrx_word' id='word_1_780' title='bbox 1969 4062 2124 4126; x_wconf 89' lang='lat' dir='ltr'><strong>parte</strong></span> <span class='ocrx_word' id='word_1_781' title='bbox 2154 4062 2210 4108; x_wconf 93' lang='lat' dir='ltr'><strong>et</strong></span> <span class='ocrx_word' id='word_1_782' title='bbox 2257 4055 2310 4107; x_wconf 92' lang='lat' dir='ltr'><strong>in</strong></span> <span class='ocrx_word' id='word_1_783' title='bbox 2343 4061 2454 4107; x_wconf 89' lang='lat' dir='ltr'><strong>toto</strong></span> <span class='ocrx_word' id='word_1_784' title='bbox 2498 4052 2666 4120; x_wconf 84' lang='lat' dir='ltr'><strong>accipi</strong></span> <span class='ocrx_word' id='word_1_785' title='bbox 2692 4060 2907 4119; x_wconf 89' lang='lat' dir='ltr'><strong>potest:</strong></span> <span class='ocrx_word' id='word_1_786' title='bbox 2939 4064 3125 4103; x_wconf 89' lang='lat' dir='ltr'><strong>eorum</strong></span> <span class='ocrx_word' id='word_1_787' title='bbox 3164 4050 3370 4104; x_wconf 88' lang='lat' dir='ltr'><strong>scilicet</strong></span> <span class='ocrx_word' id='word_1_788' title='bbox 3403 4050 3538 4104; x_wconf 87' lang='lat' dir='ltr'><strong>ﬁdes</strong></span> 
     </span>
    </p>
   </div>
   <div class='ocr_carea' id='block_1_102' title="bbox 1971 4138 3542 4212">
    <p class='ocr_par' dir='ltr' id='par_1_102' title="bbox 1971 4138 3542 4212">
     <span class='ocr_line' id='line_1_102' title="bbox 1971 4138 3542 4212; baseline -0.003 -14"><span class='ocrx_word' id='word_1_789' title='bbox 1971 4157 2040 4198; x_wconf 79' lang='lat' dir='ltr'><strong>ex</strong></span> <span class='ocrx_word' id='word_1_790' title='bbox 2069 4143 2253 4197; x_wconf 90' lang='lat' dir='ltr'><strong>auditu</strong></span> <span class='ocrx_word' id='word_1_791' title='bbox 2280 4142 2368 4212; x_wconf 81' lang='lat' dir='ltr'><strong>qui</strong></span> <span class='ocrx_word' id='word_1_792' title='bbox 2392 4142 2638 4205; x_wconf 89' lang='lat' dir='ltr'><strong>audiunt,</strong></span> <span class='ocrx_word' id='word_1_793' title='bbox 2663 4141 2754 4210; x_wconf 92' lang='lat' dir='ltr'><strong>qui</strong></span> <span class='ocrx_word' id='word_1_794' title='bbox 2783 4139 3030 4195; x_wconf 89' lang='lat' dir='ltr'><strong>credunt.</strong></span> <span class='ocrx_word' id='word_1_795' title='bbox 3069 4138 3168 4205; x_wconf 85' lang='lat' dir='ltr'><strong>Qui</strong></span> <span class='ocrx_word' id='word_1_796' title='bbox 3203 4148 3382 4192; x_wconf 90' lang='lat' dir='ltr'><strong>autem</strong></span> <span class='ocrx_word' id='word_1_797' title='bbox 3413 4139 3542 4193; x_wconf 89' lang='lat' dir='ltr'><strong>huic</strong></span> 
     </span>
    </p>
   </div>
   <div class='ocr_carea' id='block_1_103' title="bbox 1972 4229 3538 4302">
    <p class='ocr_par' dir='ltr' id='par_1_103' title="bbox 1972 4229 3538 4302">
     <span class='ocr_line' id='line_1_103' title="bbox 1972 4229 3538 4302; baseline -0.003 -13"><span class='ocrx_word' id='word_1_798' title='bbox 1972 4232 2221 4302; x_wconf 89' lang='lat' dir='ltr'><strong>scrupulo</strong></span> <span class='ocrx_word' id='word_1_799' title='bbox 2267 4231 2580 4288; x_wconf 90' lang='lat' dir='ltr'><strong>satisfacere</strong></span> <span class='ocrx_word' id='word_1_800' title='bbox 2626 4239 2892 4295; x_wconf 86' lang='lat' dir='ltr'><strong>conatur,</strong></span> <span class='ocrx_word' id='word_1_801' title='bbox 2933 4230 3084 4299; x_wconf 89' lang='lat' dir='ltr'><strong>prius</strong></span> <span class='ocrx_word' id='word_1_802' title='bbox 3135 4229 3262 4284; x_wconf 90' lang='lat' dir='ltr'><strong>illud</strong></span> <span class='ocrx_word' id='word_1_803' title='bbox 3309 4230 3538 4284; x_wconf 89' lang='lat' dir='ltr'><strong>tentabit</strong></span> 
     </span>
    </p>
   </div>
   <div class='ocr_carea' id='block_1_104' title="bbox 1972 4321 3534 4394">
    <p class='ocr_par' dir='ltr' id='par_1_104' title="bbox 1972 4321 3534 4394">
     <span class='ocr_line' id='line_1_104' title="bbox 1972 4321 3534 4394; baseline -0.002 -14"><span class='ocrx_word' id='word_1_804' title='bbox 1972 4339 2236 4390; x_wconf 89' lang='lat' dir='ltr'><strong>asserere,</strong></span> <span class='ocrx_word' id='word_1_805' title='bbox 2277 4325 2419 4394; x_wconf 90' lang='lat' dir='ltr'><strong>quod</strong></span> <span class='ocrx_word' id='word_1_806' title='bbox 2449 4325 2668 4379; x_wconf 90' lang='lat' dir='ltr'><strong>nutibus</strong></span> <span class='ocrx_word' id='word_1_807' title='bbox 2711 4337 2924 4394; x_wconf 86' lang='lat' dir='ltr'><strong>quoque</strong></span> <span class='ocrx_word' id='word_1_808' title='bbox 2965 4329 3021 4377; x_wconf 91' lang='lat' dir='ltr'><strong>et</strong></span> <span class='ocrx_word' id='word_1_809' title='bbox 3049 4321 3359 4392; x_wconf 87' lang='lat' dir='ltr'><strong>quotidiana</strong></span> <span class='ocrx_word' id='word_1_810' title='bbox 3406 4337 3534 4377; x_wconf 90' lang='lat' dir='ltr'><strong>con-</strong></span> 
     </span>
    </p>
   </div>
   <div class='ocr_carea' id='block_1_105' title="bbox 1972 4413 3537 4482">
    <p class='ocr_par' dir='ltr' id='par_1_105' title="bbox 1972 4413 3537 4482">
     <span class='ocr_line' id='line_1_105' title="bbox 1972 4413 3537 4482; baseline -0.001 -15"><span class='ocrx_word' id='word_1_811' title='bbox 1972 4415 2296 4479; x_wconf 86' lang='lat' dir='ltr'><strong>versatione,</strong></span> <span class='ocrx_word' id='word_1_812' title='bbox 2338 4422 2393 4469; x_wconf 91' lang='lat' dir='ltr'><strong>et</strong></span> <span class='ocrx_word' id='word_1_813' title='bbox 2435 4423 2493 4469; x_wconf 91' lang='lat' dir='ltr'><strong>ut</strong></span> <span class='ocrx_word' id='word_1_814' title='bbox 2533 4415 2606 4469; x_wconf 88' lang='lat' dir='ltr'><strong>ita</strong></span> <span class='ocrx_word' id='word_1_815' title='bbox 2656 4415 2922 4478; x_wconf 79' lang='lat' dir='ltr'><strong>dixerim,</strong></span> <span class='ocrx_word' id='word_1_816' title='bbox 2964 4414 3128 4468; x_wconf 90' lang='lat' dir='ltr'><strong>totius</strong></span> <span class='ocrx_word' id='word_1_817' title='bbox 3170 4413 3412 4482; x_wconf 91' lang='lat' dir='ltr'><strong>corporis</strong></span> <span class='ocrx_word' id='word_1_818' title='bbox 3464 4413 3537 4466; x_wconf 86' lang='lat' dir='ltr'><strong>lo-</strong></span> 
     </span>
    </p>
   </div>
   <div class='ocr_carea' id='block_1_106' title="bbox 1973 4505 3536 4575">
    <p class='ocr_par' dir='ltr' id='par_1_106' title="bbox 1973 4505 3536 4575">
     <span class='ocr_line' id='line_1_106' title="bbox 1973 4505 3536 4575; baseline -0.001 -17"><span class='ocrx_word' id='word_1_819' title='bbox 1973 4514 2172 4574; x_wconf 88' lang='lat' dir='ltr'><strong>quente</strong></span> <span class='ocrx_word' id='word_1_820' title='bbox 2218 4513 2392 4574; x_wconf 86' lang='lat' dir='ltr'><strong>gestu,</strong></span> <span class='ocrx_word' id='word_1_821' title='bbox 2437 4505 2585 4560; x_wconf 89' lang='lat' dir='ltr'><strong>surdi</strong></span> <span class='ocrx_word' id='word_1_822' title='bbox 2631 4514 2855 4575; x_wconf 83' lang='lat' dir='ltr'><strong>possunt</strong></span> <span class='ocrx_word' id='word_1_823' title='bbox 2907 4505 3254 4575; x_wconf 83' lang='lat' dir='ltr'><strong>Evangelium</strong></span> <span class='ocrx_word' id='word_1_824' title='bbox 3306 4505 3536 4568; x_wconf 88' lang='lat' dir='ltr'><strong>discere,</strong></span> 
     </span>
    </p>
   </div>
   <div class='ocr_carea' id='block_1_107' title="bbox 1974 4592 3538 4664">
    <p class='ocr_par' dir='ltr' id='par_1_107' title="bbox 1974 4592 3538 4664">
     <span class='ocr_line' id='line_1_107' title="bbox 1974 4592 3538 4664; baseline -0.004 -13"><span class='ocrx_word' id='word_1_825' title='bbox 1974 4595 2167 4651; x_wconf 90' lang='lat' dir='ltr'><strong>deinde</strong></span> <span class='ocrx_word' id='word_1_826' title='bbox 2199 4596 2360 4650; x_wconf 91' lang='lat' dir='ltr'><strong>etiam</strong></span> <span class='ocrx_word' id='word_1_827' title='bbox 2391 4595 2492 4650; x_wconf 89' lang='lat' dir='ltr'><strong>hoc</strong></span> <span class='ocrx_word' id='word_1_828' title='bbox 2519 4596 2660 4664; x_wconf 91' lang='lat' dir='ltr'><strong>quod</strong></span> <span class='ocrx_word' id='word_1_829' title='bbox 2687 4596 2780 4650; x_wconf 89' lang='lat' dir='ltr'><strong>Dei</strong></span> <span class='ocrx_word' id='word_1_830' title='bbox 2808 4608 3008 4657; x_wconf 89' lang='lat' dir='ltr'><strong>sermo,</strong></span> <span class='ocrx_word' id='word_1_831' title='bbox 3053 4592 3140 4648; x_wconf 91' lang='lat' dir='ltr'><strong>eui</strong></span> <span class='ocrx_word' id='word_1_832' title='bbox 3164 4592 3297 4646; x_wconf 89' lang='lat' dir='ltr'><strong>nihil</strong></span> <span class='ocrx_word' id='word_1_833' title='bbox 3318 4593 3538 4646; x_wconf 89' lang='lat' dir='ltr'><strong>surdum</strong></span> 
     </span>
    </p>
   </div>
   <div class='ocr_carea' id='block_1_108' title="bbox 1975 4681 3543 4754">
    <p class='ocr_par' dir='ltr' id='par_1_108' title="bbox 1975 4681 3543 4754">
     <span class='ocr_line' id='line_1_108' title="bbox 1975 4681 3543 4754; baseline -0.004 -13"><span class='ocrx_word' id='word_1_834' title='bbox 1975 4692 2076 4749; x_wconf 87' lang='lat' dir='ltr'><strong>est,</strong></span> <span class='ocrx_word' id='word_1_835' title='bbox 2103 4685 2170 4738; x_wconf 90' lang='lat' dir='ltr'><strong>ad</strong></span> <span class='ocrx_word' id='word_1_836' title='bbox 2196 4698 2289 4738; x_wconf 90' lang='lat' dir='ltr'><strong>eas</strong></span> <span class='ocrx_word' id='word_1_837' title='bbox 2325 4684 2494 4754; x_wconf 87' lang='lat' dir='ltr'><strong>magis</strong></span> <span class='ocrx_word' id='word_1_838' title='bbox 2519 4684 2771 4752; x_wconf 83' lang='lat' dir='ltr'><strong>loquatur</strong></span> <span class='ocrx_word' id='word_1_839' title='bbox 2795 4697 2973 4747; x_wconf 89' lang='lat' dir='ltr'><strong>aures,</strong></span> <span class='ocrx_word' id='word_1_840' title='bbox 3005 4683 3074 4736; x_wconf 85' lang='lat' dir='ltr'><strong>de</strong></span> <span class='ocrx_word' id='word_1_841' title='bbox 3103 4681 3299 4750; x_wconf 83' lang='lat' dir='ltr'><strong>quibus</strong></span> <span class='ocrx_word' id='word_1_842' title='bbox 3331 4689 3386 4734; x_wconf 89' lang='lat' dir='ltr'><strong>et</strong></span> <span class='ocrx_word' id='word_1_843' title='bbox 3427 4682 3543 4749; x_wconf 89' lang='lat' dir='ltr'><strong>ipse</strong></span> 
     </span>
    </p>
   </div>
   <div class='ocr_carea' id='block_1_109' title="bbox 1977 4771 3542 4844">
    <p class='ocr_par' dir='ltr' id='par_1_109' title="bbox 1977 4771 3542 4844">
     <span class='ocr_line' id='line_1_109' title="bbox 1977 4771 3542 4844; baseline -0.004 -15"><span class='ocrx_word' id='word_1_844' title='bbox 1977 4775 2052 4830; x_wconf 86' lang='lat' dir='ltr'><strong>ait</strong></span> <span class='ocrx_word' id='word_1_845' title='bbox 2080 4775 2133 4828; x_wconf 89' lang='lat' dir='ltr'><strong>in</strong></span> <span class='ocrx_word' id='word_1_846' title='bbox 2173 4774 2461 4844; x_wconf 83' lang='lat' dir='ltr'><strong>Evangelio</strong></span> <span class='ocrx_word' id='word_1_847' title='bbox 2491 4792 2504 4828; x_wconf 89' lang='lat'><strong>:</strong></span> <span class='ocrx_word' id='word_1_848' title='bbox 2547 4773 2651 4839; x_wconf 82' lang='lat' dir='ltr'><strong>Qui</strong></span> <span class='ocrx_word' id='word_1_849' title='bbox 2699 4775 2850 4828; x_wconf 87' lang='lat' dir='ltr'><strong>habet</strong></span> <span class='ocrx_word' id='word_1_850' title='bbox 2874 4789 3027 4826; x_wconf 85' lang='lat' dir='ltr'><strong>aures</strong></span> <span class='ocrx_word' id='word_1_851' title='bbox 3058 4771 3324 4834; x_wconf 83' lang='lat' dir='ltr'><strong>audiendi,</strong></span> <span class='ocrx_word' id='word_1_852' title='bbox 3359 4771 3542 4824; x_wconf 86' lang='lat' dir='ltr'><strong>audiat</strong></span> 
     </span>
    </p>
   </div>
   <div class='ocr_carea' id='block_1_110' title="bbox 1977 4860 3540 4934">
    <p class='ocr_par' dir='ltr' id='par_1_110' title="bbox 1977 4860 3540 4934">
     <span class='ocr_line' id='line_1_110' title="bbox 1977 4860 3540 4934; baseline -0.002 -16"><span class='ocrx_word' id='word_1_853' title='bbox 1977 4863 2191 4934; x_wconf 84' lang='lat' dir='ltr'><strong>(Matth.</strong></span> <span class='ocrx_word' id='word_1_854' title='bbox 2238 4863 2350 4932; x_wconf 77' lang='lat' dir='ltr'><strong>Xt);</strong></span> <span class='ocrx_word' id='word_1_855' title='bbox 2387 4871 2442 4918; x_wconf 92' lang='lat' dir='ltr'><strong>et</strong></span> <span class='ocrx_word' id='word_1_856' title='bbox 2487 4864 2539 4917; x_wconf 91' lang='lat' dir='ltr'><strong>in</strong></span> <span class='ocrx_word' id='word_1_857' title='bbox 2588 4863 2946 4932; x_wconf 87' lang='lat' dir='ltr'><strong>Apocalypsi:</strong></span> <span class='ocrx_word' id='word_1_858' title='bbox 2995 4860 3100 4926; x_wconf 83' lang='lat' dir='ltr'><strong>Qui</strong></span> <span class='ocrx_word' id='word_1_859' title='bbox 3141 4862 3290 4915; x_wconf 88' lang='lat' dir='ltr'><strong>habet</strong></span> <span class='ocrx_word' id='word_1_860' title='bbox 3336 4877 3540 4924; x_wconf 88' lang='lat' dir='ltr'><strong>aurem,</strong></span> 
     </span>
    </p>
   </div>
   <div class='ocr_carea' id='block_1_111' title="bbox 1977 4949 3546 5023">
    <p class='ocr_par' dir='ltr' id='par_1_111' title="bbox 1977 4949 3546 5023">
     <span class='ocr_line' id='line_1_111' title="bbox 1977 4949 3546 5023; baseline -0.002 -17"><span class='ocrx_word' id='word_1_861' title='bbox 1977 4954 2160 5006; x_wconf 87' lang='lat' dir='ltr'><strong>audiat</strong></span> <span class='ocrx_word' id='word_1_862' title='bbox 2204 4953 2332 5023; x_wconf 80' lang='lat' dir='ltr'><strong>quid</strong></span> <span class='ocrx_word' id='word_1_863' title='bbox 2376 4953 2589 5022; x_wconf 79' lang='lat' dir='ltr'><strong>spiritus</strong></span> <span class='ocrx_word' id='word_1_864' title='bbox 2632 4952 2773 5005; x_wconf 84' lang='lat' dir='ltr'><strong>dicat</strong></span> <span class='ocrx_word' id='word_1_865' title='bbox 2827 4950 3073 5004; x_wconf 79' lang='lat' dir='ltr'><strong>Ecclesiis</strong></span> <span class='ocrx_word' id='word_1_866' title='bbox 3121 4950 3302 5020; x_wconf 81' lang='lat' dir='ltr'><strong>(Apoc.</strong></span> <span class='ocrx_word' id='word_1_867' title='bbox 3348 4950 3430 5018; x_wconf 82' lang='grc' dir='ltr'>ιι).</span> <span class='ocrx_word' id='word_1_868' title='bbox 3481 4949 3546 5003; x_wconf 88' lang='lat' dir='ltr'><strong>Et</strong></span> 
     </span>
    </p>
   </div>
   <div class='ocr_carea' id='block_1_112' title="bbox 1976 5037 3547 5098">
    <p class='ocr_par' dir='ltr' id='par_1_112' title="bbox 1976 5037 3547 5098">
     <span class='ocr_line' id='line_1_112' title="bbox 1976 5037 3547 5098; baseline -0.003 -3"><span class='ocrx_word' id='word_1_869' title='bbox 1976 5042 2188 5098; x_wconf 86' lang='lat' dir='ltr'><strong>Isaias:</strong></span> <span class='ocrx_word' id='word_1_870' title='bbox 2232 5043 2487 5095; x_wconf 84' lang='lat' dir='ltr'><strong>Dominus</strong></span> <span class='ocrx_word' id='word_1_871' title='bbox 2532 5040 2732 5094; x_wconf 88' lang='lat' dir='ltr'><strong>addidit</strong></span> <span class='ocrx_word' id='word_1_872' title='bbox 2782 5041 2908 5093; x_wconf 87' lang='lat' dir='ltr'><strong>mihi</strong></span> <span class='ocrx_word' id='word_1_873' title='bbox 2949 5038 3261 5092; x_wconf 85' lang='lat' dir='ltr'><strong>auriculam.</strong></span> <span class='ocrx_word' id='word_1_874' title='bbox 3307 5037 3413 5091; x_wconf 77' lang='lat' dir='ltr'><strong>Istc</strong></span> <span class='ocrx_word' id='word_1_875' title='bbox 3460 5047 3547 5092; x_wconf 89' lang='lat' dir='ltr'><strong>est</strong></span> 
     </span>
    </p>
   </div>
   <div class='ocr_carea' id='block_1_113' title="bbox 1979 5127 3545 5199">
    <p class='ocr_par' dir='ltr' id='par_1_113' title="bbox 1979 5127 3545 5199">
     <span class='ocr_line' id='line_1_113' title="bbox 1979 5127 3545 5199; baseline -0.003 -13"><span class='ocrx_word' id='word_1_876' title='bbox 1979 5131 2115 5186; x_wconf 89' lang='lat' dir='ltr'><strong>alter</strong></span> <span class='ocrx_word' id='word_1_877' title='bbox 2143 5131 2323 5196; x_wconf 92' lang='lat' dir='ltr'><strong>homo,</strong></span> <span class='ocrx_word' id='word_1_878' title='bbox 2349 5131 2436 5186; x_wconf 91' lang='lat' dir='ltr'><strong>cui</strong></span> <span class='ocrx_word' id='word_1_879' title='bbox 2465 5131 2607 5184; x_wconf 90' lang='lat' dir='ltr'><strong>Deus</strong></span> <span class='ocrx_word' id='word_1_880' title='bbox 2628 5130 2862 5199; x_wconf 90' lang='lat' dir='ltr'><strong>loquitur</strong></span> <span class='ocrx_word' id='word_1_881' title='bbox 2891 5131 2942 5184; x_wconf 92' lang='lat' dir='ltr'><strong>in</strong></span> <span class='ocrx_word' id='word_1_882' title='bbox 2976 5128 3208 5192; x_wconf 90' lang='lat' dir='ltr'><strong>occulto,</strong></span> <span class='ocrx_word' id='word_1_883' title='bbox 3233 5128 3321 5196; x_wconf 86' lang='lat' dir='ltr'><strong>qui</strong></span> <span class='ocrx_word' id='word_1_884' title='bbox 3349 5127 3545 5182; x_wconf 89' lang='lat' dir='ltr'><strong>clamat</strong></span> 
     </span>
    </p>
   </div>
   <div class='ocr_carea' id='block_1_114' title="bbox 1979 5216 3546 5286">
    <p class='ocr_par' dir='ltr' id='par_1_114' title="bbox 1979 5216 3546 5286">
     <span class='ocr_line' id='line_1_114' title="bbox 1979 5216 3546 5286; baseline -0.003 -10"><span class='ocrx_word' id='word_1_885' title='bbox 1979 5223 2034 5276; x_wconf 90' lang='lat' dir='ltr'><strong>in</strong></span> <span class='ocrx_word' id='word_1_886' title='bbox 2087 5222 2248 5276; x_wconf 91' lang='lat' dir='ltr'><strong>corde</strong></span> <span class='ocrx_word' id='word_1_887' title='bbox 2287 5221 2577 5284; x_wconf 87' lang='lat' dir='ltr'><strong>credentis,</strong></span> <span class='ocrx_word' id='word_1_888' title='bbox 2621 5220 2763 5274; x_wconf 89' lang='lat' dir='ltr'><strong>Abba</strong></span> <span class='ocrx_word' id='word_1_889' title='bbox 2799 5217 2979 5273; x_wconf 86' lang='lat' dir='ltr'><strong>Pater.</strong></span> <span class='ocrx_word' id='word_1_890' title='bbox 3030 5219 3097 5273; x_wconf 86' lang='lat' dir='ltr'><strong>Et</strong></span> <span class='ocrx_word' id='word_1_891' title='bbox 3132 5226 3192 5272; x_wconf 93' lang='lat' dir='ltr'><strong>ut</strong></span> <span class='ocrx_word' id='word_1_892' title='bbox 3235 5216 3546 5286; x_wconf 88' lang='lat' dir='ltr'><strong>frequenter</strong></span> 
     </span>
    </p>
   </div>
   <div class='ocr_carea' id='block_1_115' title="bbox 1979 5308 3547 5380">
    <p class='ocr_par' dir='ltr' id='par_1_115' title="bbox 1979 5308 3547 5380">
     <span class='ocr_line' id='line_1_115' title="bbox 1979 5308 3547 5380; baseline -0.003 -16"><span class='ocrx_word' id='word_1_893' title='bbox 1979 5311 2343 5380; x_wconf 78' lang='lat' dir='ltr'><strong>exposuimus,</strong></span> <span class='ocrx_word' id='word_1_894' title='bbox 2369 5309 2634 5378; x_wconf 89' lang='lat' dir='ltr'><strong>quomodo</strong></span> <span class='ocrx_word' id='word_1_895' title='bbox 2653 5324 2848 5378; x_wconf 90' lang='lat' dir='ltr'><strong>corpus</strong></span> <span class='ocrx_word' id='word_1_896' title='bbox 2874 5308 3052 5362; x_wconf 92' lang='lat' dir='ltr'><strong>omnia</strong></span> <span class='ocrx_word' id='word_1_897' title='bbox 3079 5308 3317 5362; x_wconf 88' lang='lat' dir='ltr'><strong>membra</strong></span> <span class='ocrx_word' id='word_1_898' title='bbox 3345 5316 3400 5360; x_wconf 93' lang='lat' dir='ltr'><strong>et</strong></span> <span class='ocrx_word' id='word_1_899' title='bbox 3423 5321 3547 5360; x_wconf 87' lang='lat' dir='ltr'><strong>seu-</strong></span> 
     </span>
    </p>
   </div>
   <div class='ocr_carea' id='block_1_116' title="bbox 1981 5398 3546 5468">
    <p class='ocr_par' dir='ltr' id='par_1_116' title="bbox 1981 5398 3546 5468">
     <span class='ocr_line' id='line_1_116' title="bbox 1981 5398 3546 5468; baseline -0.003 -14"><span class='ocrx_word' id='word_1_900' title='bbox 1981 5415 2073 5454; x_wconf 88' lang='lat' dir='ltr'><strong>sus</strong></span> <span class='ocrx_word' id='word_1_901' title='bbox 2111 5399 2291 5462; x_wconf 89' lang='lat' dir='ltr'><strong>habet,</strong></span> <span class='ocrx_word' id='word_1_902' title='bbox 2329 5399 2401 5452; x_wconf 88' lang='lat' dir='ltr'><strong>ita</strong></span> <span class='ocrx_word' id='word_1_903' title='bbox 2430 5399 2664 5452; x_wconf 88' lang='lat' dir='ltr'><strong>animam</strong></span> <span class='ocrx_word' id='word_1_904' title='bbox 2694 5413 2906 5468; x_wconf 90' lang='lat' dir='ltr'><strong>quoque</strong></span> <span class='ocrx_word' id='word_1_905' title='bbox 2934 5398 3216 5452; x_wconf 89' lang='lat' dir='ltr'><strong>universos</strong></span> <span class='ocrx_word' id='word_1_906' title='bbox 3260 5411 3448 5450; x_wconf 90' lang='lat' dir='ltr'><strong>sensus</strong></span> <span class='ocrx_word' id='word_1_907' title='bbox 3491 5403 3546 5450; x_wconf 85' lang='lat' dir='ltr'><strong>et</strong></span> 
     </span>
    </p>
   </div>
   <div class='ocr_carea' id='block_1_117' title="bbox 1982 5487 3550 5553">
    <p class='ocr_par' dir='ltr' id='par_1_117' title="bbox 1982 5487 3550 5553">
     <span class='ocr_line' id='line_1_117' title="bbox 1982 5487 3550 5553; baseline -0.004 -11"><span class='ocrx_word' id='word_1_908' title='bbox 1982 5488 2222 5543; x_wconf 89' lang='lat' dir='ltr'><strong>membra</strong></span> <span class='ocrx_word' id='word_1_909' title='bbox 2261 5488 2476 5551; x_wconf 90' lang='lat' dir='ltr'><strong>habere,</strong></span> <span class='ocrx_word' id='word_1_910' title='bbox 2501 5498 2556 5541; x_wconf 89' lang='lat' dir='ltr'><strong>ct</strong></span> <span class='ocrx_word' id='word_1_911' title='bbox 2594 5489 2733 5542; x_wconf 90' lang='lat' dir='ltr'><strong>inter</strong></span> <span class='ocrx_word' id='word_1_912' title='bbox 2757 5497 2972 5553; x_wconf 75' lang='lat' dir='ltr'><strong>caetera,</strong></span> <span class='ocrx_word' id='word_1_913' title='bbox 3001 5501 3160 5541; x_wconf 88' lang='lat' dir='ltr'><strong>aures</strong></span> <span class='ocrx_word' id='word_1_914' title='bbox 3185 5487 3378 5551; x_wconf 91' lang='lat' dir='ltr'><strong>etiam;</strong></span> <span class='ocrx_word' id='word_1_915' title='bbox 3410 5498 3550 5552; x_wconf 86' lang='lat' dir='ltr'><strong>quas</strong></span> 
     </span>
    </p>
   </div>
   <div class='ocr_carea' id='block_1_118' title="bbox 1983 5572 3547 5647">
    <p class='ocr_par' dir='ltr' id='par_1_118' title="bbox 1983 5572 3547 5647">
     <span class='ocr_line' id='line_1_118' title="bbox 1983 5572 3547 5647; baseline -0.004 -17"><span class='ocrx_word' id='word_1_916' title='bbox 1983 5577 2074 5647; x_wconf 91' lang='lat' dir='ltr'><strong>qui</strong></span> <span class='ocrx_word' id='word_1_917' title='bbox 2105 5577 2372 5636; x_wconf 89' lang='lat' dir='ltr'><strong>habuerit.</strong></span> <span class='ocrx_word' id='word_1_918' title='bbox 2410 5593 2513 5631; x_wconf 89' lang='lat' dir='ltr'><strong>non</strong></span> <span class='ocrx_word' id='word_1_919' title='bbox 2554 5592 2882 5646; x_wconf 88' lang='lat' dir='ltr'><strong>magnopere</strong></span> <span class='ocrx_word' id='word_1_920' title='bbox 2915 5575 3176 5647; x_wconf 90' lang='lat' dir='ltr'><strong>indigebit</strong></span> <span class='ocrx_word' id='word_1_921' title='bbox 3213 5575 3297 5628; x_wconf 90' lang='lat' dir='ltr'><strong>his</strong></span> <span class='ocrx_word' id='word_1_922' title='bbox 3325 5572 3547 5626; x_wconf 87' lang='lat' dir='ltr'><strong>auribus</strong></span> 
     </span>
    </p>
   </div>
   <div class='ocr_carea' id='block_1_119' title="bbox 1984 5660 3547 5738">
    <p class='ocr_par' dir='ltr' id='par_1_119' title="bbox 1984 5660 3547 5738">
     <span class='ocr_line' id='line_1_119' title="bbox 1984 5660 3547 5738; baseline -0.006 -15"><span class='ocrx_word' id='word_1_923' title='bbox 1984 5668 2224 5738; x_wconf 84' lang='lat' dir='ltr'><strong>corporis</strong></span> <span class='ocrx_word' id='word_1_924' title='bbox 2253 5666 2319 5721; x_wconf 90' lang='lat' dir='ltr'><strong>ad</strong></span> <span class='ocrx_word' id='word_1_925' title='bbox 2350 5667 2545 5722; x_wconf 88' lang='lat' dir='ltr'><strong>Christi</strong></span> <span class='ocrx_word' id='word_1_926' title='bbox 2585 5666 2931 5736; x_wconf 80' lang='lat' dir='ltr'><strong>Evangelium</strong></span> <span class='ocrx_word' id='word_1_927' title='bbox 2959 5665 3411 5737; x_wconf 83' lang='lat' dir='ltr'><strong>cognoscendum.</strong></span> <span class='ocrx_word' id='word_1_928' title='bbox 3462 5660 3547 5715; x_wconf 89' lang='lat' dir='ltr'><strong>Si-</strong></span> 
     </span>
    </p>
   </div>
  </div>
