4022 6338
505 344 610 402 287

1152 343 1214 399 Β.
1254 341 1509 399 RABANI
1548 341 1763 399 MAURI
1803 338 2121 414 ARCIIIEP.
2159 335 2466 394 MOGUNT.
2497 334 2787 392 OPERUM
2823 334 3002 392 PARS
3041 333 3121 392 lll.

3679 333 3820 392 288'

509 459 622 514 mul
643 466 823 515 autem
854 456 1019 513 etiam
1063 455 1192 512 iliud
1221 457 1504 521 attendite,
1549 455 1690 525 quod
1731 453 1818 508 hic
1864 452 2087 522 spiritus
2105 461 2110 470 '
2114 459 2164 518 Α
2192 449 2261 504 ad
2287 449 2567 518 antiquum
2593 446 2829 502 studium
2857 454 3179 502 revertatur.
3213 441 3316 511 Qui
3336 460 3456 515 ergo
3488 444 3666 499 tribuit
3691 463 3789 498 vo-

511 551 715 620 absque
739 548 848 616 ullo
879 547 1251 602 additamenta
1289 554 1508 602 sanctus
1544 544 1894 614 intelligatur,
1926 556 2088 612 quem

2193 543 2282 598 bis
2296 542 2540 612 spiritum
2573 550 2635 594 et.
2652 548 2901 609 operatur
2924 539 3139 592 virtutes
3164 539 3219 592 in
3246 536 3417 600 vobis,
3452 553 3516 591 ex
3540 541 3789 607 operibus

511 655 580 694 ex
593 640 736 694 dono
750 637 846 693 Dei
861 636 1335 705 eonsequimur,et
1355 651 1460 690 non
1483 634 1737 697 hominis,
1755 633 1821 686 de
1835 649 1943 704 quo
1963 632 2090 692 alibi
2142 641 2170 674 κ
2193 633 2344 705 legis,
2377 650 2451 690 an,
2473 649 2536 686 ex
2565 631 2754 686 auditu
2781 630 2948 700 ﬁdei?
2986 629 3203 685 Trihuit
3229 669 3244 695 ,
3273 629 3375 684 hoc
3402 637 3505 693 est,
3549 629 3789 684 admini—

511 729 769 784 scribitur
793 745 806 779 :
834 725 1180 795 Incorruptus
1207 725 1434 795 Spiritus
1468 734 1542 779 est
1573 725 1629 778 in
1651 724 1890 777 omnibus
1911 725 1929 792 (
1952 724 2082 794 Sap.

512 816 635 884 xu).
661 815 896 886 Etzlpse
924 813 1155 884 Spiritus
1184 814 1534 868 testimonium
1557 813 1724 866 reddit
1756 814 1965 884 spiritui
1993 831 2090 868 na-

513 918 624 962 stro
653 907 831 979 (Rom.
881 905 1035 978 vm);
1069 914 1124 961 et
1153 907 1207 960 in
1238 906 1347 960 alio
1375 905 1495 960 loco
1519 923 1532 959 ε
1569 903 1738 958 Nemo
1766 905 1862 958 scit
1889 921 1950 958 ea
1975 920 2091 973 quae

513 999 568 1052 in
607 998 812 1058 homine
841 1005 985 1061 sunt,
1032 997 1133 1049 nisi
1161 997 1374 1062 spiritus
1421 995 1652 1047 hominis.
1673 994 1762 1064 qui
1801 993 1855 1046 in
1885 1010 1946 1046 ea
1993 1001 2087 1047 est.

513 1087 582 1141 Et
613 1085 668 1140 in
699 1084 920 1140 Daniele
953 1103 964 1137 :
997 1083 1314 1149 Benedicite,
1361 1084 1578 1152 spiritus
1620 1093 1669 1137 et
1699 1084 1892 1138 auiuue
1913 1083 2091 1153 justo-

514 1195 656 1243 rum,
685 1176 970 1231 Dominum
999 1174 1160 1246 (Dan.
1194 1175 1299 1247 nt).

589 1266 680 1322 Sic
723 1265 870 1320 stulti
919 1266 1064 1330 estis,
1093 1266 1288 1334 inquit,
1318 1275 1376 1318 ut
1426 1281 1544 1319 cum
1576 1264 1778 1334 Spiritu
1813 1267 2087 1335 carperitis,

516 1374 655 1416 nunc
701 1373 858 1411 carne
912 1357 1384 1410 consummemini?
1427 1355 1484 1411 Si
1534 1365 1780 1410 sanctum
1833 1355 2094 1426 Spiritum

516 1455 837 1518 acceperant
859 1446 1083 1511 Galatae,
1104 1447 1373 1515 quomodo
1397 1446 1548 1501 stulti
1574 1447 1753 1500 erant?
1783 1461 1966 1500 verum
1987 1455 2097 1501 sta-

517 1541 614 1595 tim
658 1540 905 1604 solvitur,
937 1539 1168 1608 cmpisse
1211 1539 1428 1608 quidem
1459 1554 1554 1594 eos
1589 1537 1817 1608 Spiritu,
1846 1538 1942 1593 sed
1970 1553 2096 1593 eum

461 1679 466 1684 .
520 1643 686 1685 carne
715 1634 1247 1694 consummarentur,
1281 1627 1541 1698 Spiritum
1570 1629 1637 1682 ab
1660 1628 1742 1683 eis
1776 1628 1943 1683 fuisse
1969 1629 2097 1683 sub-

518 1719 708 1774 latum.
749 1719 903 1774 Unde
939 1719 1058 1774 sine
1085 1734 1248 1774 causa
1273 1719 1419 1788 passi
1459 1725 1585 1773 sunt
1616 1727 1767 1775 tanta
1804 1734 1924 1788 quae
1950 1719 2095 1789 passi

2193 734 2352 792 strat,
2382 724 2668 796 praesentis
2699 722 2958 793 temporis
2986 728 3068 776 est
3101 719 3409 792 legendum,
3439 729 3497 775 ut
3525 722 3790 777 ostenda-

2192 827 2283 873 tur
2335 833 2433 888 per
2479 815 2716 884 singulas
2771 815 2936 869 horas
2983 821 3144 882 atque
3202 819 3474 866 momenta
3499 851 3513 876 ,
3567 826 3792 882 semper

2193 913 2368 998 dignis
2414 909 2674 979 Spiritum
2704 918 2952 964 sanctum
2979 906 3297 962 ministrari.
3338 905 3404 960 Et
3433 914 3638 974 quanto
3662 907 3792 976 quis

2192 1003 2247 1056 in
2267 996 2368 1056 Dei
2409 1015 2572 1069 opere
2595 1007 2652 1053 et
2679 1013 2863 1053 amore
2895 996 3211 1067 profecerit,
3239 1003 3390 1051 tanto
3416 996 3589 1065 magis
3611 997 3792 1050 sancti

2194 1091 2426 1162 Spiritus
2453 1092 2507 1144 in
2537 1105 2595 1144 se
2627 1089 2829 1143 habere
2865 1089 3112 1151 virtutes,
3150 1101 3284 1156 quas
3323 1085 3540 1140 auditus
3583 1084 3704 1138 ﬁdei
3733 1093 3793 1139 et

2193 1199 2299 1238 non
2330 1181 2462 1251 legis
2484 1194 2646 1249 Opera
2675 1185 3086 1244 consummant,
3125 1192 3233 1230 non
3267 1177 3413 1246 quod
3445 1174 3580 1244 legis
3619 1189 3794 1244 opera

2194 1273 2585 1327 contemnenda
2616 1271 2744 1335 sint,
2779 1277 2834 1324 et
2862 1270 3065 1338 absque
3089 1268 3168 1323 eis
3193 1266 3418 1336 simplex
3457 1265 3592 1321 ﬁdes
3622 1281 3806 1336 appc-.

2194 1360 2355 1414 tenda
2382 1373 2396 1411 :
2421 1357 2516 1412 sed
2547 1357 2688 1426 quod
2713 1357 2826 1426 ipsa
2865 1370 3026 1424 opera
3059 1355 3162 1412 ﬁde
3191 1354 3394 1409 Christi
3431 1353 3788 1414 adornentur.

2197 1449 2344 1504 Scita
2372 1457 2454 1504 est
2495 1449 2642 1504 enim
2690 1447 2949 1517 sapientis
3011 1447 3111 1501 viri
3172 1447 3262 1502 illa
3295 1447 3632 1510 osententia,
3681 1463 3808 1500 non-

2195 1539 2402 1608 ﬁdelem
2427 1541 2590 1594 vivere
2628 1555 2692 1592 ea:
2711 1538 2945 1608 justitia,
2979 1536 3070 1592 sed
3095 1537 3303 1606 justum
3352 1552 3417 1590 ea:
3453 1535 3577 1604 ﬁde.
3610 1534 3788 1590 Simul

2196 1630 2499 1686 ostenditur
2523 1628 2760 1695 Galatas,
2791 1639 3011 1699 accepto
3038 1637 3158 1699 post
3179 1627 3338 1684 ﬁdem
3353 1636 3540 1683 sancto
3556 1627 3785 1698 Spiritu,

2197 1722 2336 1777 dona
2379 1719 2631 1776 habuisse
2672 1719 2959 1785 virtutum,
3009 1719 3064 1775 id
3108 1728 3230 1784 est,
3275 1719 3648 1790 prophetiam,
3695 1735 3790 1787 ge-

517 1818 662 1865 sunt.
694 1808 848 1875 Quod
895 1823 966 1863 ne
1007 1808 1109 1862 sibi
1142 1817 1264 1877 post
1297 1817 1582 1878 peccatum
1622 1809 1884 1875 eveniret,
1925 1810 2094 1864 David
2118 1813 2172 1873 D
2199 1833 2328 1872 nera
2375 1816 2702 1888 linguarum,
2743 1817 3053 1871 morborum
3104 1816 3430 1880 curationes,
3471 1822 3528 1870 et
3565 1825 3810 1883 exterat

517 1907 772 1970 precatur
800 1899 988 1954 dicens
1014 1917 1027 1953 :
1063 1898 1320 1969 Spiritum
1349 1909 1589 1962 sanctum
1616 1909 1764 1953 tuum
1794 1916 1858 1954 ne
1883 1901 2102 1970 auferas

518 2007 551 2044 a
581 2007 663 2044 me
689 1989 860 2058 (Psat.
889 1988 964 2060 ι).
1005 1987 1301 2058 Diligenter
1331 1990 1618 2053 attendite,
1657 1988 1802 2057 quod
1830 1989 1923 2057 qui
1963 1989 2100 2044 scri-

517 2090 708 2150 pturas
741 2082 896 2152 juxta
939 2080 1176 2134 litteram
1217 2081 1488 2150 sequitur,
1527 2082 1894 2137 consummari
1932 2096 2100 2136 carne

519 2174 750 2240 dicatur,
779 2175 1133 2243 quamobrem
1165 2173 1292 2228 illud
1338 2174 1482 2244 quod
1510 2175 1578 2229 ad
1625 2173 1934 2230 Corinthios
1959 2176 2098 2230 seri.-

516 2270 672 2334 ptum
701 2271 783 2316 est
809 2279 821 2314 :
853 2261 920 2315 In
948 2278 1102 2316 carne
1129 2263 1372 2328 viventes,
1405 2280 1510 2317 non
1538 2263 1698 2333 juxta
1729 2279 1938 2317 carnem
1963 2264 2100 2318 miti-

519 2362 688 2407 tamus
715 2351 801 2423 (II
830 2349 950 2408 Cor.
983 2351 1056 2422 ι),
1108 2351 1300 2407 melius
1331 2354 1413 2408 sic
1441 2353 1666 2423 intelligi
1705 2361 1906 2423 potest,
1939 2362 1999 2408 ut
2045 2355 2102 2408 hi

518 2442 756 2496 militare
782 2442 834 2496 in
877 2456 1040 2496 carne
1075 2441 1346 2508 dicantur,
1376 2446 1468 2512 qui
1496 2444 1662 2499 Vetus
1692 2442 2100 2499 Testamentum

519 2531 797 2588 humiliter
822 2532 1144 2598 edisserunt,
1180 2533 1272 2603 qui
1307 2548 1436 2589 vero
1464 2543 1765 2604 sequuntur
1797 2535 2100 2605 intelligen-

521 2623 648 2678 tiam
677 2621 995 2694 spiritalem,
1027 2631 1150 2678 sunt
1175 2624 1392 2694 quidem
1416 2624 1470 2680 in
1506 2640 1686 2686 carne,
1715 2626 1840 2696 quia
1855 2627 2098 2680 eamdem

519 2714 720 2769 habent
764 2713 1024 2780 litteram,
1061 2728 1226 2782 quam
1281 2713 1450 2770 Judaei
1479 2732 1494 2768 :
1521 2715 1617 2771 sed
1652 2730 1758 2769 non
1797 2716 1952 2786 juxta
1983 2731 2103 2770 car-

516 2822 643 2863 nem
667 2805 919 2871 militant,
950 2821 981 2860 a
1004 2821 1171 2862 carne
1199 2807 1268 2862 ad
1291 2808 1540 2878 spiritum
1565 2807 2029 2863 transcendentes.

593 2897 763 2952 Tanta
791 2898 933 2966 passi
966 2899 1090 2952 estis
1118 2899 1230 2953 sine
1260 2915 1443 2966 causa,
1482 2900 1529 2954 si
1565 2909 1738 2953 tamen
1773 2899 1885 2954 sine
1917 2915 2098 2955 causa.

517 2987 723 3060 (Amb.)
753 2986 916 3042 Multa
958 3002 1053 3044 eos
1087 3002 1276 3059 passos
1303 3004 1404 3059 pro
1428 2989 1533 3044 ﬁde
1571 2988 1844 3060 signiﬁcat
1878 2991 1945 3045 ab
1978 2990 2104 3044 inﬁ-

515 3081 744 3135 delibus.
772 3081 928 3135 -Tnnc
966 3081 1114 3136 enim
1143 3081 1236 3151 qui
1264 3081 1556 3136 credebant
1574 3081 2104 3151 caeterisopprobrio

2197 1922 2320 1978 quae
2347 1907 2414 1962 ad
2438 1907 2750 1962 Corinthios
2777 1906 2832 1961 in
2849 1907 3004 1961 donis
3023 1907 3354 1976 spiritalibus
3375 1914 3786 1964 enumerantur.

2198 1999 2266 2063 Et
2285 2005 2466 2054 tamen
2489 2005 2610 2068 post
2627 2003 2796 2061 tanta,
2813 1987 2942 2067 quia
2966 1995 3192 2052 forsitan
3215 1996 3442 2066 gratiam
3469 1996 3788 2050 discernen-

2199 2093 2391 2148 dorum
2423 2091 2710 2162 spirituum
2750 2105 2858 2144 non
2899 2089 3190 2154 habebant,
3223 2105 3254 2144 a
3295 2087 3446 2144 falsis
3472 2088 3791 2144 doctoribus

2199 2181 2393 2236 irretiti
2426 2189 2571 2236 sunt.
2614 2178 2810 2250 (Δηώ.)
2839 2177 3122 2236 Adduntur
3158 2178 3374 2232 virtutis
3403 2177 3637 2248 insignia
3670 2193 3791 2248 qua:

2199 2270 2564 2332 testimonium
2599 2267 2891 2338 perhibent
2937 2266 3085 2332 ﬁdei,
3133 2267 3279 2336 quod
3332 2267 3405 2320 sit
3429 2282 3555 2336 spes
3585 2267 3692 2320 ﬁda
3733 2274 3790 2322 et

2199 2359 2553 2415 rationabilis.
2593 2357 2791 2430 Legem
2832 2364 3014 2412 autem
3057 2356 3203 2411 nulla
3255 2355 3428 2411 virtus
3471 2357 3790 2420 comitatur,

2199 2465 2318 2522 quae
2349 2451 2584 2506 attrahat
2613 2451 2680 2506 ad
2704 2449 2821 2519 ejus
2852 2464 3002 2520 spem
3034 2463 3049 2500 :
3075 2450 3201 2519 quia
3235 2464 3354 2518 quae
3388 2448 3643 2504 videntur
3680 2465 3792 2504 non

2200 2550 2508 2613 sperantur,
2536 2542 2782 2597 sed‘sunt
2819 2541 3154 2614 temporalia,
3183 2540 3324 2596 sicut
3365 2539 3452 2598 lex
3497 2538 3788 2602 factorum,

2199 2647 2360 2702 quam
2406 2647 2568 2702 supra
2601 2631 2971 2697 ostendimus.

2272 2721 2416 2778 Sicut
2446 2724 2695 2793 scriptum
2727 2732 2802 2776 est
2833 2738 2852 2777 :
2883 2722 3119 2778 Credidit
3144 2721 3413 2776 Abraham
3453 2720 3587 2787 Deo,
3612 2730 3661 2775 et
3703 2737 3792 2778 rc-

2199 2823 2434 2884 putatu-m
2459 2823 2532 2866 est
2554 2814 2602 2867 ei
2631 2813 2699 2866 ad
2717 2812 3004 2882 justitiam.
3035 2810 3240 2884 (Amb.)
3273 2810 3519 2868 Ostendit
3543 2809 3798 2881 exemplo

2200 2904 2465 2968 Abrahze,
2495 2903 2589 2974 qui
2618 2911 2775 2973 pater
2801 2904 2924 2960 ﬁdei
2953 2912 3059 2969 est,
3083 2902 3348 2972 justitiam
3381 2917 3487 2956 non
3515 2916 3584 2957 ex
3611 2901 3788 2972 operi-

2200 2995 2303 3050 bus
2332 2995 2464 3065 legis
2493 2994 2766 3064 imputari,
2796 2995 2888 3050 sed
2910 3010 3008 3064 per
3035 2993 3218 3060 ﬁdem,
3250 2993 3477 3048 credens
3503 2992 3648 3047 enim
3669 2989 3789 3060 jus-

2203 3085 2438 3142 tiﬁcatus
2459 3095 2564 3152 est,
2597 3101 2661 3140 ac
2686 3101 2783 3157 per
2811 3086 2914 3141 hoc
2944 3085 3110 3140 stulte
3141 3092 3191 3140 et
3220 3083 3520 3153 improvide
3553 3082 3654 3152 legi
3695 3099 3790 3138 eos

512 3176 670 3224 erant
691 3209 706 3232 ,
734 3169 847 3223 sive
870 3167 1182 3224 domesticis
1211 3169 1324 3223 sive
1351 3169 1647 3233 extraneis,
1676 3183 1802 3222 nam
1832 3168 1999 3238 digito
2026 3169 2097 3223 si-
2126 3169 2171 3232 C
2204 3190 2263 3231 se
2300 3173 2624 3244 subjecisse,
2661 3189 2780 3244 qua:
2812 3191 2919 3230 non
2950 3175 3018 3230 ad
3049 3173 3491 3242 justiﬁestionem
3521 3173 3645 3226 data
3683 3181 3784 3237 est,

513 3261 816 3332 gnabantur
834 3262 987 3332 quasi
1010 3263 1088 3317 rei
1117 3263 1436 3333 majestatis.
1460 3263 1613 3320 Unde
1633 3263 1879 3319 similiter
1892 3263 2096 3321 Galatas

512 3352 682 3408 multa
707 3353 849 3423 passi
877 3361 1034 3420 sunt,
1064 3354 1368 3409 insaniores
1395 3355 1603 3424 experti
1642 3373 1656 3409 :
1700 3355 1852 3426 cujus
1882 3357 1958 3411 rei
1986 3371 2097 3411 me-

514 3445 677 3500 ritum
705 3445 1080 3514 perdiderant,
1111 3446 1211 3500 sub
1258 3446 1428 3517 legem
1474 3447 1749 3508 mittentes
1783 3461 1861 3502 se.
1911 3448 2094 3520 (Λαίς.)

515 3535 679 3590 Multa
701 3534 815 3604 jam
842 3551 940 3604 pro
969 3535 1073 3590 ﬁde
1095 3537 1457 3592 toleraverant
1481 3552 1589 3591 non
1612 3537 1804 3593 timore
1839 3533 2095 3608 tanquam

515 3627 618 3697 sub
642 3626 758 3697 lege
781 3627 941 3695 positi
973 3645 986 3681 :
1019 3627 1111 3682 sed
1137 3627 1310 3698 magis
1334 3627 1387 3682 in
1419 3627 1550 3697 ipsis
1570 3627 1907 3698 passionibus
1925 3629 2095 3684 chari-

517 3725 627 3773 tate
654 3718 900 3774 timorem
915 3718 1177 3783 vicerant,
1203 3719 1328 3787 quia
1349 3718 1586 3774 charitas
1605 3718 1698 3773 Dei
1719 3718 1910 3775 diffusa
1935 3720 2094 3775 estin

515 3809 768 3866 cordibus
793 3825 1000 3875 eorum,
1021 3824 1121 3880 per
1141 3808 1399 3880 Spiritum
1424 3818 1665 3866 sanctum
1693 3825 1852 3880 quem
1875 3824 2095 3880 accepe-

517 3909 657 3956 rant.
684 3899 810 3958 Sine
828 3918 987 3956 causa
1013 3917 1162 3972 ergo,
1185 3902 1380 3970 inquit,
1402 3911 1549 3956 tanta
1568 3903 1710 3972 passi
1731 3903 1878 3966 estis,
1905 3902 1996 3972 qui
2023 3917 2091 3955 ex

517 3992 781 4047 charitate
797 4007 918 4061 qua:
936 3991 991 4046 in
1007 3992 1159 4046 vobis
1181 4000 1325 4046 tanta
1343 3992 1629 4058 sustinuit,
1657 3993 1724 4048 ad
1743 3993 1987 4048 timorem
2009 4005 2095 4046 re-

516 4081 624 4138 labi
651 4083 846 4138 vultis?
884 4081 990 4138 Sed
1025 4083 1150 4152 quia
1197 4082 1432 4148 addidit,
1479 4084 1525 4138 si
1565 4094 1738 4138 tamen
1759 4083 1874 4137 sine
1900 4099 2092 4148 causa,

517 4172 750 4227 ostendit
791 4187 1013 4242 sperare
1056 4186 1113 4226 se
1138 4185 1296 4241 posse
1337 4172 1455 4228 illos
1489 4171 1794 4227 reformari.
1823 4171 2092 4242 (Ηίενοη.)

517 4262 932 4319 Consideremus
968 4262 1210 4319 infelices
1241 4261 1453 4320 Judaeos
1477 4273 1679 4332 quanta
1714 4262 2094 4332 superstitione

517 4363 573 4411 et
598 4355 988 4411 observationis
1028 4353 1214 4410 labore
1243 4355 1451 4418 vivant,
1492 4355 1637 4407 inter
1673 4361 1898 4408 caeteras
1923 4351 2095 4406 natio-

517 4461 634 4512 nes,
663 4445 924 4512 dicentes,
961 4460 1030 4500 ne
1067 4446 1328 4516 tetigeris,
1357 4460 1426 4498 ne
1451 4442 1772 4513 gustaveris,
1805 4455 1978 4510 neque
2013 4448 2093 4495 at-

2194 3270 2262 3326 de
2287 3286 2393 3340 quo
2421 3271 2474 3324 in
2505 3269 2744 3339 Epistula
2775 3270 2842 3323 ad
2869 3268 3143 3323 Romanos
3176 3266 3397 3322 uberius
3432 3265 3782 3334 apertiusque

2195 3360 2482 3417 dissertum
2511 3367 2613 3414 est.
2655 3358 2836 3432 (Aug.)
2865 3356 2977 3412 Hoc
3005 3357 3148 3412 enim
3190 3355 3425 3409 maxime
3449 3354 3502 3408 in
3534 3368 3601 3409 eo
3624 3353 3790 3409 victo-

2196 3454 2399 3509 riosum
2435 3458 2540 3517 est,
2567 3451 2708 3520 quod
2744 3457 3032 3518 antequam
3083 3445 3582 3509 circumcideretur,
3623 3444 3787 3514 depu-

2194 3553 2304 3600 tata
2330 3553 2416 3599 est
2445 3543 2576 3598 ﬁdes
2605 3543 2722 3612 ejus
2757 3542 2824 3596 ad
2856 3540 3146 3611 justitiam,
3175 3549 3230 3594 et
3249 3539 3317 3592 ad
3355 3537 3788 3613 hocqrectissime

2194 3632 2427 3689 refertur
2455 3631 2596 3700 quod
2620 3630 2672 3685 ei
2702 3631 2905 3686 dictum
2943 3637 3048 3694 est,
3080 3629 3204 3698 quia
3243 3625 3609 3681 benedicentur
3645 3625 3702 3679 in
3740 3638 3786 3679 te

2194 3740 2368 3779 omnes
2392 3732 2565 3793 gentes
2603 3737 2622 3776 :
2651 3720 2948 3776 imitatione
2989 3720 3174 3789 utique
3202 3716 3326 3772 ﬁdei
3346 3715 3463 3784 ejus
3487 3756 3503 3782 ,
3543 3716 3670 3786 quia
3702 3715 3786 3786 ju-

2194 3813 2458 3870 stiﬁcatus
2496 3820 2580 3866 est
2616 3812 2781 3866 etiam
2822 3817 2947 3865 ante
2975 3817 3372 3865 sacramentum
3414 3807 3783 3863 circumcisio-

2194 3905 2301 3970 nis,
2324 3903 2466 3973 quod
2491 3903 2557 3957 ad
2585 3902 2704 3956 ﬁdei
2732 3900 3065 3972 signaculum
3089 3898 3314 3968 accepit,
3343 3906 3398 3952 et
3420 3907 3542 3952 ante
3569 3913 3786 3954 omnem

2195 3994 2505 4047 servitutem
2535 3991 2688 4060 legis,
2718 4005 2838 4059 qme
2870 3988 3034 4043 ntulto
3075 3995 3197 4058 post
3225 3987 3346 4041 data
3377 3994 3479 4042 est.
3514 3984 3784 4058 (Hiero-it.)

2194 4081 2434 4137 Credidit
2465 4090 2645 4136 autem
2673 4079 2947 4135 Abraham
2978 4078 3106 4143 Deo,
3151 4077 3339 4133 exiens
3369 4077 3436 4132 de
3478 4077 3658 4145 patria
3689 4091 3783 4132 sua

2194 4173 2249 4225 in
2279 4179 2483 4225 terram
2513 4185 2674 4238 quam
2719 4168 3020 4234 nesciebat,
3053 4166 3241 4222 Saram
3265 4167 3688 4236 nonagenariam
3731 4175 3787 4222 et

2194 4261 2432 4316 sterilem
2467 4259 2742 4315 conﬁdens
2769 4273 2887 4314 esse
2911 4257 3246 4328 parituram;
3283 4263 3337 4310 et
3372 4254 3556 4310 audita
3597 4271 3784 4326 repro-

2194 4351 2447 4406 missione
2463 4351 2554 4404 Dei
2571 4349 2710 4419 quod
2730 4348 2782 4402 in
2797 4347 2945 4404 Isaac
2958 4356 3242 4404 vocaretur
3257 4359 3439 4402 semen
3453 4345 3590 4416 ejus,
3605 4347 3782 4416 ipsum

2195 4442 2345 4497 Isaac
2373 4441 2604 4497 offerens
2629 4441 2921 4505 victimam,
2972 4448 3025 4494 et
3057 4447 3235 4494 tamen
3261 4437 3326 4492 de
3353 4437 3564 4492 Domini
3598 4452 3783 4507 repro-

516 4537 855 4604 trectaveris,
894 4543 949 4592 et
987 4515 1334 4606 probabimus
1367 4547 1554 4586 verum
1597 4546 1717 4586 esse
1755 4531 1898 4600 quod
1940 4529 2090 4594 dicit,
2119 4515 2170 4574 D
2197 4531 2450 4586 missione
2474 4545 2580 4584 non
2602 4529 2891 4585 dubitans:
2924 4536 3072 4584 recte
3103 4527 3194 4582 tali
3221 4535 3500 4597 reputatur
3542 4526 3678 4581 ﬁdes
3715 4527 3782 4582 ad

517 4638 665 4684 tanta
703 4630 845 4700 passi
883 4628 1006 4683 estis
1045 4627 1157 4681 sine
1192 4641 1352 4679 causa
1389 4641 1407 4678 :
1443 4624 1540 4678 sed
1569 4640 1675 4678 non
1703 4623 1884 4678 statim
1906 4623 1974 4678 ad
1999 4636 2092 4677 eos
2187 4622 2474 4693 justitiam,
2505 4620 2594 4690 qui
2635 4619 2766 4690 legis
2803 4634 2964 4690 Opera
2995 4633 3398 4690 supergressus,
3440 4619 3640 4684 Deum,
3673 4634 3782 4674 non

518 4721 781 4775 sententia
813 4724 1142 4788 temperatur
1167 4723 1224 4771 et
1247 4715 1410 4769 dubia
1435 4713 1493 4768 ﬁt
1521 4754 1535 4778 ,
1565 4715 1611 4768 si
1641 4724 1816 4768 tamen
1836 4715 1947 4769 sine
1973 4729 2097 4768 cau—

517 4824 623 4864 sa:
658 4811 783 4879 quia
841 4808 907 4862 de
937 4805 1022 4860 his
1057 4803 1256 4859 dicitur
1283 4803 1374 4872 qui
1409 4811 1634 4873 possunt
1659 4809 1782 4872 post
1817 4801 1988 4870 legem
2026 4801 2094 4856 ad

518 4899 882 4969 Evangelium
911 4894 1126 4950 reverti.
1180 4893 1366 4949 Melius
1397 4901 1577 4948 autem
1620 4893 1697 4948 sic
1742 4891 1962 4960 intelligi
2000 4906 2096 4961 po-

522 5002 649 5056 test,
686 4990 826 5060 qnod
868 4989 1101 5058 primum
1127 4987 1410 5042 credentes
1443 4985 1644 5041 Galatae
1668 4985 1720 5038 in
1742 4983 2092 5050 Cruciﬁxum,

521 5098 552 5138 a
585 5080 781 5137 ludatis
814 5087 871 5133 et
896 5078 1143 5149 gentibus
1175 5076 1459 5146 opprobria
1492 5075 1659 5130 multa
1690 5074 1929 5144 perpessi
1963 5075 2092 5140 sint,

522 5169 999 5242 et,persecutiones
1017 5182 1126 5222 non
1149 5167 1396 5222 minimas
1421 5165 1801 5230 sustinuerint;
1821 5180 1956 5234 quas
1983 5163 2095 5216 fru-

523 5273 638 5322 stra
684 5269 980 5329 arguuntur
1011 5259 1176 5315 fuisse
1199 5258 1462 5328 perpessi,
1510 5257 1554 5312 si
1602 5272 1634 5312 a
1681 5257 1851 5326 gratia
1893 5255 2094 5311 Christi

525 5353 808 5414 recedant,
833 5359 1052 5420 propter
1076 5365 1237 5419 quam
1275 5357 1421 5402 tanta
1460 5346 1605 5416 passi
1654 5353 1780 5400 sunt
1806 5359 1822 5398 :
1846 5344 2002 5399 simul
2039 5351 2094 5399 et

527 5445 614 5501 illa
643 5458 797 5514 spes,
823 5443 962 5512 quod
1005 5441 1308 5512 quicunque
1348 5439 1418 5494 ob
1454 5437 1654 5492 Christi
1699 5437 1856 5491 ﬁdem
1885 5436 2095 5492 labora-

527 5539 685 5602 verit,
735 5545 789 5592 et
835 5543 1018 5605 postea
1069 5533 1250 5602 lapsus
1293 5529 1453 5585 fuerit
1505 5529 1557 5582 in
1605 5537 1880 5598 peccatum
1906 5568 1920 5591 ,
1955 5527 2097 5581 sicut

527 5631 705 5702 priora
741 5629 856 5683 sine
895 5640 1056 5682 causa
1092 5624 1284 5679 dicitur
1319 5637 1510 5692 passus
1539 5619 1703 5674 fuisse
1734 5620 1857 5674 dum
1885 5626 2092 5688 peccat,

532 5726 608 5780 sic
634 5736 844 5778 rursum
884 5734 986 5774 non
1015 5717 1204 5788 perdat
1231 5730 1310 5780 ea,
1352 5715 1397 5770 si
1430 5713 1495 5768 ad
1525 5712 1804 5783 pristinam
1832 5711 1990 5766 ﬁdem
2045 5719 2101 5766 et

2195 4722 2362 4778 metu,
2387 4712 2481 4768 sed
2511 4711 2800 4766 dilectione
2830 4709 3146 4779 promeruit.
3179 4707 3486 4781 Cognoscite
3508 4726 3630 4780 ergo
3655 4712 3783 4780 quia

2193 4807 2283 4877 qui
2320 4822 2385 4860 ea:
2411 4805 2516 4874 ﬁde
2544 4813 2663 4859 sunt
2689 4844 2703 4869 ,
2729 4804 2779 4857 hi
2803 4812 2922 4858 sunt
2944 4802 3044 4872 ﬁlii
3073 4803 3318 4858 Abralue.
3346 4803 3550 4875 (Amb.)
3581 4802 3781 4859 Verum

2197 4905 2298 4962 est,
2329 4896 2455 4965 quia
2487 4895 2766 4950 credentes
2795 4893 2887 4946 ﬁlii
2917 4901 3043 4948 sunt
3070 4892 3350 4962 Abrahae,
3370 4893 3496 4963 quia
3536 4894 3582 4948 si
3609 4894 3784 4950 Abra-

2196 4989 2322 5042 ham
2360 5003 2428 5043 ex
2465 4986 2566 5042 ﬁde
2597 4985 2926 5054 justiﬁcatus
2960 4994 3045 5040 est
3072 4984 3278 5054 primus
3303 5025 3318 5048 ,
3356 4992 3621 5054 quotquot
3661 4993 3803 5054 post

2196 5079 2339 5132 hunc
2369 5076 2610 5135 credunt,
2647 5075 2739 5128 ﬁlii
2767 5073 2882 5141 ejus
2908 5082 3055 5139 sunt,
3087 5074 3200 5128 sive
3233 5089 3300 5128 ex
3318 5073 3532 5144 judteis,
3558 5075 3675 5131 sive
3717 5089 3781 5128 ex

2196 5167 2462 5239 gentibus.
2496 5164 2764 5238 (Ηὶενοη.)
2789 5164 3007 5218 Plenius
3027 5163 3093 5219 de
3117 5164 3298 5222 hocin
3321 5163 3546 5234 epistola
3572 5165 3642 5219 ad
3672 5165 3782 5220 Ro-

2196 5275 2384 5314 manos
2413 5258 2668 5326 disputat,
2704 5255 2846 5325 quod
2887 5255 3018 5310 ﬁdes
3047 5255 3275 5310 Abrahae
3313 5263 3558 5324 reputata
3595 5265 3682 5311 est
3715 5257 3782 5311 ad

2194 5351 2478 5420 justitiam,
2511 5364 2614 5402 non
2645 5347 2698 5401 in
2721 5346 3155 5410 circumcisione,
3189 5347 3281 5401 sed
3309 5346 3362 5400 in
3393 5347 3687 5416 praeputio;
3730 5356 3783 5402 et

2203 5439 2483 5509 diligenter
2516 5435 2826 5499 observans,
2868 5435 3021 5490 docet
3061 5449 3154 5490 eos
3192 5431 3485 5491 ﬁliosesse
3525 5434 3779 5496 Abrahae.

2203 5530 2506 5600 quicunque
2533 5527 2634 5581 hac
2662 5535 2838 5580 mente
2861 5526 3346 5594 crediderunt,qua
3374 5525 3784 5582 incircumcisus

2203 5618 2431 5674 Credidit
2457 5617 2749 5682 Abraham,
2769 5617 2856 5685 qui
2884 5615 3170 5671 exsultavit
3201 5625 3258 5669 ut
3279 5617 3480 5672 videret
3502 5617 3645 5672 diem
3679 5619 3784 5674 Do-

2205 5711 2359 5778 mini,
2405 5717 2455 5765 et
2484 5709 2634 5776 vidit,
2686 5718 2737 5764 et
2771 5709 2980 5765 hetatus
3012 5718 3096 5764 est
3138 5708 3310 5776 unde;
3358 5716 3412 5764 et
3441 5709 3507 5765 ad
3537 5709 3816 5775 inﬁdeles._
